3970 6188
325 309 410 398 a9
1629 301 1704 363 Β.
1749 297 1970 362 URBA'

2093 298 2145 360 II
2187 295 2441 360 ΡΑΡΕ.

3665 299 3763 361 40

328 448 546 502 laneusz'
577 443 898 514 inscriptus
937 442 1047 496 est.
1083 437 1249 493 Hunc
1293 440 1609 505 utrumque
1668 447 1974 499 canonem,
2005 431 2062 498 Α
2093 429 2338 486 Pistorio
2383 434 2526 487 tom.
2571 430 2644 485 ΙΙΙ
2703 428 2992 504 Hispanias
3038 429 3343 487 illustrata:
3394 429 3536 486 editi
3563 430 3754 492 habet

327 535 436 590 etsi
493 531 759 590 nonnulli
812 532 1092 584 censeant
1143 524 1466 581 Alexandre
1516 521 1563 576 Il
1595 521 1977 576 tribuendum

327 640 475 692 esse,
499 622 731 678 Urbano
755 617 1089 690 abjudicare
1122 615 1310 670 visum
1341 629 1455 668 non
1497 615 1604 678 est,
1639 627 1772 665 cum
1836 610 1982 664 forte

326 711 506 769 simili
540 709 694 766 male
727 710 881 765 idem
923 705 1161 763 omnino
1211 701 1536 758 remedium
1597 699 1668 754 ab
1730 703 1979 769 utroque

325 801 600 873 pontiﬁce
631 797 964 855 adhibitum
1021 792 1210 848 fuerit.
1248 791 1448 861 Neque
1503 787 1661 844 enim
1719 785 1978 842 insolens

323 889 506 946 videri
529 889 700 944 debet
729 901 912 941 unum
945 887 1001 938 et
1029 880 1302 937 eumdem
1363 893 1646 934 canonem
1682 893 1715 932 a
1745 875 1976 931 duobus

326 978 702 1052 pontificibus
719 970 1154 1046 promulgatum
1184 967 1538 1025 fuisse.Nam
1556 965 1976 1036 eanonpresby-

326 1077 564 1123 terarum
615 1065 779 1134 ﬁlios,
837 1061 975 1116 dist.
1035 1061 1126 1127 56,
1183 1074 1310 1130 cap.
1345 1057 1397 1124 -Ι,
1431 1070 1645 1127 magna
1700 1071 1766 1110 ex
1814 1059 1976 1126 parte

323 1155 604 1228 repetitur
651 1170 700 1207 c.
737 1153 826 1217 ll,
857 1151 982 1208 Nisi
1011 1153 1128 1213 aut,
1163 1147 1263 1219 qui
1323 1145 1561 1202 Urbano
1615 1146 1865 1214 utroque
1913 1142 1972 1198 in

323 1244 446 1300 loco
469 1244 824 1315 assignatur,
845 1244 902 1294 et
916 1238 994 1294 rei
1003 1237 1273 1309 psainter
1294 1233 1633 1306 Melphitani
1653 1237 1709 1288 et
1724 1231 1971 1288 aliorum

324 1332 539 1390 Urbani
573 1329 951 1386 conciliorum
983 1327 1216 1382 decreta
1245 1323 1496 1380 occurrit
1528 1339 1542 1378 :
1576 1327 1632 1378 et
1661 1325 1858 1378 tamen
1913 1321 1970 1376 in

325 1419 568 1478 concilio
601 1415 932 1474 Belvacensi
963 1432 1142 1487 supra
1191 1417 1512 1469 memorato
1571 1411 1788 1466 dicitur
1842 1427 1972 1466 esse

325 1508 583 1582 Gregorii
603 1507 672 1562 Vl
695 1512 753 1562 et
788 1505 1003 1560 Urbani
1046 1504 1114 1558 lI.
1141 1503 1209 1557 Et
1248 1501 1402 1573 apud
1438 1500 1670 1556 Ivonem
1697 1504 1860 1570 parte
1891 1517 1969 1564 v1,

325 1617 372 1655 c.
406 1599 530 1654 410.
555 1594 815 1668 Gregorii
835 1593 932 1648 VII
971 1597 1023 1648 et
1085 1590 1303 1647 Urbani
1357 1589 1426 1646 ll.
1460 1589 1667 1644 Visum
1718 1591 1807 1644 est
1863 1586 1969 1642 ali-

326 1687 560 1762 quando
590 1684 759 1750 mihi,
781 1683 935 1739 idem
962 1681 1098 1737 ferri
1132 1696 1303 1752 posse
1325 1677 1615 1751 judicium
1648 1678 1718 1734 de
1749 1692 1970 1732 canone

319 1778 518 1834 clerico
539 1776 777 1847 jaciente
807 1772 944 1827 dist.
967 1773 1058 1836 58,
1083 1787 1131 1825 c.
1166 1769 1254 1835 37,
1280 1767 1433 1840 quod
1465 1783 1534 1823 ex
1567 1765 1781 1821 Urbani
1840 1765 1967 1837 epi—

326 1866 478 1924 stola
497 1865 565 1920 ad
598 1863 956 1918 Guernerz‘um
996 1860 1418 1924 Narbmmzsem,
1451 1859 1766 1927 antequam
1826 1871 1968 1928 pon-

325 1957 466 2012 tifex
520 1955 702 2020 fieret,
762 1949 1126 2013 defunctum,
1160 1947 1468 2017 decerptus
1527 1944 1836 1999 diceretur.
1900 1945 1971 1998 At

323 2043 700 2119 postmodum
725 2059 758 2096 a
779 2039 916 2094 viris
949 2037 1136 2093 doctis
1159 2034 1335 2090 didici
1369 2049 1624 2088 errorem
1643 2032 1700 2087 in
1731 2031 1971 2087 titulum

325 2132 652 2206 irrepsisse,
704 2128 1137 2202 legendumque
1196 2140 1325 2180 esse
1372 2122 1667 2178 διιεῖ-ηδτηό
1699 2121 1970 2178 Mersb-ur-

322 2224 496 2295 gensi,
528 2219 626 2290 qui
651 2219 842 2290 reipsa
862 2215 1076 2271 Urbani
1103 2217 1153 2268 Il
1204 2217 1464 2284 tempore
1493 2212 1706 2266 vixisse
1751 2227 1971 2266 memo-

326 2312 709 2376 ratur.Quare
733 2305 899 2360 illum
923 2318 1206 2358 canonem
1230 2301 1338 2357 sub
1371 2300 1597 2356 sincero
1629 2301 1757 2371 ejus
1801 2297 1970 2354 titulo

324 2401 642 2457 referemus
695 2397 754 2450 in
811 2392 1153 2466 appendice.
1181 2393 1302 2456 Quo
1336 2395 1530 2445 autem
1562 2406 1714 2443 anno
1746 2388 1865 2442 haec
1898 2387 1970 2442 ad

325 2488 708 2546 Guernerium
741 2483 988 2556 epistola
1047 2480 1264 2551 scripta
1325 2479 1515 2545 fuerit,
1546 2477 1702 2532 haud
1763 2477 1968 2548 liquet.

326 2577 631 2635 Bucelinus
664 2575 929 2629 observat
957 2569 1340 2624 Guernerium
1393 2585 1496 2638 pro
1546 2566 1823 2637 Gregorio
1869 2566 1969 2620 Vll

325 2667 577 2731 stetisse,
602 2668 658 2717 et
675 2667 866 2716 tamen
890 2659 1039 2713 inter
1060 2658 1362 2730 episcopos
1384 2654 1704 2710 catholicos
1721 2654 1819 2726 qui
1840 2671 1970 2708 con-

251 2754 259 2760 ’
325 2757 457 2813 eilio
514 2747 1035 2820 Quintiliburgensi
1070 2762 1223 2800 anno
1274 2746 1411 2798 1085
1470 2743 1966 2814 subscripserunt,

321 2845 538 2918 legitur
585 2838 914 2895 Bernardus
982 2831 1473 2904 Mersburgensis,
1525 2848 1596 2886 an
1651 2830 1806 2885 idem
1867 2829 1967 2901 qui

324 2930 668 2990 Wernarius
723 2944 826 2981 seu
883 2923 1235 2980 Guernerius
1283 2921 1475 2975 dictus
1527 2920 1622 2984 sit,
1656 2919 1968 2974 Bucelinus

323 3023 539 3096 quippe
570 3016 928 3074 Bernardum
957 3030 1072 3068 non
1107 3014 1387 3067 recenset.

626 3114 810 3170 XXXI.
845 3112 1083 3168 Ecclesia
1111 3113 1394 3166 Cremona:
1416 3107 1650 3162 dotatur.

2093 519 2646 574 UrbanumAlfonso
2671 519 2972 592 Aragoniae
3011 519 3134 592 regi
3164 520 3412 592 ejusque
3440 536 3757 577 successo-

2093 609 2255 664 ribus
2275 613 2333 664 et
2353 609 2516 681 regni
2542 608 2879 680 proceribus
2901 609 3282 678 condonasse,
3310 612 3378 665 ut
3405 608 3646 670 decimas
3677 609 3752 666 in

2089 698 2410 754 ditionibus
2443 715 2590 770 quas
2621 715 2655 754 a
2684 695 2906 753 Mauris
2938 701 3368 771 recuperarent,
3393 697 3467 754 ab
3523 698 3609 754 eis
3648 714 3753 756 re-

2087 786 2440 858 ciperentur,
2461 785 2716 858 exceptis
2747 785 3156 858 episcoporum
3185 786 3429 843 sedibus
3455 790 3514 842 et
3539 787 3752 861 digni-

2086 875 2328 930 tatibus.
3259 897 3261 900 ‘

2157 968 2232 1018 At
2251 965 2489 1020 sedente
2514 964 2768 1031 Urbano,
2793 981 2907 1020 non
2931 963 3231 1034 Alfonsus,
3260 965 3363 1020 sed
3396 964 3643 1026 Saucius
3676 971 3748 1024 et

2085 1052 2288 1108 Petrus
2319 1053 2704 1125 Arragoniam
2727 1053 3108 1122 obtinebant;
3143 1069 3323 1126 quare
3353 1052 3434 1124 id,
3458 1052 3517 1109 ni
3541 1052 3744 1123 fallor,

2085 1141 2540 1215 intelligendum
2560 1147 2650 1198 est
2662 1143 2734 1199 de
2755 1143 2944 1211 Petro,
2967 1144 3057 1199 cui
3092 1143 3362 1200 Urbanus
3377 1142 3530 1218 hanc
3551 1143 3746 1200 facul-

2083 1235 2260 1288 tatem
2283 1231 2550 1288 indulsit.
2574 1232 2689 1287 Etsi
2724 1232 2780 1287 id
2811 1232 2988 1288 etiam
3022 1232 3262 1289 Alfonso
3312 1232 3432 1306 regi
3493 1249 3740 1291 conoes-

2082 1337 2214 1376 sum
2247 1320 2494 1389 dicatur,
2529 1321 2584 1376 id
2620 1321 2821 1377 referri
2873 1322 3045 1378 debet
3085 1322 3156 1377 ad
3189 1321 3572 1378 Aldefousum
3628 1339 3740 1386 seu

2079 1409 2387 1466 Alfonsum
2421 1410 2686 1483 Legionis
2735 1415 2791 1467 et
2847 1410 3108 1467 Castellaa
3163 1425 3360 1483 regem
3407 1414 3548 1468 tunc
3577 1411 3745 1476 inter

2080 1515 2243 1572 reges
2276 1499 2563 1571 Hispanos
2592 1499 2974 1568 eminentem,
3009 1499 3130 1572 qui,
3165 1502 3396 1572 recepto
3443 1504 3579 1556 ante
3622 1498 3741 1558 ali-

2079 1591 2223 1658 quot
2252 1605 2437 1644 annos
2465 1604 2534 1643 ex
2564 1588 2840 1644 Barbaris
2885 1588 3104 1658 Toleto,
3140 1590 3488 1660 imperatori:
3539 1590 3746 1664 Hispa-

2079 1677 2187 1731 nia:
2209 1676 2445 1732 titulum
2478 1676 2700 1749 accepit
2723 1677 3064 1750 curavitque
3109 1681 3175 1733 ut
3219 1676 3272 1733 ei
3310 1676 3441 1734 urbi
3485 1677 3742 1736 Bernar-

2079 1765 2189 1821 dus
2222 1766 2546 1823 monachus
2574 1766 2993 1833 Cluniacensis,
3028 1767 3128 1838 qui
3186 1771 3313 1823 tum
3371 1767 3737 1826 monasterio

2081 1854 2276 1909 Sancti
2303 1854 2556 1910 Facundi
2593 1860 2856 1927 praeerat,
2880 1855 3359 1929 archiepiscopus
3405 1856 3741 1928 praeficere-

2085 1949 2196 1998 tur.
2211 1946 2396 2015 Atque
2430 1960 2499 1998 ea
2516 1944 2626 1999 fuit
2661 1945 2886 2001 occasio
2910 1945 3228 2001 renovandi
3248 1945 3434 2016 hujus
3460 1944 3740 2006 Ecclesia

2082 2033 2309 2098 antiqui
2340 2032 2688 2103 splendoris,
2714 2051 2888 2106 quem
2913 2035 3194 2090 diuturna
3223 2035 3612 2098 Barbarorum
3633 2035 3744 2096 do-

2084 2122 2326 2177 minatio
2361 2122 2793 2178 obscuraverat.

2151 2211 2356 2266 Iriensi
2409 2211 2696 2280 Ecclesiae,
2723 2212 2816 2267 cui
2875 2216 3015 2268 tunc
3045 2213 3284 2268 suberat
3313 2213 3454 2268 urbs
3483 2213 3740 2285 Compo-

2081 2299 2268 2366 stella,
2285 2301 2408 2370 jam
2433 2301 2504 2356 ab
2529 2300 2752 2371 aliquot
2773 2301 2943 2357 annis
2971 2302 3304 2374 praefecerat
3331 2318 3430 2356 rex
3480 2300 3737 2358 Saucius

2081 2389 2389 2452 Didacum,
2423 2389 2611 2444 virum
2672 2389 2829 2444 haud
2888 2390 3227 2463 ignobilem,
3263 2391 3362 2446 sed
3396 2389 3518 2462 qui,
3552 2395 3618 2446 ut
3648 2389 3738 2448 ait

2081 2481 2283 2532 auctor
2303 2477 2565 2533 Historiae
2588 2478 3092 2550 Compostellanas,
3119 2480 3263 2536 adeo
3293 2479 3546 2536 externis
3570 2480 3736 2536 curis

2080 2565 2404 2636 implicitus
2427 2569 2567 2634 erat,
2591 2571 2653 2620 ut
2675 2566 2951 2622 interiora
2977 2584 3090 2622 non
3114 2567 3257 2623 satis
3279 2572 3527 2623 curaret.
3561 2567 3732 2626 Hunc

2082 2655 2274 2709 nescio
2297 2671 2412 2726 quo
2435 2672 2574 2710 casu
2599 2660 2931 2710 commotus
2952 2655 3230 2712 Alfonsus
3251 2656 3307 2710 in
3331 2653 3565 2711 vincula
3593 2672 3730 2711 con-

2080 2744 2236 2814 iecit,
2270 2744 2424 2798 unde
2449 2760 2661 2816 magna
2693 2743 3092 2810 tumultuatio,
3125 2745 3310 2799 turbas
3353 2744 3617 2817 ingentes
3655 2743 3719 2800 in

2079 2833 2186 2887 hac
2211 2831 2462 2887 Ecclesia
2500 2833 2821 2887 concitatae.
2846 2833 2990 2887 Cum
3024 2834 3221 2905 itaque
3252 2834 3451 2888 omnia
3481 2850 3722 2906 pessum

2076 2921 2246 2988 irent,
2296 2937 2400 2975 nec
2448 2921 2835 2976 celeberrimis
2893 2921 3184 2987 Ecclesiae,
3217 2938 3344 2993 qua:
3395 2923 3521 2993 jam
3575 2925 3720 2978 tunc

2076 3010 2226 3065 beati
2258 3009 2459 3064 Jacobi
2493 3009 2877 3081 reliquiarum
2927 3011 3296 3082 possessione
3333 3009 3722 3084 gloriabatur,

2075 3099 2299 3154 cladem
2330 3115 2496 3171 aequo
2549 3099 2746 3155 animo
2779 3100 2925 3156 ferre
2981 3099 3241 3156 valerent
3270 3099 3375 3155 viri
3407 3100 3594 3172 probi,
3626 3099 3728 3154 Al-

393 3217 511 3274 Hoc
541 3216 668 3286 ipso
693 3227 846 3266 anno
866 3207 1172 3265 ecclesiam
1194 3203 1556 3277 collegiatam
1578 3204 1798 3258 Sancta:
1823 3204 1963 3274 Aga-
1996 3170 2039 3238 C
2079 3189 2283 3243 Γοηευε
2306 3192 2371 3286 UP
2402 3187 2605 3286 110119.11
2625 3205 2685 3286 Sf?
2708 3188 2987 3286 i‘njlll‘iﬂﬁi
3017 3189 3380 3286 amoliretur,
3401 3189 3582 3286 alium
3601 3190 3727 3286 epi-

322 3307 434 3363 tba:
458 3303 612 3377 apud
639 3303 1006 3363 Cremonam,
1041 3312 1217 3368 quam
1255 3292 1568 3365 Gregorius
1599 3292 1699 3346 Vll
1731 3291 1970 3364 amplia-

321 3399 500 3461 verat,
535 3391 807 3448 Urbanus
865 3383 1425 3452 dotavit,attributis
1483 3381 1532 3436 ei
1591 3379 1968 3437 ecclesiarum

251 3489 256 3494 ’
323 3482 516 3540 Sancti
546 3478 757 3534 Valerii
788 3481 846 3533 et
875 3473 1070 3530 Sancti
1120 3470 1544 3543 Christopbori,
1581 3485 1757 3541 prope
1810 3486 1968 3524 eam-

325 3576 460 3630 dem
518 3569 725 3625 urbem
785 3565 1054 3628 sitarum,
1090 3560 1394 3626 reditibus,
1430 3561 1495 3612 ut
1523 3558 1697 3613 refert
1753 3557 1970 3628 Joseph

326 3664 684 3717 Bresceanus
713 3655 772 3709 in
805 3649 1086 3708 Chronico
1115 3645 1490 3704 Cremonensi
1522 3661 1633 3701 ms.
1668 3645 1819 3716 quod
1855 3662 1970 3718 prae

325 3747 600 3809 manibus
631 3744 937 3800 habemus.
965 3737 1214 3795 Clericos
1245 3736 1554 3793 saeculares
1585 3735 1766 3806 hujus
1814 3735 1969 3790 basi-

328 3841 450 3896 licae
481 3837 540 3892 in
573 3831 872 3906 regulares
905 3828 1216 3885 canonicos
1277 3830 1536 3881 mutasse
1565 3824 1720 3880 circa
1749 3840 1971 3879 annum

334 3930 487 3995 1090,
506 3924 720 3981 dicitur
743 3921 897 3977 idem
942 3917 1199 3992 pontifex
1229 3915 1383 3988 apud
1411 3912 1720 3998 Merulam,
1754 3913 1855 3967 sed
1887 3911 1972 3968 illi

325 4022 527 4092 postea
547 4015 618 4069 ad
650 4010 988 4068 saecularem
1028 4010 1245 4062 statum
1278 4003 1519 4059 rediere.
1553 3999 1724 4058 Aliud
1748 4000 1973 4092 privile-

327 4089 492 4180 gium
512 4105 620 4160 hoc
641 4103 814 4160 etiam
840 4113 992 4154 anno
1021 4093 1267 4152 indulsit
1309 4092 1578 4148 Urbanus
1617 4089 1971 4180 monasterio

323 4177 546 4253 Sancta:
602 4189 803 4246 Crucis
865 4183 1235 4268 Saxivivinin
1289 4180 1580 4238 territorio
1611 4177 1969 4252 Fulginensi,

326 4284 484 4356 quod
503 4278 804 4337 Mainardo
835 4277 962 4346 ejus
989 4272 1210 4329 auctori
1243 4275 1300 4326 et
1330 4271 1521 4342 primo
1540 4267 1972 4356 abbatiinscri-

326 4355 494 4446 ptum
526 4369 741 4426 dicitur
770 4366 829 4419 in
862 4363 1126 4434 ejusdem
1155 4359 1262 4416 loci
1323 4357 1607 4414 Chronico
1657 4355 1974 4446 italico._At

325 4443 458 4534 ejus
486 4455 780 4528 exemplar
808 4454 1020 4508 habere
1049 4467 1166 4505 non
1209 4447 1394 4516 licuit,
1419 4446 1571 4501 sicut
1601 4461 1704 4501 nec
1734 4443 1973 4500 alterius

2079 3292 2320 3348 scopum
2351 3275 2410 3330 in
2474 3276 2668 3330 Didaci
2723 3276 2914 3331 locum
2974 3278 3274 3334 intrudere
3331 3281 3576 3334 conatus
3607 3281 3722 3333 est.

2078 3365 2478 3436 Opportunam
2503 3365 2681 3435 hujus
2711 3365 2940 3420 concilii
2973 3366 3326 3438 exsequendi
3353 3367 3734 3436 occasionem,

2079 3454 2354 3509 offerebat
2373 3454 2446 3520 ei,
2469 3459 2532 3509 ut
2554 3453 2789 3526 quidem
2807 3453 3262 3528 ipsividebatur,
3284 3456 3542 3528 synodus
3563 3455 3730 3526 apud

2080 3549 2339 3598 sanctam
2375 3542 2617 3597 Mariam
2649 3543 2720 3597 de
2753 3543 3022 3610 Fusellis,
3044 3560 3220 3616 quam
3263 3547 3402 3598 tunc
3433 3542 3732 3598 Ricardus

2080 3630 2275 3686 Sancti
2307 3629 2556 3686 Victoris
2588 3632 2790 3698 abbas,
2819 3631 3048 3704 legatus
3103 3631 3257 3688 sedis
3305 3629 3631 3702 apostolica“:
3689 3648 3736 3686 α

2081 3720 2356 3792 Gregorio
2385 3720 2488 3775 VII
2508 3719 2564 3775 in
2591 3721 3228 3793 Hispaniisinstitutus,
3253 3726 3725 3794 congregaverat.

2080 3811 2268 3876 Quare
2317 3809 2605 3866 immissis
2660 3810 3170 3877 subornatoribus,
3228 3825 3579 3882 persuasum
3633 3815 3731 3867 est

2080 3896 2288 3954 callide
2319 3898 2534 3954 Didaco
2564 3903 2648 3966 ut,
2681 3899 2729 3954 si
2773 3899 2946 3956 vellet
2997 3898 3220 3956 absolvi
3253 3917 3287 3955 a
3329 3897 3598 3966 vinculis,
3658 3914 3728 3954 se

2082 4003 2244 4043 reum
2295 3987 2356 4042 in
2412 3986 2656 4043 concilio
2712 3988 3012 4060 fateretur,
3045 3993 3102 4045 et
3131 3987 3463 4044 humilitate
3522 3985 3724 4060 procul

2080 4076 2260 4132 dubio
2283 4077 2544 4149 corregis
2567 4075 2964 4133 emoliendum
2987 4077 3127 4142 fore,
3152 4094 3259 4133 nec
3271 4076 3509 4133 aliamei
3527 4092 3728 4148 super-

2080 4181 2208 4221 esse
2229 4163 3464 4233 obtinenda:libertatisviam.Assensitille,
3498 4165 3598 4220 sed
3631 4179 3728 4221 res

2080 4253 2193 4309 alio
2210 4253 2381 4310 vertit
2402 4271 2579 4325 quam
2606 4255 2730 4327 ipse
2760 4259 3081 4327 putaverat.
3101 4254 3324 4328 Quippe
3353 4270 3488 4310 cum
3522 4253 3725 4308 Alfen-

2081 4359 2184 4398 sus
2207 4344 2262 4396 in
2286 4342 2593 4397 concilium
2616 4343 2888 4410 venisset,
2913 4343 3340 4414 adductusque,
3362 4357 3430 4398 eo
3454 4341 3728 4413 jubente,

2083 4432 2290 4488 fuisset
2319 4431 2592 4498 Dialacus,
2627 4436 2803 4503 atque
2836 4432 2917 4487 uti
2949 4433 3191 4488 edoctus
3239 4431 3448 4500 fuerat,
3476 4431 3640 4503 virga
3667 4434 3730 4486 et

327 4517 482 4623 qvuod
537 4517 822 4616 hoc-ipso
880 4557 1032 4596 anno
1091 4541 1294 4593 datum
1347 4537 1531 4591 fertur
1562 4539 1729 4589 Petro
1775 4533 1971 4588 abbati
2000 4536 2048 4601 D
2079 4519 2377 4623 θηξξυξοίη
2403 4520 2810 4619 mapuslegati
2853 4521 3234 4623 consignatis,
3265 4518 3584 4623 episcopali
3637 4517 3728 4573 di-

326 4607 652 4696 Garrofensi
704 4607 859 4705 apud
920 4629 1182 4684 Pictones
1242 4627 1300 4681 in
1361 4624 1569 4690 Gallia,
1628 4639 1966 4694 quanquam
2077 4607 3740 4705 gnpitatécoram'omnipopulosaindignumproclamasj

326 4728 507 4793 istud,
527 4725 576 4781 si
611 4739 724 4778 non
760 4719 946 4786 fallor,
971 4718 1128 4772 aliud
1157 4734 1269 4772 non
1296 4723 1385 4771 est
1415 4714 1487 4768 ob
1515 4729 1581 4768 eo
1630 4713 1783 4784 quod
1819 4727 1972 4766 anno

330 4818 468 4875 1096
518 4813 706 4871 eidem
767 4806 1121 4865 monasterio
1179 4821 1521 4860 concessum
1553 4819 1658 4858 suo
1709 4800 1832 4856 loco
1883 4799 1970 4853 di-

327 4921 550 4964 camus.

330 5003 553 5059 XXXII.
596 5001 670 5055 De
723 4998 879 5052 rebus
963 4992 1291 5064 llispanicis.
1359 4991 1552 5044 Turba?
1619 4987 1972 5064 in_Eccle.sia

400 5075 615 5129 Iriensi.
664 5068 898 5126 Concilii
980 5060 1335 5119 Fit—asellensis
1401 5065 1629 5131 tempus.
1692 5060 1973 5113 Primitias

398 5144 652 5199 Ecclesia:
684 5142 952 5196 Toletanae
978 5137 1278 5192 restitutus.

401 5241 564 5306 Quod
593 5239 663 5293 ad
698 5255 789 5294 res
839 5232 1184 5308 Hispanicas
1241 5230 1466 5286 attinet.
1501 5227 1840 5300 Augebatur
1893 5225 1970 5280 ibi

329 5328 590 5404 quotidie
612 5326 774 5381 novis
795 5321 1171 5380 incrementis
1198 5317 1484 5375 catholica
1513 5317 1656 5372 fides
1684 5315 1972 5371 Christia-

329 5434 540 5476 norum
565 5414 895 5488 principum
917 5411 1276 5479 fortitudine,
1295 5407 1392 5480 qui
1417 5405 1605 5478 pulsis
1627 5404 1844 5460 Mauris
1874 5421 1970 5458 ur-

329 5510 432 5566 bes
455 5503 781 5580 praaclaras,
807 5505 862 5556 et
896 5499 1220 5571 provincias
1262 5494 1556 5552 interdum
1593 5493 1852 5565 integras
1885 5508 1971 5546 re-

328 5593 933 5676 cuperabant.Auotor
955 5587 1200 5650 ludiculi
1222 5602 1418 5646 rerum
1449 5581 1908 5676 Aragoniearum
1939 5597 1974 5639 a

2081 4703 2191 4760 set,
2247 4697 2446 4752 statim
2499 4699 2898 4769 pronuntiavit
2940 4698 3169 4772 legatus
3218 4714 3354 4752 eum
3409 4693 3728 4770 episcopali

2082 4785 2364 4857 dignitate
2391 4786 2698 4854 decidisse,
2723 4786 3138 4859 licentiamque
3167 4786 3332 4843 dedit
3383 4785 3631 4842 alterum
3665 4784 3724 4839 in

2081 4875 2210 4945 ejus
2239 4874 2430 4929 locum
2465 4875 2881 4932 substituendi.
2911 4877 3026 4932 Nec
3057 4893 3240 4944 mora,
3264 4876 3468 4931 Petrus
3515 4869 3726 4930 Candi-

2081 4962 2366 5018 diniensis
2381 4963 2583 5031 abbas,
2604 4964 2701 5036 qui
2735 4965 2872 5020 data
2903 4982 3078 5037 opera
3101 4973 3312 5038 praesto
3357 4968 3498 5031 erat,
3529 4979 3564 5018 a
3594 4977 3728 5034 rege

2081 5050 2424 5122 designatus
2449 5052 2507 5106 in
2531 5052 2895 5125 episcopum,
2932 5053 3131 5110 statim
3165 5058 3509 5125 assumptus
3557 5055 3728 5122 atque

2081 5145 2454 5196 consecratus
2485 5146 2590 5197 est.
2616 5142 2668 5197 ls
2698 5142 2935 5198 biennio
2981 5143 3127 5198 rexit
3168 5141 3488 5198 Ecclesiam
3548 5139 3731 5196 Irien-

2082 5228 2315 5296 sem,ad
2370 5245 2590 5284 annum
2642 5230 2866 5287 scilicet
2900 5233 3060 5298 1091,
3095 5248 3208 5304 quo
3269 5231 3327 5286 in
3385 5227 3731 5302 Legionensi

2081 5317 2326 5374 concilio
2349 5335 2383 5373 a
2405 5319 2678 5374 Rainerio
2700 5319 3033 5392 apostolicae
3058 5321 3216 5377 sedis
3237 5319 3429 5393 legato
3463 5323 3736 5374 exaucto-

2083 5411 2244 5462 ratus
2263 5406 2392 5474 fuit,
2416 5424 2548 5462 cum
2564 5409 2691 5479 jam
2713 5408 3068 5479 Richardus,
3100 5427 3161 5466 re
3194 5411 3265 5465 ad
3299 5409 3603 5465 Urbanum
3635 5407 3734 5462 de-

2081 5494 2218 5563 lata,
2272 5495 2595 5568 apostolica
2648 5496 2938 5570 legatione
2992 5499 3282 5572 spoliatus
3341 5497 3574 5553 fuisset.
3607 5496 3737 5552 Hine

2081 5583 2281 5646 omnia
2309 5584 2592 5646 discimus
2631 5602 2700 5646 ex
2737 5585 2917 5648 veteri
2943 5587 3205 5650 Historia
3254 5584 3736 5664 Compostellana
