4000 6178
148 285 221 346 ιι
1757 280 1807 345 V-

1923 296 1972 344 ι.
3489 289 3572 357 ﬂ

153 412 423 474 Ecclesia
456 431 584 490 qua
615 415 784 473 initio
813 414 1008 473 seculi
1042 411 1396 485 duodecimi,
1441 417 1685 488 jubente
1717 415 1806 472 al-
1835 417 1892 486 Α
1921 433 2102 490 quam
2148 418 2408 490 regebat,
2469 417 2871 475 reverentiam.
2932 419 3078 474 Hinc
3135 417 3334 475 statim
3381 418 3570 476 eidem

153 511 274 561 tero
332 505 571 576 Didaco,
645 503 837 578 primo
905 503 1305 580 Compostellaa
1379 504 1811 578 archiepiscopo

153 593 373 668 scripta
403 598 493 651 est
522 611 556 649 a
578 593 827 658 Geraldo
859 595 987 666 ejus
1018 594 1321 651 familiari.
1356 595 1436 650 Ex
1468 595 1575 650 hac
1622 594 1813 651 Histo-

154 684 240 738 ria
270 699 338 740 ea
370 701 497 757 quae
529 683 602 740 ad
636 695 761 740 rem
793 688 1055 740 nostram
1088 684 1382 757 pertinent
1410 684 1728 740 referemus
1754 685 1812 740 in

154 773 488 846 Appendics
518 769 791 846 excerpta
817 789 968 830 anno
997 774 1135 829 1703
1183 791 1250 830 ex
1281 775 1409 830 cod.
1443 777 1556 830 ms.
1600 773 1813 829 doctis-

159 860 291 918 simi
343 862 600 919 Ferrerae
631 862 788 936 apud
820 860 1136 918 Madritum
1169 860 1520 936 parochialis
1559 861 1813 919 CCCICSltB

157 950 423 1018 rectoris,
477 969 512 1006 a
541 950 664 1007 viro
711 949 784 1007 cl.
834 950 1058 1007 Joanne
1086 955 1161 1008 Le
1189 950 1394 1020 Grand,
1429 967 1563 1006 cum
1597 955 1752 1006 esset
1781 969 1815 1006 a

156 1039 392 1097 secretis
419 1029 825 1097 illustrissimo
851 1040 1046 1097 abbati
1077 1039 1315 1106 Estreeo,
1349 1039 1448 1112 qui
1492 1045 1616 1095 tum
1649 1039 1812 1096 Chri-

157 1128 502 1185 stianissimi
538 1129 694 1202 regis
725 1125 1018 1203 legatione
1044 1128 1118 1185 ad
1159 1128 1497 1202 Philippum
1529 1127 1577 1182 V
1605 1128 1814 1202 Hispa-

159 1218 388 1274 niarum
422 1235 618 1291 regem
648 1218 706 1272 in
732 1235 802 1274 ea
829 1219 972 1274 urbe
1004 1215 1374 1291 fungebatur.

221 1311 382 1363 Inter
413 1311 621 1363 caetera
648 1324 782 1362 vero
815 1323 941 1379 quae
972 1325 1041 1364 ex
1083 1305 1286 1362 eadem
1335 1304 1588 1363 Historia
1637 1306 1812 1363 disci-

161 1413 308 1463 mus,
339 1394 486 1452 illud
522 1413 663 1452 sane
693 1395 1098 1452 observatione
1124 1393 1370 1470 dignum
1395 1401 1484 1452 est
1503 1397 1657 1469 quod
1680 1396 1815 1452 inde

166 1483 323 1541 facile
353 1481 549 1558 colligi
582 1485 769 1558 possit
799 1502 914 1558 quo
945 1489 1205 1558 tempore
1237 1484 1594 1541 celebratum
1640 1484 1815 1541 fuerit

168 1573 471 1629 concilium
501 1571 890 1636 Fussellense,
921 1573 1098 1629 variis
1128 1573 1499 1646 temporibus
1521 1575 1590 1630 ad
1623 1578 1814 1629 aucto-

169 1662 322 1718 ribus
364 1663 644 1736 llispanis
672 1664 1062 1736 assignatum.
1124 1661 1250 1720 Non
1282 1663 1437 1718 enim
1471 1664 1542 1718 ab
1593 1679 1811 1718 annum

177 1755 314 1854 1135‘
335 1752 591 1854 revocari
623 1754 813 1854 debet,
836 1757 897 1809 ut
921 1749 1596 1853 putavit-Sandovallius,
1619 1757 1720 1807 aut
1740 1752 1813 1808 ad
1840 1789 1889 1854 Β

168 1841 451 1899 Paschalis
487 1843 533 1898 ll
564 1839 993 1916 pontificatum,
1024 1846 1091 1898 ut
1109 1842 1302 1896 visum
1335 1845 1425 1897 est
1455 1841 1562 1914 piae
1587 1857 1803 1897 memo-

169 1933 256 1986 riae
284 1930 565 1988 cardinali
596 1932 798 2004 Aguiri
831 1931 1050 1988 ordinis
1096 1930 1453 1988 Benedictini
1485 1929 1804 2004 splendori,

170 2021 296 2092 quid
321 2019 462 2075 illud
493 2037 632 2076 cum
666 2017 965 2076 Palentino
996 2020 1050 2075 in
1078 2037 1215 2092 quo,
1245 2024 1310 2075 ut
1339 2019 1554 2092 legitur
1584 2020 1641 2074 in
1674 2020 1807 2076 Vita

167 2110 306 2165 beati
338 2108 592 2178 Geraldi,
626 2108 933 2165 recitatum
967 2109 1077 2164 fuit
1109 2108 1519 2164 Braccarensis
1541 2107 1806 2164 Ecclesiae

161 2197 550 2271 privilegium,
578 2197 875 2255 confudit:
898 2199 998 2255 sed
1021 2215 1176 2254 anno
1203 2199 1340 2252 1088
1360 2197 1682 2264 desinente,
1707 2201 1809 2252 aut

163 2287 452 2360 sequentis
481 2287 645 2343 initio
677 2287 1036 2344 celebratum
1069 2287 1252 2342 fuisse
1284 2287 1395 2342 dici
1428 2286 1616 2342 debet.
1659 2286 1805 2341 Nam

162 2377 352 2434 Petrus
379 2376 583 2444 abbas,
617 2375 717 2449 qui
751 2377 878 2449 ejus
903 2374 1132 2432 concilii
1165 2380 1446 2449 tempore,
1478 2379 1580 2431 aut
1599 2374 1806 2431 saltem

160 2466 347 2522 statim
378 2471 558 2538 atque
591 2466 824 2521 ﬁnitum
860 2466 986 2532 fuit,
1050 2466 1331 2522 lriensem
1364 2463 1680 2520 Ecclesium
1713 2481 1806 2519 oc-

159 2555 401 2627 cupavit,
438 2560 574 2628 post
606 2555 755 2610 duos
796 2553 1101 2627 regiminis
1156 2571 1343 2610 annos
1399 2558 1810 2609 exauctoratus

163 2643 273 2698 fuit
296 2662 330 2700 ει
361 2643 609 2700 Renerio
640 2641 830 2716 legato
863 2641 1019 2700 sedis
1071 2641 1420 2715 apostolicae,
1454 2643 1512 2698 in
1565 2641 1810 2700 concilio

167 2732 524 2805 Legionensi,
552 2733 707 2806 quod
733 2749 801 2788 ex
831 2732 1098 2788 omnium
1151 2749 1440 2787 consensu
1489 2749 1642 2788 anno
1674 2731 1802 2788 lOOI

169 2820 493 2894 consignari
524 2821 713 2878 debet.
747 2821 1026 2893 Ejusdem
1059 2820 1268 2877 veteris
1302 2821 1666 2877 monumenti
1707 2838 1814 2894 ope

181 2907 421 2964 multum
474 2909 845 2966 illustrantur
891 2907 1116 2982 aliquot
1163 2908 1376 2966 Urbani
1425 2909 1702 2982 epistolae,
1755 2909 1815 2965 in

183 2998 387 3068 quibus
413 2997 674 3070 pontifex
719 2995 1092 3055 vehementer
1121 2998 1499 3072 conqueritur
1527 2999 1681 3071 apud
1723 2998 1819 3055 Al-

182 3088 401 3142 fonsum
434 3103 653 3158 regem,
686 3088 756 3142 de
787 3087 1121 3160 captivitate
1149 3089 1388 3160 episcOpi
1415 3090 1595 3143 sancti
1611 3087 1818 3154 Jacobi,

184 3191 240 3229 ac
269 3175 334 3230 de
359 3176 622 3246 eiusdem
659 3159 965 3249 illegitima
995 3159 1485 3244 exauctoratione,
1519 3195 1552 3232 a
1583 3175 1815 3232 Richar-
1845 3159 1888 3227 C

182 3264 248 3318 do
275 3270 476 3320 contra
507 3263 742 3338 regulas
772 3270 1074 3324 attentata.
1109 3266 1255 3322 Hinc
1305 3265 1480 3321 etiam
1531 3264 1818 3322 discimus

183 3369 276 3406 cur
303 3352 590 3419 Urbanus,
626 3354 821 3411 ablata
853 3354 1143 3410 Richardo
1167 3354 1478 3427 legatione,
1500 3354 1658 3410 vices
1679 3372 1818 3411 suas

187 3441 240 3494 in
264 3442 537 3514 Hispania
569 3443 866 3498 Bernardo
893 3441 1169 3500 Toletano
1201 3443 1451 3498 antistiti
1504 3444 1818 3500 commise—

183 3530 271 3583 rit.
299 3534 505 3586 Caetera
534 3532 660 3587 suis
690 3530 834 3587 locis
865 3537 1245 3604 exponentur.

245 3620 373 3675 Cum
402 3619 602 3692 itaque
633 3619 726 3675 his
747 3619 935 3676 turbis
957 3619 1223 3676 Ecclesiae
1248 3619 1498 3676 Galliciaa
1530 3620 1818 3693 agitaren-

181 3711 286 3774 tur,
336 3708 670 3764 Bernardus
728 3710 845 3779 iam
895 3714 1274 3766 consecratus
1346 3709 1529 3766 'l‘oleti
1589 3711 1815 3783 episco-

179 3812 298 3866 pus,
325 3789 392 3853 ut
437 3796 700 3870 plerique
755 3794 1110 3867 existimant,
1167 3798 1320 3870 quod
1379 3798 1614 3871 quidem
1668 3799 1814 3855 veri-

175 3885 418 3942 similius
443 3890 552 3955 est,
587 3891 689 3942 aut
735 3890 888 3942 certe
917 3885 1288 3944 solummodo
1321 3887 1391 3942 ad
1431 3887 1584 3943 hanc
1614 3888 1814 3944 sedem

175 3974 527 4046 designatus,
591 3974 664 4042 si,
723 3980 788 4030 ut
842 3975 940 4032 alii
1000 3975 1223 4038 volunt,
1279 3993 1482 4031 verum
1543 3976 1621 4032 sit
1677 3993 1812 4033 eum

176 4063 240 4116 ab
297 4063 548 4130 Urbano,
602 4064 759 4136 quod
819 4065 944 4136 ipse
997 4081 1324 4136 numquam
1383 4065 1549 4131 dixit,
1609 4081 1811 4122 conse-

176 4157 387 4207 cratum
445 4152 648 4220 fuisse,
730 4154 974 4208 Romam
1033 4153 1191 4209 venit
1247 4153 1529 4210 adversus
1571 4153 1811 4210 Richar-

175 4240 322 4307 dum,
383 4241 431 4298 si
492 4239 773 4298 Roderico
831 4239 1109 4298 Toletano
1168 4243 1498 4309 credamus,
1559 4260 1810 4316 conque-

174 4332 383 4396 stnrus,
431 4329 542 4396 vel,
577 4335 643 4386 ut
670 4329 802 4385 aliis
846 4329 1058 4402 placet,
1115 4331 1186 4386 ad
1233 4330 1522 4387 visitanda
1577 4336 1809 4403 aposto-

174 4414 352 4473 lorum
406 4417 632 4483 limina,
662 4422 812 4474 etut
862 4418 1146 4492 obsequia
1193 4437 1300 4475 sua
1330 4437 1474 4475 novo
1527 4420 1807 4492 pontifici,

1923 507 2245 579 primatum
2278 507 2334 562 in
2369 512 2604 564 caeteras
2635 507 3050 581 Hispaniarum
3079 506 3364 566 Ecclesiae
3392 506 3572 564 Urba-

1926 613 2039 652 nus
2072 595 2340 665 contulit,
2378 598 2514 652 data
2544 596 2706 652 bulla
2749 597 3026 670 Anagniae
3075 596 3276 654 Idibus
3307 596 3572 655 Octobris

1923 684 2102 756 hujus
2125 684 2282 751 anni,
2319 686 2377 740 in
2411 702 2526 758 qua
2547 685 2706 757 pallii
2741 685 3134 760 privilegium,
3167 690 3224 743 et
3246 685 3569 762 primatum

1924 773 1981 828 in
2015 773 2312 846 Hispaniis
2345 791 2406 830 se
2435 774 2485 830 ei
2518 775 2780 830 conferre
2810 775 3086 844 declarat,
3122 777 3195 832 ad
3235 773 3294 832 id
3317 765 3574 851 precibus

1925 862 2183 933 Ildc/onsi
2231 865 2376 932 regis
2450 862 2752 929 excitatus,
2829 865 2901 919 ob
2960 865 3230 938 antiquas
3298 864 3569 923 Ecclesia

1924 950 2212 1007 Toletanaa
2244 952 2675 1024 praerogativas.
2709 955 2833 1018 Qua
2863 953 2933 1008 de
2955 969 3015 1008 re
3045 971 3161 1009 non
3181 971 3378 1027 regem
3395 949 3570 1013 modo

1924 1044 2025 1096 aut
2054 1038 2354 1112 Hugonem
2387 1040 2678 1110 abbatem,
2710 1041 2811 1097 sed
2835 1042 3010 1098 etiam
3036 1033 3340 1099 universos
3358 1043 3569 1116 Hispa-

1925 1131 2156 1185 niarum
2180 1130 2649 1203 archiepiscopos
2679 1131 2953 1186 certiores
2988 1131 3137 1187 fecit.
3171 1129 3417 1189 Litteras
3436 1147 3571 1188 vero

1925 1235 2072 1290 quas
2103 1218 2283 1289 hujus
2314 1217 2395 1274 rei
2425 1235 2605 1274 causa
2663 1217 2897 1290 scripsit
2941 1217 3220 1291 pontifex,
3249 1219 3358 1276 etsi
3415 1219 3573 1278 notis

1924 1305 2355 1379 chronologicis
2400 1311 2653 1374 careant,
2705 1307 2776 1362 ad
2825 1305 2984 1362 hunc
3033 1323 3254 1364 annum
3284 1306 3575 1381 pertinere

1924 1413 2096 1453 nemo
2127 1413 2240 1451 non
2296 1396 2471 1451 videt.
2530 1393 2905 1453 Praemissum
2955 1395 3243 1453 Toletanze
3303 1393 3573 1455 Ecclesiae

1926 1484 2289 1557 privilegium
2323 1485 2378 1539 in
2412 1485 2744 1558 Appendice
2775 1484 2970 1541 locum
3021 1485 3279 1554 habebit,
3337 1483 3488 1542 sicut
3517 1489 3576 1544 et

1923 1573 2180 1646 Gregorii
2215 1573 2281 1629 1X
2312 1575 2380 1629 dc
2411 1574 2612 1630 eadem
2646 1591 2705 1629 re
2736 1575 3084 1648 rescriptum
3117 1576 3188 1631 ad
3220 1573 3571 1632 Rodericum

1921 1664 2264 1719 Toletanum
2300 1664 2829 1737 archiepiscopum,
2865 1665 2964 1737 qui
2999 1663 3434 1738 privilegiorum
3464 1652 3570 1720 Ec-

1923 1751 2108 1806 clesia:
2141 1770 2260 1807 suae
2290 1751 2646 1824 exemplaria
2678 1770 2785 1808 sua
2817 1752 3158 1809 authentica
3186 1753 3259 1810 ab
3280 1769 3346 1810 eo
3376 1749 3574 1827 ponti-

1921 1840 2025 1896 ﬁce
2085 1839 2500 1912 postulaverat.
2567 1843 2728 1913 lpsas
2782 1845 2978 1896 autem
3032 1840 3260 1898 litteras
3315 1841 3574 1896 edendas

1917 1929 2618 2001 relinquimuslahorioso
2640 1931 2982 2003 eruditoque
3005 1929 3436 2004 pontificiarum
3457 1929 3576 2004 epi-

1921 2017 2203 2074 stolarum
2238 2017 2553 2088 collectori,
2600 2034 2673 2074 ne
2703 2018 2947 2090 repetita
2977 2019 3194 2092 saepius
3232 2018 3574 2076 earumdem

1916 2123 2114 2163 rerum
2147 2107 2402 2164 editione
2425 2106 2696 2164 litteratis
2721 2107 3002 2165 librorum
3023 2109 3391 2182 emptoribus
3411 2108 3574 2166 oneri

1919 2213 2130 2252 Simus.

1916 2283 2163 2340 XXXIII.
2218 2284 2470 2340 Artaldus
2502 2286 2818 2342 Helenensis
2848 2286 2916 2342 ab
2945 2287 3158 2344 Urbano
3198 2289 3566 2343 consecratur.

1988 2373 2242 2430 Emersit
2263 2373 2416 2429 circa
2443 2372 2591 2429 illud
2623 2377 2856 2447 tempus
2887 2375 3485 2448 graviscontroversia
3506 2367 3566 2429 in

1916 2464 2214 2536 provincia
2236 2463 2598 2519 Narbonensi
2627 2463 2779 2519 inter
2802 2463 3105 2520 Artaldum
3137 2463 3386 2520 electum
3408 2459 3569 2520 Hele-

1920 2569 2161 2610 nensem
2194 2553 2532 2625 episcopum
2564 2557 2621 2608 et
2650 2552 3002 2609 Dalmatium
3026 2553 3154 2625 ejus
3175 2551 3568 2626 metropolita-

1921 2658 2085 2708 num,
2120 2642 2220 2714 qui
2253 2658 2387 2697 eum
2414 2643 2486 2697 ob
2503 2641 2770 2697 Simoniaa
2793 2641 3188 2716 suspicionem
3226 2639 3568 2700 consecrare

1923 2731 2224 2786 renuebat.
2253 2729 2528 2785 Artaldus
2559 2730 2710 2786 hanc
2745 2731 3041 2804 repulsam
3089 2747 3301 2804 passus
3328 2729 3575 2787 Romam

1925 2819 2087 2888 adiit,
2148 2820 2347 2892 ibique
2397 2820 2654 2891 praestita
2713 2823 3075 2876 sacramento
3133 2824 3442 2894 purgatus,
3502 2807 3576 2876 ab

1928 2908 2160 2964 Urbano
2183 2908 2310 2980 ipso
2323 2912 2697 2964 consecratus
2725 2912 2833 2965 est.
2858 2909 2917 2964 Id
2947 2907 3160 2977 fusius,
3182 2908 3268 2965 uti
3289 2907 3578 2980 conjicere

1927 2997 2082 3064 licet,
2113 2996 2472 3068 descriptum
2506 3001 2629 3052 erat
2658 2997 2716 3053 in
2748 2997 2967 3054 Urbani
2998 2997 3211 3068 Gestis,
3248 3014 3320 3054 ex
3360 2995 3578 3070 quibus

1931 3103 2211 3142 canonem
2233 3085 2507 3141 Artaldus
2540 3085 2598 3141 in
2631 3103 2808 3142 suum
2840 3086 3136 3144 decretum
3156 3086 3468 3142 Gratianus
3496 3085 3582 3142 in-

1926 3175 2078 3230 vexit
2098 3177 2152 3240 8,
2186 3191 2241 3246 q.
2273 3173 2331 3244 3,
2363 3191 2412 3229 c.
2445 3176 2502 3241 2,
2537 3175 2634 3228 ubi
2666 3173 2762 3230 ille
2809 3175 3110 3241 mendose,
3159 3175 3246 3230 uti
3288 3175 3578 3244 dicemus,

1927 3267 2205 3336 episcopus
2260 3263 2590 3318 Arelatensis
2667 3262 3010 3335 appellatur.
3073 3263 3153 3318 De
3211 3280 3328 3336 quo
3385 3277 3580 3318 errore

1927 3369 2060 3408 cum
2096 3352 2189 3406 hic
2222 3367 2405 3406 canon
2440 3351 2511 3406 ad
2539 3350 2837 3405 Urbanum
2861 3351 3129 3405 nestrum
3153 3353 3394 3421 spectet,
3410 3351 3581 3420 juvat

1927 3441 2021 3497 hic
2054 3439 2226 3514 paulo
2259 3440 2588 3495 accuratius
2620 3439 2934 3512 inquirere.
2957 3437 3304 3495 Franciscus
3325 3438 3581 3512 Bosqu'e-

1900 3586 1902 3588 ,
1928 3533 2022 3584 tus
2045 3529 2284 3585 meritos
2316 3527 2688 3601 reprehendit
2717 3527 2977 3584 Gratiani
2999 3528 3270 3596 editores,
3305 3528 3457 3602 quod
3473 3544 3578 3604 pro

1927 3619 2275 3687 Arelatensis,
2337 3617 2648 3690 legendum
2698 3634 2826 3674 esse
2872 3617 3577 3685 Electensi’s'censuerint,

1926 3724 2083 3774 cum,
2118 3707 2330 3779 inquit,
2355 3711 2582 3762 certum
2606 3706 2683 3762 sit
2714 3707 3072 3762 Electensem
3103 3705 3444 3775 Ecclesiam,
3467 3705 3578 3763 etsi

1923 3795 2285 3852 Narbonensi
2339 3795 2645 3868 provinciis
2695 3796 2767 3851 ab
2815 3795 2982 3851 initio
3040 3796 3388 3868 subjectam,
3442 3795 3578 3854 ante

1923 3883 2167 3940 Joannis
2197 3884 2344 3939 XXII
2399 3887 2665 3958 tempora
2720 3882 3038 3957 episcopali
3088 3883 3257 3940 titulo
3306 3889 3574 3942 ornatam

1924 3988 2038 4027 non
2073 3972 2274 4028 fuisse.
2308 3975 2378 4027 At
2407 3973 2634 4028 caeteris
2657 3971 2876 4029 felicior
2906 3989 3020 4028 non
3052 3971 3164 4027 fuit
3190 3970 3278 4027 vir
3305 3973 3576 4028 eruditus

1921 4059 1980 4114 in
2011 4060 2248 4134 vulgata
2295 4060 2539 4116 lectione
2593 4061 3038 4133 propugnanda,
3094 4075 3276 4133 quam
3333 4060 3572 4117 retineri

1922 4149 2130 4205 debere
2159 4148 2478 4219 contendit,
2513 4153 2578 4205 ut
2607 4149 2742 4204 inde
2772 4149 3043 4221 probaret
3071 4148 3436 4206 Arelatenses
3456 4149 3578 4223 epi-

1921 4255 2129 4311 scopos
2189 4237 2326 4294 olim
2360 4237 2722 4294 Narbonensi
2780 4237 3229 4310 metropolitano
3277 4238 3576 4312 subjectos

1921 4327 2124 4384 fuisse.
2157 4328 2384 4383 Etenim
2415 4344 2517 4383 nec
2546 4327 2900 4384 Arelatensis
2931 4327 3186 4384 Ecclesia
3205 4344 3470 4402 unquam
3500 4327 3577 4386 ad

1919 4415 2274 4489 provinciam
2307 4420 2407 4471 aut
2436 4416 2754 4488 primatum
2783 4416 3220 4474 Narbonensem
3268 4417 3573 4491 pertinuit,

170 4504 275 4561 sive
331 4505 429 4562 ille
484 4507 660 4562 fuerit
707 4505 922 4573 Victor,
975 4513 1040 4562 ut.
1097 4507 1339 4579 quidam
1399 4507 1624 4576 dicunt,
1689 4509 1810 4565 sive
1841 4525 1887 4590 Ῑ)
1918 4522 2022 4561 nec
2055 4505 2206 4561 inter
2235 4504 2604 4562 Arelatenses
2634 4505 2938 4578 episcopos
2966 4505 3240 4563 Artaldus
3283 4507 3441 4565 ullus
3471 4509 3572 4565 us-

177 4611 470 4652 successor
498 4596 625 4665 ejus
685 4593 976 4664 Urbanus,
1012 4597 1168 4668 quod
1202 4596 1392 4670 magis
1423 4596 1651 4652 videtur
1704 4615 1808 4652 an-

173 4683 338 4755 tiquis
397 4683 798 4741 monumentis
869 4690 1350 4751 consentaneum,
1407 4685 1690 4742 deferret:
1744 4703 1811 4742 eo

170 4771 328 4827 etiam
360 4772 704 4829 intendebat
734 4777 799 4828 ut
833 4791 902 4830 ea
957 4775 1262 4830 occasione
1293 4775 1673 4846 antiquorum
1708 4774 1808 4831 Ec-

166 4858 341 4916 clesia
371 4859 664 4917 Toletanis
696 4861 1132 4936 privilegiorum
1168 4861 1455 4919 obtineret
1486 4862 1807 4920 restitutio-

171 4964 293 5003 nem
323 4967 336 5004 :
368 4951 515 5022 quod
552 4947 744 5024 colligi
779 4957 991 5024 potest,
1053 4953 1171 5008 imo
1203 4952 1416 5009 diserte
1475 4952 1722 5008 habetur
1753 4953 1808 5007 in

172 5035 388 5092 Urbani
444 5038 718 5109 epistolis.
773 5037 935 5094 Certe
985 5037 1349 5094 Bernardum
1407 5055 1541 5095 cum
1601 5038 1810 5094 litteris

167 5125 651 5183 commendatitiis
683 5126 905 5183 Alfonsi
930 5127 1081 5200 regis
1112 5128 1440 5183 venientem
1465 5128 1714 5201 benigne
1736 5129 1806 5184 ab

164 5213 383 5271 Urbano
407 5222 712 5288 exceptum
735 5215 919 5272 fuisse
940 5220 1193 5273 testatur
1225 5217 1348 5290 ipse
1376 5217 1531 5272 idem
1551 5217 1808 5288 pontifex

165 5303 209 5358 in
238 5304 494 5376 epistola
520 5305 592 5362 ad
644 5305 918 5362 eumdem
977 5323 1195 5379 regem,
1257 5307 1356 5378 qui
1418 5306 1475 5361 in
1507 5305 1688 5362 altera
1733 5307 1804 5362 ad

162 5390 458 5466 Hugouem
489 5393 958 5460 Cluniacensem,
991 5395 1072 5449 ait
1105 5394 1468 5450 Bernardum
1501 5412 1534 5450 a
1567 5412 1628 5450 se
1658 5410 1805 5451 reve-

159 5491 328 5538 renter
358 5482 546 5539 fuisse
591 5491 898 5556 exceptum,
930 5486 1056 5538 tum
1083 5483 1157 5539 ob
1189 5483 1318 5554 ejus
1350 5483 1808 5540 commendatio-

153 5587 296 5646 nem,
334 5577 471 5631 tum
501 5572 574 5630 ob
601 5574 792 5648 ipsius
839 5566 1148 5645 Bernardi,
1183 5575 1240 5630 et
1288 5571 1449 5632 sedis
1497 5571 1806 5648 Toletanae,

467 5698 734 5768 Panos.
775 5699 926 5772 GLI.

1920 4612 2097 4667 quam
2130 4598 2507 4650 memoratur.
2542 4593 2670 4650 Alia
2690 4595 2884 4666 itaque
2906 4595 3192 4652 solvendae
3213 4595 3393 4670 hqjus
3416 4595 3571 4653 dim-

1919 4681 2154 4738 cultatis
2184 4683 2278 4739 via
2307 4683 2565 4738 ineunda
2584 4687 2692 4751 est,
2716 4700 2894 4755 quam
2914 4683 3144 4741 videtur
3163 4685 3455 4743 invenisse
3482 4687 3575 4743 vir

1919 4771 1991 4827 cl.
2020 4771 2351 4844 Stephanus
2385 4771 2654 4828 Baluzius
2684 4772 2743 4828 in
2785 4773 3003 4830 additis
3060 4775 3131 4832 ad
3165 4775 3383 4832 librum
3424 4793 3458 4831 v
3487 4775 3569 4832 De

1919 4861 2229 4916 concordia
2258 4860 2567 4917 sacerdotii
2599 4865 2656 4917 et
2686 4862 2914 4935 imperii
2947 4880 3073 4937 cap.
3101 4865 3187 4933 41,
3220 4865 3338 4920 ubi
3370 4868 3570 4919 monet

1918 4950 2232 5023 legendum
2283 4967 2409 5006 esse
2441 4951 2497 5005 in
2547 4950 2658 5005 hoc
2688 4968 2911 5009 canone
2956 4953 3213 5011 Artaldus
3268 4952 3573 5010 Elenensi:

1920 5041 2221 5112 episcopus,
2251 5037 2592 5095 Helenensis
2624 5039 2840 5114 quippe
2855 5041 3108 5099 Ecclesia
3129 5045 3268 5096 tunc
3284 5039 3567 5112 temporis

1917 5129 2181 5200 subjecta
2202 5132 2325 5183 erat
2347 5128 2650 5200 metropoli
2673 5131 3055 5186 Narbonensi.
3074 5131 3140 5185 Et
3161 5129 3400 5200 quidem
3426 5133 3566 5188 tunc

1879 5254 1882 5257 -
1914 5218 2141 5274 vivebat
2170 5217 2466 5286 Artaldus,
2501 5219 2600 5289 qui
2633 5219 2974 5276 Elenensem
3009 5219 3205 5274 sedem
3236 5233 3302 5274 eo
3352 5219 3565 5277 sarculo

1916 5307 2217 5363 desinente
2248 5307 2453 5375 tenuit,
2483 5311 2546 5362 ut
2575 5309 2958 5363 conﬁrmatur
2988 5323 3055 5362 ex
3086 5305 3180 5362 his
3204 5308 3398 5366 verbis
3429 5308 3567 5365 libri

1915 5412 1971 5450 1v
2002 5395 2207 5450 Marcaa
2239 5394 2588 5466 Hispanicae,
2612 5396 2814 5451 Artalli
2832 5395 2985 5449 electi
3001 5396 3238 5468 episcopi
3253 5397 3567 5454 Helenensis

1914 5485 2122 5540 mentio
2151 5485 2212 5556 ﬁt
2242 5501 2298 5540 v1
2328 5485 2461 5542 Idus
2491 5485 2642 5550 Maii,
2685 5499 2830 5539 anno
2859 5483 2931 5537 27
2983 5491 3251 5558 regnante
3305 5488 3565 5561 Philippo
3667 5513 3673 5517 -

1914 5589 2061 5652 rege.
2092 5573 2203 5648 Qui
2235 5575 2475 5655 quidem
2537 5573 2790 5652 Philippi
2819 5591 3012 5634 annus
3061 5575 3111 5637 si
3142 5593 3177 5635 a
3221 5577 3406 5655 patris
3435 5578 3566 5656 ejus
