3970 6188
423 310 511 420 is

1729 355 1804 421 Β.
1844 353 2139 423 URBANI
2180 350 2235 421 Il
2278 355 2535 422 PAPIE.

3757 335 3840 419 4'4

416 492 580 549 obitu
611 456 1002 567 computatur,
1035 492 1109 549 ad
1139 454 1363 549 annum
1396 492 1534 548 1088
1570 458 1824 548 revocari
1868 491 2057 562 debet,
2088 493 2144 562 Α
2175 493 2564 550 monasticam
2599 508 2713 549 non
2747 491 2994 549 obscure
3023 484 3275 548 alterum
3332 472 3698 565 baptismum
3730 507 3839 566 ap-

417 599 536 656 quo
568 580 760 655 reipsa
786 581 1089 639 Artaldum
1121 581 1372 639 electum
1402 579 1581 637 fuisse
1639 580 1955 645 credimus.
2017 585 2074 637 et
2182 580 2380 653 pellat.

421 672 536 729 sub
570 672 837 772 eiusdsm
867 671 1006 772 ann}
1054 672 1504 772 ﬁnen‘lﬂofnf,‘
1544 686 1661 743 quo
1691 674 1828 743 post
1880 671 2077 727 varias
2181 688 2398 744 xxxv.
2456 688 3041 772 Magalonaenepiscopi
3094 687 3338 772 speciali
3383 688 3515 761 jure
3579 684 3843 760 pontiﬁci

419 761 930 837 peregrinationes
968 761 1096 833 jam
1127 758 1379 816 redierat
1410 758 1703 828 Urbanus,
1762 776 2068 816 consecra-

418 852 572 907 tum.
604 849 836 906 Laudat
882 849 1036 905 idem
1067 847 1339 904 Baluzius
1369 848 1519 904 duos
1548 848 1777 905 codices
1815 851 2076 904 vetustos

424 955 539 997 ms.
567 957 581 996 :
616 955 801 995 unum
835 936 1057 994 scilicet
1085 936 1432 1005 Puteanum,
1467 937 1567 1010 qui
1598 953 1757 993 nunc
1797 940 1988 993 exstat
2016 936 2075 992 in

424 1026 783 1084 Bibliotheca
812 1026 992 1099 regia,
1022 1030 1080 1082 et
1110 1025 1357 1082 alterum
1384 1042 1557 1099 quem
1581 1042 1760 1099 penes
1782 1042 1844 1083 se
1865 1028 2076 1094 servat,

427 1106 491 1171 in
522 1116 739 1185 quibus
768 1114 863 1171 hic
892 1114 1127 1183 dicitur,
1159 1114 1429 1172 Artaldus
1457 1114 1746 1170 Alanensis
1774 1115 2077 1187 episcopus,

429 1221 558 1278 quae
605 1203 777 1261 lectio
826 1204 937 1260 etsi
986 1204 1292 1270 mendosa,
1349 1203 1643 1261 sinceram
1676 1207 1867 1261 tamen
1900 1218 2079 1276 quam

428 1299 875 1367 propugnamus
895 1293 1222 1349 conﬁrmat.
1244 1293 1346 1349 His
1363 1292 1512 1349 adde
1534 1292 1752 1349 Urbani
1774 1291 2080 1366 epistolam

433 1398 589 1439 anno
620 1381 887 1454 sequenti
918 1382 1196 1456 scriptam
1229 1382 1301 1439 ad
1349 1381 1701 1454 Baynerium
1754 1381 2081 1455 apostolicae

433 1471 593 1532 sedis
617 1471 899 1544 legatum,
931 1488 1048 1547 qua
1075 1471 1336 1545 pontifex
1364 1472 1413 1527 ei
1448 1488 1685 1527 causam
1718 1470 1873 1527 haud
1903 1470 2082 1527 dubio

434 1558 635 1627 istam,
676 1577 804 1633 quae
835 1560 989 1616 inter
1016 1559 1354 1634 episcopum
1386 1558 1732 1616 Elenensem
1779 1561 1839 1616 et
1863 1559 2082 1616 Narbo-

438 1664 680 1704 nensem
711 1647 1227 1721 metropolitanum
1256 1647 1619 1715 versabatur,
1651 1646 2083 1704 discutiendam

438 1734 770 1793 committit.
802 1736 906 1792 Hic
953 1735 1316 1793 exhibendus
1377 1738 1465 1792 est
1519 1735 1682 1793 locus
1739 1737 1964 1809 integer
2018 1752 2088 1791 ex

432 1818 669 1906 decreto
712 1824 997 1893 Gratiani,
1047 1841 1183 1881 cum
1239 1824 1397 1882 Gesta
1461 1825 1670 1882 Urbani
1720 1826 1967 1895 secundi,
2018 1841 2088 1882 ex

441 1914 657 1988 quibus
703 1914 799 1971 hic
856 1931 1039 1973 canon
1089 1914 1471 1988 depromptus
1502 1912 1734 1984 dicitur,
1767 1915 1941 1971 modo
1971 1931 2086 1971 non

430 2003 786 2081 habeantur.

438 2114 569 2170 Post
595 2110 931 2179 electionem,
959 2127 1062 2184 pro
1090 2110 1459 2184 indemnilale
1486 2111 1759 2184 Ecclesia,
1780 2112 1905 2167 licet
1923 2112 2091 2168 electo

671 2182 1051 2256 juramentum
1072 2185 1344 2255 praestare
1373 2183 1390 2254 (
1420 2182 1475 2250 8,
1510 2198 1567 2254 q.
1594 2182 1649 2249 3,
1682 2198 1733 2239 c.
1762 2183 1840 2253 2).

510 2272 788 2330 Artaldus
817 2271 1172 2328 Arelatensis
1200 2273 1339 2343 [lege
1358 2268 1720 2344 Helenensis]
1759 2271 2088 2345 episcopus,

432 2360 839 2421 Narbonensis
868 2360 1135 2417 Ecclesiae
1165 2359 1595 2433 suﬁ‘raganeus,
1621 2359 1864 2416 Romam
1888 2376 2090 2418 conse-

445 2451 697 2509 crandus
727 2451 800 2506 ad
831 2448 1136 2506 dominum
1165 2447 1467 2505 Urbanum
1500 2465 1713 2521 papam
1734 2448 1912 2519 venit,
1946 2466 2092 2507 suus

443 2538 659 2613 quippe
714 2537 1187 2611 archiepiscopus
1244 2553 1379 2593 eum
1438 2552 1777 2593 consecrare
1834 2536 2089 2606 nolebat,

442 2626 721 2701 quoniam
755 2630 888 2699 post
916 2625 1256 2682 electionem
1279 2642 1448 2681 suam
1471 2628 1708 2698 propter
1727 2625 1881 2681 bona
1902 2624 2091 2682 Eccle-

443 2715 543 2772 siaa
601 2715 996 2772 conservanda
1052 2714 1349 2770 canonicis
1400 2713 1641 2786 juravit.
1703 2713 2093 2771 Consecratus

440 2793 638 2878 itaque
668 2807 757 2860 est
785 2822 819 2859 a
848 2802 1085 2859 domino
1139 2820 1291 2877 papa
1336 2802 1590 2870 Urbano,
1623 2806 1755 2858 ante
1806 2807 2093 2876 purgatus

439 2893 1147 2966 hujusmodijuramento.
1174 2916 1201 2942 «
1226 2893 1305 2948 De
1321 2893 1660 2965 juramento
1682 2891 1839 2964 quod
1862 2892 2098 2948 canoni-

2754 759 2990 817 Roinano
3018 759 3267 833 subjecti.

2256 849 2453 904 Mense
2484 848 2750 921 sequenti
2786 848 3045 922 pontifex
3075 848 3388 906 Gotofredo
3432 847 3704 921 episcopo
3731 846 3841 905 Ec-

2185 936 2426 993 clesiam
2457 936 2934 1011 Magalonensem
2966 953 3103 993 cum
3133 936 3416 994 comitatu
3463 935 3843 993 Substantio-

2186 1026 2353 1082 nensi
2381 1026 2768 1099 confirmavit,
2811 1024 3022 1083 litteris
3054 1042 3124 1082 ea
3154 1026 3225 1083 de
3255 1042 3318 1082 re
3346 1025 3459 1083 hoc
3489 1042 3636 1091 anno
3683 1024 3850 1081 datis

2187 1110 2383 1170 Romae
2412 1132 2509 1171 xxx
2541 1114 2829 1172 Kalendas
2856 1114 3142 1172 Januarii.
3175 1114 3292 1171 Cur
3318 1131 3455 1171 vero
3484 1114 3625 1171 tunc
3665 1113 3847 1170 Goto-

2189 1203 2350 1260 fredo
2382 1204 2713 1261 necessaria
2742 1204 2917 1260 fuerit
2944 1202 3213 1260 Ecclesia
3243 1202 3676 1277 Magalonensis
3703 1219 3846 1259 con-

2190 1292 2463 1359 firmatio,
2497 1293 2599 1365 qui
2645 1292 2830 1351 multo
2888 1298 3205 1366 antequam
3260 1292 3529 1349 Urbanus
3566 1280 3853 1365 pontifex

2191 1381 2375 1447 fieret,
2406 1380 2559 1437 hanc
2589 1383 2789 1438 sedem
2821 1382 3174 1451 obtinuerat,
3201 1380 3485 1437 discimus
3507 1396 3576 1439 ex
3592 1380 3850 1436 Antonio

2192 1471 2264 1526 de
2292 1471 2559 1539 Verdala,
2592 1471 2858 1544 ejusdem
2909 1470 3176 1528 Ecclesia:
3206 1469 3501 1543 episcopo,
3532 1469 3594 1526 in
3645 1468 3851 1526 libello

2192 1560 2273 1615 De
2286 1563 2433 1615 serie
2446 1560 2850 1633 episcoporum
2864 1559 3367 1633 Magalonensium
3381 1557 3849 1633 apudLabbeum

2192 1654 2355 1704 tomo
2386 1648 2407 1703 Ι
2441 1647 2805 1704 Bibliotheca:
2835 1665 3017 1717 novae,
3051 1646 3150 1703 ubi
3184 1646 3280 1703 ille
3309 1651 3514 1703 auctor
3540 1647 3718 1704 refert
3739 1650 3855 1702 Pe-

2194 1742 2353 1793 trum
2402 1736 2663 1811 Melgorii
2696 1736 2970 1794 comitem
3003 1753 3158 1793 anno
3188 1736 3333 1793 4085
3384 1735 3658 1793 Kalendis
3708 1735 3855 1792 Maii

2196 1826 2427 1882 dedisse
2459 1824 2735 1899 Gregorio
2764 1825 2867 1882 VII
2916 1825 3179 1900 pontiﬁci
3239 1825 3504 1882 Romano
3522 1814 3640 1896 jus'
3672 1840 3861 1882 omne

2196 1915 2349 1988 quod
2374 1913 2713 1981 babebat,in
2735 1915 3072 1989 episcopatu
3088 1912 3693 1987 Magalonensi,simul
3711 1930 3858 1970 cum

2198 2005 2475 2061 comitatu
2507 2003 3018 2060 Substantionensi
3067 2003 3128 2059 in
3167 2020 3382 2060 manus
3411 2002 3557 2077 petri
3589 2002 3857 2076 episcopi

2195 2091 2563 2161 Albanensis,
2618 2092 2777 2148 sedis
2836 2091 3163 2166 apostolica
3223 2091 3419 2165 legati,
3453 2095 3509 2148 et
3556 2090 3863 2148 Gototredi

2199 2183 2462 2254 ejusdem
2498 2180 2759 2237 Ecclesia-'3
2782 2182 2910 2252 jam
2956 2185 3096 2236 tunc
3143 2180 3420 2254 episcopi.
3451 2181 3523 2237 At
3568 2180 3861 2253 pontifex,

2198 2276 2436 2344 accepta
2467 2270 2798 2336 donatione,
2831 2269 3173 2326 comitatum
3204 2269 3371 2325 Petro
3424 2254 3671 2342 ejusque
3714 2285 3861 2326 suc-

2199 2359 2530 2416 cessoribus
2560 2360 2621 2415 in
2647 2358 2874 2432 [cadum
2902 2358 3157 2415 reddidit
3182 2359 3282 2415 sub
3338 2368 3678 2416 sacramento
3710 2358 3856 2427 ﬁde—

2204 2447 2383 2504 litatis
2411 2451 2462 2504 et
2480 2464 2643 2504 censu
2673 2464 2858 2504 annuo
2886 2449 3057 2504 unius
3103 2449 3283 2503 unciae
3328 2449 3460 2505 auri
3484 2449 3721 2520 optimi;
3743 2449 3860 2520 jus

2199 2553 2334 2593 vero
2380 2553 2573 2608 omne,
2610 2538 2765 2611 quod
2809 2535 3131 2611 apostolica
3176 2536 3345 2593 sedes
3373 2536 3482 2594 hac
3537 2537 3865 2595 donatione

2201 2626 2577 2700 acquisierat,
2630 2625 2948 2682 transfudit
3007 2625 3065 2681 in
3097 2625 3496 2694 Gotofredum,
3554 2624 3657 2700 qui
3684 2643 3754 2683 ex
3786 2644 3863 2684 eo

2200 2718 2463 2789 tempore
2492 2716 2645 2771 vices
2690 2714 2985 2787 pontificis
3015 2731 3082 2771 ea
3133 2714 3191 2770 in
3222 2731 3283 2771 re
3313 2714 3589 2787 obtinuit,
3637 2720 3695 2772 et
3720 2716 3863 2788 ejus

2200 2803 2459 2860 Ecclesia
2485 2804 2586 2860 sub
2609 2804 2838 2876 speciali
2867 2805 3121 2860 Romana:
3140 2803 3281 2861 sedis
3294 2804 3467 2861 tutela
3486 2804 3676 2877 posita
3705 2803 3823 2861 fuit
3844 2823 3863 2861 :

2203 2894 2357 2950 unde
2376 2894 2618 2950 comites
2641 2892 3198 2950 Substantionenses
3216 2890 3718 2967 Magalonensium
3737 2894 3873 2967 epi-
3931 2912 3933 2929 λ

440 2984 766 3039 cis.nostrae
822 2980 1087 3037 Ecclesiae
1119 2980 1225 3037 feci
1258 2984 1390 3053 post
1447 2978 1814 3051 electionem,
1865 2979 2093 3037 nullam
2201 3000 2513 3057 scoporum
2566 2982 2702 3039 facti
2749 2986 2890 3039 sunt
2940 2981 3271 3052 feudatarii,
3305 2986 3366 3039 et
3421 2981 3534 3055 ipsi
3592 2982 3870 3055 episcopi
3930 2986 3933 3021 l

440 3070 879 3128 conventionem
939 3073 1074 3127 ante
1106 3074 1172 3125 ut
1226 3068 1472 3143 eligerer
1518 3069 1646 3125 feci.
1697 3069 2093 3127 Narbonensis
2202 3072 2483 3129 Romanis
2516 3071 2891 3145 pontiﬁcibus
2921 3070 3251 3145 specialiter
3296 3070 3512 3127 addicti
3568 3070 3866 3129 fuerunt:
3928 3074 3934 3115 l

414 3144 573 3218 .vero
595 3160 1073 3233 archiepiscopus
1095 3156 1317 3214 nullius
1328 3157 1610 3231 praeterid
1631 3158 1896 3215 criminis
1917 3174 2096 3215 causa
2140 3232 2149 3233 ί
2203 3176 2331 3233 quae
2353 3144 2550 3217 omnia
2565 3159 2704 3215 huic
2726 3144 3188 3215 conﬁrmationis
3209 3157 3382 3215 bullae
3404 3158 3476 3215 de
3489 3175 3605 3232 qua
3622 3158 3871 3233 agimus
3931 3166 3933 3203 ι

418 3232 940 3307 consecrationem
970 3232 1233 3306 nostram
1256 3247 1477 3313 omisit,
1508 3264 1601 3303 me
1631 3247 1870 3317 sciente,
1903 3263 2093 3323 neque
2122 3232 2166 3300 C
2206 3232 2399 3305 locum
2430 3249 2749 3322 praebuere.
2799 3248 2973 3304 Porro
2994 3247 3339 3304 Gotofredus
3388 3252 3589 3320 postea
3634 3232 3873 3304 multas
3924 3256 3933 3292 ἰ

441 3339 586 3406 mihi
610 3338 876 3397 criminis
908 3337 1189 3395 conscius
1222 3353 1354 3394 sum
1389 3339 1625 3409 propter
1671 3336 1825 3409 quod
1857 3353 1891 3393 α
1935 3353 2103 3394 sacra
2211 3337 2489 3395 ecclesias
2519 3341 2578 3394 et
2624 3338 3027 3410 possessiones
3057 3353 3176 3393 suae
3232 3335 3500 3393 Ecclesiae
3557 3335 3873 3393 canonicis
3926 3348 3933 3383 1

452 3445 547 3485 me
576 3428 852 3483 unctione
883 3428 1032 3500 (mss.
1056 3443 1091 3482 a
1121 3426 1446 3482 sacerdotio
1477 3426 1591 3495 me]
1622 3425 1882 3498 repellat.
1915 3448 1944 3479 »
2212 3426 2478 3491 contulit,
2512 3430 2576 3482 ut
2603 3442 2702 3485 eos
2741 3426 2813 3482 ad
2844 3425 3026 3481 vitam
3058 3440 3453 3493 communem,
3502 3427 3560 3481 et
3589 3421 3870 3497 regulam
3931 3446 3933 3473 ς

411 3500 425 3511 ’
514 3520 728 3572 Contra
756 3516 908 3571 hanc
939 3514 1370 3570 ordinationem
1419 3514 1862 3571 Narbonensem
1908 3515 2105 3571 archi-
2214 3516 2402 3574 sancti
2430 3514 2743 3590 Augustini
2768 3513 3544 3588 amplectendamincitaret.
3567 3512 3692 3576 Qua
3713 3511 3779 3568 in
3805 3531 3879 3570 re
3928 3532 3933 3567 λ

2215 3604 2559 3661 auctoritate
2588 3604 2805 3660 Urbani
2841 3603 3111 3675 adiutum
3143 3601 3324 3659 fuisse
3370 3601 3539 3657 docet
3565 3600 3723 3657 idem
3757 3619 3878 3659 au-
3930 3620 3933 3657 1

2215 3698 2356 3763 ctor,
2416 3694 2516 3767 qui
2575 3694 2845 3750 observat
2902 3693 3100 3749 datam
3160 3690 3339 3748 fuisse
3395 3688 3468 3746 ab
3514 3688 3751 3747 Urbano
3805 3708 3934 3749 eae

2215 3782 2519 3840 occasione
2552 3785 2899 3856 potestatem
2921 3780 3252 3849 Gotofredo,
3283 3780 3531 3853 ejusque
3560 3770 3884 3838 successo-
3922 3802 3934 3837 :a

2215 3872 2380 3929 ribus
2410 3871 2704 3928 insistendi
2759 3871 2916 3945 quod
2977 3870 3195 3927 frustra
3247 3869 3319 3926 ab
3370 3868 3500 3940 ejus
3557 3869 3888 3928 decessore
3922 3904 3933 3931 -.

2215 3964 2503 4019 tentatum
2536 3962 2741 4032 fuerat,
2771 3968 2835 4016 ut
2860 3960 3050 4017 clerici
3079 3958 3151 4015 ad
3191 3959 3511 4015 canonicam
3557 3960 3607 4013 et
3635 3958 3885 4028 religio'
3918 3967 3934 4022 -1

2213 4069 2333 4108 sam
2359 4053 2532 4107 vitam
2572 4052 3038 4116 converterentur,
3094 4046 3390 4120 arguendo,
3447 4044 3779 4103 obsecrando
3828 4050 3887 4105 et
3914 4096 3933 4109 .,

2215 4140 2562 4214 increpando.
3922 4167 3933 4202 ε

2214 4230 2471 4287 XXXVI.
2503 4229 2809 4288 Guidonem
2837 4227 3048 4301 epistol.
3089 4225 3475 4285 Viennensibus
3502 4222 3880 4283 commendat.
3922 4256 3934 4293 λ

2285 4320 2403 4377 Hoc
2431 4318 2559 4392 ipso
2591 4334 2764 4388 anno,
2797 4323 2863 4374 ut
2891 4333 2961 4374 ex
2987 4315 3269 4374 Chronico
3299 4314 3631 4371 antistitum
3682 4311 3880 4371 Vien-
3916 4350 3934 4385 ,χ

440 3606 803 3679 episcopum,
840 3602 1190 3659 reclamasse
1256 3602 1542 3658 discimus
1591 3618 1659 3658 ex
1716 3602 1969 3676 epistola
2028 3616 2105 3673 ad

418 3689 813 3770 :Beynerium
872 3692 1047 3748 modo
1102 3689 1387 3748 laudata:
1447 3706 1623 3763 quem
1678 3695 1877 3749 tamen
1934 3710 2113 3752 causa

418 3772 741 3859 :cecidisse
771 3785 930 3856 patet
949 3786 1075 3837 tum
1104 3796 1174 3837 ex
1202 3780 1314 3836 isto
1345 3796 1585 3847 canone,
1618 3784 1744 3836 tum
1775 3797 1844 3838 ex
1863 3798 1930 3839 eo
1952 3784 2108 3856 quod

434 3874 713 3934 Artaldus
744 3871 1068 3929 Ecclesium
1102 3868 1494 3926 Helenensem
1530 3869 1629 3925 diu
1661 3874 1869 3943 postea
1917 3872 2121 3944 quiete,

422 3962 673 4037 rexerit,
695 3960 993 4034 variisque
1025 3957 1318 4027 conciliis,
1349 3973 1416 4014 ac
1447 3957 1822 4032 potissimum
1850 3961 2106 4018 Nemau-

435 4055 622 4123 sensi,
674 4052 775 4110 ubi
804 4065 1065 4125 praesens
1098 4051 1225 4105 erat
1274 4047 1398 4121 ipse
1452 4049 1735 4121 pontifex,
1781 4048 1935 4106 inter
1963 4050 2109 4110 alios

434 4143 751 4203 catholicos
783 4138 1095 4197 antistites
1124 4137 1481 4206 interfuerit,
1516 4141 1581 4193 ut
1610 4137 1820 4211 probat
1837 4138 2110 4198 Baluzius

417 4214 577 4295 .locis
634 4228 909 4286 laudatis.
976 4227 1161 4284 Porro
1223 4226 1535 4284 Elenensis
1589 4243 1692 4284 seu
1767 4227 2108 4288 Helenensis

418 4310 806 4393 episcopatus
865 4317 1043 4372 sedes
1073 4319 1208 4388 post
1238 4316 1427 4371 varias
1458 4315 1745 4383 fortunas,
1775 4332 1924 4389 quas
1952 4318 2107 4375 idem

435 4406 710 4465 Baluzius
743 4403 1027 4462 describit
1058 4404 1117 4458 in
1152 4402 1306 4459 notis
1330 4403 1401 4460 ad
1434 4403 1801 4475 Gratianum,
1825 4407 2111 4464 translata
2215 4409 2486 4468 nensium
2518 4426 2552 4463 a
2600 4406 2872 4463 Burnone
2900 4405 3166 4479 ejusdem
3212 4402 3377 4461 urbis
3425 4399 3879 4475 archiepiscopo
3916 4456 3927 4469 δ

422 4495 876 4575 ςΡθιῬίυἱαηυιῐι,
908 4492 1157 4548 tandem
1189 4495 1324 4548 ante
1354 4491 1580 4565 aliquot
1628 4510 1815 4550 annos
1841 4514 1875 4552 a
1902 4499 2105 4554 Tarra-
2213 4500 2367 4557 edito
2397 4497 2704 4565 discimus,
2734 4494 3084 4552 Viennensis
3116 4498 3249 4567 post
3295 4493 3657 4557 diuturnam,
3705 4492 3879 4562 quod
3916 4528 3934 4567 λ

435 4585 703 4642 conensis
725 4581 1154 4655 archiepiscopi
1164 4579 1580 4653 jurisdictione
1620 4583 1939 4654 subtracta,
1964 4585 2105 4643 Nar-
2134 4596 2184 4662 D
2214 4589 2593 4663 conqueritur
2621 4585 2891 4643 Urbanus
2922 4585 2980 4640 in
3012 4581 3261 4657 epistola
3289 4581 3363 4639 ad
3393 4581 3522 4654 ejus
3552 4578 3880 4652 provincias
3920 4622 3934 4657 λ

435 4673 681 4730 bonensi
714 4672 968 4745 antiquae
992 4688 1112 4726 suae
1135 4668 1441 4743 metropoli
1474 4670 1792 4729 restitutua
1821 4677 1929 4730 est.
2202 4678 2527 4753 episcopos,
2563 4674 2789 4747 aliquot
2847 4688 3139 4729 annorum
3170 4669 3628 4735 cunctationem,
3660 4664 3721 4722 in
3772 4684 3879 4752 ar-
3924 4712 3933 4747 ᾖ

748 4758 985 4817 XXXIV.
1016 4760 1382 4831 Privilegium
1412 4758 1789 4817 Cluniaceme.
2204 4765 2640 4840 chiepiscopum
2655 4760 3357 4837 elegeruntGuidonem,e
3374 4754 3882 4831 Burgundionum
3926 4806 3934 4839 ,

430 4900 437 4909 .
507 4850 779 4908 Urbanus
811 4848 913 4922 qui
946 4848 1145 4905 Idibus
1169 4847 1434 4904 Octobris
1453 4849 1730 4922 Anagniae
1752 4856 1895 4920 erat,
1922 4853 2004 4908 uti
2028 4869 2098 4912 ex
2204 4854 2539 4933 principum
2597 4851 2840 4919 familia,
2901 4850 3002 4923 qui
3061 4846 3370 4907 confestim
3432 4846 3505 4903 ad
3559 4844 3879 4933 Urbanum
3930 4878 3933 4930 J

432 4940 734 5017 privilegio
807 4938 1096 4995 Toletanae
1154 4936 1423 4993 Ecclesiae
1494 4941 1671 5010 patet,
1732 4940 1906 5011 paulo
1964 4949 2099 5016 post
2205 4930 2453 5005 accessit
2477 4947 2535 5000 et
2563 4940 2814 5014 benigne
2845 4940 2918 4996 ab
2948 4956 3015 4996 eo
3044 4942 3342 5011 exceptus,
3387 4953 3453 4992 ac
3484 4950 3587 5008 per
3618 4930 3878 5005 aliquod
3928 4984 3933 5019 ἲ

424 5031 683 5103 Romam
716 5046 1008 5095 reversus,
1044 5027 1123 5082 ibi
1170 5025 1299 5099 ipso
1330 5025 1423 5081 die
1477 5026 1669 5099 primo
1700 5027 2092 5089 Kalendarum
2202 5041 2439 5109 tempus
2470 5033 2529 5088 in
2552 5030 2715 5087 curia
2744 5030 3009 5086 Romana
3039 5032 3301 5085 retentus
3333 5028 3440 5083 est.
3472 5024 3622 5080 Eum
3655 5026 3878 5095 postea

429 5118 853 5175 Novembrium
885 5115 1325 5191 amplissimum
1360 5115 1727 5190 privilegium
1754 5126 1958 5177 sancto
1981 5127 2096 5179 Hu-
2203 5125 2491 5182 Viennam
2523 5124 2907 5178 revertentem
2961 5117 3221 5191 pontifex
3250 5113 3482 5181 litteris,
3536 5112 3609 5169 ad
3649 5126 3874 5169 omnes
3916 5158 3933 5202 ἓ

432 5208 569 5279 goni
635 5209 881 5281 ejusque
938 5204 1293 5262 monasterio
1350 5203 1715 5261 Cluniacensi
1782 5211 2090 5281 concessit,
2202 5215 2330 5286 eius
2362 5212 2525 5270 urbis
2587 5210 2823 5267 ordines
2881 5207 3057 5276 datis,
3112 5202 3563 5263 commendavit.
3618 5199 3732 5254 Has
3787 5202 3870 5257 ad

2201 5302 2382 5377 huius
2430 5299 2569 5359 anni
2600 5301 2777 5355 finem
2818 5296 3173 5353 revocandas
3219 5310 3351 5352 esse
3399 5291 3609 5349 suadet
3655 5304 3933 5365 rerum

2199 5397 2495 5466 gestarum
2529 5386 2730 5447 series.
3908 5422 3934 5461 ν,

2197 5497 2459 5556 XXXVII.
2520 5492 2809 5551 Benedicto
2863 5493 3131 5621 episcopio‘
3159 5491 3496 5551 Nannetensi
3547 5482 3917 5580 privilegiav

2889 5581 3050 5622 conce
3088 5582 3107 5622 ι
3136 5608 3149 5621 .
3910 5620 3915 5622 ,

2269 5655 2433 5720 Circa
2460 5654 2619 5716 idem
2648 5582 3264 5734 tempusfotﬁcfjtgi‘dem
3291 5650 3542 5724 videtur,
3576 5640 3870 5712 Urbanus

436 5294 497 5349 in
531 5312 669 5366 quo,
688 5297 842 5353 inter
862 5301 1069 5353 caetera
1090 5294 1495 5352 observatione
1517 5293 1717 5365 digna,
1744 5297 2008 5367 pontifex
2030 5317 2092 5358 se

432 5387 636 5440 sancto
665 5384 862 5440 abbati
894 5387 1139 5458 ejusque
1169 5382 1433 5441 ccenobio
1464 5382 1764 5439 debitorem
1804 5389 2088 5459 agnoscit,

431 5473 591 5545 quod
616 5490 718 5544 per
749 5490 875 5528 eum
900 5476 1214 5531 monasticae
1252 5473 1539 5545 religionis
1568 5471 1886 5531 rudimenta
1911 5493 2090 5537 susce-

545 5564 595 5630 ῖι,
626 5569 678 5617 et
719 5563 777 5617 in
833 5577 892 5617 eo
948 5564 1059 5619 loco
1115 5581 1214 5636 per
1266 5560 1563 5620 secundum
1615 5564 1797 5619 sancti
1850 5563 2091 5638 Spiritus

425 5648 670 5747 pretium
692 5650 864 5755 [aerii
895 5660 1119 5713 renatus
1136 5669 1160 5719 ;
1192 5650 1409 5731 quibus
1438 5649 1630 5712 verbis
1660 5648 2087 5731 professionem

744 5779 783 5803 -ο
