4000 6178
154 320 231 403 ιε
1594 408 1611 413 μ
1697 316 1964 413 ΝΙᾝΑ.
3477 325 3570 407 κ,

152 455 457 513 Benedicto
487 451 948 510 Nannetensium
1001 450 1296 528 episcopo,
1329 454 1430 526 qui
1461 454 1537 521 ei,
1576 458 1642 510 ut
1660 471 1799 512 con-
1830 458 1883 523 Α
1914 460 1969 511 et
2001 456 2652 531 provinciis,ipseetiam
2685 459 2968 516 Henricus
2986 476 3103 515 non
3133 457 3314 517 semel
3345 456 3405 515 in
3426 459 3554 515 vita:

144 546 403 618 jicimus,
437 560 637 601 recens
666 543 847 601 electo
871 543 1204 616 gratulatus
1250 543 1456 604 fuerat.
1502 543 1801 617 rescripsit
1908 549 1966 600 et
1995 545 2220 618 imperii
2253 546 2577 619 periculum
2610 548 2897 605 inciderit.
2930 548 3177 622 Welpho
3207 550 3403 606 autem
3448 548 3555 603 Ba-

150 635 389 707 ejusque
420 633 707 702 Ecclesiae,
740 650 807 688 ac
858 632 1193 688 monasterii
1250 632 1795 705 Kemperlegiensis.

151 724 235 778 cui
264 724 441 779 etiam
471 722 654 778 abbas
684 726 947 793 prmerat,
981 720 1285 793 privilegia
1317 721 1703 777 confirmavit.
1727 723 1799 777 At

145 811 637 868 canonizationem
668 810 857 866 sancti
888 809 1150 866 Garlcesii
1169 826 1347 882 quam
1367 809 1522 865 idem
1550 810 1796 867 antistes

144 900 585 974 efﬂagitabat,in
603 898 758 954 aliud
778 903 1011 971 tempus
1028 898 1279 968 distulit,
1301 899 1456 971 quod
1478 898 1600 956 haec
1618 915 1797 956 causa

144 988 198 1044 in
224 988 496 1062 plenaria
526 988 747 1061 synodo
773 987 1018 1060 expendi
1050 987 1310 1043 deberet.

144 1086 426 1144 XXXVIII.
460 1086 881 1143 Rmnazhiemem
893 1085 1151 1156 transigit
1175 1086 1464 1156 inmagm‘s
1494 1086 1790 1154 angustiis.

205 1185 416 1240 Totam
474 1183 655 1253 hujus
685 1181 825 1237 anni
883 1180 1141 1239 hiemem
1202 1182 1464 1253 pontifex
1508 1182 1793 1255 transegit

142 1272 351 1335 Roma,
385 1271 491 1328 sed
517 1270 577 1326 in
609 1269 789 1326 tantis
819 1270 1131 1342 angustiis,
1166 1275 1232 1325 ut
1250 1270 1345 1326 vix
1375 1271 1425 1326 ei
1460 1271 1791 1327 necessaria

140 1360 673 1433 suppeditarentur.
705 1358 1019 1417 Gnibertus
1041 1376 1251 1431 nempe
1280 1376 1413 1414 cum
1446 1376 1563 1415 suae
1587 1358 1789 1415 factio-

142 1451 224 1505 nis
252 1449 602 1505 bominibus
633 1448 714 1505 ita
744 1448 1071 1520 pontificios
1101 1448 1453 1521 exagitabat,
1490 1453 1552 1504 ut
1582 1447 1788 1521 nequi-

138 1539 261 1594 dem
292 1539 587 1610 respirare
608 1537 695 1593 eis
727 1542 853 1593 tuto
905 1536 1122 1593 liceret.
1188 1538 1485 1593 Urbanum
1536 1538 1594 1592 in
1626 1543 1785 1593 turre

135 1629 384 1699 quadam
418 1627 711 1699 captivum
744 1626 1044 1683 detentum
1070 1626 1272 1689 fuisse,
1306 1644 1371 1681 ac
1394 1631 1593 1699 postea
1619 1644 1651 1681 a
1673 1626 1784 1681 Ro—

137 1715 291 1771 herto
309 1715 623 1770 Wiscardo
646 1714 780 1769 inde
807 1712 1117 1768 liberatum
1134 1712 1309 1767 tradit
1335 1712 1598 1768 Gerohus
1627 1713 1779 1784 apud

135 1802 574 1878 Tegnagellum,
605 1801 1198 1893 sedibicauctorquod
1224 1801 1501 1893 Gregorio
1529 1801 1779 1893 Vllcon-
1810 1827 1858 1893 Β

137 1894 279 1965 tigit,
311 1894 549 1950 incaute
578 1893 653 1949 ad
685 1892 984 1949 Urbanum
1017 1890 1209 1947 refert.
1245 1890 1471 1947 Certius
1492 1894 1581 1946 est
1606 1890 1781 1946 Dom-

140 1982 349 2039 nizonis
406 1981 838 2045 testimonium,
899 1980 1053 2052 quod
1086 1979 1145 2034 in
1192 1979 1587 2052 Appendicem
1646 1996 1780 2035 nos-

138 2077 279 2126 trum
308 2071 656 2135 referemus,
687 2067 925 2126 exlibro
955 2086 1017 2135 ιι,
1039 2085 1168 2140 cap.
1199 2069 1253 2136 3,
1287 2067 1385 2124 ubi
1418 2068 1502 2124 ait
1521 2068 1780 2124 Odonem

136 2160 446 2231 quemdam
474 2160 543 2216 de
576 2160 811 2215 Tullierc
839 2174 875 2212 a
903 2157 1181 2214 Guiberto
1211 2158 1336 2213 suis
1366 2157 1551 2230 ipsius
1598 2156 1781 2229 copiis

134 2248 311 2304 fuisse
341 2250 706 2320 prazfectum,
738 2252 803 2303 ut
832 2246 1134 2303 Urbanum
1172 2245 1323 2302 bello
1372 2246 1648 2302 continuo
1696 2245 1778 2302 la-

133 2343 404 2394 cesseret.
437 2338 511 2392 At
540 2354 713 2393 nemo
744 2335 960 2392 melius
989 2352 1057 2389 ea
1107 2336 1177 2390 de
1210 2352 1269 2390 re
1318 2335 1555 2407 scripsit
1600 2352 1778 2407 quam

133 2426 449 2482 Pandulfus
478 2426 539 2481 in
562 2425 698 2482 Vita
717 2423 934 2481 Gelasii
966 2424 1227 2481 secundi.
1251 2423 1516 2479 Gelasius
1537 2441 1708 2496 porro
1728 2423 1779 2479 is

131 2514 242 2587 ipse
273 2518 368 2570 est
391 2514 655 2572 Joannes
674 2514 1007 2585 Cajetanus,
1041 2529 1218 2585 quem
1267 2512 1536 2568 Urbanus
1583 2512 1776 2568 diaco-

132 2622 259 2660 num
292 2604 655 2660 cardinalem
689 2608 744 2658 et
760 2600 1174 2663 cancellarium
1194 2601 1426 2668 creavit,
1453 2601 1624 2670 cujus
1640 2617 1777 2656 con-

133 2692 401 2748 stantiam
433 2690 761 2752 Pandulfus
791 2707 1166 2763 summopere
1200 2688 1422 2756 laudat,
1457 2689 1530 2745 ob
1578 2688 1636 2745 id
1668 2705 1777 2761 po-

131 2781 420 2837 tissimum
439 2780 599 2852 quod
619 2778 949 2850 pontificem
968 2782 1052 2834 tot
1083 2778 1379 2850 tantisque
1412 2778 1591 2834 ferme
1610 2778 1780 2833 obru-

132 2876 243 2926 tum
273 2868 717 2926 calamitatibus
748 2884 1051 2940 nunquam
1080 2866 1421 2923 deseruerit.
1481 2867 1640 2922 Libet
1684 2866 1777 2922 hic

134 2958 297 3030 hujus
325 2957 592 3015 auctoris
619 2958 795 3014 verba
823 2957 1099 3029 proferre.

195 3072 219 3097 α
250 3052 315 3103 In
350 3047 565 3103 diebus
596 3046 777 3120 igitur
806 3045 922 3102 illis
953 3063 1091 3117 non,
1122 3045 1276 3101 sicut
1318 3045 1512 3113 credo,
1554 3045 1779 3117 absque

138 3135 373 3206 Spiritus
404 3134 794 3193 consolatoris
824 3134 1078 3201 oraculo,
1108 3135 1289 3190 frater
1313 3133 1569 3190 Joannes
1606 3134 1770 3206 Caje-

1906 634 2075 689 variaa
2098 636 2233 702 dux,
2267 636 2369 707 qui
2399 637 2449 691 ei
2478 638 2914 704 adversabatur,
2931 640 3057 710 jam
3084 639 3157 695 ab
3189 636 3355 695 initio
3376 636 3559 708 hujus

1906 724 2136 791 anni,ut
2168 725 3089 800 narratTrithemius,Augustam
3116 725 3556 784 Vindelicorum
3610 726 3617 735 ’

1905 817 2302 885 occupaverat,
2334 819 2500 885 capto
2532 815 2659 887 ejus
2692 816 2855 872 urbis
2885 816 3259 891 episcopatus
3288 815 3559 872 invasore

1903 901 2207 973 Sigefrido.
2242 903 2364 965 Quo
2395 902 2570 959 etiam
2605 908 2865 977 tempore
2914 905 3066 961 alius
3114 903 3555 972 schismaticus,

1902 991 2001 1063 qui
2031 990 2366 1047 Wormatiae
2380 992 2577 1047 sedem
2595 997 2765 1048 antea
2776 991 3225 1060 invaserat,tacti
3243 992 3552 1065 paenitens,

1901 1080 2100 1136 relicto
2131 1080 2871 1153 episcopatu,Hirsaugiam
2885 1081 3125 1137 secessit
3148 1085 3205 1137 et
3228 1080 3554 1138 monachus

1900 1168 1979 1223 ibi
2007 1168 2245 1224 effectus
2278 1172 2385 1224 est.
2420 1171 2648 1224 Interea
2676 1169 2841 1243 Hugo
2872 1185 3067 1226 comes
3097 1170 3170 1225 de
3206 1168 3550 1243 Egentheim

1896 1255 2175 1312 Alsatiam
2210 1256 2443 1329 recepit;
2474 1261 2533 1313 et
2561 1256 2869 1327 Metenses,
2903 1274 3037 1313 cum
3075 1257 3403 1314 audiissent
3448 1256 3552 1312 Ur-

1898 1346 2114 1400 banum
2133 1346 2190 1399 in
2211 1345 2459 1401 Victoris
2481 1345 2767 1401 demortui
2788 1345 2981 1402 locum
3006 1345 3318 1402 suffectum
3342 1343 3545 1411 fuisse,

1894 1435 2070 1506 idque
2101 1435 2159 1488 in
2184 1434 2494 1490 Germania
2516 1434 2694 1491 fuisse
2716 1434 3171 1507 promulgatum,
3206 1434 3376 1507 pulso
3398 1434 3547 1490 Bru-

1895 1540 2044 1579 nonc
2076 1524 2591 1597 pseudoepiscopo,
2623 1523 2723 1596 qui
2750 1526 2883 1596 post
2908 1523 3157 1580 alterum
3189 1524 3550 1594 invasorem,

1894 1613 1994 1667 scd
2018 1614 2144 1683 jam
2190 1618 2327 1667 tunc
2368 1613 2765 1685 pccnitentem,
2812 1612 2963 1669 hanc
3011 1613 3211 1669 sedem
3263 1628 3546 1685 occupare

1892 1702 2171 1768 tentabat,
2202 1701 2395 1773 palam
2423 1701 2723 1774 protestati
2756 1706 2895 1758 sunt
2925 1700 3155 1757 nullum
3186 1717 3249 1757 se
3278 1717 3543 1774 unquam

1892 1789 2073 1846 alium
2106 1790 2468 1863 episcOpum,
2490 1796 2695 1863 praeter
2719 1790 3141 1858 Hermannum,
3163 1790 3263 1863 qui
3290 1805 3464 1847 verus
3485 1794 3546 1847 et

1892 1879 2191 1952 legitimus
2220 1896 2424 1935 eorum
2452 1884 2650 1952 pastor
2668 1882 2811 1947 erat,
2839 1880 2913 1935 ob
2942 1878 3118 1952 idque
3148 1879 3221 1933 ab
3253 1878 3550 1951 Henricisq

1892 1969 1984 2023 nis
2014 1968 2075 2027 in
2090 1967 2302 2024 Tuscia
2317 1968 2580 2041 captivus
2600 1967 2989 2035 detinebatur,
3013 1966 3542 2040 recepturos.Unde

1892 2058 2085 2113 Bruno
2117 2057 2259 2113 adeo
2292 2057 2363 2113 ab
2390 2058 2667 2114 omnibus
2710 2058 3021 2129 despectus
3052 2060 3160 2124 est,
3217 2058 3366 2112 teste
3403 2054 3540 2111 Ber-

1889 2145 2070 2213 toldo,
2100 2150 2165 2202 ut
2193 2163 2346 2202 anno
2376 2146 2641 2219 sequenti
2663 2146 2733 2202 ad
2754 2145 3154 2202 Catholicorum
3165 2148 3379 2217 partem
3395 2159 3541 2216 repe-

1888 2236 2021 2291 dare
2048 2236 2357 2307 compulsus
2385 2237 2573 2306 fuerit.

1961 2325 2079 2380 Hoc
2108 2325 2286 2379 etiam
2317 2341 2491 2391 anno,
2526 2328 2627 2379 aut
2645 2324 3096 2396 certesequenti,
3128 2322 3538 2378 crebrescenti-

1887 2415 1999 2471 bus
2029 2414 2101 2469 ad
2132 2412 2425 2469 tumulum
2453 2412 2605 2469 beati
2658 2412 2931 2467 Stanislai
2976 2410 3371 2469 Cracoviensis
3414 2409 3535 2481 epi-

1888 2502 2049 2575 scopi
2082 2502 2401 2566 miraculis,
2434 2518 2666 2558 sacrum
2680 2502 2807 2572 ejus
2837 2516 3051 2572 corpus
3067 2499 3159 2555 die
3185 2501 3255 2555 27
3276 2499 3535 2572 Septem-

1887 2591 2010 2647 bris
2040 2608 2108 2647 ex
2139 2591 2324 2646 sancti
2359 2588 2659 2645 Michaelis
2680 2587 2899 2661 templo
2928 2588 2987 2643 in
3017 2587 3321 2644 ecclesiam
3342 2586 3536 2643 cathe-

1886 2677 2108 2734 dralem
2141 2676 2389 2733 solemni
2418 2677 2533 2732 ritu
2564 2675 2915 2732 translatum
2942 2674 3070 2731 fuit.
3106 2675 3167 2731 Ei
3207 2679 3409 2749 postea
3436 2675 3536 2731 In-

1885 2766 2190 2822 nocentius
2222 2764 2295 2821 IV
2324 2781 2521 2821 sacros
2548 2765 2799 2821 honores
2826 2763 3097 2833 decrevit,
3130 2767 3189 2820 et
3215 2763 3425 2821 exhinc
3453 2763 3540 2820 In-

1885 2858 1974 2910 ter
2003 2858 2287 2924 martyres
2318 2853 2662 2910 celebratur.
2690 2852 2819 2909 Haac
2877 2852 3071 2909 fusius
3118 2852 3275 2926 apud
3327 2851 3537 2926 Longi-

1886 2959 2030 2998 num
2058 2944 2187 3014 ejus
2216 2942 2359 2997 Vitae
2388 2942 2753 3014 scriptorem.

1956 3033 2027 3088 At
2060 3047 2370 3104 prosperos
2392 3031 2525 3088 illos
2553 3035 2796 3088 eventus
2827 3048 2987 3089 mors
3036 3030 3258 3105 aliquot
3305 3038 3536 3089 sancto-

1886 3137 2018 3175 rum
2048 3121 2306 3177 virorum
2336 3121 2767 3177 interturbavit.
2800 3122 2878 3177 Ex
2898 3121 2990 3178 his
3020 3121 3133 3178 fuit
3162 3121 3536 3178 Burchardus

136 3194 287 3281 ιέηυε
309 3226 442 3297 jam
509 3223 868 3289 adolescens.
931 3194 1257 3279 mon'achus
1302 3222 1656 3291 Casinensis’
1680 3194 1770 3279 "ab
1803 3194 1845 3261 C
1885 3208 2898 3282 Halberstatensisepiscopus,quem
2914 3209 3272 3266 schismatici
3288 3208 3536 3265 immani

137 3313 273 3368 omni
303 3311 494 3369 simul
526 3311 821 3370 catholica
855 3313 1118 3370 Romana
1156 3311 1414 3368 Ecclesia
1457 3317 1514 3367 et
1542 3312 1774 3368 Urbano

135 3417 289 3474 papa,
316 3401 421 3475 qui
453 3403 506 3458 ei
538 3406 809 3475 praeerat,
843 3402 903 3457 in
933 3405 1233 3457 tantarum
1266 3401 1773 3472 perturbationum

135 3490 401 3547 auxilium
431 3507 502 3547 ac
523 3490 862 3563 consilium,
886 3495 1226 3563 partemque
1247 3493 1337 3545 est
1365 3487 1776 3546 sollicitudinis

134 3586 373 3648 vocatus,
406 3584 524 3638 etc.
556 3579 821 3635 Domnus
852 3579 1195 3635 Urbanus...
1226 3595 1361 3635 eum
1393 3578 1618 3645 accivit,
1666 3578 1775 3632 im-

137 3669 374 3726 minente
400 3668 812 3741 persecutione
840 3667 1261 3733 Allemannica,
1305 3667 1367 3731 in
1407 3670 1633 3723 tantum
1668 3665 1775 3721 mi-

135 3759 409 3815 seriarum
440 3774 551 3830 per
598 3757 934 3813 Girbertum
985 3757 1282 3825 astrictus,
1324 3756 1479 3828 quod
1538 3760 1778 3828 praeter-

137 3848 316 3905 missis
344 3846 509 3916 aliis;
542 3864 576 3901 a
606 3846 861 3917 quodam
882 3845 1278 3911 famosissimo
1294 3845 1415 3900 viro
1443 3848 1617 3917 atque
1644 3843 1779 3899 illu-

135 3937 249 4003 stri,
273 3935 696 3994 Petro-Leonis
729 3935 923 3995 Romae
954 3935 1013 3990 in
1044 3933 1243 3991 insula
1272 3934 1580 4006 Lycaonia,
1628 3932 1785 3988 intra

139 4024 269 4080 duos
296 4023 525 4098 egregii
553 4022 779 4079 Tiberis
810 4028 1037 4095 pontes,
1064 4022 1157 4078 vix
1184 4024 1257 4079 ab
1287 4023 1663 4078 inimicorum
1692 4020 1782 4076 in-

141 4114 290 4168 sidiis
346 4117 721 4169 sustentatus
781 4116 1184 4168 matronarum
1244 4113 1667 4179 Romanarum,
1729 4114 1785 4166 et

142 4201 445 4275 aliquando
483 4199 970 4257 muliercularum
1021 4216 1349 4273 pauperum
1400 4198 1785 4271 eleemosynis

137 4292 594 4348 sustentabatur.
629 4313 658 4340 ››
690 4290 836 4357 Huc,
872 4289 987 4345 nisi
1022 4289 1208 4358 fallor,
1241 4294 1343 4345 aut
1371 4293 1545 4355 certe,
1575 4293 1640 4344 ut
1656 4290 1784 4361 jam

134 4380 406 4447 diximus,
440 4379 515 4435 ad
545 4379 736 4451 prima
764 4380 895 4450 ejus
915 4377 1292 4450 pontificatus
1322 4378 1491 4434 initia
1532 4376 1785 4434 revocari

134 4474 378 4541 possunt
406 4468 784 4525 Domnizonis
840 4484 1046 4524 versus
1101 4484 1167 4524 cx
1197 4485 1323 4540 cap.
1382 4469 1438 4535 3,
1494 4467 1595 4522 lib.
1630 4482 1693 4534 II,
1724 4467 1785 4522 in

1884 3297 2188 3370 sacrilegio
2220 3297 2312 3352 die
2341 3314 2437 3352 VIII
2474 3298 2611 3353 Idus
2642 3297 2854 3369 Aprilis
2902 3297 3321 3353 interfecerunt
3365 3300 3533 3351 Hunc

1883 3386 2041 3459 brevi
2074 3384 2257 3441 secuti
2283 3390 2421 3441 sunt
2448 3385 2759 3458 Wigoldus
2789 3385 3099 3457 episcopus
3127 3386 3530 3456 Augustanus.

1886 3473 2280 3542 Bernhardus,
2340 3473 2442 3544 qui
2495 3473 2685 3529 fuerat
2742 3471 3204 3529 Constantiensis
3259 3470 3531 3529 Ecclesia

1886 3561 2218 3618 scholarum
2239 3561 2845 3634 magister,Bertoldus
2864 3561 3004 3618 item
3020 3561 3292 3636 egregius
3311 3561 3535 3628 doctor,

1887 3656 1945 3706 et
1973 3652 2074 3723 qui
2106 3668 2221 3724 prae
2253 3650 2473 3707 caeteris
2503 3650 2750 3708 illustris
2764 3655 2909 3723 erat,
2940 3650 3321 3708 Gebehardus
3341 3649 3540 3707 archi-

1888 3740 2220 3813 episcopus,
2235 3739 2698 3813 Salisburgensis
2719 3740 2985 3796 Ecclesiae
3010 3739 3309 3797 catholica
3331 3756 3544 3813 propu-

1890 3833 2099 3901 gnator
2110 3828 2538 3896 indefessus,ad
2554 3844 2725 3901 quem
2751 3830 2997 3901 ejusque
3009 3827 3261 3902 collegas
3273 3828 3545 3886 Urbanus

1891 3917 2142 3990 primam
2176 3916 2461 3986 omnium,
2495 3916 3302 3989 pontifexfactus,epistolam
3345 3917 3418 3973 de
3440 3933 3549 3973 sua

1892 4006 2171 4062 electione
2198 4004 2531 4077 scripserat.
2565 4005 2721 4061 Obiit
2743 4023 2859 4062 xvn
2888 4004 3014 4062 Kal.
3042 4004 3184 4061 Julii
3214 4009 3281 4060 ut
3309 4006 3369 4059 in
3417 4006 3548 4077 ejus

1893 4097 2025 4152 Vita
2048 4093 2283 4167 legitur,
2312 4094 2475 4149 edita
2502 4096 2591 4149 Au
2601 4097 2786 4166 gustae
2815 4092 3272 4161 Vindelicorum‘.
3305 4090 3545 4148 Librum

1894 4183 2131 4256 scripsit
2151 4188 2355 4239 contra
2380 4181 2809 4248 schismaticos,
2842 4199 3019 4256 quem
3063 4179 3452 4255 Tegnagellus
3483 4180 3543 4236 in

1895 4292 2003 4332 sua
2059 4270 2395 4328 collectione
2454 4270 2745 4344 integrum
2802 4271 3052 4327 exhibet.
3129 4270 3344 4326 Prater
3398 4268 3543 4341 haec,

1896 4360 2221 4419 Saxonibus
2251 4376 2384 4415 enm
2416 4359 2659 4415 Henrico
2707 4357 3116 4426 reconciliatis,
3174 4357 3545 4414 Hermannus

1897 4452 1996 4524 qui
2025 4451 2306 4507 adversus
2335 4465 2469 4504 eum
2498 4446 2558 4502 in
2590 4463 2784 4519 regem
2810 4446 3029 4502 electus
3058 4446 3266 4515 fuerat,
3291 4445 3551 4520 compul-

133 4534 343 4628 quibus
372 4557 649 4614 Urbanus
681 4575 714 4612 a
744 4556 1103 4613 Guibertinis
1136 4534 1438 4629 impetitus
1460 4556 1530 4611 ad
1564 4554 1792 4612 Mathil-
1819 4561 1865 4626 ι)
1899 4558 2001 4597 sus
2032 4538 2209 4595 estin
2238 4537 2683 4629 Rottmrinsiam
2705 4535 3066 4629 segrggipere,
3092 4535 3192 4629 ubi
3211 4534 3385 4608 paulo
3414 4538 3550 4629 post

128 4624 255 4703 dem
296 4646 615 4719 scripsisse
665 4646 897 4714 dicitur,
949 4650 1011 4701 ut
1062 4624 1323 4718 Gregorii
1372 4648 1787 4717 praeceptorum
1819 4624 1851 4626 ἡ
1898 4624 3043 4719 dﬁrantusiMetis39P“1t“3°§t-Ver“?
3060 4624 3548 4719 pestemmptgtis

129 4753 355 4792 metuar
384 4734 656 4792 Ecclesiae
685 4752 925 4792 causam
956 4752 1073 4791 non
1120 4735 1371 4801 deserat,
1402 4734 1556 4805 quod
1608 4750 1786 4807 quam

128 4824 272 4880 virili
308 4824 516 4879 animo
548 4822 745 4880 fecerit
765 4822 977 4879 mulier
994 4823 1334 4891 fortissima,
1369 4824 1605 4895 exponit
1630 4822 1785 4879 idem

130 4917 332 4968 auctor
362 4914 425 4967 in
454 4912 981 4983 consequentibus,
1014 4928 1237 4984 nosque
1288 4912 1414 4967 suis
1459 4911 1600 4967 locis
1630 4911 1786 4968 dice-

132 5017 291 5055 IDUS.

210 5088 467 5146 XXXIX.
501 5092 702 5147 Rerum
730 5093 793 5146 in
841 5091 1135 5146 Germania
1164 5099 1215 5145 et
1246 5090 1467 5145 chrici
1495 5098 1684 5146 status.

599 5167 665 5217 Β.
698 5161 976 5218 Stam'slai
1014 5163 1323 5218 translatio.

194 5256 259 5306 At
295 5252 639 5323 quatumvis
685 5267 891 5323 graves
940 5250 1156 5306 fuerint
1204 5250 1400 5305 Romae
1450 5254 1508 5305 et
1538 5250 1594 5305 in
1624 5249 1789 5306 Italia

134 5340 399 5397 Ecclesia:
430 5342 489 5395 et
510 5340 672 5412 regni
701 5340 908 5409 turba),
931 5356 1078 5411 quas
1095 5338 1426 5395 Henriciani
1456 5343 1512 5394 et
1532 5340 1786 5395 fautores

134 5429 528 5503 pseudopapa:
582 5427 831 5484 Wiberti
875 5427 969 5483 his
1017 5427 1382 5500 temporibus
1439 5428 1784 5495 excitarunt,

131 5516 281 5574 haud
314 5524 523 5574 tamen
555 5516 812 5574 minores
843 5516 1003 5573 fuere
1030 5515 1324 5572 tumultus
1353 5516 1412 5571 in
1452 5515 1786 5583 Germania,

130 5608 391 5681 adeost,
423 5606 634 5671 divisis
660 5606 817 5667 inter
845 5620 912 5668 se
939 5604 999 5665 in
1025 5604 1217 5667 varias
1247 5604 1526 5665 factiones
1538 5604 1789 5666 urbibus

1896 4717 2142 4784 vicibus,
2172 4719 2427 4770 Saxones
2444 4714 2656 4769 iterum
2673 4713 2954 4769 adversus
2970 4712 3282 4770 Henricum
3304 4713 3544 4771 rebellac

1898 4810 2054 4875 runt,
2089 4809 2145 4860 et
2175 4803 2297 4876 ipse
2346 4802 2679 4875 insignibus
2728 4800 2907 4874 regiis
2960 4801 3246 4875 spoliatus
3300 4802 3550 4875 turpiter

1894 4895 2086 4950 victus
2117 4894 2467 4965 fugatusque
2486 4889 2613 4955 fuit,
2649 4892 2713 4945 ut
2742 4890 2918 4947 refert
2946 4890 3255 4947 Bertoldus
3274 4891 3348 4946 ad
3367 4890 3544 4945 finem

1896 4985 2078 5056 hujus
2110 4981 2271 5048 anni,
2302 4980 2400 5035 ubi
2434 4979 2637 5034 scribit
2657 4979 2971 5035 Henricum
3005 4978 3242 5035 biduana
3270 4976 3549 5033 obsidione

1895 5073 1966 5128 ad
1994 5071 2387 5144 confessionem
2415 5068 2783 5123 anathematis
2812 5072 2863 5124 et
2892 5069 3277 5140 expctitionm
3302 5065 3544 5121 reconci-

1898 5162 2145 5218 liationis
2165 5159 2418 5214 adactum
2446 5158 2636 5229 fuisse.
2670 5158 2743 5213 At
2789 5157 3069 5213 diuturna
3127 5171 3241 5210 non
3272 5153 3384 5209 fuit
3438 5169 3545 5211 nec

1897 5251 2124 5307 sincera
2153 5248 2274 5303 haec
2333 5245 2745 5316 reconciliatio,
2806 5250 2863 5303 et
2908 5244 3080 5317 paulo
3137 5246 3271 5315 post
3300 5260 3543 5301 suorum

1897 5338 2324 5412 promissorum
2357 5332 2573 5391 oblitus
2589 5352 2797 5390 rursus
2822 5332 3073 5389 rediitad
3086 5330 3392 5387 vomitum.
3414 5331 3545 5389 Haec

1896 5428 2031 5484 licet
2062 5424 2433 5482 Dodochinus
2486 5423 2672 5479 sancti
2722 5420 2983 5478 Disibodi
3037 5420 3221 5477 abbas
3273 5438 3427 5478 anno
3454 5437 3544 5478 se-

1896 5520 2110 5591 quente
2121 5514 2432 5587 consignat
2448 5512 2841 5586 inAppendice
2854 5510 2924 5565 ad
2940 5508 3268 5567 Marianum
3282 5512 3541 5580 Scotum,

1896 5621 2074 5687 quem
2105 5603 2373 5680 sequitur
2398 5600 2778 5665 Trithemius:
2810 5599 3168 5681 praeferenda
3196 5604 3255 5663 et
3281 5596 3546 5665 Burtoldi
