4000 6178
388 296 389 299 ‘
434 264 518 352 ii
1727 296 1797 357 Β.
1843 294 2072 358 uasa}

2188 291 2238 356 ll
2279 293 2537 357 PAPIE.
3759 283 3842 350 41

438 427 561 482 tum
593 395 832 482 viventis
863 428 1196 497 auctoritas,
1230 429 1328 501 qui
1369 427 1521 492 hanc
1567 426 1792 484 cladem
1838 418 2082 484 Henrico
2110 427 2165 494 Α
2197 427 2392 482 Sancti
2421 425 2671 482 Joannis
2700 425 2759 482 in
2779 423 3188 497 Vineis,editaa
3220 421 3547 480 secundum
3577 391 3842 495 regulam

435 515 659 571 illatam
691 517 782 571 bis
815 522 1252 584 commemorat,
1288 517 1396 573 sub
1428 517 1602 571 linem
1642 532 1852 589 nempe
1902 516 2081 588 hujus

438 604 575 662 anni
607 609 664 660 et
695 606 992 678 sequentis
1024 606 1210 676 initio,
1235 603 1389 678 quod
1423 621 1524 678 pro
1560 617 1720 661 more
1741 619 1846 662 suo
1870 622 1903 660 a
1923 603 2083 661 Chri-

439 694 510 749 sti
546 694 839 749 Natalium
879 695 1188 750 festivitate
1247 695 1471 766 repetit.
1532 694 1706 750 Porro
1755 694 2080 757 victoriam,

434 799 611 855 quam
644 799 712 838 ea
726 783 1029 839 occasione
1054 782 1437 838 Ekkehardus
1457 782 1716 838 marchio
1747 784 1817 839 de
1836 783 2081 840 Henrico

431 872 767 944 reportavit,
818 875 1040 928 tantam
1095 869 1280 927 fuisse
1327 874 1618 928 asseverat
1658 863 1986 941 Bertoldus,
2019 875 2084 927 ut

431 959 766 1031 imperator,
825 958 1068 1030 perditis
1125 958 1421 1033 regalibus
1476 959 1830 1033 insignibus,
1878 959 1971 1014 vix
2012 959 2081 1015 de

431 1049 703 1102 manibus
763 1047 1201 1119 insequentium
1260 1052 1515 1120 ereptus,
1549 1065 1580 1104 e
1625 1047 1949 1120 Thuringia
1977 1047 2078 1104 ubi

429 1133 724 1190 Gleicham
745 1153 937 1191 arcem
953 1135 1649 1210 obsidebat,Banbergam
1673 1153 1860 1210 usque
1884 1137 2080 1209 fugere

428 1227 665 1288 coactus
701 1224 892 1292 fuerit,
927 1224 1433 1296 ibiqueNatalium
1461 1225 1674 1282 Christi
1706 1225 2077 1282 festivitatem

427 1313 648 1384 absque
679 1311 796 1368 ullo
830 1317 1110 1384 apparatu
1145 1314 1420 1383 inglorius
1444 1314 1826 1369 solemnitare.

713 1400 817 1457 XL.
851 1401 1092 1473 Epistola
1105 1401 1387 1458 decretalis
1419 1402 1488 1458 ad
1509 1403 1791 1458 Pibonem.

459 1498 480 1526 ο
501 1487 666 1544 Circa
690 1487 836 1543 illud
864 1493 1096 1562 tempus
1117 1489 1387 1548 Urbanus
1417 1506 1452 1547 'a
1481 1489 2078 1547 PiboneTullen-sium

427 1578 696 1650 episcopo
729 1578 796 1633 de
808 1578 982 1634 variis
1005 1578 1196 1635 causis
1215 1579 1608 1653 interrogatus
1639 1579 1983 1636 decretalem
2005 1579 2075 1635 ad

426 1682 559 1720 eum
592 1663 918 1738 epistolam,
951 1684 1074 1722 cum
1105 1684 1368 1724 consensu
1398 1665 1682 1740 synodalis
1711 1668 1955 1731 concilii,
1990 1685 2075 1722 re-

426 1753 681 1827 scripsit,
726 1771 903 1826 quam
955 1755 1161 1828 primis
1209 1757 1425 1812 Urbani
1480 1756 1856 1830 pontificatus
1908 1755 2080 1813 annis

422 1837 704 1916 sbriptam
735 1843 918 1901 fuisse
948 1862 1094 1902 exeo
1112 1845 1700 1919 colligimus,quodin
1733 1862 1801 1912 ea
1821 1845 2078 1918 pontifex

423 1933 610 2004 capite
639 1934 671 1988 4
703 1934 911 1990 innuat
951 1952 1012 1991 se
1074 1934 1277 1991 Piboni
1328 1935 1700 2009 respondere,
1761 1940 2075 2007 antequam

421 2021 608 2078 ullum
639 2023 951 2079 concilium
966 2024 1232 2097 generale
1259 2023 1627 2080 celebrasset.
1644 2025 1714 2079 At
1739 2039 1891 2080 anno
1915 2020 2075 2093 1089,

421 2114 485 2165 ut
514 2110 689 2167 habet
736 2113 1062 2183 Bertoldus,
1122 2113 1389 2168 Urbanus
1441 2113 1751 2186 generalem
1806 2113 2077 2185 synodum

415 2198 524 2253 415
552 2202 930 2272 episcoporum
977 2203 1216 2273 collegit.
1251 2201 1416 2256 Forte
1449 2199 1610 2266 Pibo,
1643 2217 1775 2256 cum
1810 2203 1941 2274 post
1969 2198 2079 2256 iter

414 2285 970 2360 Jerosolymitanum
1001 2290 1060 2343 in
1087 2290 1442 2344 monasterio
1475 2287 1670 2343 Sancti
1708 2285 1947 2361 Benigni
1977 2289 2074 2344 Di-

413 2374 597 2446 vione‘
630 2376 989 2432 monachum
1041 2377 1355 2445 induisset,
1416 2377 1488 2434 ad
1550 2377 1856 2434 ecclesiam
1900 2394 2071 2435 suam

415 2465 604 2519 redire
629 2464 801 2535 paulo
829 2467 1273 2538 posteajussus,
1307 2465 1413 2522 has
1445 2463 1678 2524 Urbano
1698 2465 2073 2524 difficultates

415 2553 737 2624 proposuit.
775 2555 885 2608 Iter
910 2553 1054 2609 illud
1089 2559 1428 2627 susceperat
1458 2571 1609 2611 anno
1661 2553 1798 2611 1083
1845 2560 1900 2611 et
1927 2555 2075 2612 Tul-

415 2640 538 2697 lum
562 2641 686 2712 jam
724 2658 989 2699 reversus
1037 2646 1159 2700 erat
1197 2659 1348 2700 anno
1382 2635 1540 2713 l088,
1593 2642 1692 2700 ubi
1745 2643 1889 2700 obiit
1918 2661 2071 2700 anno

416 2729 580 2785 4107.

722 2817 832 2874 XL.
866 2817 978 2875 bis.
1016 2816 1266 2877 Urbanus
1297 2822 1477 2878 Rom
1503 2816 1768 2878 moratur.

488 2908 711 2963 Primos
745 2907 922 2980 hujus
952 2908 1291 2980 anni(1089)
1313 2926 1565 2979 menses,
1595 2907 1779 2968 Romae
1809 2913 2071 2968 ininsula

416 3000 482 3052 ut
511 2998 684 3052 refert
714 2996 1040 3065 Bertoldus,
1072 3013 1197 3070 qua?
1226 2999 1374 3054 inter
1419 2998 1551 3055 duos
1591 3003 1784 3072 pontes
1820 3002 1926 3057 sita
1967 3010 2066 3067 est,

415 3075 700 3158 transegit
724 3085 1018 3152 Urbanus,
1051 3089 1106 3142 et
1136 3087 1373 3159 quidem
1391 3087 1484 3145 his
1516 3087 1574 3143 in
1611 3087 1897 3161 angustiis
1917 3089 2068 3162 posi-

2191 516 2384 572 Sancti
2418 515 2751 588 Augustini,
2776 506 3130 570 confirmatae
3165 515 3374 570 abouas
3404 510 3838 568 memoriaevim

2190 605 2423 676 Urbano
2451 604 2723 676 pontifice
2754 604 2800 660 ΙΙ
2831 621 2979 676 quas
3003 601 3282 660 debemus
3301 599 3712 658 inviolabiliter
3727 606 3836 656 scr-

2189 709 2340 748 vare.
2376 693 2615 749 Duabus
2647 689 2842 749 autem
2860 697 2918 748 et
2947 693 3338 766 qnadraginta
3368 688 3716 747 lectionibus
3737 687 3836 744 abs

2190 777 2516 846 solvuntur,
2553 801 2581 829 n
2612 783 2720 835 etc.
2741 779 2904 835 Certe
2924 778 3226 835 Urbanum
3242 776 3575 852 pontiﬁcem
3597 774 3836 849 speciali

2189 865 2499 923 dilectione
2551 872 2925 940 prosecutum
2955 867 3140 924 luisse
3183 865 3495 923 canonicos
3542 864 3840 935 regulares

2189 956 2373 1012 sancti
2406 956 3006 1033 Augustini,quitunc
3035 971 3238 1013 recens
3251 955 3480 1012 excitati
3503 954 3562 1010 in
3583 951 3840 1010 Ecclesia

2190 1044 2493 1112 ﬂorebant,
2517 1045 2766 1117 probant
2794 1046 2955 1101 varia
2983 1047 3111 1118 ejus
3128 1044 3452 1118 diplomata
3482 1057 3610 1116 qua;
3630 1051 3838 1115 super-

2188 1137 2347 1200 sunt,
2406 1137 2532 1189 suis
2561 1133 2710 1189 locis
2762 1135 3129 1207 proferenda.
3161 1129 3239 1190 Ex
3291 1134 3512 1205 quibus
3559 1129 3834 1188 Gerosius

2187 1222 2535 1295 pracpositus
2565 1215 3144 1296 Reicherspergensis
3174 1223 3235 1279 in
3255 1221 3611 1295 expositione
3627 1219 3840 1293 psalmi

2187 1312 2253 1367 δή
2285 1327 2384 1366 seu
2419 1310 2567 1366 libro
2599 1312 2678 1367 De
2704 1317 2977 1384 corrupto
3009 1317 3164 1368 statu
3216 1310 3482 1367 Neleius
3532 1310 3606 1366 ad
3643 1307 3838 1381 Euge-

2188 1400 2348 1456 nium
2385 1400 2457 1455 IIl
2493 1406 2725 1473 papam,
2777 1406 2937 1456 temo
2977 1395 3025 1455 V
3086 1399 3595 1458 Miscellaneorum
3640 1395 3837 1464 Belus,

2186 1490 2340 1545 edito
2369 1490 2558 1545 locum
2595 1489 2888 1563 insignem
2919 1489 3156 1562 profert,
3177 1504 3354 1562 quem
3382 1502 3648 1545 seorsum
3671 1487 3845 1542 edem

2187 1579 2377 1632 visum
2411 1595 2523 1633 non
2556 1583 2816 1643 est,cum
2845 1579 3050 1634 iisdem
3069 1576 3309 1634 omnino
3337 1576 3846 1634 verbis‘babea-tur

2185 1666 2245 1721 in
2274 1665 2570 1738 plerisque
2616 1668 3034 1724 canonicorum
3087 1666 3446 1740 regulari’um
3501 1663 3838 1739 privilegiis.

2188 1756 2364 1811 Porro
2393 1751 2545 1811 aliud
2597 1757 2791 1811 Sancti
2839 1756 3086 1812 Joannis
3137 1755 3576 1811 Suessionensis
3608 1752 3846 1826 privile-

2185 1844 2348 1917 gium
2381 1859 2448 1899 ex
2480 1843 2775 1900 Sirmondi
2812 1844 3066 1910 schedia,
3119 1844 3274 1916 quod
3317 1838 3497 1900 etiam
3547 1857 3615 1898 ex
3645 1841 3848 1898 codice

2186 1950 2296 1990 ms.
2333 1934 2542 2003 reginae
2575 1934 2994 1999 Suecizemunc
3010 1933 3422 1997 Ottoboniano,
3454 1928 3648 1988 Rome
3667 1929 3848 1986 babe-

2185 2035 2340 2085 mus,
2371 2022 2555 2077 edidit
2585 2023 2850 2078 Labbeus
2883 2027 3040 2078 torno
3071 2020 3660 2089 XConeiliorum,sed
3682 2019 3839 2091 quod

2183 2112 2396 2184 prioris
2426 2118 2760 2184 excerptum
2813 2111 2978 2167 facile
3023 2113 3418 2178 crederemus,
3470 2109 3586 2164 nisi
3637 2113 3846 2181 preter

2184 2217 2369 2272 pauca
2401 2199 2538 2267 alia,
2570 2201 2858 2255 diversam
2890 2200 3130 2256 haberet
3160 2198 3492 2255 chronicam
3516 2202 3737 2254 notam.
3766 2194 3838 2252 Et

2183 2289 2419 2361 quidem
2455 2306 2569 2345 non
2602 2289 2841 2345 omnino
2877 2287 3136 2345 insolens
3151 2293 3260 2357 est,
3293 2293 3359 2344 ut
3387 2287 3541 2343 idem
3575 2286 3837 2359 pontist

2181 2378 2413 2434 duobus
2445 2375 2886 2450 diplomatibus,
2903 2376 3132 2433 diverso
3147 2381 3410 2449 tempore
3431 2371 3604 2444 datis,
3629 2372 3841 2432 eadem

2180 2467 2364 2524 ferme
2387 2467 2526 2537 jura
2556 2467 2657 2522 uni
2689 2465 2815 2523 loco
2845 2465 3216 2533 concesserit;
3263 2479 3380 2538 quo
3435 2469 3632 2521 autem
3681 2478 3845 2520 anno

2181 2556 2384 2612 datum
2416 2556 2576 2611 istud
2601 2553 2793 2621 fuerit,
2825 2565 2896 2611 ne
2909 2549 3274 2627 conjiciendo
3291 2555 3529 2627 quidem
3553 2552 3838 2626 sapiecari

2181 2645 2505 2718 potuimus,
2556 2645 2880 2718 praesertim
2911 2659 3046 2701 cum
3107 2644 3166 2700 in
3199 2644 3327 2701 cod.
3362 2657 3475 2700 ms.
3527 2639 3840 2699 decretalis

2183 2735 2427 2790 formam
2462 2735 2744 2806 praeferat.

2355 2823 2493 2878 XLI.
2531 2824 2901 2892 Privilegium
2936 2822 2990 2878 S.
3031 2824 3260 2879 Victoris
3293 2821 3667 2878 Massiliensis.

2247 2913 2332 2967 Ad
2364 2911 2543 2982 hujus
2574 2927 2807 2983 quoque
2834 2909 2973 2966 anni
3002 2910 3173 2967 initia
3203 2911 3591 2966 revocandum
3617 2913 3706 2965 est
3724 2908 3843 2980 pri.

2176 2988 2452 3072 vilegium
2515 3000 2667 3071 quod
2729 2993 2999 3055 Urbanus
3058 2999 3414 3055 monasterio
3476 2997 3841 3054 Massiliensi

2176 3089 2370 3146 Sancti
2391 3087 2646 3144 Victoris
2667 3088 2856 3161 primo
2877 3086 3250 3159 pontiﬁcante
3265 3085 3355 3141 sui
3385 3102 3540 3142 anno
3572 3080 3839 3152 indulsit,

416 3178 534 3242 tus,
568 3193 715 3248 quas
749 3175 920 3247 paulo
953 3176 1227 3248 superius
1243 3193 1312 3231 ex
1343 3177 1630 3233 Pandulfo
1651 3194 2068 3234 commemora-
2094 3162 2138 3230 C
2176 3195 2289 3234 non
2319 3177 2557 3250 quidem
2602 3174 2920 3232 indictione
2966 3191 3043 3243 x1,
3077 3178 3142 3230 ut
3188 3173 3426 3246 vulgata
3480 3172 3843 3245 exemplaris

411 3262 779 3335 vimus,nibil
811 3263 1072 3320 omnimo
1089 3262 1447 3330 subtrahens
1470 3261 1725 3334 utilium,
1749 3266 2069 3340 quominus

413 3353 572 3425 gregi
633 3352 747 3407 sibi
808 3352 1124 3418 commisso
1161 3352 1216 3408 in
1271 3353 1548 3410 omnibus
1586 3351 1927 3429 prodesset;
1986 3355 2069 3413 ita

414 3443 639 3512 majora
667 3442 900 3514 negotia
925 3445 1310 3514 pertractans,
1344 3444 1408 3497 ut
1441 3447 1635 3498 tamen
1668 3460 1736 3499 ea
1768 3461 1893 3516 quae
1921 3445 2067 3500 tanti

414 3547 530 3585 non
554 3530 903 3586 videbantur
933 3548 1061 3587 esse
1119 3529 1402 3587 momenti
1455 3535 1724 3599 curaret;
1788 3549 1853 3587 ac
1883 3528 1967 3589 sic
1996 3533 2070 3589 iis

416 3637 542 3691 quae
573 3619 644 3674 ad
691 3619 1015 3676 universale
1068 3615 1340 3676 Ecclesize
1389 3621 1649 3693 regimen
1699 3620 2071 3693 pertinebant

414 3708 776 3777 intentus,ut
801 3725 915 3764 non
948 3707 1266 3782 negligeret
1298 3705 1652 3780 privatorum
1669 3709 1922 3782 negotia,
1942 3727 2068 3782 quas

415 3797 486 3852 ad
521 3813 653 3852 eum
682 3796 1100 3852 referebantur.
1117 3797 1244 3852 Haec
1263 3797 1460 3852 omnia
1472 3812 1665 3854 rerum
1686 3797 1759 3852 ab
1791 3814 1857 3853 eo
1877 3801 2066 3870 gesta-

417 3903 546 3941 rum
577 3885 756 3941 series
782 3902 918 3942 vera
946 3892 1072 3942 esse
1087 3883 1511 3957 comprobabit.
1535 3884 1722 3957 Hujus
1743 3886 1878 3940 anni
1902 3884 2068 3942 initio

413 3973 784 4046 privilegium
817 3975 955 4029 olim
985 3973 1381 4038 exhibendum
1432 3974 1723 4030 concessit
1773 3971 2069 4030 canonicis

413 4063 781 4136 regularibus
814 4063 996 4118 sancti
1028 4062 1270 4118 Joannis
1302 4062 1372 4118 de
1403 4061 1601 4118 Vincis
1634 4061 1787 4135 apud
1807 4062 2068 4119 Suessio-

414 4171 519 4210 nas
551 4159 614 4209 ut
642 4171 740 4208 eos
762 4151 872 4208 sub
931 4146 1262 4226 apostolicae
1305 4151 1462 4206 sedis
1515 4147 1700 4207 tutela
1743 4152 1965 4224 positos
1997 4147 2067 4206 ad

413 4243 719 4298 arctiorem
751 4240 963 4312 regula:
1015 4257 1132 4295 suae
1192 4239 1440 4312 praxim,
1498 4253 1675 4312 quam
1726 4239 1902 4313 paulo
1936 4245 2068 4297 ante

414 4334 809 4403 susceperant,
844 4328 1032 4399 magis
1047 4345 1112 4383 ac
1127 4325 1315 4401 magis
1339 4327 1762 4384 observandam
1794 4327 2067 4385 adhorta-

414 4426 593 4477 retur:
629 4434 806 4490 quare
838 4433 1014 4487 super
1044 4415 1241 4471 omnia
1271 4417 1496 4483 statuit,
1522 4421 1584 4472 ut
1616 4419 1894 4474 canonica:
1941 4433 2068 4474 con-

2175 3267 2508 3340 praaferunt,
2541 3266 2641 3322 sed
2674 3281 2774 3332 xu,
2795 3280 2923 3337 quae
2954 3263 3090 3320 huic
3109 3277 3260 3320 anno
3279 3262 3572 3319 convenit.
3601 3262 3669 3317 Et
3698 3261 3832 3332 qui-

2176 3354 2308 3410 dem
2339 3369 2490 3410 anno
2521 3355 2868 3428 praecedenti
2917 3354 3011 3410 die
3037 3365 3072 3408 χ
3103 3351 3395 3408 Kalendas
3426 3344 3618 3408 Martii
3662 3351 3833 3422 (nam

2175 3443 2286 3500 hec
2312 3459 2512 3500 mense
2532 3437 2738 3499 datum
2770 3442 3002 3515 dicitur)
3034 3443 3296 3499 nondum
3329 3440 3602 3496 Urbanus
3630 3435 3835 3494 sedem

2177 3529 2558 3606 apostolicam
2593 3534 3028 3600 conscenderat,
3061 3535 3118 3587 et
3149 3529 3489 3587 Richardus
3519 3528 3700 3584 abbas
3747 3526 3845 3583 cui

2175 3621 2526 3693 inscriptum
2560 3625 2670 3689 est,
2713 3620 2907 3677 adhuc
2937 3621 2995 3675 in
3047 3617 3325 3691 Hispania
3369 3621 3512 3673 tunc
3549 3615 3848 3689 temporis-

2177 3711 2538 3778 morabat'ur,
2555 3709 2656 3765 ubi
2670 3706 2979 3782 legationis
2995 3707 3346 3781 apostolicis,
3375 3716 3553 3778 quam
3576 3707 3842 3778 sangu-

2177 3799 2264 3854 rio
2291 3797 2392 3854 VII
2423 3802 2746 3870 acceperat,
2782 3796 2988 3852 munia
3017 3796 3340 3863 exercebat,
3373 3794 3511 3851 licet
3541 3811 3575 3851 ο
3603 3789 3837 3850 Victore

2177 3888 2434 3960 primum
2457 3886 2994 3959 defecisset,postea
3018 3876 3264 3941 fortasse
3279 3883 3391 3957 ipsi
3410 3882 3841 3940 reconciliatus.

2179 3978 2251 4031 At
2282 3975 2390 4031 hoc
2421 3991 2575 4030 anno
2597 3972 3012 4040 Ricardus,illa
3024 3971 3316 4045 dignitate
3331 3965 3405 4027 ab
3423 3965 3842 4042 Urbano,un

2179 4064 2380 4120 minus
2412 4069 2600 4131 caute,
2633 4067 2699 4118 ut
2729 4063 2813 4118 ait
2841 4061 3183 4128 Rodericus,
3218 4058 3529 4133 legationis
3569 4059 3833 4115 officium

2179 4152 2389 4221 obiret,
2419 4156 2476 4208 et
2507 4154 2652 4208 forte
2681 4152 2755 4208 ob
2775 4150 2926 4207 alias
2941 4151 3113 4208 nobis
3130 4150 3360 4222 ignotas
3377 4163 3586 4205 causas
3603 4151 3836 4214 exutus,

2176 4246 2234 4298 et
2258 4241 2328 4297 ad
2363 4241 2796 4297 monasterium
2809 4255 2984 4296 suum
2999 4251 3287 4305 reversus,
3321 4235 3436 4292 hoc
3462 4233 3840 4308 privilegium

2180 4348 2214 4388 a
2245 4330 2518 4404 pontiﬁce
2548 4328 2809 4388 obtinere
2831 4328 3043 4401 potuit.
3069 4327 3186 4384 Nec
3199 4325 3415 4382 mirum
3436 4323 3616 4380 videri
3639 4323 3838 4390 debet,

2177 4405 2318 4475 tunc
2353 4419 2437 4475 illi
2470 4419 2772 4474 Urbanum
2791 4417 3110 4490 gratificari
3137 4415 3413 4482 Voluisse;
3433 4412 3838 4470 necessarium

412 4510 739 4570 stituliones,
767 4506 1047 4576 perpetuis
1107 4505 1437 4593 temporibus
1484 4507 1545 4561 in
1575 4517 1776 4562 eorum
1826 4498 2067 4564 Ecclesia
2097 4527 2146 4593 Β
2177 4509 2393 4582 quippe
2420 4512 2544 4564 erat
2562 4504 3458 4577 tantumvirum,cujusanimus
3485 4498 3845 4593 obsistat-am

413 4594 766 4652 inviolabiter
783 4594 1215 4649 observarentur.
1239 4587 1354 4650 Has
1374 4595 1820 4652 constitutiones
1851 4595 2069 4653 vidisse
2097 4587 2136 4593 —
2180 4597 2292 4654 sibi
2323 4597 2673 4670 legationem
2691 4595 3024 4669 exasperari
3038 4593 3346 4666 potuisset,
3371 4589 3682 4647 conciliem
3700 4589 3839 4661 sibi,

414 4687 469 4740 et
498 4681 852 4754 approbasse
884 4682 1154 4738 Urbanus
1190 4683 1408 4738 dicitur
1437 4683 1496 4738 in
1546 4684 1724 4740 veteri
1773 4686 1901 4756 ejus
1951 4684 2061 4741 loci

413 4762 716 4836 Chronico,
742 4771 911 4843 cujus
944 4775 1148 4826 auctor
1177 4771 1234 4826 id
1269 4771 1476 4844 probat
1505 4789 1572 4827 ex
1624 4787 1825 4828 earum
1869 4769 2060 4844 titulo,

415 4861 516 4933 qui
548 4860 605 4916 in
636 4859 965 4916 authentico
996 4877 1198 4917 earum
1244 4860 1580 4933 exemplari,
1614 4865 1671 4917 et
1716 4863 1860 4918 forte
1895 4869 2063 4918 auto-

416 4950 657 5023 grapho,
683 4967 788 5005 suo
803 4953 1060 5023 tempore
1081 4949 1562 5005 habebaturﬂrec
1589 4954 1726 5006 sunt
1742 4952 1870 5023 ejus
1890 4952 2066 5008 verba

417 5041 487 5095 de
519 5040 746 5095 Urbano
779 5038 1092 5112 loquentis:
1127 5040 1176 5093 Is
1202 5039 1418 5110 primus
1445 5041 1556 5110 [uit
1579 5057 1708 5111 erga
1743 5044 2068 5096 canonicam

415 5132 677 5196 nostram,
712 5129 794 5184 sic
825 5133 1050 5184 veteres
1082 5129 1497 5184 canonicorum
1534 5128 1887 5202 regularium
1937 5147 2065 5185 mo-

417 5217 672 5271 nasteria
747 5212 1037 5288 appellare
1115 5222 1557 5285 consueverant,
1635 5217 2067 5274 benedictionum

416 5293 837 5376 apostolicarum
867 5309 914 5360 et
947 5307 1303 5375 largitionum
1329 5306 1671 5371 distributor,
1697 5308 1796 5378 qui
1812 5308 2068 5362 constitu-

419 5396 588 5450 tiones
636 5394 792 5447 nobis
834 5397 1087 5466 proprias
1148 5399 1200 5450 et
1239 5395 1609 5466 particulares
1673 5395 1992 5466 approbavit
2018 5401 2072 5450 et

418 5483 804 5549 corroboravit,
864 5483 1313 5554 quemadmodum
1370 5482 1562 5537 titulus
1619 5482 1733 5537 illis
1795 5482 2071 5554 praeﬁxas

419 5574 688 5637 cannotal.
715 5595 740 5624 «
763 5571 1056 5648 Incipiunt
1071 5570 1361 5631 canonicis
1384 5562 1785 5632 institutiones
1802 5567 2078 5633 Ecclesia

2173 4690 2230 4743 et
2258 4686 2452 4759 reipsa
2470 4685 2819 4752 Richardus,
2849 4684 3001 4739 sicut
3020 4688 3072 4739 et
3087 4682 3254 4755 Hugo
3286 4678 3844 4753 Lugdunensis,qui

2172 4775 2350 4832 simul
2405 4791 2439 4829 a
2468 4773 2720 4830 Victoris
2781 4771 3113 4828 obedientia
3173 4772 3553 4836 recesserant,
3605 4766 3846 4823 Urbano

2173 4879 2407 4936 semper
2433 4867 2638 4934 postea
2670 4860 3069 4918 addictissimi
3101 4861 3283 4914 fuere.
3316 4857 3441 4915 Non
3473 4857 3672 4928 itaque
3693 4855 3850 4911 sui»

2175 4952 2524 5009 movendum
2556 4956 2645 5008 est
2663 4951 2734 5005 ab
2759 4950 2867 5006 hoc
2896 4966 3048 5006 anno
3069 4943 3605 5019 privilegiumillud
3629 4945 3842 5000 Masci-

2175 5041 2376 5108 liense,
2409 5041 2562 5112 quod
2599 5040 2667 5094 ad
2703 5039 2832 5094 cod.
2869 5055 2981 5093 ms.
3019 5035 3379 5092 Tolosanum
3411 5033 3593 5089 beatas
3639 5031 3838 5088 Maria

2174 5129 2462 5194 deaurata:
2488 5126 2765 5183 collatum
2797 5125 2943 5181 alias
2973 5124 3320 5197 proferetur.

2575 5213 2739 5270 XLII.
2774 5211 2850 5269 De
2877 5209 3036 5270 rebus
3069 5211 3427 5269 Germanicis.

2247 5303 2400 5361 Nihil
2434 5307 2628 5359 autem
2661 5301 2851 5376 magis
2901 5301 3063 5359 cordi
3091 5305 3219 5358 erat
3275 5296 3512 5359 Urbano
3551 5307 3736 5370 quam
3765 5302 3838 5354 ut

2176 5393 2498 5452 Germaniae
2530 5392 2866 5450 subveniret
2900 5407 3078 5466 quam
3119 5391 3342 5449 sciebat
3372 5399 3407 5447 ο.
3435 5386 3836 5445 schismatieis

2177 5483 2433 5541 multum
2456 5495 2520 5538 eo
2533 5485 2797 5554 tempore
2829 5475 3563 5554 conturbariﬁupererant
3589 5475 3838 5550 quidem

2177 5571 2368 5633 adhuc
2397 5585 2466 5633 ea
2495 5568 2556 5628 in
2587 5566 2821 5648 regione
2845 5563 3465 5650 praeteritarum-num
3487 5563 3860 5638 Melonem,-
