4000 6178
177 349 269 469 is

1795 387 2008 488 Vm.

3517 378 3602 443 50

175 495 288 611 qui,
318 533 459 600 ante
474 525 710 607 aliquot
728 528 854 596 dies
875 527 1073 590 sedem
1097 543 1270 590 suam
1294 527 1675 604 receperat,et
1692 487 1839 582 alios
1867 522 1923 602 Α
1951 529 2119 596 catur
2145 522 2204 584 in
2228 523 2330 586 illa
2349 525 2569 602 synodo
2590 525 2846 601 generali
2869 525 2973 583 115
2993 522 3401 598 episcoporum
3424 540 3602 609 quain

179 639 426 700 paucos,
449 623 692 684 omnino
719 625 977 696 quatuor
999 619 1272 678 catholici
1295 619 1572 692 episcopi,
1599 633 1853 690 quorum,

185 712 396 787 inquit,
416 711 746 777 Bertoldus.
768 714 829 768 in
853 713 1155 776 Teutonicis
1175 712 1428 783 partibus
1451 712 1851 778 con/ortamen—

187 806 237 857 to
257 804 459 874 reliqui
479 802 738 860 catholici
755 802 1124 862 schismaticis
1147 818 1178 858 a
1205 801 1484 873 principio
1509 798 1850 854 restiterunt.

191 891 233 950 Ii
263 895 430 948 erant
479 890 773 948 Adalbero
820 891 1255 960 Niceburgensis,
1286 888 1637 944 Altmannus
1685 889 1850 942 Pata-

192 984 412 1046 eiemis,
427 980 794 1046 Adelbertus,
811 981 1307 1056 Warmatieusis,et
1324 978 1625 1034 Gebehard
1637 993 1705 1031 us
1724 975 1859 1031 Con-

190 1071 529 1132 sumtiensis.
563 1070 619 1128 Is
647 1068 897 1126 ultimus
915 1069 1252 1137 abUrbano,
1277 1085 1414 1124 cum
1449 1066 1508 1123 in
1541 1064 1860 1122 Germania

186 1159 526 1234 apostolica
553 1159 711 1222 sedis
750 1158 1169 1232 apocrisiarius
1215 1163 1392 1224 esset,
1424 1158 1482 1212 in
1515 1156 1858 1229 episcopum

172 1252 589 1316 consecratus,
631 1249 811 1326 probe
853 1247 905 1305 ei
936 1251 1108 1310 notus
1142 1252 1266 1304 erat
1299 1264 1311 1301 :
1351 1261 1539 1320 quare
1584 1244 1858 1302 eumdem

194 1337 464 1412 pontifex
483 1337 674 1394 factus
693 1337 1020 1412 apostolicae
1041 1337 1199 1393 sedis
1220 1337 1483 1410 legatum
1517 1337 1575 1391 in
1607 1343 1719 1390 tota
1739 1332 1859 1390 Ale-

186 1417 399 1492 mania,
417 1428 702 1497 Bajoaria,
718 1426 986 1494 Samnio,
1011 1427 1313 1500 ricinisque
1342 1424 1671 1498 regionibus
1703 1438 1863 1477 crea-

181 1517 262 1575 vit
291 1515 512 1579 litteris
542 1533 609 1574 ea
641 1517 711 1572 de
757 1532 819 1572 re
863 1519 1049 1584 Romae
1087 1515 1242 1573 datis
1270 1532 1368 1572 xxv
1398 1513 1669 1580 Kalendas
1711 1511 1860 1593 Maii,

186 1613 240 1663 et
270 1605 519 1678 quidem
554 1605 662 1660 hoc
693 1622 869 1669 anno,
893 1604 976 1661 uti
999 1605 1166 1662 docet
1190 1621 1295 1662 nos
1325 1602 1659 1669 Bertoldus,
1683 1605 1863 1657 tanta-

191 1711 300 1768 que
327 1693 459 1756 visa
488 1702 578 1751 est
606 1710 809 1750 earum
856 1693 1200 1760 auctoritas,
1229 1697 1295 1749 ut
1325 1693 1396 1748 ab
1429 1692 1604 1748 Ivone
1637 1693 1692 1747 et
1723 1691 1864 1748 Gra-

192 1783 346 1840 tiano
377 1781 442 1838 in
470 1781 724 1840 decretis
777 1781 902 1838 suis
941 1780 1117 1836 veluti
1151 1779 1368 1854 regulae
1413 1777 1571 1850 juris
1622 1776 1864 1835 omnino

1961 619 2072 676 hoc
2104 635 2255 674 anno
2284 621 2341 675 et
2370 617 2606 689 quidem
2637 618 2852 683 Romae,
2878 619 2941 672 ut
2973 614 3142 671 multi
3171 614 3395 681 volunt,
3420 603 3606 669 Urba-

1962 727 2076 768 nus
2119 709 2272 783 apud
2321 707 2655 766 Bertoldum
2687 707 2991 782 collegisse
3022 706 3255 775 dicitur,
3289 705 3349 760 in
3380 695 3497 777 qua
3545 693 3610 785 ut

1963 801 2115 872 idem
2145 802 2348 854 auctor
2368 798 2485 854 ait:
2512 799 2886 854 Ecclesiastica
2919 801 3120 853 statuta
3141 813 3367 852 suorum
3392 794 3610 866 praede-

1962 905 2236 946 cessorum
2265 889 2560 958 apostolica
2595 889 2919 943 auctoritate
2951 887 3310 956 conﬁrmavit.
3346 884 3491 939 Illud
3524 887 3612 938 ta-

1967 995 2099 1036 men
2124 977 2480 1033 incommodi
2511 981 2601 1032 est
2627 977 2682 1031 in
2717 976 2828 1032 hac
2849 974 3135 1031 sententia
3155 975 3308 1047 quod
3343 974 3611 1029 Urbanus

1965 1069 2358 1140 communicato
2388 1066 2628 1138 quidem
2672 1069 2914 1137 fratrum
2943 1067 3168 1120 consilio
3208 1064 3513 1136 epistolam
3541 1065 3612 1118 ad

1968 1157 2376 1215 Gebehardum
2410 1172 2471 1211 se
2501 1155 2808 1230 scripsisse
2839 1154 3011 1220 dicat,
3042 1155 3139 1208 sed
3165 1153 3336 1225 paulo
3368 1153 3614 1208 inferius

1967 1245 2026 1304 id
2049 1247 2107 1301 in
2130 1244 2333 1318 synodo
2357 1245 2602 1314 generali
2623 1243 2840 1300 factum
2871 1261 2984 1299 non
3009 1243 3189 1298 fuisse
3219 1245 3414 1315 aperte
3436 1242 3617 1297 fatea-

1970 1340 2084 1391 tur.
2100 1335 2172 1390 Ut
2192 1338 2258 1389 ut
2278 1333 2373 1401 sit,
2392 1338 2614 1390 certum
2638 1337 2726 1388 est
2747 1350 2812 1388 ea
2833 1333 2891 1387 in
2914 1334 3133 1405 synodo
3147 1333 3339 1386 Romae
3359 1336 3460 1386 aut
3482 1349 3620 1406 quo-

1970 1423 2059 1479 vis
2081 1423 2192 1478 alio
2214 1423 2272 1478 in
2296 1422 2420 1480 loco
2437 1423 2838 1494 habita,quam
2857 1420 3162 1477 Bertoldus
3178 1426 3616 1496 commemorat,

1973 1513 2127 1571 sicut
2177 1517 2233 1568 et
2263 1512 2533 1569 Urbanus
2565 1512 2622 1569 in
2651 1511 2897 1584 epistola
2925 1529 3032 1566 sua
3063 1510 3393 1566 faciendum
3426 1510 3620 1566 decer-

1974 1603 2084 1670 nit,
2119 1602 2318 1658 mitius
2349 1605 2542 1658 actum
2577 1601 2758 1658 fuisse
2788 1617 2922 1657 cum
2955 1601 3044 1666 iis,
3075 1601 3176 1672 qui
3208 1600 3442 1656 nonnisi
3465 1617 3624 1655 occa-

1976 1692 2138 1749 sione
2169 1696 2269 1747 aut
2300 1695 2484 1758 metu,
2506 1695 2604 1748 aut
2633 1691 2686 1746 vi
2721 1692 2793 1748 ad
2835 1690 3240 1747 schismaticos
3271 1690 3620 1756 defecerant,

1976 1786 2293 1855 posteaque
2322 1781 2395 1836 ad
2427 1780 2743 1837 Ecclesiam
2787 1781 3020 1838 fuerant
3066 1779 3300 1836 reversi.
3326 1779 3485 1836 Unde
3512 1779 3624 1834 Ro-

197 1878 358 1930 certas
389 1875 450 1927 et
480 1872 816 1945 approbata:
863 1870 1094 1929 laudari
1147 1868 1494 1929 meruerint.
1535 1867 1869 1924 Decretalem
1898 1897 1950 1963 Β
1978 1870 2156 1936 mani,
2182 1872 2246 1924 ut
2277 1870 2429 1926 idem
2475 1873 2676 1926 auctor
2722 1874 2938 1939 narrat,
2975 1869 3031 1924 in
3065 1872 3295 1926 tantum
3344 1869 3625 1924 adversus

195 1961 476 2035 epistolam
491 1959 757 2032 appellat
780 1959 1110 2028 Bertoldus,
1127 1960 1346 2023 litteras
1362 1957 1660 2036 synodales
1678 1955 1871 2016 cardi-

198 2047 336 2104 dalis
368 2049 685 2114 Baronius,
713 2049 873 2124 quod
919 2065 1018 2106 eas
1051 2066 1121 2112 ea?
1147 2048 1352 2120 synodo
1383 2045 1638 2124 scriptas
1687 2045 1872 2102 fuisse

194 2137 610 2198 existimaverit
631 2142 778 2194 utea:
799 2139 916 2209 ejus
949 2139 1280 2209 fragmento,
1307 2135 1524 2210 inquit,
1560 2143 1712 2207 patet
1732 2147 1872 2206 quod

192 2227 260 2288 ab
284 2228 450 2290 leone
478 2228 764 2291 laudatur.
798 2228 910 2286 Sed
952 2227 1008 2282 id
1033 2227 1162 2295 jam
1208 2227 1452 2284 omnino
1502 2230 1728 2282 certum
1760 2226 1868 2296 est,

192 2333 255 2380 ex
283 2317 416 2388 ejus
443 2315 666 2389 ipsius,
701 2333 882 2388 quam
916 2317 1090 2372 modo
1131 2316 1420 2372 habemus
1457 2313 1766 2387 integram,
1790 2311 1869 2368 le-

199 2406 392 2462 ctione
427 2421 442 2459 :
474 2404 628 2467 hanc
655 2422 868 2478 nempe
899 2422 933 2461 a
960 2422 1023 2462 se
1053 2403 1338 2478 scriptam
1385 2403 1569 2460 fuisse
1613 2402 1872 2473 pontifex

193 2498 448 2555 testatur
477 2495 723 2564 fratrum
750 2510 994 2552 suorum
1024 2494 1424 2552 communicato
1463 2492 1714 2561 consilio,
1746 2490 1868 2550 diu-

193 2598 306 2656 que
351 2583 960 2649 arcommunicatianis,
996 2582 1065 2638 de
1106 2599 1222 2654 qua
1267 2580 1642 2654 potissimum
1697 2580 1755 2636 in
1805 2597 1874 2636 ea

203 2672 438 2744 agitur,
465 2673 766 2742 quastione
787 2679 1015 2727 tractata
1033 2674 1218 2751 atque
1251 2671 1393 2728 adeo
1423 2670 1481 2725 in
1514 2671 1875 2742 subsequen'

218 2760 379 2815 tibus
409 2758 670 2820 conciliis
701 2758 846 2817 nihil
895 2759 1054 2822 aliud
1087 2775 1155 2816 ea
1185 2759 1254 2816 de
1292 2767 1370 2838 re,
1395 2776 1573 2839 quam
1623 2759 1777 2830 quod
1811 2759 1870 2814 in

203 2865 266 2904 ea
295 2847 549 2922 epistola
580 2848 1002 2921 prescribitur,
1022 2848 1323 2908 decretum
1353 2847 1480 2904 fuit.
1512 2848 1728 2904 Praeter
1757 2847 1873 2902 alia

204 2939 508 2998 verobene
529 2937 734 3004 multa,
752 2954 882 3011 qua,I
899 2936 1276 3010 potissimum
1300 2937 1359 2993 iu
1377 2937 1471 2992 his
1489 2935 1699 2992 litteris
1725 2953 1870 2992 novo

209 3044 312 3089 suo
343 3025 539 3100 legato
571 3026 943 3088 commendat
972 3025 1265 3100 Urbanus,
1297 3025 1610 3098 prteclams
1641 3025 1871 3100 regulas

211 3113 536 3188 praescribit
567 3116 637 3172 de
671 3115 845 3182 modo
888 3113 1357 3192 recipiendorum
1401 3114 1870 3170 excommunica-

213 3209 398 3260 torum
435 3203 518 3260 ad,
541 3202 966 3277 penitentiam.
990 3203 1114 3268 Qua
1142 3203 1200 3260 in
1232 3220 1292 3260 re
1321 3202 1717 3267 acerbissimis
1746 3203 1864 3260 illis

213 3289 576 3365 temporibus
609 3308 823 3365 magna
842 3291 1069 3348 cautela
1100 3291 1436 3356 adhibenda
1461 3296 1607 3356 erat,
1637 3308 1708 3348 ne
1740 3291 1886 3347 faci‘

219 3379 373 3440 litate
389 3370 711 3456 recipiendi
729 3379 926 3458 lapsos
943 3380 1211 3438 Ecclesia:
1230 3379 1549 3452 disciplina
1572 3380 1880 3438 labefacta’

222 3475 396 3536 rctur,
428 3461 533 3529 aut
577 3470 902 3528 econtrario
951 3470 1137 3526 nimia
1183 3470 1526 3529 austeritate
1573 3470 1877 3526 exacerba-

209 3563 416 3634 rentur
445 3557 627 3618 animi
652 3574 877 3626 eorum,
898 3558 999 3632 qui
1024 3558 1282 3632 quadam
1305 3558 1484 3618 veluti
1508 3558 1878 3626 necessitate,

211 3651 311 3710 aut
339 3651 499 3709 certe
527 3639 758 3709 levitate
803 3645 1044 3719 ingenii,
1081 3646 1276 3718 potius
1307 3664 1491 3719 quam
1543 3645 1772 3703 malitia
1820 3647 1879 3702 in

217 3735 881 3800 excommunicationem
912 3734 1320 3792 incurrerent:
1352 3735 1576 3808 quippe
1605 3752 1760 3805 cum,
1795 3735 1881 3792 uti

213 3825 485 3897 observat
515 3821 842 3891 Bertoldus,
871 3823 1155 3881 Guibertus
1184 3825 1416 3897 ejusque
1443 3825 1748 3897 complices,
1782 3841 1884 3900 per

211 3911 296 3968 fas
323 3917 382 3970 et
413 3911 604 3978 nefas,
636 3929 790 3984 saepe
836 3911 1010 3970 etiam
1046 3917 1285 3984 accepto
1333 3913 1540 3986 pretio,
1569 3917 1883 3970 sectatores

211 4018 346 4058 suos
374 4018 484 4073 per
512 4001 742 4061 diverse.
773 4000 899 4057 loca
928 4002 1190 4062 ordinare
1214 4019 1326 4058 non
1353 4010 1643 4069 cessarent,
1671 4019 1881 4059 excom-

212 4091 610 4147 municationis
633 4091 842 4148 malum
864 4089 1142 4148 intantum
1154 4091 1662 4162 propagabatur,ut
1683 4090 1880 4157 etiam,

212 4179 490 4244 Catholici
515 4180 614 4234 vi:
649 4195 707 4234 se
753 4179 821 4234 ab
874 4194 1064 4242 eorum
1115 4167 1387 4256 contagio.
1408 4183 1626 4250 possent
1683 4180 1883 4235 illzesos

214 4267 509 4325 custodire.
529 4268 717 4332 Quare
732 4266 1010 4340 providus
1033 4266 1292 4340 pontifex
1315 4272 1372 4328 ct
1399 4266 1533 4340 pius
1554 4267 1884 4340 complures

218 4355 864 4419 excommunicatorum.
893 4355 1113 4426 gradus
1141 4355 1480 4429 distinguit,
1505 4360 1571 4412 ut
1598 4361 1654 4411 et
1683 4372 1883 4430 super-

220 4443 427 4500 borum
452 4461 522 4500 ac
539 4443 926 4515 pervicacium
951 4444 1260 4506 temeritati
1287 4445 1616 4516 resistatur,
1633 4450 1688 4500 et
1705 4444 1882 4501 simul

221 4535 606 4595 succurratur
633 4531 989 4606 simplicium
1041 4550 1106 4589 ac
1151 4532 1520 4590 inﬁrmorum
1572 4533 1881 4591 imbecilli-

220 4623 348 4677 tati.

289 4710 457 4776 Quod
490 4726 624 4766 vero
652 4709 710 4764 in
737 4727 805 4766 ea
834 4709 1080 4783 epistola
1112 4711 1381 4767 Urbanus
1419 4701 1674 4768 declarat
1704 4729 1788 4777 se,
1821 4712 1878 4767 in

216 4800 314 4856 his
341 4798 702 4871 poenitentiae
749 4800 1032 4873 gradibus
1072 4799 1466 4873 assignandis,
1489 4800 1750 4874 Gregorii
1779 4801 1882 4855 VII

217 4888 486 4961 vestigiis
531 4887 856 4956 inhaesisse,
889 4889 1270 4950 conﬁrmatur
1318 4906 1385 4945 ex
1434 4889 1692 4961 epistola:
1725 4890 1876 4961 frag-

224 4976 626 5052 mento,.quod
673 4975 835 5050 Hugo
865 4976 1322 5040 Flaviniacensis
1362 4977 1421 5032 in
1453 4967 1739 5034 Chronico
1772 4994 1878 5033 suo

225 5062 425 5132 refert,
465 5064 523 5120 in
575 5081 694 5137 quo
739 5065 1048 5140 Gregorius
1096 5058 1272 5123 morti
1323 5067 1623 5140 proximus
1666 5065 1882 5122 dicitur

223 5168 456 5220 omnes,
479 5154 734 5226 exceptis
763 5155 1008 5212 Henrico
1040 5159 1096 5212 et
1124 5156 1418 5220 Guiberto,
1453 5173 1518 5210 ac
1545 5157 1881 5228 principali-

226 5245 322 5295 bus
336 5246 590 5314 personis
620 5261 740 5315 quae
769 5245 1112 5300 consitio-aut
1131 5246 1347 5300 auxilio
1373 5245 1629 5317 [nitebant
1661 5245 1884 5300 illorum

224 5332 488 5402 nequitiae
518 5335 565 5391 si
595 5334 872 5405 impietati
899 5333 1218 5395 absolvisse
1243 5338 1301 5389 et
1333 5334 1721 5399 benedixisse.

291 5420 432 5483 Jam
463 5413 598 5478 vero
629 5422 678 5480 si
708 5427 1006 5496 quaeratur
1053 5440 1171 5498 qua
1199 5423 1256 5479 in
1291 5424 1509 5496 synodo
1558 5424 1749 5497 gravis
1780 5423 1881 5480 illa

224 5509 474 5580 quastio
507 5510 579 5564 de
627 5510 1150 5570 excommunicatis
1181 5511 1400 5586 agitata
1432 5512 1624 5578 fuerit,
1658 5513 1728 5568 de
1771 5531 1889 5585 qua

224 5597 294 5656 ad
327 5597 744 5660 Gebehardum
778 5599 983 5658 scribit
1012 5600 1301 5669 Urbanus,
1321 5619 1438 5664 non
1465 5602 1782 5659 admodum
1812 5604 1890 5658 fa-

228 5685 354 5742 cilis
387 5683 500 5742 erit
530 5688 853 5762 responsio,
889 5689 1001 5747 nisi
1036 5689 1181 5745 forte
1226 5689 1282 5744 id
1336 5689 1554 5746 factum
1585 5690 1766 5748 fuisse
1797 5690 1891 5747 di-

1982 1959 2328 2015 Guibertum
2357 1959 2770 2026 eil‘erbuerunt,
2796 1962 2861 2014 ut
2885 1959 2957 2013 ab
2978 1958 3050 2014 iis
3079 1961 3314 2030 turpiter
3339 1959 3509 2030 fuerit
3539 1974 3631 2014 ea:-

1975 2051 2169 2122 putsus
2204 2052 2262 2105 et
2303 2052 2540 2104 coactus
2577 2049 2893 2121 juramento
2943 2050 3281 2120 promittere,
3314 2048 3469 2120 quod
3519 2063 3630 2102 non

1981 2139 2219 2210 ainplius
2239 2138 2590 2209 apostolicam
2609 2137 2788 2195 sedem
2816 2140 2874 2194 in
2882 2139 3074 2194 vadere
3089 2142 3465 2209 praesumeret,
3487 2138 3555 2194 ad
3563 2155 3628 2192 eo

1981 2232 2066 2297 ut,
2104 2229 2226 2298 jam
2254 2228 2665 2298 aliquantulum
2694 2226 2958 2284 diuturna
2983 2230 3141 2296 regni
3169 2228 3439 2284 discordia
3489 2231 3633 2284 inter

1985 2316 2284 2373 Catholicos
2306 2319 2357 2371 et
2383 2315 2751 2372 schismaticos
2780 2316 2987 2380 exinde
3017 2325 3278 2388 tepescere
3301 2319 3540 2388 coeperit,
3571 2321 3632 2372 ut

1980 2422 2092 2461 non
2111 2407 2234 2476 jam
2275 2405 2479 2460 bellum
2527 2404 2597 2459 ad
2641 2407 2893 2470 invicem,
2946 2405 3038 2460 sed
3081 2422 3273 2476 pacem
3317 2422 3632 2476 componere

1981 2496 2172 2550 sanius
2199 2493 2536 2566 judicarent.
2572 2496 2694 2550 Imo
2729 2510 2821 2550 res
2863 2510 2928 2550 eo
2980 2498 3342 2565 processerat
3371 2498 3435 2549 ut
3465 2493 3635 2550 collo-

1981 2583 2119 2655 quio
2151 2584 2300 2649 inter
2329 2583 2640 2642 Henricum
2674 2586 2732 2638 et
2761 2599 2860 2638 eos
2890 2582 2991 2654 qui
3019 2583 3090 2638 ab
3122 2582 3354 2638 Urbano
3401 2584 3635 2639 stabant

1981 2672 2201 2741 habito,
2231 2687 2365 2745 spes
2408 2671 2607 2745 aliqua
2647 2671 2950 2744 effulgeret
2974 2671 3136 2743 pacis
3183 2671 3240 2727 in
3294 2672 3546 2728 Ecclesia
3576 2677 3634 2728 et

1979 2761 2225 2834 imperio
2256 2762 2649 2820 restituendas.
2685 2761 2782 2817 [sti
2814 2762 2971 2817 enim
3003 2761 3246 2818 Henrico
3274 2761 3633 2833 polliceban-

1980 2856 2077 2908 tur
2107 2867 2170 2906 se
2201 2850 2250 2907 ei
2297 2851 2513 2919 auxilio
2544 2855 2596 2906 et
2620 2850 2851 2912 consitio
2883 2867 3178 2922 nusquam
3229 2867 3344 2906 non
3397 2851 3630 2907 adfutu-

1982 2957 2096 3007 ros,
2130 2939 2181 2996 si
2237 2939 2484 2996 dimisso
2533 2939 2810 2996 Guiberto
2866 2939 3040 2995 vellet
3096 2940 3164 2995 ad
3219 2941 3635 2997 ecclesiasticam

1977 3032 2415 3085 communionem
2433 3045 2535 3100 per
2547 3029 2876 3084 catholicum
2891 3032 3161 3100 pastorem
3180 3045 3438 3085 remeare.
3461 3031 3634 3098 Quam

1979 3117 2346 3176 conditionem
2402 3135 2513 3174 non
2555 3119 2789 3174 multum
2850 3117 3132 3176 Henricus
3187 3119 3487 3191 respuebat.
3521 3118 3632 3174 Sed

1985 3207 2250 3270 restitere
2279 3224 2399 3262 sure
2452 3207 2640 3279 ipsius
2671 3206 2942 3264 factionis
2972 3207 3249 3279 episcopi,
3285 3209 3438 3280 quod
3476 3223 3635 3263 vere-

1989 3300 2188 3351 rentur
2245 3313 2316 3351 ne
2375 3311 2515 3367 pace
2562 3296 2888 3367 composita
2923 3311 3058 3350 cum
3090 3295 3362 3352 Guiberto
3412 3300 3468 3351 et
3524 3294 3637 3366 ipsi

1988 3387 2524 3440 exauctorarentur.
2555 3384 2742 3450 Quare
2763 3385 2891 3438 etei
2915 3385 3136 3453 penitus
3165 3385 3267 3439 hac
3294 3386 3407 3438 vice
3431 3385 3640 3437 dissua-

1987 3480 2177 3530 serunt
2203 3489 2274 3535 ne
2299 3481 2503 3528 sanctae
2531 3471 2782 3528 Ecclesiae
2815 3472 3279 3527 reconciliaretur.

2111 3578 2300 3635 XLIII.
2332 3580 2814 3662 Schismaticorum
2840 3581 3016 3662 furor.
3050 3578 3186 3634 Mors
3220 3579 3513 3634 Bonizonis

2686 3665 2940 3722 episcopi.

2061 3739 2160 3808 Ea,
2193 3739 2277 3795 uti
2308 3739 2562 3806 videtur,
2590 3738 2892 3796 occasione
2922 3738 3004 3794 ita
3033 3739 3212 3795 crevit
3240 3739 3642 3796 schismatico-

1991 3846 2121 3884 rum
2155 3828 2213 3884 in
2237 3827 2563 3884 Catholicos
2589 3828 2812 3894 odium,
2837 3831 2901 3883 ut
2928 3827 3103 3883 etiam
3135 3829 3360 3899 aliquot
3387 3828 3641 3884 Catholi-

1991 3933 2192 3978 corum
2245 3916 2549 3989 episcopos
2596 3914 2931 3971 interimere
2977 3915 3104 3970 ausi
3153 3917 3389 3972 fuerint.
3438 3918 3644 3972 Horret

1991 4005 2228 4062 animus
2259 4004 2317 4060 in
2352 4004 2652 4060 referenda
2695 4003 3000 4060 Bonizonis
3050 4004 3370 4059 Sutriensis
3422 4004 3642 4061 crudeli

1977 4098 2200 4160 morte,
2219 4109 2394 4166 quem
2424 4098 2481 4147 et
2511 4109 2644 4148 cum
2686 4092 2923 4164 propria
2952 4091 3094 4147 urbe
3125 4093 3373 4161 ejectum
3399 4091 3642 4146 Placen-

1993 4181 2100 4238 tini
2135 4199 2236 4255 pro
2278 4181 2552 4254 episcopo
2596 4181 2973 4251 recepissent,
3006 4178 3390 4245 schismatici,
3417 4179 3643 4236 eﬂ'ossis

1992 4269 2177 4326 oculis
2207 4269 2612 4340 truncatisque
2643 4285 2790 4341 pene
2808 4269 3084 4325 omnibus
3113 4268 3416 4334 membris,
3441 4269 3646 4324 imma-

1993 4360 2162 4428 niter,
2205 4359 2289 4414 uti
2343 4359 2518 4414 refert
2574 4356 2898 4426 Bertoldus,
2950 4358 3339 4422 trucidarunt,
3373 4358 3526 4430 quod
3578 4359 3643 4412 14

1991 4447 2133 4505 Julii
2182 4447 2503 4519 contigisse
2549 4445 2835 4502 discimus
2867 4463 2936 4501 ex
2964 4448 3092 4518 ejus
3135 4446 3433 4519 epitaphio
3489 4448 3642 4519 apud

1992 4535 2306 4610 Ughellum
2332 4540 2490 4591 tomo
2522 4539 2570 4589 ll
2606 4535 2783 4590 Italiae
2814 4552 2992 4592 sacra:
3025 4552 3038 4589 :
3074 4529 3253 4591 simili
3286 4536 3400 4592 fere
3426 4535 3646 4609 suppli-

1911 4636 1960 4702 Β
1992 4625 2078 4690 cio
2109 4626 2350 4681 affectus
2402 4625 2512 4680 fuit
2541 4643 2575 4679 a
2605 4624 2996 4682 schismaticis
3028 4624 3354 4697 Liprandus
3406 4629 3643 4697 presby-

1990 4719 2078 4771 ter
2110 4713 2586 4777 Mcdiolanensis,
2613 4716 2706 4769 cui
2753 4731 2950 4770 nasum
2976 4722 3028 4770 ct
3059 4730 3218 4770 aures
3267 4716 3327 4768 in.
3372 4717 3644 4770 contmno-

1992 4805 2128 4858 liam
2158 4803 2563 4875 praeciderunt.
2589 4804 2764 4859 Porro
2786 4803 3093 4860 Bonizonis
3115 4803 3336 4876 aliquot
3364 4802 3646 4875 opuscula

1988 4895 2253 4950 recenset
2284 4893 2632 4947 Lambecius
2664 4896 2821 4946 temo
2861 4892 2910 4948 ΙΙ
2949 4891 3318 4949 Bibliotheca:
3351 4893 3648 4964 Caesareae,

1990 4997 2199 5052 nempe
2227 4980 2548 5052 paradisum
2578 4980 3036 5050 Augustinianum
3060 4999 3130 5038 ex
3156 4982 3307 5036 beati
3332 4983 3644 5054 Augustini

1991 5070 2304 5125 sententiis
2334 5073 2390 5126 et
2417 5069 2606 5126 verbis
2637 5069 2876 5126 omnino
2911 5073 3266 5135 contextum,
3301 5087 3476 5140 quem
3509 5089 3641 5128 san-

1992 5163 2083 5214 cto
2113 5158 2326 5215 Joanni
2353 5157 2664 5214 Gualberto
2698 5159 3081 5233 nuncupavit;
3113 5158 3351 5214 Librum
3380 5160 3644 5217 decretas

1993 5246 2134 5316 lem,
2153 5251 2209 5303 et
2238 5248 2542 5320 Epitomen
2567 5247 2827 5304 historiae
2849 5247 3189 5320 pontificum
3221 5247 3639 5318 Romanorum,

1995 5353 2172 5407 quam
2225 5336 2511 5392 Martinus
2568 5337 2818 5394 Polonus
2872 5333 3147 5390 laudavit.
3201 5337 3355 5392 Idem
3409 5340 3650 5411 scripsit.

1995 5424 2213 5480 librum
2243 5427 2316 5481 De
2343 5428 2698 5483 mamentis
2721 5426 2790 5480 ad
2825 5422 3144 5480 Galterium
3182 5426 3495 5483 Leonensis
3520 5446 3641 5482 mo-

1998 5513 2235 5579 nasterii
2270 5515 2562 5583 abbatem,
2587 5532 2758 5586 quem
2793 5513 2850 5567 in
2881 5511 3076 5568 codice
3108 5531 3216 5570 ms.
3246 5517 3644 5572 Ambrosianm

1999 5601 2358 5672 bibliothecae
2406 5603 2623 5660 invenit
2669 5601 3179 5660 Mabilloniuszad
3210 5623 3333 5661 rem
3383 5612 3644 5662 nostram

2001 5690 2190 5764 magis
2221 5695 2443 5763 spectat
2471 5691 2599 5762 ejus
2638 5689 2804 5746 liber.
2838 5691 2918 5748 De
2968 5694 3149 5766 gestis
3182 5694 3397 5752 Urbani
3427 5696 3644 5750 ibidem
