3970 6188
400 400 479 471 81
1718 403 1792 468 Β.
1836 400 2052 470 URBA

2275 400 2524 469 ΡΑΡιΕ.
3720 372 3815 468 6'2

403 538 786 610 memoratus,
820 554 996 613 quem
1024 537 1202 599 etiam
1231 537 1480 614 ipsemet
1507 538 1616 597 sub
1646 538 1824 595 ﬁnem
1854 537 2047 613 Epito-
2156 537 2514 607 laudandus,
2537 535 2716 612 quod,
2748 536 2838 594 uti
2870 532 3231 595 Trithemius
3272 500 3471 609 refert,
3491 532 3648 597 inter
3683 506 3815 617 epi-

402 645 532 688 mes
567 628 789 699 laudat,
819 628 915 687 his
945 630 1138 687 verbis
1180 647 1215 686 a
1262 628 1567 686 Lambecio
1617 627 1765 685 libro
1814 646 1877 698 Π,
1909 646 1959 685 c.
1990 629 2046 698 8,

399 717 602 777 relatis
629 736 642 776 :
678 719 885 777 Urbani
914 734 1036 775 vero
1059 719 1331 791 pontiﬁcis
1359 720 1478 772 acta
1527 719 1577 773 et
1623 716 1690 773 de
1734 719 1854 792 ejus
1881 719 2050 774 victo-

2157 626 2420 701 sc0pales
2450 645 2641 695 curas,
2670 627 2956 702 regularis
3001 626 3126 683 vita:
3160 626 3462 697 fervorem,
3487 645 3663 701 quem
3694 630 3812 688 sub

2155 716 2455 774 Wittelmo
2513 718 2722 773 abbate
2779 715 3099 789 Hirsaugiaa
3157 715 3455 785 hauserat,
3503 735 3811 791 nunquam

401 809 495 865 ria
520 810 572 863 si
593 808 717 880 quis
742 809 883 863 scire
923 807 1175 873 voluerit,
1209 806 1354 875 legat
1384 805 1589 861 librum
1634 823 1794 878 quem
1831 808 2052 879 scripsit
2157 804 2557 862 intermiserit.
2592 807 2646 861 Is
2685 805 3108 861 monasterium
3138 804 3555 879 Hirsaugiense
3600 808 3674 863 ab
3720 825 3817 864 eo-

402 897 467 953 in
494 898 789 969 Hugonem,
812 893 1168 951 cardinalem
1216 892 1439 950 scilicet
1484 894 1925 951 schismaticum
1955 912 2051 951 co-

402 987 721 1060 gnomento
765 982 1001 1051 Album,
1034 989 1087 1038 et
1113 982 1192 1037 ibi
1220 983 1459 1039 inveniet
1488 982 1559 1038 ad
1596 985 1823 1056 plenum
1849 984 2051 1041 diluci-

402 1074 535 1130 data
562 1087 687 1145 quae
712 1072 968 1128 voluerit.
1738 1116 1741 1119 .

469 1163 542 1217 At
569 1160 733 1218 istud
778 1177 927 1234 opus
974 1163 1077 1216 aut
1122 1158 1315 1232 periit,
1348 1165 1451 1217 aut
1488 1165 1640 1218 certe
1689 1161 2054 1237 incognitum

2160 896 2293 951 dem
2347 899 2548 951 sancto
2594 894 2805 950 abbate
2845 909 3044 950 recens
3096 898 3472 964 restructum,
3505 899 3560 952 et
3601 895 3815 953 cellam

2160 983 2690 1041 Bichenbacensem
2750 983 3098 1040 auctoritate
3156 982 3372 1040 Urbani
3420 986 3818 1056 consecravit;

2161 1073 2262 1129 sed
2295 1090 2405 1130 sua
2433 1073 2493 1128 in
2514 1072 2897 1130 defendendis
2919 1071 3188 1128 Ecclesiae
3210 1072 3407 1129 causis
3432 1075 3826 1148 magnanimi-

2160 1165 2255 1218 tas
2279 1166 2420 1218 tunc
2449 1162 2825 1236 potissimum
2855 1160 3085 1229 enituit,
3104 1162 3426 1241 occasione
3453 1162 3681 1220 Ottonis
3713 1181 3819 1220 cu-

401 1249 618 1308 alicubi
646 1249 816 1318 latet;
850 1249 1005 1306 sicut
1052 1253 1110 1305 et
1156 1248 1405 1321 dialogus
1453 1250 1749 1308 Gualfredi
1798 1252 2055 1326 episcOpi
2154 1250 2396 1322 jusdam
2428 1250 2487 1306 in
2528 1249 2875 1307 Alemannia
2902 1240 3156 1318 comitis,
3189 1266 3366 1322 quem
3397 1250 3469 1306 ob
3512 1251 3822 1324 publicum

401 1338 680 1398 Senensis
708 1338 775 1394 de
801 1342 1034 1410 utroque
1073 1339 1387 1410 apostolico,
1421 1339 1480 1394 in
1527 1356 1644 1412 quo
1674 1339 2055 1397 interlocuto-

402 1444 497 1485 res
527 1426 887 1501 producebat
918 1426 1220 1483 Urbanum
1269 1432 1326 1484 et
1372 1427 1738 1496 Guibertum,
1769 1434 1836 1485 ut
1862 1430 2058 1486 videre

402 1519 494 1574 est
530 1516 687 1589 apud
717 1514 1028 1589 Ughellum
1058 1520 1216 1572 tomo
1264 1516 1342 1572 III
1384 1516 1564 1573 Italia;
1613 1535 1809 1574 sacrae.
1842 1518 1953 1575 Sed
1984 1518 2059 1574 ad

405 1604 817 1662 schismaticos
848 1608 1230 1672 revertamur,
1247 1606 1349 1677 qui
1380 1622 1496 1660 non
1520 1605 1718 1663 minus
1746 1607 1805 1662 in
1826 1608 2061 1663 Germa-

405 1694 505 1751 nia
534 1709 713 1766 quam
743 1693 806 1748 in
835 1692 1002 1749 Italia
1031 1692 1365 1749 saeviebant.
1385 1693 1469 1749 Ibi
1495 1693 1650 1749 enim
1676 1695 1842 1767 Hugo
1864 1712 2058 1753 comes

406 1782 479 1839 de
497 1781 850 1855 Egensheim
870 1786 1146 1839 strenuus
1167 1780 1598 1838 Catholicorum
1621 1783 1910 1853 defensor,
1924 1800 2060 1841 cum

2164 1356 2299 1395 cum
2332 1354 2511 1397 uxore
2557 1340 2831 1397 Ludovici
2875 1339 3109 1395 comitis
3137 1355 3316 1411 quam
3340 1338 3566 1397 vivente
3610 1340 3825 1399 marito

2166 1428 2277 1485 sibi
2308 1429 2700 1502 copulaverat,
2732 1427 3086 1485 adulterium
3134 1429 3663 1485 excommunicavit
3685 1447 3699 1485 :
3722 1449 3826 1487 sa-

2166 1517 2242 1575 tis
2271 1518 2492 1591 quippe
2523 1534 2641 1575 non
2670 1517 2785 1574 fuit
2812 1534 2959 1574 novo
2987 1515 3070 1573 illi
3094 1517 3365 1590 Baptistae
3391 1517 3727 1575 adulterum
3747 1519 3830 1576 vi-

2166 1611 2397 1663 ventem
2437 1607 2727 1681 arguisse,
2760 1604 2875 1662 nisi
2925 1622 3061 1662 eum
3109 1623 3343 1679 quoque
3394 1611 3528 1678 post
3572 1613 3827 1687 mortem

2169 1712 2347 1768 quam
2396 1696 2773 1769 impaenitens
2818 1695 3159 1768 pertulerat,
3207 1694 3633 1767 insequeretur.
3677 1698 3828 1755 Cum

2168 1785 2324 1841 enim
2357 1786 2552 1842 Ottoni
2578 1786 2849 1841 Ludovici
2897 1784 3135 1852 milites,
3171 1785 3273 1857 qui
3321 1787 3554 1841 tantum
3596 1787 3828 1843 domini

403 1870 774 1972 Argentorati
804 1869 1518 1973 apudepiscopumnnib'il
1555 1871 1831 1928 diffidens
1862 1890 2054 1973 mora-
2086 1907 2136 1973 Β
2171 1874 2263 1930 sui
2295 1874 2548 1931 dedecus
2569 1874 2720 1973 ferre
2740 1890 2856 1929 non
2879 1876 3169 1946 poterant,
3192 1876 3377 1973 caput
3393 1877 3826 1973 amputassent,

405 1963 590 2030 retur,
614 1960 687 2017 ab
716 1959 847 2032 ejus
893 1957 1184 2015 ministris
1214 1958 1401 2032 pridie
1432 1960 1626 2016 Nonas
1674 1961 2057 2033 Septembris,

405 2052 474 2105 ut
513 2051 715 2106 narrat
756 2047 1082 2117 Bertoldus,
1124 2046 1324 2104 dolose
1370 2047 1757 2121 interemptus
1804 2053 1913 2106 est.
1944 2050 2063 2107 Hoc

405 2137 533 2211 ipso
568 2137 746 2195 etiam
772 2154 946 2205 anno,
978 2140 1045 2193 ut
1073 2136 1229 2193 idem
1275 2140 1477 2194 auctor
1506 2137 1697 2209 refert,
1730 2137 1935 2195 Petrus
1965 2138 2062 2195 Al-

404 2226 682 2284 banensis
711 2226 1042 2300 episcopus,
1075 2230 1458 2298 cognomento
1500 2225 1744 2300 lgnitus,
1774 2227 1833 2283 in
1866 2244 2060 2301 perse-

406 2314 658 2389 quendis
715 2314 1062 2372 Simoniacis
1119 2313 1632 2372 nominatissimus
1684 2315 1846 2387 obiit,
1890 2318 2060 2389 cujus

406 2403 754 2461 memoriam
783 2421 841 2460 v1
872 2404 1012 2460 Idus
1057 2402 1323 2460 Januarii
1369 2403 1606 2476 vulgata
1651 2404 2062 2479 Martyrologia

407 2491 725 2550 celebrant.
760 2493 973 2549 Eodem
1004 2509 1159 2548 anno
1188 2492 1283 2548 die
1311 2509 1369 2549 IV
1395 2493 1589 2549 Nonas
1610 2493 1768 2563 Maii,
1793 2498 1860 2549 ut
1886 2493 2064 2552 habet

409 2581 575 2656 Hugo
603 2581 1056 2638 Flaviniacensis
1081 2581 1264 2637 abbas
1292 2580 1352 2636 in
1374 2582 1657 2638 Chronico
1681 2582 2061 2657 Virdunensi,

411 2672 572 2727 tomo
602 2670 654 2727 II
684 2668 1053 2726 Bibliothecae
1091 2686 1251 2726 novaa
1289 2670 1634 2739 Labbeanze,
1663 2670 2059 2730 Theodoricus

410 2758 799 2817 Virdunensis
840 2759 1086 2815 antistes
1116 2774 1460 2832 supremum
1491 2759 1635 2816 obiit
1661 2759 1838 2832 diem,
1869 2760 2060 2819 Eccle-

409 2848 512 2906 sia
544 2848 819 2905 Romanis
865 2847 1274 2904 reconciliatus
1304 2864 1338 2904 a
1365 2848 1621 2905 Gerardo
1667 2854 1839 2907 antea
1865 2851 2056 2908 archi-

410 2937 676 3011 diacono,
706 2941 850 2994 tunc
880 2936 1168 2993 monacho
1200 2937 1397 2994 Sancti
1425 2937 1642 3007 Vitoni,
1674 2939 1769 2994 cui
1800 2940 2056 3012 pontifex

404 3026 940 3083 excommunicatos
970 3024 1306 3083 absolvendi
1335 3029 1681 3098 potestatem
1705 3028 2050 3099 contulerat,

2171 1978 2239 2019 ac
2268 1964 2398 2034 ejus
2429 1979 2641 2036 corpus
2674 1962 2733 2019 in
2777 1963 3034 2035 quodam
3063 1962 3417 2019 monasterio
3446 1963 3520 2019 ab
3567 1980 3632 2020 eo
3684 1981 3827 2024 con-

2171 2055 2395 2109 structo
2442 2052 2651 2110 fuisset
2699 2051 3026 2125 sepultum;
3063 2050 3209 2107 illud
3239 2050 3619 2109 Gebehardus
3646 2052 3826 2112 'foras

2171 2140 2376 2212 projici
2410 2141 2616 2214 jussit,
2654 2145 2830 2214 atque
2879 2139 3049 2211 asini,
3074 2144 3139 2196 ut
3165 2156 3234 2196 ex
3278 2126 3590 2213 Scriptura
3628 2143 3827 2201 verbis

2171 2230 2300 2302 (Jer.
2325 2247 2464 2298 XXII,
2500 2230 2610 2301 19),
2635 2230 2811 2286 refert
2838 2228 3169 2297 Bertoldus,
3192 2228 3496 2302 sepultura
3524 2230 3732 2287 donari
3766 2232 3827 2288 id

2170 2322 2261 2374 est
2288 2319 2511 2392 absque
2542 2317 2845 2392 sepultura
2873 2317 3087 2374 dimitti
3116 2335 3131 2374 :
3173 2319 3330 2391 quod
3375 2334 3575 2375 revera
3601 2320 3828 2377 factum

2171 2410 2279 2476 est,
2310 2412 2367 2463 et
2397 2408 2549 2464 bona
2576 2409 2705 2481 eius
2726 2425 2760 2463 a
2781 2407 3070 2465 militibus
3102 2405 3330 2480 direpta
3350 2405 3534 2475 fuere,
3556 2412 3622 2464 ut
3642 2406 3701 2464 in
3731 2426 3827 2479 eo,

2169 2494 2251 2550 ait
2280 2494 2435 2552 idem
2465 2501 2688 2565 auctor,
2718 2495 3157 2552 maledictiones
3186 2494 3483 2567 Prophetas
3514 2495 3574 2552 in
3601 2497 3827 2556 Judam

2169 2583 2531 2641 traditorem.
2565 2586 2628 2641 Et
2664 2585 2939 2658 diripiant
2986 2585 3161 2641 alieni
3216 2585 3425 2641 labores
3479 2586 3595 2658 ejus
3644 2588 3820 2661 (Psal.

2168 2687 2325 2739 cvm,
2358 2674 2445 2746 11)
2481 2673 2961 2747 adimplerentur.

2439 2762 2629 2819 XLVI.
2660 2765 2936 2820 Fiscamni
2962 2764 3234 2836 exemptio
3262 2760 3536 2834 ﬁrmatur.

2235 2849 2402 2907 Haud
2436 2851 2646 2908 minori
2675 2853 2870 2908 animo
2899 2850 3056 2908 sedis
3086 2850 3414 2925 apostolicae
3444 2852 3818 2925 majestatem

2161 2936 2475 2995 vindicavit
2520 2940 2578 2996 in
2627 2939 3054 2996 Northmannia
3099 2939 3224 3013 ipse
3272 2940 3562 2997 Urbanus.
3590 2941 3819 3016 Quippe

2160 3041 2294 3083 cum
2328 3028 2655 3086 Willelmus
2699 3028 3171 3102 archiepiscopus
3215 3028 3703 3104 Rothomagensis
3733 3034 3814 3088 ob

396 3118 467 3172 ut
506 3114 681 3189 paulo
727 3114 919 3172 fusius
967 3118 1167 3171 narrat
1213 3115 1559 3172 Laurentius
1607 3117 1678 3173 de
1729 3117 1942 3173 Leodio
1990 3119 2050 3175 in
2158 3114 2460 3173 sublatum
2509 3117 2773 3175 Ecclesiae
2818 3135 2935 3174 suae
2969 3135 3002 3174 a
3033 3118 3243 3175 comite
3273 3118 3524 3176 Roberto
3567 3120 3812 3176 Gisortii

394 3203 651 3262 Historia
679 3203 1091 3277 episcoporum
1119 3203 1603 3272 Virdunensium,
1621 3208 1781 3263 tomo
1800 3206 1899 3263 XII
1919 3207 2046 3280 Spi-

387 3291 580 3367 cilegii
609 3292 944 3351 Aeheriani.

2156 3204 2460 3279 oppidum,
2490 3209 2674 3263 totam
2726 3206 3211 3264 Northmanniam
3252 3207 3436 3264 sacris
3470 3207 3810 3265 interdixis-

2072 3273 2117 3341 (ἶ
2153 3299 2261 3363 set,
2286 3312 2353 3351 ac
2384 3296 2654 3353 monachi
2698 3295 3164 3363 Fiscamuenses,
3197 3296 3353 3369 quod
3383 3293 3493 3352 soli
3543 3296 3806 3354 Romano

690 3382 887 3438 XLIV.
918 3381 1198 3438 Mathildis
1230 3383 1525 3455 Welphoni
1565 3384 1744 3441 nubit.

2155 3384 2415 3455 pontifici
2442 3385 2689 3457 subjecti
2714 3388 2930 3451 essent,
2954 3383 3212 3440 ofﬁcium
3235 3383 3499 3440 divinum
3521 3383 3810 3441 intermit-

458 3470 730 3528 Urbanus
776 3469 1017 3537 interea,
1048 3473 1115 3527 ut
1160 3487 1307 3527 novo
1356 3471 1564 3528 robore
1609 3472 2042 3530 Catholicorum
2151 3477 2273 3529 tere
2326 3470 2674 3543 noluissent,
2706 3474 2793 3530 ab‘
2833 3472 3269 3546 archiepiscOpo
3316 3474 3809 3532 excommunicati

386 3562 584 3633 partes
609 3558 891 3630 ﬁrmaret,
922 3556 1107 3613 voluit
1135 3557 1479 3615 Mathildem
1510 3560 1897 3631 comitissam,
1930 3563 2041 3618 Go-
2152 3565 2310 3617 sunt.
2337 3563 2446 3618 Sed
2478 3579 2538 3619 re
2565 3563 2637 3618 ad
2688 3561 2989 3618 Urbanum
3020 3560 3234 3628 delata,
3267 3559 3365 3618 ille
3411 3559 3804 3635 archiepisco-

387 3645 598 3704 defridi
629 3645 797 3703 ducis
828 3644 1111 3713 relictam,
1140 3645 1453 3720 Welphoni
1496 3648 1736 3705 alterius
1765 3650 2041 3725 Welpho-
2150 3666 2290 3721 pum
2324 3650 2515 3723 ipsum
2558 3649 2720 3723 pallii
2766 3668 2880 3707 usu
2922 3649 3219 3707 interdixit
3252 3667 3266 3706 :
3300 3665 3474 3723 quem
3516 3666 3635 3707 non
3684 3652 3802 3709 nisi

387 3735 481 3792 nis
520 3735 689 3794 ducis
728 3735 977 3792 Bavariaa
1020 3734 1142 3792 ﬁlio
1187 3736 1399 3809 nuptui
1445 3738 1692 3807 tradere,
1738 3742 1891 3811 quod
1943 3759 2038 3798 re-
2147 3743 2280 3810 post
2307 3738 2526 3795 multas
2556 3756 2776 3811 preces,
2809 3743 2868 3795 et
2895 3739 3216 3813 legationes
3247 3743 3368 3795 tam
3420 3738 3493 3795 ab
3543 3739 3671 3812 ipso
3703 3757 3802 3797 ar-

385 3824 517 3899 ipsa
543 3824 655 3881 hoc
684 3841 836 3882 anno
865 3824 1082 3881 factum
1114 3824 1297 3883 fuisse
1342 3826 1525 3881 tradit
1562 3827 1892 3899 Bertoldus,
1925 3848 2033 3888 non
2146 3825 2533 3900 chiepiscopo,
2557 3846 2736 3900 quam
2758 3846 2793 3884 a
2811 3828 3023 3885 comite
3048 3828 3294 3884 Romam
3315 3820 3530 3884 missas
3550 3827 3602 3885 ei
3634 3830 3802 3886 resti-

382 3916 500 3970 tum
523 3929 626 3987 pro
661 3915 1084 3980 incontinentia,
1118 3930 1420 3991 nunquam
1460 3915 1615 3971 enim
1662 3916 2033 3978 matrimonio
2144 3916 2283 3984 tuit;
2307 3922 2365 3972 et
2394 3934 2467 3973 ne
2496 3918 2638 3990 quid
2679 3918 2739 3973 in
2780 3922 3080 3991 posterum
3109 3916 3302 3973 simile
3332 3916 3497 3973 ﬁeret
3526 3916 3795 3974 Ecclesiae

380 4002 475 4060 usi
506 4002 764 4072 fuerunt,
786 4006 854 4059 ut
881 4002 1037 4059 idem
1075 3990 1278 4059 auctor
1305 4003 1517 4059 asserit
1557 4004 1732 4077 paulo
1762 4006 2030 4079 inferius,
2142 4004 2573 4062 Fiscamnensis
2596 3990 2897 4080 privilegia
2912 4023 3057 4062 novo
3070 4004 3385 4078 diplomate
3401 4004 3792 4063 confirmavit.

380 4107 545 4165 quam
568 4107 671 4165 pro
697 4093 933 4149 Romani
953 4092 1229 4164 pontiﬁcis
1257 4091 1586 4160 obedientia,
1610 4101 1673 4149 ut
1698 4110 1889 4168 nempe
1910 4098 2027 4154 Ma-
2139 4092 2264 4149 Non
2297 4094 2533 4167 quidem
2562 4094 2731 4151 licuit
2752 4095 2968 4151 Urbani
2999 4094 3221 4151 litteras
3250 4093 3530 4162 invenire,
3553 4094 3655 4150 sed
3687 4112 3791 4152 su-

375 4178 576 4238 thildis
603 4181 824 4237 uirilius
846 4183 1053 4239 sanctae
1090 4182 1349 4238 Romanis
1380 4181 1631 4238 Ecclesiae
1664 4192 1854 4240 contra
1881 4187 2025 4244 schi-
2136 4187 2332 4253 perest
2358 4183 2485 4254 ejus
2539 4184 2622 4239 rei
2661 4183 2866 4239 notitia
2894 4184 2953 4238 in
2981 4185 3158 4240 veteri
3207 4184 3600 4239 instrumento
3648 4188 3792 4240 tunc

370 4270 626 4326 smaticos
654 4271 830 4341 posset
847 4268 1155 4325 subvenire.
1176 4267 1397 4325 Volunt
1424 4269 1691 4325 nonnulli
1722 4271 2022 4330 Urbanum
2134 4271 2433 4344 temporis,
2467 4272 2684 4345 scripta
2731 4290 2859 4346 quae
2891 4272 2949 4328 in
2982 4272 3320 4329 collectione
3369 4272 3540 4344 epist.
3574 4272 3785 4346 pontit‘.

369 4355 583 4414 harum
612 4357 956 4429 nuptiarum
986 4355 1290 4412 occasione
1341 4357 1524 4413 Senas
1554 4374 1744 4430 usque
1790 4360 1849 4416 in
1899 4364 2021 4419 Tu-
2130 4356 2357 4433 integra
2397 4360 2781 4417 exhibebitur.
2811 4363 2899 4416 An
2940 4377 3074 4417 vero
3106 4361 3177 4415 de
3224 4359 3332 4416 hac
3378 4359 3789 4423 interdictione

368 4445 553 4504 sciam
596 4461 960 4518 properasse,
997 4444 1096 4500 ubi
1126 4443 1468 4501 Mathildem
1515 4448 1853 4506 convenisse
1881 4451 2020 4507 dici—
2129 4447 2544 4523 intelligendus
2573 4448 2651 4506 sit
2680 4450 3003 4507 Eadmerus
3034 4449 3134 4505 lib.
3168 4466 3227 4505 ιν
3253 4448 3464 4504 Novor.
3497 4465 3674 4521 quam
3705 4448 3788 4507 le-

364 4538 484 4602 tur,
516 4533 672 4605 quod
704 4532 942 4605 quidem
973 4532 1322 4589 Bertholdus
1346 4532 1604 4602 reticuit;
1638 4536 1740 4592 sed
1769 4541 2019 4597 testatur
2125 4542 2319 4594 vatam
2352 4538 2532 4595 fuisse
2563 4538 2892 4596 interventu
2923 4537 3111 4596 sancti
3139 4536 3401 4595 Anselmi
3432 4537 3657 4608 scribit,
3679 4538 3786 4597 alii

364 4619 800 4677 Catholicorum
846 4620 1047 4678 hostes
1094 4620 1242 4677 nihil
1296 4621 1587 4693 omisisse,
1635 4628 1700 4680 ut
1745 4626 2018 4702 Welpho-
2053 4638 2096 4703 ι)
2126 4626 2396 4683 viderint.

362 4724 499 4807 nam
529 4707 900 4779 lacesserent.
929 4726 1105 4782 quem
1135 4715 1333 4807 εαξιξθῐι
1374 4710 1592 4770 frustra
1618 4715 1874 4787 impetere
1903 4726 2017 4774 ιεη-
2207 4732 2424 4789 XLVII.
2456 4733 2741 4791 Monachos
2770 4736 2926 4790 Becci
2953 4734 3099 4807 apud
3126 4734 3475 4791 Pontisaram
3503 4733 3696 4791 urbem

362 4806 614 4856 laverunt
639 4815 660 4855 .'
691 4814 872 4872 quare
911 4815 1069 4867 cum,
1100 4804 1166 4856 ut
1202 4799 1358 4857 idem
1390 4806 1593 4859 auctor
1619 4807 2012 4882 prosequitur,
2846 4799 3050 4862 tuetur.

357 4889 417 4947 ei
443 4888 697 4945 resistere
718 4903 831 4946 non
854 4897 1073 4960 possent
1100 4892 1315 4961 treugas
1334 4906 1501 4963 usque
1530 4894 1590 4947 in
1616 4894 1830 4951 Pascha
1856 4897 1926 4953 ab
1953 4915 2013 4955 eo
2193 4892 2395 4949 Eidem
2424 4891 2721 4950 Willelmo
2764 4894 3201 4968 archiepiscopo
3231 4892 3504 4951 Urbanus
3543 4893 3785 4967 scripsit

354 4993 456 5051 per
509 4979 879 5036 interventum
935 4978 1179 5050 conjugis
1234 4979 1351 5051 ejus
1404 4981 1856 5052 imploraverunt.
1898 4986 2011 5043 Nec
2122 4981 2275 5038 circa
2301 4980 2444 5037 illud
2469 4985 2702 5056 tempus
2730 4983 2789 5038 in
2814 4983 3064 5057 gratiam
3088 4982 3512 5040 monachorum
3535 4981 3785 5039 Beccen-

360 5064 530 5138 plura
558 5066 750 5140 potuit
779 5066 1085 5124 Henricus.
1108 5066 1188 5123 De
1206 5066 1463 5139 pradicto
1485 5071 1737 5143 conjugio
1766 5075 2012 5131 tristatus
2121 5070 2300 5134 sium,
2326 5070 2425 5142 qui
2457 5071 2515 5126 in
2550 5070 2807 5129 Ecclesia
2830 5072 3027 5129 Sancti
3051 5070 3202 5128 Petri
3224 5070 3380 5143 apud
3409 5070 3779 5128 Pontisaram

357 5154 785 5226 expeditionem
826 5155 887 5212 in
937 5156 1249 5212 Saxoniam
1297 5156 1540 5228 paravit,
1573 5176 1640 5214 ex
1672 5178 1789 5233 qua
1834 5163 2009 5234 paulo
2119 5160 2426 5233 degebant.
2454 5160 2570 5215 Hoc
2600 5161 3025 5218 Pontisarensis
3055 5159 3253 5233 oppidi
3284 5157 3510 5229 accolis,
3544 5161 3781 5216 canoni-

354 5244 489 5315 post
515 5242 715 5301 fractis
752 5244 975 5302 viribus
1022 5245 1141 5301 sine
1185 5244 1387 5301 honore
1440 5249 1650 5303 reverti
1700 5251 2009 5322 compulsus
2119 5249 2204 5305 eis
2234 5249 2431 5305 Sancti
2456 5249 2718 5307 Mellonis
2739 5249 3023 5322 adjuncti,
3046 5248 3357 5323 prohibere
3385 5246 3777 5323 conabantur,

354 5336 452 5387 est.
2118 5355 2191 5394 ne
2220 5337 2389 5411 signa
2416 5338 2491 5394 ad
2521 5337 2780 5395 officium
2801 5339 3065 5395 divinum
3092 5336 3415 5411 pulsarent.
3440 5334 3603 5402 Quod
3636 5338 3778 5395 irre-

698 5419 857 5476 XLV.
891 5422 1193 5480 Gebehardi
1221 5423 1465 5496 episcopi
1492 5424 1663 5479 zelus.
2116 5428 2373 5499 ligiosum
2390 5443 2502 5484 esse
2521 5444 2586 5483 ac
2602 5427 2968 5484 inhumanum
2990 5426 3333 5501 pronuntiat
3352 5424 3614 5499 pontifex
3624 5427 3778 5483 vult-

419 5506 662 5563 Interim
684 5507 1063 5568 Gebehardus
1085 5511 1433 5569 auctoritate
1452 5510 1761 5584 legationis
1778 5522 2007 5589 aposto-
2116 5533 2230 5589 que
2252 5520 2316 5572 ut
2336 5517 2612 5589 deinceps
2636 5517 2693 5573 id
2714 5517 2800 5573 eis
2820 5516 3071 5574 liberum
3093 5518 3171 5574 sit
3190 5533 3204 5573 :
3229 5514 3435 5572 litterae
3457 5514 3606 5571 datae
3628 5521 3778 5572 sunt

352 5595 497 5663 licie,
531 5612 649 5669 qua
692 5595 858 5653 initio
907 5598 1085 5670 hujus
1133 5602 1292 5670 anni,
1328 5605 1392 5656 ut
1439 5601 1716 5671 diximus,
1750 5604 2004 5664 donatus
2111 5609 2266 5661 trans
2300 5604 2532 5661 Tiberim
2562 5623 2623 5661 in
2652 5606 2923 5663 Kalendas
2959 5608 3209 5678 Augusti,
3243 5621 3391 5678 quas
3422 5603 3665 5677 proinde
3692 5605 3771 5662 ad

352 5684 561 5756 fuerat,
591 5685 857 5760 gnaviter
885 5687 1183 5758 utebatur;
1216 5706 1283 5747 eo
1311 5689 1487 5747 etiam
1536 5689 1705 5748 titulo
1752 5695 2002 5754 maxime
2112 5695 2271 5752 hunc
2301 5710 2527 5752 annum
2560 5697 2911 5754 revocandas
2941 5713 3068 5754 esse
3099 5693 3466 5767 conjicimus.
