3970 6188
157 282 257 383 ω,
1502 338 1537 393 _.
1771 286 1817 357 ν

1933 287 2009 355 ι..
3500 280 3605 395 84,

308 422 559 486 XLVIII.
591 422 961 499 Privilegium
988 421 1046 483 8.
1074 421 1263 485 Ponti:
1292 420 1681 485 Tomeriarum.

232 516 421 575 Paulo
433 520 569 574 ante
586 514 728 574 illud
750 516 1075 591 tempus,id
1087 519 1177 573 est
1201 514 1347 590 ipsis
1364 514 1639 574 Kalendis
1657 513 1819 585 Julii,

162 608 401 683 insigne
414 605 793 681 privilegium
813 607 1107 663 concessit
1127 605 1399 663 Urbanus
1422 605 1699 662 Frotardo
1720 604 1821 660 ab-

164 698 291 754 bati
310 697 513 754 Sancti
532 695 723 753 Pontii
743 694 1152 752 Tomeriarum
1174 695 1231 751 in
1255 694 1446 752 Gallia
1475 694 1821 751 Narbonem.

167 788 364 861 si,quo
391 786 594 842 locum
616 784 783 841 illum
813 801 848 840 a
867 784 1275 857 cujuscunque
1304 783 1561 858 episcopi
1573 781 1823 855 jurisdi-

164 878 354 934 ctione
396 874 624 943 eximit,
674 873 925 947 aliisque
978 871 1380 944 compluribus
1426 870 1823 946 praarogativis

169 968 457 1023 exornat:
505 962 655 1020 illud
697 962 981 1020 debemus
1030 960 1316 1018 beneflcio
1368 959 1684 1018 clarissimi
1713 958 1822 1015 viri

165 1054 453 1128 Stephani
474 1051 897 1125 Baluzii,atque
928 1050 1138 1107 ultima
1156 1054 1265 1120 est,
1284 1048 1395 1105 nisi
1421 1048 1608 1120 fallor,
1639 1047 1821 1114 bulla,

162 1146 221 1202 in
272 1161 397 1217 qua
441 1142 702 1199 Joannes
746 1141 1163 1215 praesignatoris
1211 1138 1427 1194 domini
1461 1152 1626 1211 papa?
1652 1136 1822 1193 titulo

164 1250 310 1290 usus
340 1235 457 1289 est.

160 1338 351 1396 XLIX.
389 1337 646 1397 Urbanus
668 1337 858 1394 scribit
914 1333 1383 1462 debrestauranda
1435 1334 1825 1390 Tarraconensi

922 1424 993 1462 ur
1026 1424 1073 1462 e.

922 1424 1073 1464 ανοε.

222 1499 485 1572 Scripsit
504 1514 741 1572 quoque
770 1496 973 1554 eadem
991 1496 1086 1553 die
1108 1494 1369 1569 pontifex
1398 1493 1471 1551 ad
1508 1492 1820 1550 Catalaniaz

152 1605 433 1665 proceres
444 1604 596 1662 quos
606 1587 681 1643 ad
694 1585 1083 1660 reparandam
1100 1585 1597 1641 Tarraconensem
1612 1583 1820 1639 urbem

154 1679 534 1745 adhortatur,
564 1680 629 1732 ut
644 1675 981 1750 praesidium
1004 1673 1082 1731 sit
1113 1675 1350 1729 firmum
1382 1672 1662 1729 adversus
1683 1673 1819 1730 Sar-

1852 422 1918 495 A,
1938 423 2031 496 lis,
2062 429 2171 486 sto.
2203 424 2368 487 Unde
2386 425 2588 488 mirari
2610 426 2772 488 subit
2799 428 3034 487 Petrum
3065 426 3479 486 Diaconumin
3507 424 3580 483 1i-

1930 517 2038 575 bro
2058 518 2140 575 De
2156 517 2298 576 viris
2318 518 2648 577 illustribus
2668 520 3004 577 Casinensis
3016 517 3355 576 monasterii
3377 516 3579 591 cap.31

1932 606 2207 665 laudasse
2226 610 2475 667 Leonem
2505 610 2821 682 quemdam
2854 608 3210 666 cardinalem
3243 606 3344 681 qui
3363 607 3585 680 scripsit

1931 712 2002 753 ea:
2024 700 2247 755 nomine
2287 699 2495 757 Urbani
2507 714 2671 771 papae
2691 700 3042 772 quamplura:
3073 698 3345 771 epistolas,
3379 704 3428 753 et
3454 697 3582 768 fecit

1934 789 2233 857 registrum
2273 790 2407 861 ejus.
2444 789 2504 844 In
2546 804 2719 860 quem
2771 786 2965 843 locum
2990 789 3210 853 Marus,
3224 791 3357 859 post
3387 803 3581 858 repre-

1934 876 2151 934 hensos
2182 877 2498 934 Baronium
2531 881 2586 934 et
2606 875 3275 949 Possevinum,aliosque
3288 880 3576 942 auctores,

1933 966 2034 1043 qui
2092 966 2251 1023 hunc
2306 967 2555 1024 Leonem
2609 983 2739 1022 cum
2806 966 2998 1021 Leone
3029 963 3377 1032 Marsicano,
3404 964 3578 1038 vulgo

1931 1055 2185 1112 Ostiensi
2210 1055 2389 1126 dicto,
2419 1053 2687 1112 Chronici
2713 1054 3048 1111 Casinensis
3082 1057 3337 1119 auctore,
3371 1054 3440 1110 de
3460 1069 3577 1125 quo

1930 1145 2136 1201 Petrus
2155 1145 2340 1219 capite
2362 1144 2708 1219 praecedenti
2740 1147 2957 1217 egerat,
2991 1143 3401 1209 confuderunt,
3436 1142 3574 1197 sub-

1924 1234 2125 1308 jungit
2144 1235 2394 1291 Leonem
2416 1234 2597 1291 istum
2629 1232 2961 1306 complures
2978 1231 3255 1305 epistolas
3286 1247 3577 1297 exarasse,

1931 1340 2001 1380 ex
2030 1324 2269 1397 quibus,
2302 1323 2515 1398 inquit,
2538 1322 2742 1397 viginti
2764 1322 2874 1380 sub
2904 1320 3123 1378 Urbani
3154 1318 3390 1376 nomine
3423 1319 3578 1392 apud

1931 1411 2167 1469 Binium
2198 1417 2357 1470 tomo
2386 1413 2488 1471 VII
2509 1410 2899 1470 Conciliorum
2941 1409 3108 1466 edita:
3140 1412 3297 1465 sunt.
3328 1410 3402 1464 At
3431 1412 3603 1465 nus-'

1930 1517 2108 1574 quam
2133 1502 2385 1576 reperire
2407 1500 2574 1557 licuit
2594 1500 2778 1557 ullam
2809 1499 2927 1555 sive
2950 1497 3169 1554 bullam
3208 1498 3326 1553 sive
3360 1497 3578 1570 episto-

1928 1591 2046 1647 lam
2095 1590 2332 1662 Urbani,
2381 1608 2509 1664 quae
2559 1608 2593 1647 a
2640 1591 2827 1647 Leone
2857 1588 3074 1662 scripta
3106 1586 3288 1644 fuisse
3327 1588 3578 1653 dicatur,

1929 1681 2055 1748 sed,
2074 1684 2140 1736 ut
2161 1680 2440 1747 diximus,
2470 1679 2782 1754 pleraeque,
2806 1678 2923 1734 imo
2948 1678 3066 1733 fere
3083 1693 3286 1733 omnes
3309 1676 3578 1732 aJoanne

154 1784 426 1835 racenos,
455 1770 517 1823 et
534 1766 593 1822 in
616 1782 686 1822 ea
702 1764 961 1821 cathedra
988 1762 1316 1837 episcopalis
1339 1761 1572 1818 restitui
1608 1761 1816 1834 possit.

1933 1768 2158 1860 scripta:
2182 1770 2448 1839 fuerunt;
2470 1769 2625 1842 quod
2648 1768 2861 1825 mirum
2879 1770 2968 1824 est
2987 1785 3022 1823 a
3046 1766 3237 1832 Petro,
3267 1764 3444 1822 etiam
3476 1763 3578 1821 ubi

155 1860 320 1915 Tunc
354 1852 692 1914 commissa
736 1856 861 1910 erat
882 1853 1010 1925 jam
1040 1870 1075 1908 a
1104 1850 1309 1907 multis
1348 1850 1520 1929 annis
1549 1850 1821 1923 episcopo
1850 1850 1899 1860 ”
1929 1858 2002 1915 de
2032 1857 2131 1915 illo
2153 1859 2380 1916 Joanne
2402 1858 2514 1915 sub
2536 1857 2747 1916 Gelasii
2773 1857 2822 1915 ΙΙ
2854 1854 3089 1913 nomine
3118 1855 3256 1929 egit,
3288 1853 3576 1911 omissum

152 1945 487 2005 Ausonensi
522 1960 665 2000 cura
692 1939 1145 2000 Tarraconensis
1192 1926 1507 2006 Ecclesiae,‘
1530 1936 1815 1996 exstincta

155 2036 211 2094 in
252 2053 326 2094 ea
372 2033 685 2108 provincia
731 2029 1158 2104 metropolitica
1199 2028 1505 2103 dignitate,
1564 2044 1693 2101 quae.
1745 2027 1817 2084 ad

155 2126 608 2183 Narbonensem
648 2118 1151 2193 archiepiscopum
1181 2118 1411 2174 decreto
1451 2115 1818 2189 comprovin-

154 2214 395 2271 cialium
429 2211 844 2287 episcoporum
877 2213 936 2266 et
966 2207 1315 2282 populorum
1348 2222 1639 2262 consensu
1654 2206 1820 2262 devo-

152 2304 275 2362 luta
309 2305 531 2360 fuerat.
586 2301 745 2358 Hanc
793 2315 928 2355 vero
976 2297 1407 2355 restitutionem
1440 2295 1815 2369 potissimum

151 2394 405 2468 urgebat
426 2378 820 2464 Berangerius
850 2385 1817 2459 Ausonensisepiscopus,sperans

150 2501 209 2540 se
228 2501 299 2540 eo
322 2486 505 2555 pacto
524 2480 599 2537 ad
622 2477 1054 2550 metropolitani
1088 2474 1437 2549 dignitatem
1454 2474 1609 2530 haud
1641 2473 1817 2530 dubie

147 2573 668 2646 perventurum,et
696 2568 935 2642 quidem
967 2566 1171 2622 eadem
1194 2580 1373 2620 causa
1402 2562 1524 2630 diu,
1545 2566 1610 2619 ut
1637 2566 1817 2620 testa-

146 2666 241 2719 tur
268 2662 403 2736 ipse
436 2658 721 2734 pontifex,
758 2656 952 2713 Romae
985 2656 1250 2711 moratus
1282 2656 1392 2720 est,
1430 2668 1564 2707 cum
1597 2651 1710 2708 huc
1741 2651 1813 2707 ad

146 2751 465 2808 invisenda
485 2743 1318 2822 apostolormlimina,suaque
1349 2740 1635 2813 obsequia
1670 2756 1814 2797 novo
1872 2745 1878 2751 ’

148 2837 415 2913 pontiﬁci
435 2835 758 2905 reddenda,
788 2833 971 2907 hujus
987 2830 1126 2888 anni
1146 2830 1341 2899 initio,
1373 2833 1473 2885 aut
1493 2829 1602 2886 sub
1637 2829 1813 2885 ﬁnem

150 2926 547 3002 pmcedentis
558 2923 920 2983 accessisset.
943 2922 1102 2978 Datae
1116 2923 1255 2976 sunt
1269 2918 1353 2975 hae
1373 2917 1580 2975 litterae
1595 2918 1810 2988 Romae,

150 3017 438 3075 Kalendis
454 3013 599 3071 Julii
620 3013 731 3070 hoc
754 3006 1387 3068 anno.Tarraconensis
1406 3011 1603 3065 tamen
1624 3006 1813 3064 Eccle-

152 3106 235 3164 sia
266 3103 517 3163 nonnisi
540 3102 777 3160 biennio
808 3103 1028 3175 postea,
1062 3102 1128 3155 ut
1156 3097 1433 3167 ditemus,
1465 3095 1809 3170 dignitatem

154 3212 321 3252 suam
350 3189 744 3266 recuperavit.

447 3282 509 3338 L.
526 3278 1033 3338 Joannesdiaconus
1055 3276 1118 3349 ﬁt
1139 3274 1526 3331 cancellarius.

214 3374 408 3430 Porro
422 3370 632 3427 litteras
650 3385 802 3442 quas
838 3365 1220 3423 eaoccasione
1252 3362 1526 3421 Urbanus
1557 3361 1812 3436 scripsit,

155 3463 296 3518 datae
329 3461 620 3518 dicuntur
650 3473 753 3531 per
797 3471 995 3511 manus
1034 3454 1263 3511 Joannis
1303 3459 1512 3509 sanctw
1552 3453 1815 3509 Romana:

152 3552 413 3609 Ecclesiae
430 3548 655 3604 diaconi
671 3545 975 3602 cardinalis
1004 3551 1057 3598 et
1073 3541 1416 3605 cancellarii,
1451 3556 1586 3596 cum
1619 3544 1810 3608 antea,

152 3647 209 3697 ut
236 3640 530 3705 diximus,
575 3637 830 3693 Ioannes
872 3631 1290 3705 praesignatoris
1337 3629 1556 3685 domini
1605 3629 1814 3687 Urbani

150 3729 395 3787 titulum
427 3741 665 3799 semper
693 3721 1064 3781 adhibuisset
1109 3737 1123 3776 :
1156 3718 1311 3775 unde
1357 3716 1567 3790 conjici
1595 3721 1809 3790 potest,

148 3836 279 3877 eum
311 3823 463 3875 tunc
495 3813 756 3889 primum
790 3812 1065 3868 Romanis
1095 3804 1706 3864 Ecelesizecancellarii
1729 3806 1813 3863 di-

145 3908 436 3983 gnitatem
469 3901 819 3961 obtinuisse.
834 3899 998 3956 Certe
1026 3895 1351 3954 Pandulfus
1385 3894 1442 3950 in
1476 3893 1609 3983 Vita
1641 3894 1809 3951 Gela-

147 3982 287 4069 siill
308 3994 441 4069 (qui
461 3999 552 4050 est
572 3992 696 4066 ipse
722 3988 999 4061 Joannes)
1013 3986 1430 4043 observateum
1452 3982 1527 4040 ab
1553 3983 1808 4052 Urbano,

150 4066 637 4160 qiiituncRomte
676 4078 831 4135 inter
851 4077 1000 4133 duos
1022 4078 1229 4148 pontes
1272 4073 1331 4129 in
1372 4073 1608 4146 magnis
1630 4090 1814 4146 angu-

150 4151 281 4232 etiis
321 4151 683 4247 cdiifsﬁtutus
730 4168 1093 4233 morabatur,
1148 4160 1571 4219 cancellarium
1630 4162 1817 4219 fuisse

150 4242 521 4328 institutum,
554 4257 911 4333 proindeque
949 4272 1066 4310 non
1099 4253 1160 4308 in
1191 4249 1496 4307 Casinensi
1521 4258 1815 4307 monaste-

156 4338 522 4425 rio,quando
554 4336 812 4422 primum
834 4346 890 4401 in
913 4342 1207 4419 pontiﬁcis
1226 4341 1571 4397 comitatum
1593 4357 1818 4397 assum-

156 4447 291 4516 ptus
322 4439 457 4507 fuit,
478 4434 819 4509 autreliquo
838 4439 1126 4507 tempore,
1159 4430 1313 4503 quod
1346 4428 1405 4485 in
1436 4428 1616 4485 variis
1645 4428 1816 4485 itine-

1927 1947 2130 2005 fuisse.
3418 1979 3430 1997 ι
3452 1983 3463 2005 τ

2002 2037 2090 2094 LI.
2114 2038 2377 2095 Rainaldi
2404 2037 2803 2110 archiepiscopi
2830 2035 3105 2093 Bernensis
3126 2036 3230 2091 iter
3255 2035 3500 2090 Romam.
3542 2040 3559 2051 ’

1998 2125 2162 2183 Circa
2190 2127 2449 2184 medium
2501 2126 2682 2199 hujus
2713 2125 2850 2182 anni
2891 2123 3228 2198 Raynaldus
3254 2124 3573 2180 Remorum

1927 2215 2172 2273 antistes
2207 2216 2453 2272 Romam
2476 2216 2707 2271 advenit
2728 2216 2800 2271 ab
2822 2214 3055 2272 Urbano
3077 2213 3380 2281 invitatus,
3415 2211 3571 2286 quod

1924 2303 2035 2361 iter
2081 2309 2214 2361 ante
2254 2305 2389 2362 Maii
2436 2306 2611 2361 ﬁnem
2661 2321 2795 2361 eum
2838 2302 3149 2375 incmpisse
3181 2301 3476 2375 colligitur
3504 2318 3573 2358 ex

1924 2392 2084 2450 illius
2095 2394 2365 2450 chartain
2387 2393 2636 2470 gratiam
2660 2392 3080 2450 monachorum
3094 2390 3573 2465 Remigianorum

1924 2483 2061 2540 data
2101 2483 2212 2540 hoc
2250 2501 2403 2541 anno
2445 2484 2604 2549 1089,
2637 2481 2958 2538 indictione
2986 2497 3084 2547 xu,
3118 2477 3369 2552 Philippi
3393 2479 3572 2534 Fran-

1923 2587 2126 2628 corum
2158 2572 2310 2645 regis
2355 2574 2445 2641 30,
2479 2571 2837 2647 proindeque
2867 2572 3000 2627 ante
3032 2569 3186 2625 diem
3223 2566 3569 2649 vicesimum

1920 2661 2160 2719 tertium
2210 2661 2364 2719 Maii.
2396 2662 2543 2719 Nam
2576 2662 2685 2718 hoc
2716 2660 2843 2735 ipso
2888 2659 2983 2716 die
3016 2658 3321 2732 Philippus
3345 2656 3570 2714 tricesi-

1921 2765 2086 2807 mum
2118 2751 2280 2825 regni
2303 2751 2393 2808 sui
2416 2767 2636 2807 annum
2660 2749 2922 2823 incmpit,
2956 2750 3331 2804 consecratus
3370 2745 3570 2803 Remis

1920 2843 2055 2896 ante
2083 2839 2173 2895 sui
2224 2840 2409 2913 patris
2441 2839 2690 2907 obitum,
2723 2839 2818 2895 die
2847 2854 3013 2895 sacro
3043 2837 3430 2905 Pentecostes,
3463 2853 3566 2892 an-

1920 2928 2175 2985 n01059.
2211 2930 2275 2985 In
2296 2927 2400 2985 illa
2431 2933 2627 2985 autem
2665 2928 2885 2995 charta,
2918 2943 3096 2999 quam
3132 2923 3415 2981 Marlotus
3444 2925 3566 2980 edi-

1919 3014 2005 3072 dit
2031 3021 2190 3074 tomo
2238 3016 2282 3074 Il
2330 3016 2666 3090 Metropolis
2710 3014 3041 3082 Remensis,
3070 3008 3221 3071 libro
3252 3030 3447 3086 u,cap.
3481 3014 3513 3069 4
3548 3031 3563 3071 :

1918 3105 2235 3163 Rainaldus
2250 3123 2376 3163 cum
2396 3123 2465 3163 ea:
2477 3108 2745 3180 petitione
2763 3105 2977 3162 domini
2980 3119 3140 3177 papw
3167 3103 3375 3161 Urbani
3410 3118 3567 3176 apos-

1841 3163 1886 3231 C
1921 3196 2183 3252 stolarum
2230 3196 2427 3252 limina
2463 3197 2864 3266 Ecclesiamque
2884 3190 3185 3250 Romanam
3204 3192 3426 3249 visitare
3454 3192 3572 3262 agi-

1920 3283 2254 3357 grederetur,
2304 3288 2432 3340 ante
2480 3300 2675 3357 corpus
2734 3283 3039 3339 beatissimi
3082 3285 3135 3337 et
3187 3281 3576 3351 gloriosissimi

1915 3375 2142 3446 patroni
2172 3372 2265 3429 sui
2288 3374 2529 3444 Remegii
2546 3374 2794 3428 oratione
2822 3371 2988 3442 facta,
3022 3371 3086 3424 in
3114 3369 3413 3440 capitulum
3444 3383 3575 3441 per-

1922 3462 2071 3520 rexit
2112 3462 2178 3518 de
2226 3479 2331 3518 suo
2380 3463 2577 3518 itinere
2597 3461 2899 3525 locuturus,
2932 3458 3131 3531 ibique
3163 3457 3336 3513 altare
3363 3456 3430 3512 de
3458 3458 3573 3512 vico

1919 3553 2098 3608 sancti
2118 3553 2354 3622 Remigii
2374 3550 2568 3607 abbati
2600 3549 2847 3606 Henrico
2888 3547 3111 3620 totique
3159 3544 3570 3602 archicmuobii

1923 3638 2250 3713 Remigiani
2297 3638 2732 3713 congregationi
2785 3635 3096 3694 concessit.
3147 3640 3290 3690 Cum
3319 3651 3473 3703 vero,
3508 3638 3575 3690 ut

1924 3728 2231 3785 Bertoldus
2252 3729 2446 3798 refert,
2478 3727 2750 3785 Urbanus
2770 3726 2881 3783 hoc
2904 3743 3056 3782 anno
3077 3724 3303 3780 litteras
3322 3723 3575 3796 Philippi

1924 3818 2066 3890 regis
2092 3816 2427 3874 Francorum
2460 3816 2700 3873 debitam
2718 3815 3108 3887 subiectionem
3138 3814 3191 3868 ei
3204 3812 3572 3885 promittentis

1920 3908 2238 3979 susceperit,
2269 3903 2585 3961 verisimile
2607 3908 2695 3959 est
2708 3920 2807 3959 eas
2829 3920 2863 3959 a
2884 3901 3184 3975 Raynaldo
3207 3899 3389 3957 fuisse
3411 3898 3571 3957 dela-

1921 4000 2035 4052 tas.
2069 3994 2204 4051 Erat
2223 3993 2402 4064 enim,
2435 3998 2500 4049 ut
2543 3993 2667 4066 ipse
2689 3990 2946 4066 pontifex
2976 3989 3035 4045 in
3053 3988 3309 4062 quadam
3327 3988 3573 4061 epistola

1923 4088 2193 4153 testatur,
2226 4080 2494 4155 Philippo
2545 4079 3012 4154 acceptissimus.
3060 4077 3231 4134 Forte
3277 4075 3569 4149 reliquum

1925 4173 2105 4245 hujus
2122 4171 2257 4227 anni
2282 4171 2469 4244 exegit
2491 4171 2686 4227 Romae
2711 4185 2899 4236 :nam,
2925 4170 2989 4224 ut
3017 4164 3262 4221 inferius
3284 4164 3568 4234 dicemus,

1926 4260 2359 4335 amplissimum
2377 4257 2742 4334 privilegium
2765 4258 2838 4314 ab
2859 4256 3092 4313 Urbano
3115 4254 3415 4327 subhujus
3432 4253 3571 4310 anni

1928 4351 2104 4406 finem
2139 4349 2379 4422 accepit.

2321 4438 2436 4494 Lll.
2474 4439 2592 4493 Par
2631 4454 2756 4492 cum
2787 4435 2990 4493 Graecis
3020 4436 3181 4490 inita.

152 4531 320 4589 ribus
340 4529 404 4586 in
421 4527 643 4601 quibus
664 4522 931 4599 pontifici
962 4518 1231 4588 adhaesit,
1255 4521 1524 4576 exactum
1547 4523 1655 4575 est.
1688 4517 1818 4575 H330
1847 4532 1896 4597 D
1996 4527 2264 4600 Aliquam
2286 4524 2461 4583 etiam
2478 4527 2630 4582 inter
2643 4526 2871 4582 Graecos
2887 4523 3191 4581 etLatinos
3205 4521 3575 4579 concordiam
3602 4516 3607 4521 ’

153 4626 296 4677 sunt
344 4614 618 4674 Pandultl
660 4614 837 4672 verba
879 4614 1013 4685 post
1060 4613 1362 4665 enarratas
1432 4606 1817 4678 calamitates,

154 4724 306 4783 quas
326 4705 529 4764 Roma
550 4702 810 4778 pontifex
827 4701 939 4758 sub
962 4700 1139 4755 ﬁnem
1169 4695 1309 4753 anni
1334 4692 1736 4770 praecedentis,
1761 4701 1819 4752 et

157 4797 343 4869 hujus
378 4793 547 4851 initio
585 4789 922 4867 pertulerat.
958 4790 1104 4845 Tunc
1126 4803 1277 4859 papa
1304 4785 1741 4842 litteratissimus
1769 4793 1823 4843 et

158 4884 431 4960 facundus
446 4885 681 4956 fratrem
698 4883 964 4939 Joannem
1002 4878 1185 4933 virum
1214 4876 1401 4949 utique
1428 4875 1729 4947 sapientem
1756 4892 1821 4931 ac

155 4973 453 5049 providum
480 4974 743 5040 sentiens,
766 4967 1062 5033 ordinavit,
1096 4964 1359 5029 admovit,
1391 4979 1661 5036 suumque
1686 4980 1818 5020 can-

160 5063 461 5122 cellarium
504 5079 575 5119 ea:
621 5061 821 5116 intima
862 5056 1253 5113 deliberatione
1278 5053 1611 5108 constituit:
1636 5061 1699 5109 ut
1720 5071 1822 5126 per

160 5154 533 5227 eloquentiam
571 5151 682 5207 sibi
727 5167 761 5206 a
798 5148 1026 5205 Domino
1056 5144 1337 5211 traditam,
1369 5142 1592 5215 antiqui
1621 5143 1820 5215 leporis

163 5241 524 5311 detegantiz
540 5239 766 5312 stylum,
801 5239 863 5292 in
906 5233 1029 5291 sede
1048 5231 1344 5305 apostolica
1381 5229 1507 5301 jam
1537 5245 1677 5301 pene
1706 5246 1822 5286 om-

163 5348 291 5389 nem
351 5328 722 5403 deperditum,
766 5327 954 5382 sancto
999 5322 1237 5379 dictante
1304 5318 1538 5391 Spiritu,
1589 5319 1823 5377 Joannes

164 5423 265 5480 Dei
308 5420 497 5493 gratia
538 5417 888 5490 reformaret,
942 5429 1005 5469 ac
1048 5408 1360 5468 Leoninum
1386 5422 1610 5462 cursum
1639 5406 1824 5465 lucida

162 5506 757 5567 velocitatereduceret.
791 5504 861 5560 Et
896 5500 1135 5576 quidem
1168 5513 1378 5555 omnes
1396 5495 1576 5553 ferme
1607 5496 1823 5557 Urbani

161 5597 338 5658 bullis
361 5596 514 5655 data
540 5598 681 5654 sunt
713 5610 812 5668 per
858 5607 1055 5649 manus
1075 5588 1301 5647 Joannis
1324 5585 1547 5644 diaconi
1564 5588 1822 5648 cardina-

1928 4617 2131 4673 eodem
2152 4620 2412 4688 tempore
2434 4615 2640 4671 initam
2657 4614 2838 4671 fuisse
2850 4611 3041 4686 colligi
3063 4615 3253 4686 potest
3277 4628 3345 4667 ex
3357 4610 3574 4667 Bertol-

1927 4705 2127 4778 do,qui
2159 4705 2336 4761 refert
2380 4703 2680 4761 Urbanum
2727 4719 2829 4775 per
2859 4700 3234 4774 suoslegatos
3256 4698 3576 4757 absolvisse

1928 4794 2340 4867 imperatorem
2360 4789 3073 4864 Constantinopolitanum
3087 4790 3159 4845 ab
3175 4788 3573 4845 excommuni-

1927 4884 2173 4941 catione.
2199 4882 2253 4939 Is
2275 4886 2398 4939 erat
2418 4881 2656 4938 Alexius
2676 4885 3026 4947 Comnenus,
3063 4877 3163 4951 qui
3187 4894 3339 4934 anno
3361 4893 3575 4949 praece-

1928 4972 2109 5039 denti,
2146 4976 2210 5028 ut
2229 4988 2298 5028 ex
2327 4971 2613 5027 Gaufredo
2658 4968 2968 5026 Malaterra
2994 4966 3273 5031 vidimus,
3297 4964 3433 5037 §29,
3465 4963 3571 5019 Ur-

1928 5062 2149 5117 banum
2208 5058 2772 5133 Constantinopolim
2815 5057 3178 5123 invitaverat,
3231 5057 3296 5109 ut
3342 5053 3573 5109 concilio

1927 5154 2272 5222 congregato,
2306 5149 2604 5223 disputatio
2651 5149 2796 5204 inter
2824 5147 3036 5204 Graecos
3063 5148 3116 5200 et
3150 5143 3369 5198 Latinos
3398 5142 3570 5213 ﬁeret,
3604 5146 3608 5151 ’

1927 5239 2114 5294 dicens
2155 5255 2211 5294 se
2254 5239 2487 5295 libenter
2529 5238 2853 5294 discussioni
2878 5234 3163 5291 catholicae
3201 5248 3570 5287 assensurum.

1933 5326 2095 5385 Unde
2114 5345 2247 5385 vero
2269 5326 2462 5385 simile
2481 5331 2590 5397 est,
2623 5326 2778 5400 quod
2800 5324 2909 5381 etsi
2942 5323 3000 5379 id
3032 5323 3105 5379 ob
3127 5326 3458 5394 temporum
3473 5319 3578 5376 dif-
3604 5326 3609 5331 '

1933 5415 2223 5474 ﬁcultates
2243 5434 2349 5491 per
2368 5416 2627 5491 seipsum
2654 5418 2929 5487 praestare
2956 5428 3072 5468 non
3113 5408 3370 5486 potuerit
3394 5409 3576 5466 Urba-

1932 5523 2068 5574 nus,
2118 5523 2258 5563 suos
2311 5511 2510 5564 tamen
2540 5505 2764 5580 legatos
2792 5502 2851 5559 in
2879 5502 3159 5560 Grmciam
3195 5500 3443 5569 miserit,
3478 5497 3579 5571 qui

1934 5593 2087 5653 hanc
2108 5594 2578 5671 qualemcunque
2598 5607 2801 5669 pacem
2816 5592 3240 5649 interLatinam
3255 5593 3579 5646 etGraecam
