4000 6178
357 389 446 472 σε

1659 387 1730 452 s.
1775 383 2070 490 unum
2111 353 2184 453 η’
2208 385 2464 454 psmn.
3686 351 3795 455 53‘

350 525 675 600 Ecclesiam
705 525 1156 601 composuerint,
1191 527 1334 584 forte
1367 525 1598 598 utrique
1627 523 1783 597 genti
1815 539 1992 580 suum
2023 523 2082 592 Α
2109 526 2454 584 translatam
2501 523 2698 584 fuisse.
2751 525 2854 584 Hic
2901 524 3121 602 quippe
3164 528 3368 586 auctor
3399 524 3456 586 in
3491 525 3750 588 Historia

354 617 535 684 ritum
552 618 973 692 permittendo:
997 635 1154 682 nam,
1172 619 1243 672 de
1277 614 1541 672 fermenti
1567 631 1677 670 usu
1703 613 1759 668 in
1784 613 1996 672 eucha-

354 709 524 772 ristia
540 706 913 783 potissimum
936 708 1234 781 agebatur,
1254 706 1435 760 donec
1449 702 1671 776 aliquid
1691 703 1918 762 ﬁrmius
1939 704 2000 759 in

360 797 605 856 concilio
647 796 900 871 generali
932 797 1357 852 decerneretur.
1913 848 1915 850 ,

359 905 500 964 LIII.
549 905 622 961 De
662 919 806 977 pace»
843 900 1216 977 agiturinter
1257 899 1474 955 Roberti
1523 899 1814 977 _Guiscardi
1859 901 2024 970 ﬁlios

751 974 818 1029 ab
851 971 1057 1030 Urbani
1093 972 1266 1043 legato
1295 973 1608 1043 composita.

431 1065 635 1120 Pacem
669 1078 844 1136 quam
877 1060 1147 1118 Urbanus
1165 1077 1268 1132 per
1287 1059 1545 1132 legatum
1563 1077 1738 1118 suum
1765 1077 2000 1134 compo-

359 1153 550 1213 suisse
570 1150 782 1210 dieitur
796 1149 905 1208 hoc
926 1167 1078 1206 anno
1097 1149 1247 1205 inter
1263 1149 1577 1223 Rogerium
1607 1154 1664 1206 et
1710 1151 2002 1205 Boamun-

356 1243 499 1314 dum
532 1240 764 1297 Roberti
797 1239 1103 1296 Guiscardi
1135 1239 1307 1306 filios,
1341 1239 1442 1311 qui
1465 1240 1536 1295 ob
1561 1243 1861 1310 paternam
1891 1239 2005 1294 hae-

355 1331 666 1401 reditatem
713 1329 865 1386 inter
909 1345 971 1383 se
1018 1327 1402 1391 dissidebant,
1437 1332 1500 1382 ut
1547 1332 1744 1382 narrat
1776 1328 2002 1386 Roccus

356 1420 617 1492 Pyrrhus
635 1423 792 1480 torno
842 1416 1142 1475 IIISicilice
1175 1433 1350 1472 sacrm
1381 1416 1442 1472 in
1461 1417 1666 1474 notitia
1685 1433 1881 1488 Viquzn
1915 1419 2004 1474 est

356 1512 430 1566 de
441 1507 700 1568 Ecclesia
715 1505 1055 1566 Mazarensi.
1090 1506 1144 1561 Is
1157 1510 1357 1562 auctor
1370 1505 1584 1578 profert
1609 1505 2001 1579 fragmentum

354 1598 496 1668 libri
539 1597 819 1655 tricesimi
873 1594 1252 1652 historiarum
1301 1594 1506 1652 Leonis
1577 1594 1885 1654 Marsicani
1932 1595 2002 1650 de

354 1687 633 1763 Gregorio
659 1685 758 1743 VII
788 1691 845 1742 et
863 1685 1094 1741 Urbano
1117 1684 1184 1750 II,
1219 1684 1278 1738 in
1303 1701 1420 1757 quo
1451 1684 1629 1754 hujus
1652 1683 1879 1738 dissidii
1911 1683 2001 1738 hi-

357 1777 539 1842 storia
550 1779 925 1834 memoratur.
959 1777 1032 1830 At
1051 1773 1193 1829 illud
1211 1774 1416 1832 Leonis
1434 1791 1582 1846 opus
1604 1772 1871 1846 ignotum
1889 1777 1999 1839 est,

357 1866 492 1936 nisi,
527 1866 683 1940 quod
697 1866 934 1937 quidem
953 1881 1154 1920 verum
1175 1863 1464 1932 existimo,
1481 1863 1558 1919 sit
1575 1865 1812 1920 Historia
1838 1879 1997 1934 pere-
2035 1895 2083 1960 Β

358 1959 650 2029 grinorum
695 1971 873 2028 quam
916 1954 1120 2009 Petrus
1160 1952 1450 2008 Diaeonus
1482 1951 1630 2007 libro
1662 1969 1724 2007 III
1757 1951 1836 2007 De
1869 1952 2006 2009 viris

359 2046 698 2108 illustribus
722 2043 1063 2102 monasterii
1094 2041 1450 2105 Casinensis,
1484 2040 1670 2112 capite
1699 2043 1788 2108 38,
1816 2041 2006 2104 eidem

361 2136 535 2206 Leoni
560 2133 766 2192 tribuit
801 2149 814 2188 :
849 2133 904 2190 in
925 2149 992 2187 ea
1016 2131 1232 2204 quippe
1263 2131 1458 2203 agitur
1479 2131 1549 2186 de
1572 2129 1673 2188 illa
1697 2147 1834 2202 pace
1856 2130 2010 2186 inter

364 2223 599 2294 Roberti
634 2221 786 2280 filios
829 2221 989 2279 inita.
1037 2221 1106 2280 Et
1153 2219 1390 2294 quidem
1442 2220 1542 2306 isti
1578 2221 1863 2292 peregrini
1892 2237 2007 2276 non

360 2314 635 2383 videntur
671 2310 768 2370 alii
813 2327 942 2368 esse
971 2312 1044 2366 ab
1093 2310 1166 2366 iis
1197 2310 1297 2384 qui
1330 2315 1460 2380 post
1480 2309 1790 2366 concilium
1814 2308 2008 2364 Claro-

363 2401 781 2459 montanumin
803 2399 1096 2456 Orientem
1116 2398 1354 2470 profecti
1377 2402 1515 2454 sunt
1535 2398 1606 2453 ad
1625 2414 1822 2459 sacras
1847 2413 2010 2470 expe-

362 2491 636 2557 ditiones,
672 2504 742 2545 ex
770 2490 985 2563 quibus
1009 2487 1415 2546 fuitHenricus
1440 2486 1760 2543 monachus
1784 2486 2011 2543 ordinis

359 2572 716 2637 Benedictini
740 2579 811 2634 ad
827 2577 976 2636 hanc
999 2577 1149 2634 inter
1163 2577 1371 2634 fratres
1385 2576 1757 2632 concordiam
1781 2592 2015 2650 compo-

359 2669 615 2725 nendam
661 2667 733 2722 ab
782 2665 1012 2723 Urbano
1045 2664 1290 2736 legatus,
1324 2664 1422 2737 qui
1457 2665 1841 2736 postmodum
1877 2681 2011 2720 cum

361 2755 700 2818 Boamundo
730 2757 802 2812 ad
830 2754 1050 2810 bellum
1083 2772 1315 2812 sacrum
1350 2754 1666 2827 profectus,
1702 2755 1894 2810 factus
1926 2757 2016 2810 est

362 2847 591 2920 primus
621 2862 690 2906 ex
720 2842 942 2904 Latinis
990 2843 1390 2902 Antiochenus
1443 2844 1699 2916 patriarc
1733 2843 2014 2916 ha;cujus

365 2937 427 2992 in
452 2935 561 2992 hac
578 2933 939 3008 expeditione
962 2936 1090 2989 acta
1124 2933 1235 2988 Leo
1249 2933 1346 3005 qui
1364 2933 1553 2988 fuerat
1567 2934 1695 3003 ejus
1717 2933 2013 3000 educator,

368 3020 1403 3097 inlaudatofragmentopotissimum
1419 3026 1635 3082 narrat.
1669 3021 1762 3078 Sic
1794 3025 2012 3088 autem,

372 3117 505 3188 post
522 3113 710 3171 multa
727 3111 968 3171 deillius
990 3111 1330 3185 parentibus
1352 3111 2015 3184 praemissa,sermonem

371 3194 748 3277 prosequitur
797 3217 812 3258 :

2110 616 2460 673 inventionis
2483 617 2668 673 sancti
2687 618 2886 673 Sabini
2910 618 2980 674 de
3009 617 3144 674 Eliae
3167 618 3594 692 archiepiscopi
3618 636 3754 676 con-

2111 706 2432 763 secratione
2446 723 2626 778 agens
2639 706 2739 774 ait,
2764 706 2950 763 Eliam
2973 707 3030 762 in
3046 708 3358 788 Barensqm
3377 708 3766 782 archiepisco-

2112 814 2253 869 pum
2274 798 2552 852 voluntate
2577 802 2630 852 et
2655 813 2919 853 consensu
2948 799 3170 868 Rogerii
3195 798 3348 853 ducis
3401 797 3762 871 proindeque

2111 887 2241 958 ejus
2260 885 2368 941 loci
2391 885 2635 954 domini,
2659 886 2838 942 fuisse
2855 887 3122 944 electum.
3157 887 3307 943 Tum
3324 887 3630 961 subjungit
3650 887 3761 943 Ur-

2111 977 2332 1031 banum
2356 976 2698 1048 papam,qui
2726 993 2792 1032 eo
2818 980 3078 1049 tempore
3107 977 3398 1050 synodum
3425 978 3581 1049 apud
3613 976 3759 1032 Mel-

2111 1063 2312 1136 phiam
2334 1064 2728 1132 celebrabat,a
2759 1067 3118 1138 Boamundo,
3152 1069 3252 1139 qui
3277 1069 3487 1123 Barum
3505 1067 3640 1140 jam
3665 1081 3764 1122 suo

2110 1154 2323 1209 tenebat
2370 1155 2470 1209 sub
2516 1154 2778 1220 dominio,
2823 1155 3131 1211 invitatum
3162 1154 3221 1210 in
3252 1155 3520 1213 eamdem
3547 1155 3752 1210 urbem

2109 1242 2358 1307 venisse,
2393 1242 2492 1298 ubi
2510 1243 2693 1299 Etiam
2717 1245 3098 1301 consecravit.
3124 1247 3206 1301 Ex
3223 1261 3338 1318 quo
3357 1244 3481 1301 loco
3512 1245 3762 1304 manife-

2112 1335 2270 1388 stum
2301 1335 2390 1388 est
2408 1333 2640 1388 Barium
2665 1333 2838 1406 paulo
2859 1338 2995 1390 ante
3018 1335 3308 1407 synodum
3333 1333 3753 1406 Melphitanam

2112 1422 2184 1476 ad
2205 1421 2515 1494 Rogerium
2546 1421 2919 1494 pertinuisse,
2953 1423 3186 1496 quando
3209 1422 3450 1496 quidem
3481 1422 3614 1478 Eliaa
3645 1422 3722 1479 εἰ(

2112 1510 2225 1565 ctio
2237 1526 2371 1567 cum
2383 1510 2510 1582 ejus
2523 1526 2813 1567 consensu
2847 1512 2998 1568 facta
3011 1516 3126 1580 est;
3159 1517 3216 1568 et
3238 1512 3412 1586 paulo
3426 1515 3560 1584 post
3580 1515 3768 1568 trans-

2111 1598 2249 1654 iisse
2281 1600 2352 1654 ad
2383 1599 2813 1667 Boamundum,
2847 1617 2984 1657 cum
3008 1602 3135 1672 jam
3178 1602 3287 1657 sub
3320 1602 3497 1658 finem
3530 1600 3766 1658 concilii

2110 1705 2239 1744 eam
2269 1690 2368 1744 sub
2415 1705 2512 1744 suo
2541 1689 2797 1746 habuisse
2841 1691 3087 1747 dominio
3126 1690 3394 1758 dicatur;
3437 1691 3597 1764 quod
3628 1707 3768 1747 cum

2110 1794 2180 1834 ex
2206 1778 2368 1850 pacis
2401 1777 2560 1834 inita:
2596 1779 2928 1838 conditione
2974 1780 3197 1836 factum
3234 1780 3422 1836 fuisse
3446 1779 3768 1837 Gaufridus

2112 1867 2431 1942 scripserit,
2456 1868 2925 1925 concludendum
2945 1872 3033 1924 est
3057 1885 3184 1926 eam
3211 1885 3434 1942 pacem,
3468 1885 3645 1942 quam
3667 1867 3774 1927 ille

2119 1960 2320 2012 auctor
2336 1961 2750 2024 memorat,aut
2772 1956 2946 2030 paulo
2969 1961 3102 2014 ante
3123 1956 3435 2016 concilium
3457 1957 3768 2031 Melphita-

2117 2063 2283 2116 num,
2317 2049 2418 2100 aut
2447 2051 2600 2104 certe
2631 2062 2696 2101 eo
2728 2046 2996 2112 durante,
3031 2045 3396 2120 proindeque
3418 2063 3570 2104 anno
3606 2047 3765 2115 1089,

2118 2150 2293 2206 quem
2326 2134 2502 2190 etiam
2537 2133 2648 2192 Leo
2680 2135 2737 2190 in
2788 2136 3114 2208 fragmento
3154 2135 3392 2192 laudato
3425 2135 3769 2208 assignavit,

2118 2223 2301 2280 fuisse
2318 2223 2721 2296 compositam.
2746 2224 3018 2280 Nostram
3049 2225 3402 2281 sententiam
3417 2225 3770 2282 conﬁrmant

2119 2311 2314 2385 Lupus
2329 2312 2667 2384 Protospata
2678 2317 2733 2368 et
2751 2313 3038 2369 Robertus
3053 2313 3476 2382 Salernitanus,
3500 2318 3770 2372 auctores

2121 2400 2446 2468 domestici,
2479 2401 2577 2474 qui
2612 2400 2877 2457 scribunt
2919 2401 3136 2458 bellum
3188 2402 3500 2476 Rogerium
3531 2402 3682 2460 inter
3712 2406 3773 2456 et

2123 2489 2526 2545 Boamundum
2551 2490 2781 2546 Roberti
2807 2490 2959 2546 ﬁlios
2979 2491 3266 2548 exarsisse
3289 2509 3443 2548 anno
3475 2492 3633 2562 1088,
3662 2507 3770 2548 nec

2121 2583 2316 2634 tamen
2356 2579 2626 2634 assentiri
2677 2595 2918 2652 possum
2963 2580 3293 2654 Peregrinio
3343 2579 3668 2654 suspicanti
3707 2580 3768 2634 in

2122 2667 2606 2740 castigationibus
2636 2668 2707 2724 ad
2741 2669 2969 2740 Lupum
3002 2667 3208 2727 initam
3238 2669 3402 2728 illam
3436 2669 3616 2727 fuisse
3637 2686 3769 2725 con-

2122 2756 2381 2812 cordiam
2412 2756 2612 2830 inipso
2635 2756 2878 2814 concilio
2913 2757 3376 2831 Melphitano.Ea
3397 2759 3575 2830 enim,
3608 2763 3671 2813 ut
3699 2773 3768 2812 ex

2124 2845 2330 2902 Leonis
2354 2846 2680 2920 fragmento
2703 2849 2952 2914 constat,
2987 2847 3403 2905 interveniente
3420 2847 3633 2905 Urbani
3665 2847 3770 2902 ab-

2124 2933 2306 2989 sentis
2336 2935 2525 3009 legato
2549 2935 2699 2992 facta
2729 2940 2836 3002 est,
2871 2953 2986 2992 non
3010 2935 3251 3008 proinde
3274 2937 3329 2992 in
3353 2936 3598 2994 concilio
3629 2933 3772 2991 Mel-

2126 3021 2387 3094 phitano.
2411 3023 2502 3079 cui
2528 3023 2796 3086 Urbanus
2817 3024 2942 3098 ipse
2964 3043 3221 3098 praesens
3250 3026 3451 3086 aderat
3486 3028 3545 3083 et
3572 3023 3772 3100 praesi-

2125 3111 2316 3167 debat.
2353 3112 2477 3168 Non
2511 3112 2725 3170 idcirco
2753 3118 2949 3171 tamen
2981 3113 3225 3170 dixerim
3258 3113 3638 3186 pacemillam
3668 3112 3769 3166 diu

862 3201 1128 3260 Henricus
1166 3202 1289 3273 jam
1333 3201 1640 3261 adolescens
1682 3215 1827 3254 anno
1877 3196 2018 3254 1089
2059 3267 2092 3275 μ
2128 3204 2263 3255 ante
2281 3201 2819 3258 conciliuminitam
2836 3203 3034 3258 fuisse.
3052 3203 3198 3268 Quin
3215 3202 3563 3275 potiusineo
3581 3198 3773 3270 ponti-

373 3267 773 3350 transniittitur
791 3309 826 3345 a
841 3307 988 3362 papa
1021 3267 1237 3362 Urbano
1257 3292 1325 3356 II,
1360 3298 1418 3345 ut
1445 3306 1636 3362 pacem
1679 3291 1827 3344 ineat
1877 3289 2022 3343 inter
2050 3267 2092 3336 (ἶ
2131 3288 2256 3344 ﬁcis
2275 3293 2332 3345 et
2351 3290 2584 3346 Patrum
2603 3291 2946 3348 auctoritate
2967 3267 3366 3347 conﬁrmatam
3393 3267 3774 3346 fuisse-liben-

375 3381 667 3456 Rogerium
685 3383 738 3444 et
768 3380 1148 3456 Boamundum
1178 3381 1414 3452 fratres,
1450 3377 1821 3434 contendentes
1839 3377 1904 3432 de
1925 3393 2017 3432 re-

369 3463 476 3542 gno
525 3469 799 3528 Calabria?
838 3476 890 3539 et
932 3468 1146 3540 Apulia
1196 3477 1312 3539 post
1355 3468 1563 3524 obitum
1584 3469 1763 3538 patris
1797 3467 2017 3524 Roberti

367 3547 652 3614 Guiscardi
697 3575 718 3621 ;
767 3575 800 3613 a
847 3559 1043 3632 quibus
1090 3559 1414 3615 constitutus
1470 3557 1678 3612 arbiter
1727 3564 1779 3610 et
1814 3555 2012 3627 judex,

359 3649 570 3722 aequali
597 3647 750 3703 lance
769 3662 998 3718 regnum
1016 3647 1222 3702 divisit.
1245 3645 1376 3704 Inde
1413 3645 1492 3700 ad
1527 3647 1804 3702 Urbanum
1827 3644 2009 3713 rediit,

357 3742 420 3794 ut
440 3738 504 3793 de
525 3737 683 3809 felici
703 3736 970 3805 legatione
999 3737 1270 3792 rationem
1297 3733 1562 3790 redderet.

429 3824 695 3883 Meminit
725 3823 900 3895 etiam
924 3823 1242 3884 Gaufridus
1275 3822 1584 3879 Malaterra
1609 3821 1758 3878 libro
1773 3839 1846 3887 IV,
1880 3838 2004 3894 cap.

362 3914 708 3988 10,alicujus
726 3913 1112 3972 dissensionis
1134 3912 1436 3984 quaeinter
1457 3911 1768 3983 Rogerium
1793 3915 1848 3966 et
1866 3911 2008 3966 Boa-

363 4004 677 4069 mundum,
706 4007 837 4076 post
867 4002 1101 4059 Roberti
1132 4019 1337 4063 eorum
1383 4000 1564 4073 patris
1595 4000 1844 4066 obitum,
1880 4004 2008 4056 orta

358 4095 431 4150 ad
442 4091 748 4162 biennium
766 4109 952 4164 usque
971 4090 1324 4165 perduravit.
1357 4090 1466 4146 Sed
1486 4088 1790 4145 cumidem
1809 4092 2009 4143 auctor

359 4182 544 4258 capite
576 4181 844 4255 sequenti
875 4181 1116 4238 innuere
1145 4179 1412 4237 videatur
1440 4179 1550 4235 hoc
1572 4177 1906 4245 dissidium,
1936 4177 2007 4232 de

361 4289 475 4345 quo
491 4269 751 4344 loquitur
766 4286 918 4326 anno
938 4269 1096 4334 1086,
1121 4268 1428 4340 utriusque
1457 4265 1738 4339 principis
1763 4265 2005 4322 ﬁdelium

359 4362 587 4418 consilio
616 4359 796 4415 fuisse
817 4351 1229 4430 compositum,
1266 4355 1508 4412 nonnuli
1543 4355 1787 4410 fortasse
1808 4353 2003 4409 existi-

361 4450 609 4507 mabunt
637 4447 982 4506 Gaufridum
1013 4446 1084 4501 de
1113 4445 1185 4501 iis
1210 4461 1337 4516 quae
1369 4448 1502 4500 ante
1525 4441 1738 4498 Urbani
1773 4441 2003 4514 pontifi-

360 4543 556 4595 catum
605 4537 987 4610 contigerant.
1040 4534 1290 4588 Leonem
1342 4547 1473 4587 vero
1522 4531 1594 4586 de
1643 4530 1824 4586 altera
1854 4529 2007 4586 inter

2126 3380 2213 3432 ter
2236 3394 2648 3447 asseverarem,
2680 3379 2793 3436 nisi
2819 3379 2929 3435 Leo
2958 3395 3024 3435 ea
3073 3379 3142 3434 de
3167 3395 3226 3434 re
3260 3379 3317 3434 in
3347 3377 3583 3436 laudato
3615 3376 3770 3450 frag-

2124 3469 2321 3522 mento
2352 3465 2630 3526 siluisset.

2124 3573 2260 3627 LIV.
2316 3575 2627 3630 Concilium
2687 3574 3108 3646 Melphitanum.
3165 3577 3296 3643 Ejus
3341 3587 3592 3646 canones.
3645 3575 3775 3646 Atia

2191 3647 2417 3717 statuta.
2451 3677 2519 3684 —-
2567 3647 2627 3700 In
2675 3646 2776 3700 hac
2796 3643 3006 3717 synodo
3033 3647 3293 3717 Rogerius
3320 3643 3383 3713 ﬁt
3399 3653 3607 3701 sancta:
3625 3644 3774 3704 sedis

2194 3716 2435 3786 ligius,et
2459 3717 2630 3770 mitra
2659 3715 2846 3771 Petro‘
2867 3716 3056 3771 abbati
3081 3715 3266 3769 datur.

2191 3820 2336 3875 Illud
2370 3819 2680 3876 concilium
2706 3820 2940 3876 ineunte
2968 3825 3249 3876 autumno
3307 3821 3609 3894 praesentis
3632 3821 3776 3878 anni

2119 3908 2389 3965 Urbanus
2420 3907 2733 3965 celebravit
2762 3909 2917 3982 apud
2946 3907 3264 3981 Melpbiam
3287 3909 3514 3982 Apulia:
3536 3910 3770 3983 urbem,

2116 3998 2208 4054 cui
2241 3997 2496 4069 episcopi
2529 3997 2906 4071 septuaginta
2941 4015 3074 4053 cum
3115 3999 3422 4054 duodecim
3457 3998 3775 4058 abbatibus

2116 4086 2453 4142 interfuisse
2473 4085 2778 4155 dicuntur;
2803 4086 2920 4142 huc
2951 4087 3543 4154 convenientibus,uti
3560 4089 3772 4146 scribit

2119 4175 2320 4246 Lupus
2354 4175 2696 4249 Protospata
2726 4176 2786 4232 in
2818 4175 3124 4242 Chronico,
3170 4177 3448 4234 omnibus
3481 4177 3778 4250 episcopis

2112 4263 2541 4336 Apuliensium,
2575 4263 2954 4320 Calabrorum
2988 4269 3045 4319 et
3076 4263 3431 4333 Brutiorum,
3453 4282 3586 4320 cum
3618 4267 3772 4324 duce

2115 4353 2361 4425 Rogerio
2401 4359 2459 4408 et
2501 4352 2789 4409 universis
2820 4352 3135 4410 comitibus
3163 4353 3384 4426 Apuliae
3409 4358 3468 4409 et
3492 4353 3775 4412 Calabriae

2114 4459 2179 4498 ac
2211 4441 2461 4498 aliarum
2493 4442 2946 4514 provinciarum.
2984 4443 3100 4499 Hoc
3131 4447 3313 4514 est,ut
3344 4444 3489 4499 forte
3521 4446 3775 4501 nonnul-

2114 4529 2188 4587 lis
2239 4531 2549 4600 vidcbitur,
2595 4530 2911 4587 concilium
2962 4533 3118 4605 quod
3168 4531 3473 4589 Bertoldus
3511 4533 3583 4590 ad
3614 4533 3778 4592 hunc

361 4628 570 4689 fratres
587 4607 956 4683 altercatione
974 4637 1147 4694 quam
1164 4619 1379 4675 Urbani
1402 4618 1630 4691 legatus
1654 4618 2002 4691 composuit,
2040 4637 2086 4701 Ι)
2117 4637 2338 4676 annum
2359 4607 2673 4691 generalem
2700 4621 2971 4692 synodum
3014 4623 3116 4677 115
3145 4623 3521 4693 episcoporum
3567 4621 3770 4695 appel-

361 4716 690 4790 scripsisse.
724 4715 793 4768 At
826 4714 1140 4780 utrumque
1185 4711 1478 4763 auctorem
1502 4709 1571 4765 de
1595 4725 1709 4764 uno
1732 4708 2003 4764 eteodcm

361 4805 534 4875 bello,
555 4803 710 4877 quod
731 4797 944 4856 Urbani
961 4802 1220 4870 tempore
1236 4796 1388 4852 inter
1403 4813 1501 4852 eos
1527 4797 1818 4869 principes
1841 4813 2001 4851 exar-

363 4886 464 4962 sit,
514 4891 694 4950 fuisse
741 4887 1025 4953 locutum,
1077 4884 1245 4941 facile
1285 4885 1742 4942 demonstratur.
1778 4885 2003 4941 Etenim

363 4988 748 5056 przetorqunm
768 4975 922 5049 quod
943 4990 1114 5030 nemo
1126 4973 1335 5031 dixerit
1350 4974 1501 5030 inter
1524 4973 1754 5030 Roberti
1779 4973 2003 5032 obitum

360 5062 466 5146 qui
494 5085 645 5126 anno
669 5063 1494 5136 1085,menscJulio,contigit,
1527 5067 1815 5118 etannum
1846 5065 2002 5129 1086,

359 5155 662 5216 biennium
693 5153 1114 5218 intercessisse,
1166 5152 1484 5208 Gaufridus
1515 5152 1636 5224 ipse
1658 5152 2003 5224 scrupulum

361 5260 596 5304 omnem
620 5242 1000 5309 removet,ubi
1015 5240 1302 5312 ait,hujus
1319 5240 1478 5313 pacis
1495 5241 1742 5314 gratiam
1767 5241 2002 5296 Barium

363 5335 701 5392 Boamundo
729 5333 1007 5396 cessisse;
1057 5334 1280 5388 certum
1313 5329 1532 5403 quippe
1562 5334 1651 5386 est
1679 5347 1748 5386 ex
1778 5330 2002 5388 Joanne

363 5422 773 5480 archidiacono
798 5421 1057 5488 Barensi,
1082 5419 1181 5491 qui
1202 5424 1341 5474 tunc
1359 5419 1638 5490 temporis
1653 5417 1711 5473 in
1737 5418 1852 5474 illis
1869 5436 2002 5491 par-

360 5512 518 5567 tibus
533 5511 1099 5579 vivebat,Barensem
1124 5509 1328 5563 urbem
1353 5507 1524 5580 paulo
1554 5509 1689 5562 ante
1712 5508 2000 5578 synodum

361 5600 800 5673 Melphitanam,
835 5597 1092 5653 cuianno
1118 5596 1255 5652 1089
1279 5596 1509 5668 praefuit
1530 5595 1857 5658 Urbanus,e
1891 5597 1998 5651 Ro-

360 5687 500 5760 gerii
537 5691 821 5762 potestate
871 5687 928 5742 in
977 5683 1304 5741 Boamundi
1337 5685 1465 5756 ejus
1496 5684 1690 5739 fratris
1720 5682 2000 5740 ditionem

2115 4708 2281 4779 lat,in
2313 4725 2427 4781 qua
2448 4709 2718 4766 Urbanus
2754 4725 2998 4765 suorum
3025 4710 3518 4783 praedecessorum
3550 4715 3776 4768 statuta

2115 4798 2456 4854 auctoritate
2485 4798 2802 4871 apostolica
2835 4799 3224 4855 confirmavit.
3266 4799 3612 4871 Quanquam
3643 4799 3770 4870 alii,

2117 4892 2173 4943 et
2194 4886 2454 4960 quidem,
2475 4891 2540 4943 ut
2566 4887 2867 4942 fatendum
2889 4891 3000 4952 est,
3033 4904 3148 4943 non
3166 4887 3389 4960 absque
3407 4886 3603 4961 aliquo
3632 4905 3767 4962 pro-

2117 4974 2294 5030 babili
2327 4975 2730 5044 fundamento,
2765 4976 3057 5049 synodum
3103 4993 3138 5033 a
3168 4975 3438 5033 Bertoldo
3468 4975 3772 5034 laudatam

2116 5065 2309 5120 Romae
2343 5064 2604 5120 habitam
2637 5063 2824 5120 fuisse
2867 5063 3090 5130 volunt,
3143 5069 3209 5120 ut
3239 5081 3442 5137 supra,
3474 5082 3637 5122 num.
3677 5067 3767 5135 43,

2115 5152 2624 5208 diximus.Conditi
2657 5157 2797 5208 sunt
2817 5153 2875 5208 in
2901 5153 3008 5209 hac
3040 5152 3401 5225 Melphitana
3421 5155 3639 5228 synodo
3670 5171 3769 5210 ea-

2115 5258 2296 5297 nones
2319 5241 2610 5296 sexdecim
2630 5241 2687 5296 in
2714 5242 2929 5313 quibus
2954 5240 3633 5318 praeclara,potissimum
3667 5242 3769 5298 ad-

2111 5345 2315 5384 versus
2333 5327 2656 5387 Simoniam
2675 5334 2733 5385 et
2752 5327 3234 5388 incontinentiam
3253 5329 3615 5402 clericorum,
3648 5333 3771 5386 sta-

2112 5421 2240 5474 tuta
2257 5416 2647 5473 continentur.
2680 5418 3021 5474 Decernitur
3041 5419 3219 5476 etiam
3238 5421 3408 5493 cujus
3422 5420 3609 5477 aetatis
3634 5435 3766 5480 esse

2111 5507 2360 5562 debeant
2379 5506 2756 5576 promovendi
2791 5507 2863 5562 ad
2907 5507 3150 5566 ordines.
3182 5524 3399 5576 sacros,
3435 5507 3608 5581 quive
3644 5507 3767 5564 sint

2109 5595 2180 5649 ab
2197 5592 2603 5666 iisrepellcndi
2627 5612 2640 5661 ;
2661 5597 2786 5650 tum
2813 5594 3199 5668 prohibentur
3215 5595 3444 5653 clericis
3475 5595 3764 5653 vestcsin-

2117 5684 2336 5740 decora:
2351 5686 2406 5739 et
2425 5681 2750 5755 saeculares,
2784 5686 3184 5758 nonnullaque
3199 5685 3311 5741 alia
3325 5690 3668 5742 statuuntur
3695 5685 3765 5742 de
