4000 6178
182 400 263 465 ιτ
1540 386 1603 441 ’ν
1689 434 1709 493 ς
1782 398 1999 474 ἯῬΔ.

3506 376 3607 469 ἢ.

186 538 678 600 monasteriorum
707 539 881 599 bouis
900 559 914 599 :
931 538 1185 616 denique
1205 543 1524 601 monentur
1549 537 1830 618 episcopi,
1859 549 1918 620 Α
1943 542 2068 614 vit,-
2108 518 2173 600 et'
2213 545 2401 600 tamen
2452 539 2568 615 ejus
2613 518 2963 601 sacerdotalis
2990 521 3179 605 mitra!
3207 520 3398 620 usum;
3419 524 3603 605 etiam:

189 636 253 688 ut
270 649 305 688 a
321 631 485 698 falsis
516 632 882 705 pmnitentiis
904 637 1193 690 caveatur.

254 725 538 777 Praeterea
554 722 818 779 Joannes
836 721 1119 780 diaconus
1135 721 1454 793 cardinalis
1468 727 1526 780 et
1558 722 1839 779 cancella-

192 811 309 869 rlus
328 801 612 868 Romanae
627 809 922 881 Ecclesiae,
952 811 1012 869 in
1046 811 1296 886 epistola
1311 812 1385 869 ad
1414 811 1691 869 abbatem
1712 812 1836 869 Mo-

190 902 551 967 lismensem,
574 917 704 974 quae
726 901 786 958 in
809 902 1118 967 Labbeana
1134 903 1389 959 editione
1408 903 1590 975 hujus
1606 902 1837 959 concilii

192 988 508 1048 renonibus
521 990 1214 1067 subjungitur,nonnulla
1225 992 1628 1061 deeoconcilio
1639 992 1838 1059 habet,

189 1097 305 1155 quas
323 1081 528 1154 prima
548 1080 737 1138 fronte
757 1081 818 1136 in
848 1081 1100 1155 vulgatis
1119 1083 1248 1154 ejus
1280 1082 1606 1138 canonibus
1635 1082 1839 1137 viden-

185 1174 278 1226 tur
292 1169 627 1227 desiderari
661 1174 761 1227 :ut
790 1170 1034 1239 scilicet,
1062 1184 1188 1243 quae
1229 1188 1399 1243 usque
1425 1171 1499 1226 ad
1538 1170 1687 1227 istud
1711 1186 1839 1225 con-

184 1261 376 1317 cilium
402 1277 507 1333 per
530 1260 812 1334 principes
857 1261 988 1317 data
1021 1263 1367 1318 monasteriis
1402 1265 1646 1335 fuerant,
1680 1261 1842 1332 ﬁrma

182 1354 231 1406 et
259 1352 481 1421 integra
509 1351 628 1415 illis
647 1359 1050 1421 permanerent,
1080 1359 1132 1407 et
1158 1352 1221 1407 de
1259 1356 1451 1409 extero
1488 1353 1713 1409 abbates
1771 1354 1841 1407 ab

186 1437 503 1512 huiusmodi
521 1439 980 1511 acquisitionibus
1011 1424 1344 1496 abstinerent
1376 1459 1395 1497 :
1422 1456 1558 1513 quo,
1588 1440 1677 1496 uti
1707 1456 1841 1513 pro-

187 1527 478 1602 sequitur,
498 1532 987 1601 temperamento,
1018 1537 1070 1584 et
1124 1529 1344 1586 abbates
1372 1531 1442 1586 ab
1488 1531 1843 1587 ecclesiarum

189 1618 573 1675 mansionibus
624 1620 1027 1684 abstinuerunt,
1057 1623 1109 1674 et
1165 1620 1402 1691 episcopi
1449 1636 1563 1676 non
1618 1621 1841 1676 omnino

188 1709 426 1781 spoliare
453 1709 788 1773 monasteria
818 1709 1122 1764 voluerunt.
1151 1708 1262 1764 Sed
1294 1707 1388 1764 his
1438 1708 1633 1765 verbis
1692 1708 1841 1765 nihil

192 1797 339 1855 aliud
356 1796 628 1854 indicare
642 1795 1122 1867 voluitJoanncs,
1142 1814 1321 1870 quam
1341 1813 1408 1854 ea
1439 1815 1567 1871 qum
1589 1799 1646 1854 in
1668 1816 1840 1854 cano-

191 1886 359 1944 nibus
375 1886 594 1988 quinto
614 1890 675 1943 et
694 1890 857 1986 sexto
878 1885 1108 1988 concilii
1130 1885 1452 1988 constituta
1482 1887 1709 1988 fuerant
1738 1888 1840 1945 ad-
1874 1922 1923 1988 Β

191 1992 387 2032 versus
410 1975 687 2042 abbates,
705 1974 807 2049 qui
824 1974 1202 2031 ecclesiarum
1225 1976 1379 2031 bona
1401 1975 1547 2048 ipsis
1568 1976 1705 2032 data
1718 1977 1845 2032 abs-

194 2080 298 2140 que
317 2064 741 2139 episcoporum
755 2081 1046 2121 consensu
1069 2064 1326 2137 recipere
1338 2080 1456 2120 non
1470 2064 1784 2122 verebantu
1794 2084 1840 2122 r.

191 2152 354 2211 Aliud
408 2154 560 2211 item
608 2154 789 2226 hujus
846 2152 1077 2210 concilii
1117 2157 1405 2210 statutum
1437 2154 1614 2210 refert
1644 2155 1844 2228 Lupus

188 2244 555 2319 Protospata,
580 2243 740 2319 quod
774 2242 833 2299 in
863 2243 1186 2299 canonibus
1204 2241 1459 2316 vulgatis
1482 2260 1596 2299 non
1628 2243 1844 2300 inveni-

190 2339 301 2403 tur,
333 2339 397 2391 ut
428 2333 656 2395 scilicet
698 2336 893 2397 sancta
922 2334 1099 2389 trevia
1122 2334 1455 2389 retineretur
1494 2332 1562 2388 ab
1592 2335 1845 2390 omnibus

188 2424 445 2497 subjectis
474 2442 494 2479 :
521 2422 741 2497 quibus
768 2419 964 2478 verbis
994 2421 1313 2496 significari
1345 2422 1649 2480 contendit
1676 2423 1843 2480 Pere-

189 2512 420 2585 grinius
436 2513 827 2569 concordiam
846 2510 999 2567 inter
1018 2509 1332 2586 Rogerium
1353 2514 1412 2567 et
1432 2513 1843 2569 Boamundum

188 2602 399 2662 fratres
415 2601 648 2673 initam,
672 2602 745 2658 de
760 2617 878 2674 qua
890 2600 1162 2674 superius
1183 2599 1439 2657 diximus
1461 2620 1474 2669 ;
1499 2602 1591 2657 cui
1606 2603 1845 2675 quidem

188 2690 496 2753 sententia
514 2690 676 2751 haud
697 2690 1054 2763 refragabor,
1068 2690 1119 2745 si
1139 2689 1263 2745 haec
1291 2689 1430 2763 Lupi
1452 2690 1624 2746 verba
1649 2690 1721 2747 de
1742 2690 1844 2747 fm-

186 2780 346 2837 deris
356 2778 519 2853 illius
533 2783 711 2847 antea
718 2778 872 2854 pacti
886 2778 1326 2836 confirmatione
1337 2781 1394 2835 et
1406 2780 1845 2837 manutentione

190 2868 620 2941 intelligantur.

254 2959 328 3014 In
358 2958 570 3019 eadem
601 2958 826 3031 synodo
845 2957 962 3014 dua:
992 2958 1270 3029 Rogerius,
1322 2960 1473 3013 teste
1522 2957 1845 3015 Romualdo

192 3046 634 3123 archiepiscopo
663 3045 1052 3112 Salernitano,
1078 3047 1244 3117 ligius
1279 3045 1496 3102 Urbani
1521 3049 1697 3118 factus
1715 3062 1845 3118 pro-

192 3138 347 3194 misit
380 3136 522 3210 jure,
554 3134 820 3211 jurando,
864 3151 920 3191 se
964 3137 1315 3191 servaturum
1369 3134 1532 3205 ﬁdem
1591 3135 1846 3192 Romana

1945 642 2172 705 rogante
2194 649 2361 706 papa,
2388 634 2724 706 contempsit.
2740 634 2947 693 Eidem
2959 639 3163 693 sancto
3172 635 3298 711 viro
3320 633 3591 695 Urbanus

1944 722 2254 797 imperavit
2270 727 2333 778 ut
2351 722 2577 779 modico
2597 723 2729 781 vino
2754 728 3036 795 uteretur,
3058 727 3214 799 quod
3232 727 3305 781 ob
3328 718 3603 784 dabitita;

1944 818 2073 870 tum
2105 812 2343 870 omnino
2367 812 2736 870 stomachum
2756 831 2957 872 vocem
2983 832 3130 889 pene
3174 818 3492 886 amisisset,
3525 818 3593 873 ut

1948 905 2147 960 narrat
2193 902 2348 959 idem
2378 907 2600 971 auctor,
2635 907 2693 959 et
2723 908 2857 977 post
2885 921 3017 960 eum
3048 910 3214 963 vetus
3245 911 3415 980 poeta
3446 923 3592 963 ane-

1948 1009 2162 1067 nymus
2202 992 2357 1065 apud
2379 992 2688 1066 Ugbellum
2710 996 2867 1049 tomo
2896 992 2994 1049 VII
3023 995 3198 1050 Italia
3230 1013 3405 1052 sacrm
3443 995 3591 1053 rela-

1947 1087 2044 1139 tus
2074 1102 2087 1140 :
2119 1083 2244 1139 hmo
2269 1086 2393 1139 erat
2437 1082 2620 1138 nostri
2674 1082 2968 1155 pontificis
3020 1084 3301 1141 adversus
3358 1090 3593 1143 sanctos

1950 1174 2103 1229 viros
2123 1173 2379 1229 charitas
2404 1177 2461 1229 et
2477 1170 2831 1234 sollicitudo.
2848 1173 3226 1239 Petrumvero
3239 1174 3594 1248 Melpbitano

1950 1263 2195 1320 concilio
2222 1262 2557 1319 interfuisse
2589 1262 2876 1325 discimus
2905 1279 2973 1319 ex
3027 1262 3154 1335 ipso
3206 1263 3458 1335 Urbano,
3486 1262 3593 1338 qui

1949 1351 2009 1408 in
2032 1353 2260 1411 decreto
2282 1351 2343 1411 in
2361 1369 2541 1413 causa
2560 1351 2827 1407 Carensis
2866 1352 3204 1408 monasterii
3237 1369 3303 1410 eo
3331 1356 3594 1430 tempore

1950 1441 2067 1498 lato
2086 1440 2616 1503 testaturAlfanum
2640 1440 3076 1503 Salernitanum
3090 1432 3594 1523 archiepiscopum

1952 1530 2009 1588 et
2040 1530 2349 1591 Pertanum
2379 1530 2715 1604 episcopum
2751 1532 3032 1588 adversus
3069 1531 3307 1588 Petrum
3340 1548 3594 1608 conque-

1952 1624 2073 1680 stos
2103 1620 2285 1677 fuisso
2323 1620 2477 1692 quod
2502 1619 2728 1693 aliquot
2761 1622 3138 1689 monasteria,
3172 1638 3298 1696 quae
3330 1623 3403 1678 ad
3433 1623 3596 1697 ipsos

1953 1709 2342 1783 pertinebant,
2366 1709 2707 1771 invasisset:
2728 1727 2904 1785 quam
2924 1726 3160 1768 causam
3184 1710 3411 1769 concilii
3442 1717 3596 1770 tem-

1952 1814 2090 1872 pore
2111 1815 2244 1855 cum
2281 1798 2340 1853 in
2383 1814 2492 1854 sua
2517 1814 2769 1868 camera,
2793 1796 3205 1855 assistentibus
3232 1794 3342 1860 sibi
3372 1796 3598 1875 aliquot

1952 1886 2262 1961 episcopis,
2281 1886 2650 1962 expendisset
2670 1888 2959 1961 pontifex,
2973 1889 3299 1945 secundum
3317 1888 3598 1947 Carenses

1952 1975 2373 2055 pronuntiavit,
2408 1980 2473 2032 ut
2499 1976 2625 2048 ipse
2653 1980 2905 2033 testatur
2935 1977 2993 2032 in
3048 1976 3287 2034 laudato
3344 1979 3597 2045 decreto,

1952 2064 2106 2138 quod
2138 2082 2208 2122 ex
2238 2064 2470 2122 archivo
2508 2065 2748 2123 Carensi
2790 2065 3149 2140 descriptum
3208 2058 3596 2125 exhibebitur.

2022 2154 2322 2228 Synodum
2354 2152 2775 2227 Melpbitanam
2806 2170 2960 2217 anno
2993 2156 3150 2224 1089,
3178 2156 3603 2233 consignarunt

1950 2243 2164 2303 vetusti
2172 2242 2252 2300 ssi
2259 2243 2337 2299 mi
2351 2261 2423 2316 qu
2433 2243 2569 2316 ique
2581 2244 3091 2318 auctores,quibus
3103 2246 3402 2309 consensit
3412 2247 3601 2305 brevis

1952 2333 2214 2405 praefatio
2236 2333 2365 2401 eius
2387 2333 2715 2389 canonibus
2736 2333 2910 2395 etiam
2950 2334 3009 2389 in
3050 2335 3175 2391 cod.
3206 2350 3318 2392 ms.
3340 2337 3598 2411 praefixa,

1953 2438 2058 2478 nec
2076 2421 2198 2481 ulla
2223 2426 2376 2481 esset
2405 2439 2474 2479 ea
2499 2422 2571 2478 de
2597 2439 2658 2479 re
2687 2421 3030 2492 difﬁcultas,
3065 2423 3179 2479 nisi
3210 2425 3499 2487 Batonius
3545 2428 3603 2481 et

1955 2510 2219 2584 plerique
2251 2511 2599 2573 recentiores
2630 2526 2758 2574 eam
2786 2512 2857 2567 ad
2890 2527 3111 2568 annum
3144 2516 3483 2586 sequentem
3517 2529 3601 2570 re-

1952 2617 2161 2661 vocare
2193 2601 2387 2661 conati
2423 2601 2711 2669 fuissent;
2746 2599 2973 2673 decepti
3006 2601 3207 2674 procul
3261 2601 3438 2667 dubio
3495 2619 3600 2658 au-

1954 2689 2221 2750 ctoritate
2252 2689 2561 2751 Romualdi
2595 2688 2968 2758 Salernitani,
3002 2691 3124 2763 qui,
3159 2694 3225 2747 ut
3266 2690 3411 2763 ipsis
3439 2690 3602 2748 vide-

1953 2784 2072 2844 tur,
2108 2778 2261 2840 hanc
2292 2780 2579 2854 synodum
2611 2779 2683 2840 ad
2734 2795 2955 2834 annum
2988 2779 3128 2841 1090
3157 2779 3375 2835 retulit.
3400 2781 3479 2836 'At
3504 2796 3600 2837 ve-

1956 2884 2105 2934 reor,
2121 2867 2235 2924 nisi
2257 2867 2330 2924 sit
2346 2867 2566 2927 librarii
2590 2871 2871 2934 erratum,
2895 2873 2961 2925 ut
2991 2868 3324 2940 suspicatur
3343 2868 3602 2945 Peregri-

1956 2955 2112 3020 nius,
2138 2973 2210 3019 ne
2246 2960 2511 3013 auctores
2538 2955 2621 3011 illi
2643 2956 2775 3012 falsi
2804 2955 3016 3013 fuerint
3049 2972 3117 3017 ex
3148 2954 3322 3021 modo
3353 2970 3601 3031 compu-

1954 3045 2118 3107 tandi
2151 3062 2325 3119 quem
2351 3044 2613 3118 plerique
2633 3046 2761 3117 ejus
2789 3045 3074 3123 temporis
3106 3048 3372 3109 auctores
3404 3046 3460 3101 in
3480 3045 3600 3102 iiiis

1956 3131 2251 3196 ulterioris
2281 3133 2457 3191 Italiae
2488 3132 2825 3207 regionibus
2854 3133 3131 3191 adhibere
3180 3132 3448 3191 solebant
3475 3151 3488 3191 :
3518 3132 3601 3193 illi

195 3225 457 3283 Ecclesiae
473 3228 533 3283 et.
556 3223 734 3285 eidem
749 3239 911 3298 papae
929 3225 1152 3297 ejusque
1170 3222 1566 3280 successoribus
1590 3227 1849 3280 canonice
1889 3291 1920 3298 Α
1959 3223 2115 3285 enim
2151 3238 2372 3287 annum
2402 3222 2683 3280 inchoent
2712 3238 2845 3279 cum
2904 3221 3219 3280 indictione
3278 3222 3542 3287 Romana
3570 3240 3606 3281 a

197 3312 582 3382 intrantibus;
602 3317 657 3371 et
682 3291 1003 3387 accepit
1030 3291 1292 3375 vexillum
1323 3313 1392 3368 ab
1412 3328 1472 3375 eo
1501 3318 1706 3369 lernam
1724 3328 1851 3368 cum
1878 3291 1923 3360 (ἲ
1960 3328 2163 3371 mense
2198 3311 2523 3386 Septembri
2548 3330 2562 3379 ;
2594 3311 2677 3366 ita
2726 3315 2791 3367 ut
2843 3311 3143 3385 vulgarem
3196 3310 3489 3367 calculum
3540 3312 3601 3379 in

196 3402 420 3466 ducenis
438 3401 1317 3463 honore.ConsentitPtolomeus
1331 3401 1609 3463 Lucensis
1626 3401 1684 3457 in
1701 3400 1849 3458 libro

198 3491 277 3546 De
294 3488 660 3567 genealogiis
680 3489 837 3546 edito
860 3506 895 3545 a
913 3488 1131 3557 Surita,
1154 3489 1255 3544 ubi
1277 3488 1484 3545 scribit
1504 3488 1615 3545 hoc
1658 3505 1849 3553 sacra-

202 3582 467 3647 mentum
485 3594 521 3634 a
538 3577 788 3652 Rogerio
808 3577 866 3634 in
886 3578 1107 3655 synodo
1145 3576 1513 3650 Melpbitana,
1524 3577 1850 3651 praestitum

201 3668 401 3735 fuisse,
424 3668 605 3745 quise
634 3667 833 3736 ligium
861 3667 1138 3723 hominem
1166 3667 1418 3724 Ecclesiae
1464 3669 1738 3740 confessus
1775 3673 1855 3723 est

190 3773 286 3830 pro
307 3757 481 3817 terris
497 3755 736 3829 Apulia.
761 3755 919 3811 Idem
933 3759 1138 3817 auctor
1154 3753 1568 3817 multaibidem
1591 3755 1852 3828 congerit

191 3847 257 3903 de
275 3844 521 3920 Rogerii
550 3843 1015 3909 successoribus,
1057 3843 1159 3919 qui
1194 3842 1457 3918 praestita
1503 3843 1629 3916 pari
1662 3859 1852 3899 sacra-

197 3939 394 3997 mento
425 3950 493 3995 se
537 3948 667 3992 esse
723 3930 993 4000 Ecclesia:
1044 3931 1403 3997 feudlatarios
1466 3935 1846 4005 agnoverunt,

188 4040 455 4099 quosque
478 4022 784 4097 pontifices
805 4020 997 4077 vexilli
1020 4020 1383 4095 porrectione
1401 4018 1679 4077 investire
1708 4037 1845 4076 con-

189 4118 519 4171 enaverant.
546 4112 852 4175 Urbanum
885 4113 943 4168 et
968 4110 1284 4186 Rogerium
1324 4108 1846 4182 conjunctissimos

188 4203 368 4275 fuisse
389 4205 572 4276 patet,
591 4202 748 4276 quod
773 4199 1272 4274 utriusquejussu
1311 4196 1659 4257 Guillelmus
1692 4192 1844 4270 Apu-

191 4289 390 4349 liensis
405 4307 506 4346 res
524 4289 1063 4348 Northmannorum
1084 4286 1356 4363 praeclare
1382 4288 1440 4343 in
1461 4287 1628 4343 Italia
1648 4291 1869 4361 gestas"

191 4380 455 4436 versibus
485 4376 881 4450 descripserit,
917 4378 1000 4436 uti
1051 4378 1176 4451 ipse
1207 4376 1373 4437 initio
1415 4377 1506 4439 sui
1534 4376 1731 4449 operis
1763 4381 1843 4433 te-

195 4472 399 4537 statur.

258 4554 717 4631 Pleriqueetiam
733 4553 1098 4618 contendunt
1121 4553 1181 4613 in
1196 4553 1308 4613 hac
1329 4555 1548 4627 synodo
1566 4554 1840 4630 contigis-

1964 3417 2251 3456 annorum
2282 3399 2684 3473 designatione
2714 3404 2965 3471 quatuor
2991 3397 3294 3455 mensibus
3339 3403 3601 3455 antever-

1959 3492 2107 3551 tant.
2130 3488 2225 3545 Sic
2253 3504 2580 3562 anonymus
2629 3488 2898 3551 Barensis
2929 3505 2963 3544 a
2995 3484 3326 3561 Peregrinio
3384 3487 3601 3558 editus,

1961 3575 2179 3649 aliique
2199 3578 2422 3651 passim
2457 3576 2691 3637 illarum
2724 3576 2978 3652 partium
3010 3577 3326 3650 scriptores
3379 3575 3607 3652 vulgati

1961 3682 2145 3721 annos
2166 3666 2482 3739 incipiunt;
2505 3680 2653 3745 quos
2665 3666 2714 3721 si
2736 3667 2830 3722 hic
2853 3666 3119 3729 imitatus
3146 3666 3605 3733 ilueritRomual-

1959 3754 2095 3822 dus,
2116 3758 2183 3810 ut
2199 3754 2435 3827 quidem
2455 3771 2591 3811 vero
2619 3753 2809 3812 simile
2830 3759 2939 3824 est,
2961 3754 3189 3812 ditl‘erre
3211 3755 3496 3821 dicendus
3517 3757 3627 3813 est“

1959 3860 1994 3899 a
2014 3844 2238 3906 caeteris
2259 3844 2599 3903 auctoribus
2619 3843 2679 3899 in
2694 3842 3047 3917 assignanda
3065 3843 3243 3915 hujus
3254 3844 3458 3918 synodi
3474 3860 3606 3917 epo-

1959 3931 2088 4003 cha,
2116 3936 2315 4006 utpote
2363 3949 2489 4006 quac
2538 3936 2783 3991 exeunte
2814 3946 3013 3987 mense
3059 3932 3412 4003 Septembri,
3442 3931 3603 3988 indi-

1957 4021 2147 4078 ctione
2166 4021 2593 4089 xm,celebrata
2623 4021 2751 4079 fuit.
2770 4020 2983 4076 Verum
3016 4022 3165 4074 utut
3194 4018 3369 4081 fuerit
3386 4020 3458 4076 de
3490 4019 3599 4076 Ro-

1957 4110 2178 4171 mualdi
2209 4110 2502 4184 opinione,
2524 4114 2749 4171 certum
2779 4114 2868 4165 est
2925 4107 3075 4162 hanc
3126 4106 3415 4179 synodum
3446 4123 3600 4162 anno
3626 4124 3631 4129 '

1954 4199 2095 4264 4089
2147 4199 2407 4258 habitam
2470 4198 2671 4261 fuisse.
2703 4198 2873 4262 Quod,
2922 4196 3137 4255 diserte
3196 4195 3414 4261 habent
3465 4210 3599 4263 cum

1955 4289 2115 4361 Lupo
2138 4289 2482 4360 Protospata
2498 4286 2595 4347 alii
2620 4287 2793 4349 etiam
2827 4288 3094 4342 auctores
3136 4282 3411 4357 aequales.
3444 4282 3601 4340 Nihil

1954 4376 2215 4450 apertius
2233 4375 2443 4439 haberi
2465 4392 2533 4432 ea
2561 4375 2633 4431 de
2666 4392 2725 4431 re
2756 4379 2962 4448 potest,
2997 4390 3177 4446 quam
3208 4372 3453 4430 Joannis
3483 4374 3602 4431 dia-

1870 4474 1875 4481 '
1953 4465 2081 4522 coni
2105 4470 2163 4522 et
2183 4462 2515 4521 cancellarii
2539 4462 2638 4538 qui
2675 4463 2811 4526 huic
2841 4462 3087 4519 concilio
3118 4462 3404 4530 interfuit,
3434 4465 3626 4519 testir

1953 4554 2218 4614 monium
2248 4553 2309 4610 in
2341 4552 2585 4631 epistola
2615 4569 2789 4627 supra
2822 4551 3059 4609 laudata
3089 4552 3161 4609 ad
3197 4552 3471 4609 abbatem
3488 4551 3603 4608 Mo-

191 4628 449 4719 se,quod
470 4628 543 4701 de
564 4643 731 4701 Petro
748 4644 957 4700 abbate
975 4643 1212 4704 Carensi
1262 4643 1484 4716 passim
1529 4644 1683 4717 apud
1714 4628 1841 4700 v'ul-
1874 4658 1927 4724 ι)
1952 4628 2395 4709 lismensem,in
2439 4660 2557 4719 qua
2594 4643 2678 4700 sic
2717 4642 2925 4697 habet:
2960 4641 3203 4698 Secundo
3246 4629 3624 4714 pontiﬁcatus"

190 4738 356 4808 gatos
405 4737 679 4795 auctores
709 4732 945 4809 legitur,
990 4731 1294 4796 Urbanum
1354 4730 1577 4788 scilicet
1600 4732 1675 4799 ei,
1708 4749 1842 4789 cum

190 4824 341 4880 inter
354 4821 508 4880 alios
522 4820 752 4895 concilii
765 4822 965 4879 Patres
981 4822 1140 4883 nudo
1152 4822 1340 4894 capite
1352 4821 1841 4888 sederet,mitram

191 4912 444 4981 misisse,
463 4928 584 4987 qua
604 4911 881 4986 deinceps
896 4914 1181 4973 uteretur,
1196 4906 1268 4971 Et
1288 4909 1528 4983 quidem
1563 4907 1700 4965 licet
1721 4904 1837 4966 non

193 5001 344 5059 adeo
364 5005 613 5070 constet,
626 5017 744 5078 qua
773 5000 833 5057 id
855 5000 1158 5058 occasione
1188 5003 1291 5056 aut
1318 4999 1446 5059 loco
1474 4999 1695 5059 factum
1713 4998 1771 5057 fu
1781 5015 1839 5056 e-
1866 5006 1869 5007 '

188 5089 296 5161 rit,
318 5105 411 5151 res
432 5092 629 5147 tamen
650 5089 784 5165 ipsa
799 5089 1030 5149 videtur
1073 5104 1202 5146 esse
1224 5092 1407 5159 certa,
1428 5090 1630 5160 utpote
1660 5086 1842 5146 relata

189 5179 267 5236 ab
288 5195 578 5255 anonymo
607 5179 820 5237 abbate
847 5177 1168 5248 Venusina,
1199 5176 1254 5232 in
1280 5177 1543 5249 ejusdem
1566 5176 1718 5233 beati
1731 5177 1839 5233 viri

186 5266 343 5337 Vita,
372 5284 552 5343 quam
572 5267 757 5344 paulo
785 5271 917 5341 post
961 5266 1150 5338 ipsius
1201 5265 1426 5328 obitum
1467 5266 1836 5339 conscripsit.

185 5356 311 5416 Non
324 5357 627 5435 ingratum
662 5357 777 5419 erit
794 5357 923 5431 ejus
955 5356 1132 5418 verba
1163 5353 1279 5417 huc
1298 5355 1556 5429 proferre
1580 5372 1593 5411 :
1617 5357 1681 5411 In
1707 5371 1838 5430 syn-

182 5447 303 5516 odo,
337 5446 554 5522 inquit,
577 5448 634 5504 ei
650 5462 802 5507 more
820 5460 919 5502 suo
937 5443 1080 5501 nudo
1121 5444 1303 5523 capite
1322 5442 1609 5512 residenti,
1637 5451 1837 5501 sanctae

180 5538 465 5594 mensor-ite
486 5553 632 5611 papa
664 5535 918 5595 Urbanus
953 5535 1325 5607 pontiﬁcalem
1371 5533 1615 5606 infulam
1659 5536 1835 5601 misit,

180 5642 348 5697 quam
376 5627 566 5699 utique
591 5629 680 5682 vir
710 5625 1023 5693 Domini,‘et
1048 5638 1150 5697 pro
1179 5624 1389 5685 summi
1395 5623 1671 5697 pontiﬁcis
1688 5630 1831 5681 reve-

183 5717 367 5771 rentia
418 5716 817 5773 venerabiliter
866 5713 1091 5786 recepit],
1134 5717 1185 5769 et
1242 5712 1587 5784 ofﬁciossime
1632 5712 1836 5771 saluta-

1951 4736 2044 4792 sui
2069 4750 2215 4791 anno
2262 4734 2516 4789 dominus
2575 4739 2759 4787 noster
2806 4730 3057 4788 Urbanus
3107 4748 3253 4803 papa
3301 4732 3599 4787 concilium

1951 4823 2099 4897 apud
2148 4823 2439 4893 Melphiam
2488 4821 2700 4893 Apuliae
2758 4819 2950 4876 urbem
3003 4820 3316 4884 celebrauit.
3350 4820 3421 4875 Et
3468 4823 3601 4891 post

1951 4927 2137 4986 pauca
2170 4928 2183 4966 :
2217 4912 2324 4966 Hoc
2350 4925 2481 4967 sane
2507 4909 2801 4967 concilium
2844 4907 3238 4982 Melpbitanam
3269 4908 3601 4963 celebratum

1947 5009 2026 5058 est
2063 5017 2210 5057 anno
2248 4999 2550 5058 Dominicce
2592 4999 2997 5055 Incarnationis
3040 4998 3369 5069 1089;quae
3414 4998 3602 5053 autem

1947 5090 2259 5154 scribimus,
2281 5090 2579 5161 praesentes
2600 5078 2697 5144 nos
2717 5095 2768 5144 et
2794 5087 3014 5145 audisse
3041 5092 3095 5143 et
3108 5086 3309 5143 vidisse
3334 5085 3595 5157 noscatis.

1949 5180 2107 5236 Idem
2142 5177 2351 5252 probat
2369 5176 2627 5233 Joannes
2659 5174 3106 5232 archidiaconus
3139 5171 3436 5241 Barensis,
3470 5170 3594 5247 qui,

1949 5268 2033 5327 uti
2055 5266 2242 5322 czeteri
2266 5269 2550 5331 auctores,
2578 5263 2813 5321 disertis
2832 5263 3026 5318 verbis
3062 5262 3212 5318 locat
3234 5261 3367 5318 Elim
3397 5263 3596 5319 archi-

1948 5355 2205 5432 episcopi
2222 5353 2738 5421 consecrationem,
2754 5369 2880 5427 quss
2898 5351 3025 5425 ipso
3039 5350 3267 5411 Urbano
3278 5356 3429 5425 teste
3444 5368 3599 5409 anno

1949 5447 2107 5513 1889,
2128 5458 2332 5504 mense
2379 5442 2631 5510 Octobri,
2664 5440 2957 5498 celebrata
3003 5444 3110 5507 est,
3145 5442 3408 5513 proxime
3463 5445 3598 5514 post

1947 5532 2260 5592 concilium
2281 5531 2725 5605 Melpbitanum.
2753 5530 2847 5585 Sic
2870 5529 3305 5603 enimloquitur
3324 5531 3384 5587 in
3404 5530 3599 5593 Histo-

1947 5622 2033 5680 ria
2082 5620 2435 5681 inventionis
2466 5620 2653 5677 sancti
2685 5618 2887 5674 Sabini
2937 5620 3092 5693 apud
3150 5620 3470 5677 Baronium
3522 5620 3593 5676 ad

1955 5726 2177 5771 annum
2200 5710 2362 5781 4091,
2388 5715 2443 5767 et
2473 5704 2780 5780 Ughellum
2808 5712 2969 5767 tomo
2998 5709 3101 5766 VII
3157 5709 3333 5767 Italia:
3369 5724 3545 5766 sacrae
3579 5728 3595 5767 :
