4000 6178
366 304 450 397 ξθ

1667 260 1739 376 s.
1782 307 2082 404 uanam
2120 310 2472 380 11mm.

3690 309 3793 395 60.

366 451 495 511 Post
543 448 751 509 obitum
809 444 1063 510 Ursionis
1111 446 1365 507 successit
1393 446 1544 505 Elia:
1568 444 2006 521 archiepiscopus
2035 448 2093 520 Α
2121 416 2428 508 saeculares
2443 444 2729 508 translata
2746 412 2856 523 est,
2874 452 3148 508 utnarrat
3168 445 3449 525 Ughellus
3462 450 3623 508 tomo
3644 445 3770 509 VIII

368 541 659 609 Bai-ensis,
746 542 843 613 qui
918 541 1133 612 primus
1216 540 1387 597 abbas
1459 541 1664 610 fuerat,
1718 554 2018 613 corpusque
2125 544 2183 596 et
2202 546 2337 613 post
2354 558 2489 598 eum
2512 539 2775 598 Lubinus
2794 544 2853 598 et
2873 538 3322 597 alii.Eustachio
3355 539 3550 597 abbati
3582 540 3769 598 sancti

364 634 541 689 sancti
553 631 766 688 Nicolai
784 647 882 686 sua
915 632 976 685 in
1002 632 1388 701 procuratione
1417 629 1616 701 absque
1668 628 2017 684 ordinatione

364 720 597 778 tenebat.
620 720 729 774 Hoc
750 725 933 773 autem
953 719 1115 772 electo
1139 719 1199 772 in
1234 716 1702 789 archiepiscopum
1740 718 2016 773 voluntate

365 815 527 881 atque
546 824 811 864 consensu
833 806 985 861 ducis
1004 806 1226 874 Rogerii
1254 806 1363 875 ﬁlii
1406 804 1558 860 ducis
1605 806 1738 861 dicti
1777 807 2010 872 Roberti,

364 898 597 969 Metﬁam
636 913 839 969 papam
872 896 1151 953 Urbanum
1190 894 1483 961 adicimus,
1516 896 1614 965 qui
1659 894 1862 950 ibidem
1888 912 2015 967 syn-

365 989 529 1045 odum
555 985 860 1042 celebrabat
906 1001 1087 1040 mense
1114 984 1437 1055 Septembri,
1471 1000 1631 1055 quem
1677 986 2009 1054 rogavimus,

364 1082 427 1133 ut
470 1092 640 1149 usque
693 1078 901 1130 Barum
952 1073 1309 1138 descenderet,
1356 1073 1783 1145 pra’dictumque
1828 1089 2008 1128 conse-

360 1175 544 1223 craret
593 1165 771 1220 Etiam
808 1166 871 1219 in
918 1162 1408 1234 archiepiscopatus
1472 1161 1748 1225 honorem,
1792 1161 2009 1218 domino

360 1255 674 1313 Boamundo
716 1253 959 1309 eumdem
992 1268 1196 1324 papam
1230 1252 1510 1306 nobiscum
1547 1251 1880 1323 deprecante,
1912 1254 2011 1322 qui

358 1362 419 1403 eo
449 1352 685 1416 tempore
714 1345 921 1398 Barum
940 1343 1060 1413 jam
1090 1357 1188 1396 suo
1221 1340 1436 1397 tenebat
1481 1339 1578 1395 sub
1608 1340 1869 1396 dominio.
1904 1340 2005 1395 His

359 1434 650 1492 consentit
668 1430 830 1489 bulla
851 1431 1041 1503 Ipsius
1074 1429 1283 1488 Urbani
1318 1430 1389 1484 ad
1422 1429 1657 1485 Petrum
1691 1428 1851 1484 Cavas
1904 1430 2004 1485 ab-

354 1524 551 1581 batem
600 1524 737 1578 data
765 1521 874 1578 hoc
904 1537 1056 1576 anno
1087 1519 1179 1574 die
1208 1536 1265 1573 x1
1302 1517 1587 1574 Kalendas
1620 1518 1913 1586 Octobris,
1944 1518 2003 1573 in

2123 629 2342 685 Nicolai
2391 628 2619 704 insigne
2665 629 3034 703 privilegium
3066 630 3355 687 concessit
3387 629 3685 687 Paschalis
3721 631 3768 687 II

2122 736 2275 775 anno
2309 720 2466 787 1l06,
2519 720 2577 775 in
2608 737 2724 792 quo
2756 718 3015 793 pontifex
3042 721 3294 776 testatur
3339 736 3552 793 corpus
3582 720 3767 777 sancti

2122 808 2342 865 Nicolai
2383 813 2647 882 tempore
2692 809 2917 864 Victoris
2963 811 3053 876 111,
3078 826 3159 875 ea:
3197 811 3589 866 transmarinis
3631 827 3765 882 par-

2119 899 2266 953 tibus
2311 899 2371 953 in
2423 897 2614 954 urbem
2670 900 2987 953 Barisinam
3017 898 3317 967 advectum,
3351 898 3423 954 ab
3454 898 3684 955 Urbano
3719 898 3767 954 II

2121 988 2232 1043 loco
2263 1004 2366 1060 quo
2397 986 2811 1063 nuncuinquit,
2845 990 3150 1044 reverentia
3190 988 3360 1059 digna
3406 996 3670 1057 servatur,
3704 990 3766 1042 in

2117 1084 2309 1149 crypta
2362 1078 2620 1148 inferiori
2674 1093 2888 1132 summa
2947 1093 3069 1132 cum
3118 1078 3486 1143 veneratione,
3536 1076 3768 1150 desuper

2116 1166 2294 1222 altare
2325 1168 2385 1222 in
2415 1167 2673 1222 honorem
2727 1166 2952 1222 Domini
3003 1170 3358 1234 consecrato,
3392 1165 3760 1222 reconditum

2116 1254 2320 1312 fuisse.

2259 1345 2397 1401 LVI.
2431 1346 2508 1400 An
2539 1353 2667 1401 tunc
2695 1346 2990 1401 concilium
3023 1345 3187 1417 Troja:
3218 1344 3465 1400 habitum
3495 1346 3585 1400 sit.

2183 1433 2443 1489 Alterum
2464 1434 2523 1489 in
2545 1434 2760 1508 Apulia
2780 1433 3094 1490 concilium
3114 1434 3223 1489 sub
3237 1433 3415 1505 hujus
3433 1434 3570 1489 anni
3585 1434 3762 1490 ﬁnem

2112 1524 2222 1578 Tro
2224 1524 2243 1596 j
2251 1542 2294 1579 ιε
2308 1524 2661 1580 celebratum
2678 1523 2860 1581 fuisse
2872 1522 3075 1580 volunt
3086 1522 3768 1592 Baronius,Binius,Che-

357 1630 475 1686 qua
505 1616 712 1686 praeter
730 1610 845 1667 alia
865 1609 1049 1665 multa
1070 1606 1328 1681 pontifex
1352 1608 1623 1663 Cavensis
1650 1606 2003 1664 monasterio
2113 1614 2279 1668 snius
2294 1612 2351 1668 in
2364 1612 2513 1669 Vitis
2527 1612 2869 1685 pontiﬁcum
2883 1613 3190 1685 caaterique
3204 1611 3438 1669 illorum
3455 1616 3764 1669 auctorum

355 1703 664 1759 confirmat
689 1718 758 1757 ea
782 1699 929 1765 loca,
957 1698 1027 1753 de
1052 1697 1269 1771 quibus
1288 1713 1464 1768 nuper
1493 1696 1706 1768 inquit,
1732 1696 1789 1751 id
1823 1700 1911 1751 est
1942 1696 2001 1751 iu
2111 1701 2527 1775 sequaces,qui
2550 1702 2691 1758 illud
2715 1701 3025 1758 concilium
3045 1702 3302 1774 primum
3317 1702 3635 1772 Trojanum
3651 1702 3762 1758 sub

354 1790 599 1847 concilio
633 1788 949 1854 Melﬁtano,
974 1790 1039 1842 ut
1069 1789 1226 1859 patet
1253 1802 1321 1841 ex
1351 1786 1579 1841 decreto
1620 1786 1773 1857 quod
1806 1784 1995 1841 lauda-

2112 1792 2343 1849 Urbano
2378 1792 2427 1848 ll
2458 1790 2779 1865 appellant,
2798 1792 3017 1848 aPetro
3040 1790 3307 1860 diacono,
3340 1792 3511 1848 Ivone
3540 1792 3763 1848 Carno-

354 1885 482 1937 tum
513 1883 603 1936 est
621 1895 785 1934 num.
808 1875 1176 1949 prmeedenti,
1209 1875 1401 1931 habita
1430 1877 1654 1946 qutrstio
1684 1874 1893 1929 fuerat.
2032 1874 2080 1891 "
2112 1882 2285 1949 tonsi,
2321 1881 2617 1948 Gratiano,
2664 1880 2940 1953 Magistro
2999 1880 3446 1949 sententiarum,
3507 1878 3762 1952 aliisque

354 1988 467 2046 LV.
509 1986 757 2046 Urbanus
796 1986 929 2040 Bari
976 1984 1239 2053 transfert
1268 1999 1386 2038 ossa
1416 1982 1470 2037 S.
1504 1982 1716 2037 Nicolai
1742 1989 1794 2037 et
1822 1982 1995 2037 Etiam

2110 1969 2331 2044 passim
2364 1968 2689 2027 celebribus
2719 1969 3080 2038 auctoribus,
3102 1968 3189 2025 uti
3250 1968 3435 2038 aiunt,
3468 1985 3759 2025 memora-

864 2058 1176 2127 episcopum
1209 2062 1501 2109 consecrat.

2110 2064 2259 2116 tum.
2293 2061 2363 2114 At
2410 2059 2618 2115 merito
2671 2059 3042 2132 refragantur
3070 2057 3170 2113 alii
3219 2056 3327 2113 viri
3373 2056 3610 2125 eruditi,
3655 2057 3759 2129 qui

424 2148 706 2204 Invitatus
780 2144 975 2217 itaque
1035 2145 1304 2200 Urbanus
1353 2160 1387 2199 a
1443 2142 1808 2207 Boamundo,
1872 2147 2003 2214 post
2108 2148 2346 2204 unicum
2371 2148 2481 2203 sub
2505 2148 2735 2204 Urbano
2757 2148 2806 2203 II
2836 2149 3155 2218 Trojanum
3194 2146 3508 2203 concilium
3541 2146 3757 2202 admit~

351 2239 579 2294 ﬁnitam
622 2234 911 2309 synodum
962 2232 1379 2305 Melphitanam
1429 2230 1687 2287 Venusia
1741 2231 1996 2301 transiit,
2107 2240 2259 2301 tunt,
2292 2254 2445 2292 anno
2478 2237 2635 2304 1093,
2663 2236 2745 2291 uti
2793 2253 2861 2293 ex
2905 2235 3173 2293 Bertoldo
3214 2238 3465 2306 constat,
3495 2233 3756 2291 celebra-

348 2326 450 2382 ubi
508 2323 733 2380 bullam
810 2338 990 2395 quam
1072 2321 1244 2377 modo
1302 2320 1716 2389 laudabamus,
1762 2337 1997 2377 conces-
2106 2330 2253 2383 tum.
2288 2326 2451 2382 Unde
2510 2326 2767 2398 primum
2827 2325 2996 2393 illud,
3030 2325 3185 2398 quod
3236 2323 3520 2380 Baronius
3568 2327 3625 2380 et
3653 2322 3755 2380 alii

350 2416 428 2472 sit
480 2415 541 2470 in
586 2411 839 2487 gratiam
890 2410 1282 2479 Cavensium;
1342 2414 1470 2465 tum
1528 2408 1728 2465 invisit
1782 2410 1996 2466 Baren-

348 2521 471 2562 sem
493 2502 799 2559 ecclesiam
825 2505 964 2556 tunc
981 2499 1266 2571 temporis
1290 2498 1750 2563 celeberrimam,
1777 2500 1849 2555 ob
1884 2500 1995 2555 fre-

348 2592 591 2667 quentia
610 2590 913 2659 miracula,
937 2606 1063 2661 quae
1088 2590 1161 2644 ad
1184 2605 1396 2661 corpus
1414 2588 1596 2645 sancti
1620 2586 1863 2654 Nicolai,
1887 2588 1995 2645 hoc

348 2699 501 2739 anno
528 2682 660 2736 1087
683 2678 948 2745 allatum,
975 2677 1099 2733 fieri
1147 2677 1507 2733 dicebantur.
1543 2676 1627 2731 Ibi
1668 2677 1993 2733 beatissimi

346 2770 631 2828 antistitis
662 2785 798 2824 ossa
827 2766 1083 2839 pontifex
1110 2766 1362 2839 propriis
1394 2765 1668 2822 manibus
1700 2768 1761 2821 in
1817 2768 1995 2822 locum

341 2859 531 2931 parati
582 2857 725 2913 aditi
780 2855 1099 2921 collocavit,
1132 2860 1189 2911 et
1248 2855 1383 2910 licet
1426 2854 1536 2910 hoc
1586 2854 1761 2911 fuerit
1806 2863 1993 2911 contra

344 2962 575 3015 morem,
597 2948 663 3001 ut
701 2944 826 3017 ipse
870 2944 1153 3016 loquitur,
1186 2946 1438 3000 Romana:
1466 2950 1519 2999 et
1558 2945 1867 3016 apostolicae
1894 2947 1992 3000 Ec-

343 3038 548 3103 clesiae,
573 3038 631 3092 in
651 3036 881 3108 propria
927 3033 1048 3090 sede
1087 3032 1274 3089 Eliam
1307 3033 1578 3089 Barensis
1607 3036 1665 3089 et
1689 3032 1992 3090 Canusinae

344 3144 472 3199 qua:
485 3126 613 3197 jam
630 3130 769 3180 tunc
788 3124 966 3180 unitas
987 3126 1176 3188 orant,
1200 3121 1579 3179 ecclesiarum
1610 3122 1993 3195 archiepisco-

2106 2420 2371 2472 auctores
2413 2414 2633 2471 laudati
2701 2432 2855 2471 anno
2924 2415 3063 2470 1089
3109 2406 3497 2487 consignant,
3526 2429 3756 2486 expun-

2103 2506 2362 2579 gendum
2379 2520 2507 2561 esse
2524 2504 2885 2560 contendunt
2908 2521 2920 2559 :
2941 2508 2998 2559 et
3018 2504 3278 2576 quidem,
3294 2519 3465 2559 nemo
3488 2519 3753 2575 unquam

2103 2598 2237 2651 ante
2297 2592 2431 2650 illos
2486 2596 2719 2659 nostrae,
2754 2596 2855 2649 aut
2910 2596 3245 2649 nostrorum
3296 2591 3536 2648 Patrum
3563 2589 3753 2647 aetatis

2103 2686 2391 2753 auctores,
2424 2683 2540 2738 duo
2592 2681 2841 2738 concilia
2889 2681 3075 2753 Trojas
3125 2681 3238 2737 sub
3290 2679 3521 2737 Urbano
3551 2678 3750 2755 habita

2102 2772 2390 2839 laudavit;
2415 2788 2543 2844 qua:
2565 2787 2698 2826 vero
2720 2788 2755 2826 a
2774 2770 3023 2843 Trojano
3069 2769 3334 2839 concilio,
3367 2769 3451 2824 uti
3483 2768 3748 2825 Labbeus

2100 2860 2452 2927 observavit,
2478 2861 2597 2928 Ivo,
2624 2859 2940 2916 Gratianus
2992 2864 3095 2915 aut
3141 2858 3241 2917 alii
3286 2862 3553 2915 auctores
3591 2856 3744 2914 anti-

2100 2951 2335 3023 quiores
2366 2948 2680 3021 protulere,
2708 2947 2934 3004 nullam
2967 2948 3187 3005 habent
3216 2946 3496 3021 temporis
3527 2951 3747 3017 notam,

2100 3040 2255 3095 unde
2285 3037 2477 3111 colligi
2509 3038 2696 3110 possit
2726 3054 2794 3094 ea
2825 3054 2942 3094 uno
2968 3038 3166 3111 potius
3189 3053 3366 3109 quam
3389 3035 3570 3093 altero
3592 3052 3748 3091 anno

2097 3129 2324 3185 sancita
2345 3127 2546 3183 fuisse.
2569 3126 2833 3199 Denique
2854 3143 2959 3183 nec
2982 3127 3182 3183 Petrus
3212 3123 3337 3197 ipse
3367 3123 3542 3194 cujus
3577 3121 3742 3179 testi-

344 3192 770 3288 pum'electum
802 3214 864 3271 ob
893 3212 1229 3269 devotionem
1271 3213 1449 3267 sancti
1472 3212 1774 3281 Nicolai,et
1798 3192 1991 3284 populi
2020 3192 2063 3260 Ο
2100 3216 2296 3273 monio
2354 3192 2754 3288 potissimum-
2790 3214 2898 3270 niti
2954 3214 3181 3271 videtur
3235 3192 3544 3275 liaronius,
3592 3209 3745 3265 duas

342 3305 400 3360 id
452 3304 819 3377 efﬂagitantis
847 3302 1192 3358 dilectionem
1217 3300 1596 3358 consecravit.
1632 3300 1760 3356 Haec
1790 3300 1987 3357 omnia

345 3392 783 3465 fusiusexponit
807 3391 931 3464 ipse
964 3391 1233 3447 Urbanus
1263 3389 1323 3445 in
1360 3388 1679 3463 privilegio,
1701 3406 1862 3446 num.
1894 3392 1983 3458 26,

345 3482 499 3554 quod
550 3497 619 3537 ea
668 3479 973 3537 occasione
1029 3479 1166 3535 Elite
1199 3483 1255 3535 et
1283 3480 1410 3550 ejus
1442 3478 1680 3535 Barensi
1720 3478 1985 3535 Ecclesiae

346 3567 634 3626 concessit
676 3569 769 3624 die
798 3570 833 3623 9
862 3567 1128 3624 Octobris
1160 3568 1381 3623 datum.
1417 3567 1592 3623 Porro
1623 3567 1816 3639 ipsum
1855 3584 1989 3623 con-

347 3658 689 3716 secrationis
713 3657 848 3714 Elite
878 3658 1034 3713 diem
1067 3656 1352 3713 discimus
1383 3672 1451 3711 ex
1506 3655 1790 3712 Chronico
1847 3673 1986 3711 ano-

347 3747 507 3821 nymi
530 3746 801 3802 Barensis
823 3747 895 3803 ad
917 3762 1139 3802 annum
1163 3746 1302 3801 1095
1348 3760 1524 3816 quem
1555 3761 1659 3817 pro
1692 3760 1851 3800 more
1882 3761 1988 3799 suo

2097 3323 2349 3379 usquam
2398 3305 2582 3377 Trojaz
2612 3304 2867 3377 synodos
2900 3302 3175 3377 agnovit;
3204 3302 3322 3357 imo
3378 3315 3483 3357 nec
3513 3302 3742 3355 certum

2094 3399 2329 3467 tempus
2358 3394 2624 3465 Trojana:
2653 3392 2875 3466 synodo
2897 3390 3216 3466 assignavit
3237 3389 3385 3445 libro
3416 3404 3492 3456 1v,
3526 3403 3651 3459 cap.
3682 3387 3741 3454 7,

2095 3483 2362 3539 Chronici
2382 3481 2737 3549 Casinensis,
2758 3482 2913 3537 unde
2929 3484 3125 3537 tamen
3140 3480 3549 3552 argumentum
3565 3490 3744 3530 suum

2097 3575 2367 3643 repetunt
2404 3568 2720 3625 adversarii
2747 3586 2760 3635 ;
2788 3568 2871 3624 sic
2910 3567 3065 3623 enim
3097 3570 3271 3638 caput
3302 3563 3443 3619 illud
3478 3561 3752 3618 absolute

2096 3658 2645 3728 inchoat:Sequenti
2674 3664 2911 3728 tempore
2953 3671 3101 3727 papa
3142 3652 3387 3711 Urbanus
3433 3649 3639 3707 iterum
3678 3650 3757 3707 ad

2097 3748 2193 3803 has
2239 3754 2440 3816 partes,
2466 3743 2923 3812 Montis-Casini,
2957 3743 3271 3810 adveniens,
3305 3745 3416 3797 etc.
3449 3741 3561 3809 Quo
3612 3743 3759 3797 tem-

347 3854 382 3892 a
402 3834 726 3909 Septembri
751 3834 1129 3907 praecedentis
1153 3833 1292 3891 anni
1319 3831 1495 3887 simul
1516 3848 1650 3887 cum
1673 3831 1989 3888 indictione
2092 3851 2224 3908 pore
2252 3835 2384 3890 dum
2410 3834 2558 3906 apud
2589 3833 2802 3904 Trojam
2828 3831 3102 3904 synodum
3130 3830 3444 3887 celebraret.

346 3925 600 3997 inchoat,
640 3923 741 3980 ubi
798 3924 881 3980 sic
933 3924 1155 3979 habet:
1215 3922 1367 3989 1089,
1428 3921 1621 3977 indict.
1656 3938 1778 3989 xm,
1810 3937 1992 3977 mense

345 4013 662 4088 Septembri,
684 4013 741 4069 id
772 4017 859 4069 est
890 4029 1044 4069 anno
1078 4011 1235 4078 1089,
1260 4011 1432 4081 juxta
1478 4009 1781 4083 vulgarem
1831 4026 1989 4065 com-

346 4102 591 4178 putandi
639 4101 1148 4171 modum,intravit
1196 4100 1443 4156 Urbanus
1486 4115 1630 4171 papa
1677 4101 1734 4155 in
1778 4100 1993 4155 civitate

345 4194 481 4248 Bari
507 4192 687 4264 pridie
720 4192 839 4246 Kal.
895 4190 1135 4245 Octobris
1166 4207 1185 4243 :
1215 4192 1267 4243 et
1299 4190 1357 4242 in
1396 4187 1515 4242 Kal.
1572 4188 1813 4243 Octobris
1852 4188 1990 4244 mdi-

344 4282 526 4352 ficavit
571 4281 962 4351 confessionem
1016 4278 1192 4332 sancti
1246 4277 1479 4331 Nicolai.
1533 4276 1749 4332 Eadem
1811 4276 1991 4332 ferme

345 4370 524 4426 habet
553 4370 752 4440 Lupus
787 4366 1127 4436 Protospata
1155 4363 1225 4418 ad
1262 4379 1483 4418 annum
1521 4364 1660 4419 1089
1694 4382 1707 4419 :
1745 4365 1993 4422 Urbanus

346 4460 492 4514 venit
521 4458 582 4511 in
609 4456 886 4510 civitatem
922 4454 1130 4507 Barum
1156 4454 1206 4506 et
1236 4453 1569 4507 consecravit
1621 4453 1737 4508 illic
1777 4456 1992 4525 confes-

2169 3925 2262 3993 At,
2281 3921 2532 3996 inquies,
2557 3922 2761 3978 Petrus
2781 3920 2907 3978 loco
2929 3920 3164 3976 laudato
3194 3917 3440 3976 Joannis
3488 3915 3758 3988 Cajetani

2099 4010 2529 4067 ordinationem
2553 4009 2613 4064 in
2640 4008 2954 4066 diaconum
2986 4025 3051 4065 eo
3082 4013 3345 4080 tempore
3398 4006 3468 4062 ab
3514 4005 3755 4062 Urbano

2099 4099 2313 4155 factam
2365 4097 2546 4154 fuisse
2596 4097 2790 4165 refert,
2839 4114 2956 4169 quo
3011 4096 3157 4169 apud
3219 4096 3434 4168 Trojam
3483 4092 3757 4167 synodum

2099 4188 2255 4244 idem
2283 4186 2544 4260 pontifex
2563 4186 2891 4242 celebravit.
2914 4185 3079 4241 Unde
3109 4200 3242 4240 cum
3285 4187 3508 4240 certum
3533 4180 3630 4250 sit,
3664 4183 3755 4237 uti

2101 4276 2373 4351 superius
2432 4275 2747 4348 probatum
2805 4279 2915 4343 est,
2949 4290 3018 4330 ex
3049 4272 3252 4330 multis
3300 4269 3751 4345 diplomatibus,

2099 4366 2386 4422 Joannem
2408 4364 2597 4437 primo
2617 4362 2832 4420 Urbani
2855 4380 3007 4419 anno
3029 4363 3344 4418 diaconum
3383 4360 3564 4416 fuisse
3595 4359 3754 4414 ordi-

2101 4458 2327 4523 natum,
2353 4453 2567 4510 inferre
2588 4451 2720 4510 licet
2749 4452 3039 4525 synodum
3078 4452 3390 4524 Trojanam
3424 4464 3601 4521 quam
3653 4446 3754 4503 hic

343 4548 554 4602 sionem
575 4543 755 4597 sancti
784 4540 995 4597 Nicolai
1021 4544 1073 4595 et
1101 4539 1293 4595 Etiam
1320 4540 1802 4627 archiepiscopum.
1835 4541 1991 4598 Elias
2020 4562 2070 4627 Ι)
2101 4546 2309 4599 Petrus
2332 4546 2639 4608 memorat,
2665 4541 2737 4597 ad
2759 4541 2975 4597 Urbani
3017 4540 3400 4614 pontificatus
3427 4534 3756 4611 primordia

345 4649 417 4688 ex
462 4627 749 4686 monacho
807 4628 1048 4684 Carensi
1095 4627 1284 4683 factus
1331 4626 1513 4683 abbas
1577 4629 1767 4685 Sancti
1810 4630 1990 4687 Bene-

345 4719 484 4776 dicti
505 4734 715 4792 propre
748 4721 979 4791 portum
1011 4717 1346 4784 Barensem,
1381 4714 1608 4787 primus
1635 4717 1901 4773 omnium
1932 4717 1992 4773 in

345 4825 516 4867 suam
536 4805 842 4864 ecclesiam
864 4808 1204 4878 susceperat
1224 4821 1437 4877 corpus
1457 4805 1645 4861 sancti
1675 4804 1893 4862 Nicolai
1924 4823 1995 4880 ea

346 4898 502 4955 Licia
522 4913 675 4955 anno
699 4897 838 4952 1087
869 4894 1198 4961 advectum,
1223 4892 1434 4948 deinde
1463 4894 1774 4965 praefectus
1804 4894 1994 4951 fuerat

346 4987 601 5045 ecclesia
619 5002 819 5043 recens
840 4983 1029 5041 eidem
1056 4986 1258 5039 sancto
1290 4986 1594 5038 exstructa:
1618 4983 1677 5038 in
1701 4982 1827 5055 ipsa
1849 4985 1992 5041 urbe

346 5076 691 5145 Barensi,ut
727 5093 795 5133 ex
827 5075 1055 5130 Joanne
1089 5071 1497 5127 archidiacono
1529 5071 1769 5128 Barensi
1794 5078 1994 5129 narrat

347 5165 655 5222 Ordericus
697 5163 905 5220 Vitalis
954 5161 1106 5217 libro
1137 5175 1237 5225 vn,
1269 5158 1360 5214 cui
1420 5160 1657 5215 tandem
1716 5160 1773 5215 iu
1800 5160 1989 5218 archi-

345 5254 683 5327 episcopum
706 5255 1029 5324 assumpto,
1065 5249 1347 5305 suffectus
1367 5248 1535 5303 estin
1568 5249 1811 5306 abbatis
1842 5250 1991 5324 regi-

348 5343 506 5399 mine
536 5340 884 5397 Eustachius
916 5336 1258 5395 monasterii
1304 5336 1584 5393 Omnium
1641 5339 1992 5396 Sanctorum

347 5447 525 5504 prope
544 5429 811 5485 eamdem
834 5429 1039 5484 urbem
1056 5426 1341 5495 conditor,
1361 5426 1656 5482 secundus
1668 5432 1725 5483 et
1747 5427 1992 5485 ultimus

346 5518 540 5574 Sancti
565 5512 780 5575 Nicolai
805 5515 1020 5571 abbas:
1046 5532 1180 5571 nam
1204 5532 1270 5569 eo
1293 5511 1510 5586 pariter
1529 5512 1588 5568 in
1611 5514 1994 5589 archiepisco-

348 5624 489 5681 pum
547 5606 748 5672 electo,
780 5603 1025 5662 ecclesia
1079 5602 1273 5660 Sancti
1305 5600 1523 5658 Nicolai
1577 5604 1649 5659 ad
1680 5607 1993 5666 canonicos

2101 4648 2230 4689 esse
2251 4631 2672 4700 revocandam;
2697 4630 3059 4703 proindeque
3075 4646 3209 4685 cum
3232 4644 3394 4701 aeque
3424 4628 3647 4682 certum
3672 4625 3757 4682 sit

2102 4721 2374 4778 eumdem
2393 4719 2729 4792 pontificem
2768 4735 2921 4776 anno
2950 4719 3088 4775 1093
3132 4717 3423 4792 synodum
3456 4714 3659 4772 eadem
3692 4713 3755 4771 in

2100 4810 2244 4866 urbe
2273 4808 2618 4875 celebrasse,
2653 4808 2768 4864 duo
2830 4808 3084 4880 Trojana
3144 4804 3393 4864 concilia
3420 4802 3754 4860 necessario

2102 4897 2465 4955 admittenda
2520 4901 2713 4953 erunt.
2756 4897 2976 4954 Verum
3008 4896 3153 4953 nihil
3186 4892 3328 4952 certi
3358 4910 3429 4950 ex
3453 4892 3563 4949 hoc
3591 4890 3753 4948 Petri

2100 4985 2435 5043 testimonio
2454 4985 2654 5041 inferri
2678 4990 2888 5058 potest,
2913 5003 3121 5059 nempe
3162 4985 3285 5057 qui,
3307 4982 3389 5039 uti
3421 4978 3753 5038 observavit

2100 5075 2356 5148 Angelus
2396 5075 2465 5129 de
2501 5074 2657 5130 Nuce
2696 5075 2756 5130 in
2792 5076 2947 5131 notis
2971 5076 3043 5131 ad
3077 5075 3231 5130 hunc
3262 5072 3479 5138 locum,
3513 5086 3578 5126 eo
3611 5067 3746 5135 loci,

2103 5164 2257 5236 quod
2308 5167 2363 5219 et
2394 5161 2538 5218 alias
2589 5180 2739 5236 saepe
2783 5164 2835 5220 ei
2867 5163 3130 5236 contigit,
3162 5170 3410 5219 emnctum
3443 5163 3749 5231 temporum

2100 5254 2370 5309 rationem
2399 5266 2509 5305 non
2528 5253 2785 5307 servavit.
2824 5251 3044 5308 Deinde
3073 5252 3334 5308 Joannes
3380 5248 3453 5303 ab
3486 5245 3746 5313 Urbano,

2103 5341 2337 5415 quando
2354 5338 2612 5412 primum
2636 5340 2708 5395 ad
2730 5339 3043 5398 Casinense
3058 5334 3479 5399 monasterium
3492 5333 3746 5401 advenit,

2110 5430 2392 5487 diaconus
2436 5427 2741 5484 ordinatus
2772 5434 2901 5501 est;
2934 5434 2995 5486 at
3017 5418 3220 5488 Petrus
3248 5428 3343 5483 hic
3394 5441 3511 5481 non
3542 5423 3615 5479 de
3645 5421 3747 5478 illo

2103 5518 2205 5575 sed
2235 5517 2307 5573 de
2338 5515 2593 5573 secundo
2622 5518 2919 5589 pontiﬁcis
2971 5521 3044 5576 ad
3076 5534 3310 5577 sacrum
3358 5516 3621 5572 montem
3653 5527 3747 5568 ac-

2103 5623 2271 5666 cessu
2304 5606 2521 5663 diserte
2579 5604 2860 5681 loquitur,
2885 5609 3245 5683 proindeque
3300 5622 3421 5663 non
3455 5603 3527 5661 de
3554 5600 3748 5677 prima
