4000 6178
188 404 257 501 ei
358 532 365 538 ρ
1015 536 1021 538 _
1474 454 1477 457 -
1778 430 1995 538 urit.
2212 450 2235 538 χ
3145 535 3150 538 _
3508 404 3594 499 es

178 532 428 631 Joannis
459 531 955 641 ordinatione,sed
986 536 1056 629 de
1084 568 1287 642 altera,
1318 540 1527 647 nempe
1570 545 1641 631 de
1670 570 1830 629 illius
1946 532 2477 643 Sicelghaita,anno
2504 567 2769 643 sequenti
2795 567 3070 628 defuncta
3100 535 3207 639 est,
3240 569 3333 628 die
3362 588 3455 627 xvi
3484 575 3596 629 Ka-

189 667 240 720 in
293 664 594 720 diaconum
645 663 981 735 patriarchii
1022 664 1405 719 Laterancnsis
1469 663 1833 735 promotione
1942 659 2146 716 lendas
2179 659 2333 727 Maii,
2366 664 2517 715 utex
2545 660 2885 734 Necrologio
2929 661 3268 718 Casinensis
3308 666 3597 719 monaste-

190 752 601 825 intelligendus
647 756 756 818 est,
796 769 922 824 qua
973 769 1114 808 sane
1162 752 1447 824 promotio
1492 753 1562 808 ad
1612 769 1831 807 annum

178 834 339 909 1093,
373 858 493 914 quo
511 841 699 913 Troja
716 840 1026 897 concilium
1048 839 1400 897 celebratum
1420 841 1549 908 fuit,
1581 841 1835 897 revocari

191 936 390 1005 potest,
423 930 629 1003 sicque
655 929 819 985 nulla
847 934 1111 985 remanet
1149 931 1297 987 duas
1345 931 1532 1002 Troja
1580 931 1835 1003 synodos

192 1020 552 1087 admittendi,
588 1019 762 1076 etiam
794 1036 863 1075 ex
889 1018 1044 1075 Petri
1078 1020 1432 1084 testimonio,
1467 1018 1785 1076 necessitas
1819 1037 1833 1075 :

191 1111 278 1166 sed
311 1110 389 1165 ad
418 1126 620 1165 rerum
644 1110 853 1164 seriem
887 1110 1288 1165 revertendum
1322 1114 1430 1165 est.

286 1198 462 1254 LVII.
504 1198 750 1255 Urbanus
778 1198 1062 1253 ecclesiam
1102 1199 1407 1254 Brundusii
1434 1203 1726 1253 consecrat.

252 1288 610 1344 Consecrato
631 1286 830 1359 itaque
848 1286 1001 1359 apud
1017 1286 1251 1341 Barium
1271 1286 1392 1342 Elia
1414 1286 1839 1358 archiepiSOpo,

191 1376 461 1434 Urbanus
496 1375 900 1431 Brundusium
931 1374 992 1430 in
1032 1374 1391 1447 provinciam
1428 1375 1839 1430 Hidruntinam

189 1465 565 1540 perrexit,ubi
586 1481 721 1521 eum
756 1481 907 1520 anno
932 1465 1200 1537 prasenti
1231 1464 1842 1520 ecclesiamdedicasse

190 1558 473 1611 memorat
495 1555 693 1626 Lupus
711 1552 1052 1625 Protospata
1081 1557 1283 1608 auctor
1312 1551 1680 1625 aqualis,qui
1713 1557 1845 1624 post

191 1662 249 1701 ea
274 1662 411 1716 quae
426 1643 704 1716 superius
720 1642 790 1697 de
810 1641 1085 1719 Barensis
1103 1641 1525 1719 archiepiscopi
1549 1658 1845 1697 consecra-

191 1714 337 1789 tion—8
400 1714 735 1798 retulimus,
796 1716 919 1786 hac
971 1714 1280 1803 subjhngit
1340 1748 1352 1786 :
1400 1733 1476 1785 Et
1517 1731 1848 1785 consecravit

194 1821 605 1878 Brundusinam
634 1821 917 1875 ecclesiam
943 1819 1238 1891 praedictus
1265 1837 1409 1891 papa
1453 1819 1719 1876 Urbanus.
1765 1820 1845 1872 Ex

192 1912 291 1967 hoc
316 1910 467 1982 Lupi
498 1907 840 1964 testimonio
862 1907 1364 1963 emendandusest
1383 1906 1665 1980 Ughellus
1688 1911 1845 1962 torno

198 2000 257 2056 IX
285 1999 467 2055 Italia
503 2015 706 2062 sacra,
739 1996 837 2051 ubi
871 1996 1019 2051 hanc
1058 1995 1481 2052 dedicationem
1514 2012 1665 2050 anno
1697 2012 1841 2067 pra-

199 2089 433 2145 cedente
501 2084 888 2159 consignavit.
946 2084 1147 2141 Eidem
1221 2083 1475 2140 ecclesia
1540 2085 1846 2157 episcopa-

197 2178 300 2233 lem
341 2176 855 2249 dignitatem,qua
886 2175 957 2230 ob
980 2174 1205 2229 cladem
1229 2173 1559 2229 Brundusio
1582 2190 1616 2229 a
1645 2174 1844 2229 Sarra-

198 2265 348 2321 cenis
380 2264 611 2320 illatam
670 2262 876 2318 Urium
910 2260 1191 2318 translata
1222 2261 1429 2329 fuerat,
1474 2261 1702 2317 restitui
1738 2259 1845 2314 im-

196 2354 417 2427 peravit
446 2351 982 2423 Urbanus,scriptis
1012 2368 1080 2406 ea
1105 2351 1174 2405 de
1206 2367 1267 2406 re
1310 2349 1519 2406 litteris
1567 2350 1639 2404 ad
1672 2348 1846 2405 Godi-

196 2460 334 2499 num
364 2442 733 2515 episcopum,
766 2439 867 2510 qui
898 2439 1051 2511 quod
1095 2440 1147 2494 ei
1179 2439 1418 2495 Uritana
1467 2438 1848 2495 commoratio

195 2531 383 2604 magis
418 2530 722 2595 arrideret,
767 2527 984 2583 omisso
1030 2527 1347 2583 Brundusii
1382 2528 1569 2596 titulo,
1624 2526 1847 2583 Uritani

195 2619 454 2694 episcopi
487 2617 721 2674 nomine
740 2621 1045 2673 contentus
1076 2621 1220 2682 erat,
1236 2621 1292 2672 et
1314 2616 1548 2688 quidem
1582 2616 1848 2671 Brundu-

197 2710 417 2765 simum
447 2726 563 2763 non
610 2705 723 2762 nisi
772 2708 904 2779 post
945 2705 1163 2761 Urbani
1214 2711 1463 2761 mortem
1504 2706 1850 2778 dignitatem

198 2814 369 2855 suam
398 2796 712 2869 recepit,ut
742 2811 810 2851 ex
838 2793 1136 2851 Paschalis
1167 2794 1295 2865 ejus
1328 2794 1683 2850 successoris
1700 2791 1851 2865 epis-

199 2886 323 2942 tola
348 2889 508 2959 patet
537 2884 693 2957 apud
723 2881 1034 2956 Ughellum
1065 2887 1219 2937 tomo
1253 2881 1573 2937 IX.Urbani
1597 2899 1665 2937 ea
1697 2882 1767 2936 de
1793 2898 1853 2937 re

200 2973 538 3048 epistolam,
572 2973 739 3043 cujus
764 2972 1157 3044 fragmentum
1189 2970 1437 3047 exhibet,
1475 2970 1760 3043 integram
1793 2970 1853 3024 in

201 3064 465 3121 Historia
492 3060 869 3117 Brundusina
914 3059 1113 3115 haberi
1146 3059 1375 3115 monuit
1416 3059 1698 3132 Ughellus
1729 3058 1854 3115 loco

202 3154 462 3209 laudato.
494 3153 567 3207 At
595 3150 749 3206 hanc
789 3148 1118 3215 historiam,
1173 3154 1273 3204 aut
1303 3148 1509 3204 saltem
1543 3148 1852 3221 epistolam

200 3240 492 3315 integram
524 3238 783 3296 invenire
814 3255 927 3293 non
960 3235 1143 3292 licuit.

663 3327 856 3383 LVIII.
890 3328 1153 3398 Rhegium
1184 3327 1393 3381 invisit.

262 3420 556 3476 Ceterum
604 3417 665 3473 in
715 3422 1032 3472 extremam
1067 3433 1252 3489 usque
1299 3414 1623 3470 Calabriam
1678 3431 1851 3488 pene-

199 3513 387 3564 trasse
415 3508 689 3564 Urbanus
719 3505 1002 3561 dicendus
1026 3509 1133 3572 est,
1163 3504 1211 3559 si
1241 3521 1375 3559 eum
1400 3503 1508 3560 hoc
1529 3522 1681 3559 anno
1705 3504 1851 3559 Rhe-

199 3599 359 3669 gium
380 3595 663 3652 Calabria
689 3593 981 3650 ulterioris
993 3592 1361 3665 metropolim
1376 3591 1850 3664 invisisse,atque

199 3687 261 3741 ab
286 3684 540 3742 Arnulfo
570 3683 1007 3755 archiepiscopo
1037 3685 1377 3754 susceptum
1400 3681 1651 3754 hospitio
1670 3682 1850 3737 fuisse

196 3791 397 3832 verum
427 3773 617 3841 sit,uti
648 3772 866 3827 dicitur
914 3772 1069 3843 apud
1123 3768 1449 3844 Ughellum.
1490 3774 1704 3826 Verum
1740 3770 1847 3826 etsi

194 3862 445 3921 inﬁciari
483 3861 664 3918 nolim
693 3848 997 3917 Urbanum
1030 3859 1088 3915 in
1119 3858 1444 3914 Calabriam
1478 3859 1713 3926 adiisse,
1741 3860 1848 3916 hoc

196 3958 388 4009 tamen
422 3953 537 4007 iter
565 3952 640 4007 ab
665 3967 732 4006 eo
764 3953 896 4022 post
928 3949 1243 4019 Trojanam
1294 3948 1583 4021 synodum
1615 3965 1849 4022 suscep-

193 4047 313 4098 tum
338 4041 527 4097 fuisse
548 4039 826 4096 sustineri
853 4037 1073 4110 nequit.
1108 4036 1334 4093 Etenim
1364 4053 1517 4093 anno
1546 4037 1699 4104 1093,
1733 4055 1847 4110 quo

192 4130 549 4187 celebratum
576 4127 1017 4198 fuitTrojanum
1032 4123 1431 4192 concilium,et
1455 4127 1691 4198 quidem
1717 4128 1846 4183 uni-

192 4237 322 4275 cum
357 4220 472 4276 sub
504 4196 863 4284 Urbano,uti
892 4214 1267 4288 probavimus
1301 4215 1428 4286 jam
1472 4196 1701 4271 dudum
1740 4218 1845 4272 Ar-

194 4310 388 4364 nulfus
419 4326 452 4365 e
484 4307 631 4363 vivis
660 4304 1111 4372 excesserat,sed
1147 4304 1425 4377 Ughellus
1457 4304 1846 4362 recentiorum

194 4398 337 4454 duas
356 4395 912 4472 synodosTrojanas
934 4392 1368 4450 admittentium
1389 4393 1663 4466 opinione
1687 4393 1843 4450 haud

195 4485 365 4543 dubie
392 4488 842 4560 praoccupatus
871 4481 930 4537 in
962 4481 1118 4538 hunc
1149 4498 1402 4539 errorem
1431 4481 1695 4555 impegit,
1730 4483 1846 4539 sic-

192 4591 300 4646 que
329 4576 490 4648 quod
526 4573 654 4629 hoc
708 4589 860 4628 anno
890 4571 1032 4627 4089
1062 4571 1279 4626 factum
1312 4569 1517 4637 fuerat,
1552 4571 1623 4626 ad
1663 4570 1840 4627 alium

191 4663 515 4720 transtulit.

375 4751 519 4808 LIX.
552 4752 879 4822 Episcopum
906 4748 1104 4805 Melitae
1133 4747 1351 4804 ordinat
1385 4747 1651 4804 Urbanus.

258 4841 339 4897 Ad
362 4840 517 4897 illud
545 4839 703 4896 idem
726 4838 854 4903 iter,
890 4837 935 4894 si
970 4835 1322 4909 conjecturis
1349 4836 1433 4891 uti
1466 4835 1655 4905 liceat,
1687 4854 1847 4894 revo-

192 4928 313 4983 cari
364 4929 541 4985 debet
591 4926 894 4994 Gualterii,
949 4925 1126 4999 primi
1180 4929 1313 4997 post
1359 4929 1758 4996 recuperatam
1811 4944 1846 4982 a

190 5016 434 5089 Rogerio
481 5018 698 5074 comite
753 5020 810 5072 et
865 5013 1171 5071 Saracenis
1220 5011 1477 5069 insulam
1524 5012 1845 5071 Melitensis

187 5105 471 5180 episcopi,
520 5105 836 5173 ordinatio,
879 5121 1055 5177 quam
1116 5102 1225 5158 hoc
1284 5118 1438 5157 anno
1491 5102 1563 5157 ab
1612 5102 1843 5160 Urbano

184 5195 446 5251 secundo
470 5195 825 5252 celebratam
859 5192 1038 5249 fuisse
1066 5195 1318 5246 testatur
1339 5190 1571 5246 Roehus
1588 5191 1843 5263 Pyrrhus

181 5287 343 5341 tomo
375 5285 447 5342 III
474 5283 684 5341 Sicilia
716 5300 912 5339 sacra.
939 5286 1099 5337 Certe
1131 5279 1483 5344 Gualterius,
1523 5280 1632 5335 sub
1666 5279 1840 5337 finem

178 5374 363 5447 hujus
388 5372 548 5442 anni,
599 5389 739 5429 nam
789 5369 1026 5428 indictio
1072 5386 1169 5426 ml
1214 5369 1341 5439 jam
1374 5372 1513 5424 tunc
1549 5370 1837 5435 currebat,

176 5462 536 5535 subscripsit
564 5462 801 5518 cuidam
836 5458 1225 5516 instrumento
1245 5455 1610 5529 Sicelghaita
1641 5459 1841 5515 uxoris

174 5551 420 5621 Roberti
451 5551 637 5619 ducis,
668 5549 829 5623 quod
870 5549 943 5605 ab
983 5548 1185 5603 eodem
1235 5547 1468 5601 auctore
1516 5548 1671 5601 torno
1702 5547 1750 5602 Il
1782 5548 1838 5602 in

173 5638 391 5695 notitia
420 5638 686 5695 Ecclesia
723 5634 1147 5692 Panormitana
1195 5634 1442 5689 refertur
1466 5650 1486 5695 Δε
1512 5634 1668 5706 quod
1710 5636 1839 5707 qui-

154 5720 306 5786 'dem
327 5730 799 5785 instrumentum
813 5723 1030 5780 differri
1052 5722 1300 5780 ulterius
1316 5739 1431 5778 non
1456 5725 1665 5793 potest,
1699 5740 1837 5781 nam

1944 749 2012 804 rii
2045 749 2350 823 discimus.

2231 838 2340 894 LX.
2375 838 2428 892 S.
2472 841 2654 894 Bruno
2687 840 2966 895 Urbanum
3002 843 3307 897 comitatur.

2016 927 2229 982 Eadem
2263 926 2437 982 etiam
2488 927 2786 983 occasione
2819 930 3147 984 Brunonem
3181 930 3597 987 Carthusiano-

1946 1032 2076 1071 rum
2109 1020 2404 1087 parentem
2441 1033 2572 1071 cum
2599 1016 2832 1072 Urbano
2862 1017 3185 1073 Calabriam
3210 1017 3600 1089 perlustrasse

1947 1105 2260 1177 plusquam
2302 1104 2600 1177 probabile
2630 1109 2739 1162 est.
2775 1107 2830 1161 ls
2862 1123 3070 1178 nempe
3101 1123 3135 1161 a
3164 1107 3458 1178 pontifice,
3492 1126 3599 1164 suo

1948 1194 2108 1259 olim,
2145 1199 2209 1247 ut
2238 1194 2514 1261 diximus,
2548 1211 2682 1249 cum
2714 1194 2942 1251 litteras
2973 1196 3061 1250 vir
3091 1200 3329 1251 sanctus
3371 1196 3430 1250 in
3455 1196 3603 1252 Rhe-

1949 1282 2169 1338 mensis
2202 1282 2467 1338 Ecclesia
2492 1284 2794 1339 academia
2811 1285 3060 1353 doceret,
3084 1284 3376 1357 discipulo
3399 1302 3601 1342 evoca-

1950 1376 2071 1441 tus,
2104 1371 2213 1427 hoc
2244 1389 2395 1427 anno
2428 1372 2500 1427 ad
2530 1371 2697 1428 illum
2732 1374 2996 1440 accessit,
3044 1391 3149 1429 nec
3180 1373 3427 1429 dubium
3459 1374 3602 1447 quin

1951 1462 2127 1515 etiam
2156 1476 2290 1516 eum
2324 1465 2564 1517 secutus
2588 1462 2765 1517 fuerit
2794 1462 2849 1516 in
2876 1462 3149 1535 Apuliam
3176 1467 3231 1518 et
3252 1462 3601 1533 Calabriam,

1951 1565 2087 1604 cum
2119 1565 2185 1605 eo
2212 1549 2408 1605 animo
2442 1551 2774 1607 Brunonem
2808 1552 3213 1608 accersivisset
3246 1553 3606 1621 Urbanus,ut

1952 1639 2081 1710 ejus
2131 1638 2392 1693 consiliis
2422 1638 2480 1694 in
2529 1640 2703 1696 rebus
2736 1639 3120 1706 ditficillimis,
3152 1658 3279 1713 qua
3325 1644 3466 1697 tunc
3499 1643 3607 1699 fre-

1953 1731 2200 1798 quenter
2230 1729 2628 1801 emergebant,
2661 1732 2941 1786 uteretur.
2968 1729 3142 1785 Aliud
3169 1729 3417 1785 habetur
3446 1732 3605 1799 ejus-

1956 1817 2087 1871 dem
2114 1815 2194 1870 rei
2222 1819 2823 1891 argumentum,quod
2848 1836 3054 1890 nempe
3077 1820 3365 1875 Brunonis
3397 1820 3609 1877 sancti-

1954 1908 2047 1960 tas
2077 1922 2145 1960 ex
2169 1922 2235 1960 eo
2266 1911 2527 1978 tempore
2556 1907 2699 1963 adeo
2732 1912 2871 1963 nota
2900 1908 3075 1964 fuerit
3106 1909 3259 1981 apud
3305 1908 3605 1979 Calabros,

1954 1999 2020 2049 ut
2048 1994 2221 2066 paulo
2254 2000 2383 2066 post
2409 1996 2582 2051 datus
2627 1996 2675 2050 ei
2725 1996 2901 2052 fuerit
2946 1996 3109 2053 locus
3157 1997 3216 2053 in
3268 2014 3336 2054 ea
3373 1998 3608 2071 regione

1955 2083 2026 2139 ad
2060 2082 2532 2150 inhabitandum,
2571 2101 2749 2157 quem
2776 2085 2970 2158 reipsa
2992 2103 3145 2141 anno
3174 2088 3440 2160 sequenti
3473 2105 3606 2143 cum

1955 2171 2254 2227 nonnullis
2285 2189 2315 2228 e
2359 2174 2485 2229 suis
2516 2173 2827 2230 incolebat.
2875 2175 2938 2231 Id
2988 2179 3217 2231 constat
3264 2194 3332 2232 ex
3377 2178 3607 2252 Rogerii

1956 2261 2187 2317 comitis
2217 2262 2538 2335 diplomate
2578 2265 2733 2335 quod
2783 2266 2845 2320 G.
2895 2264 3183 2321 Surianus
3234 2266 3291 2321 in
3338 2267 3493 2324 notis
3535 2269 3608 2324 ad

1955 2350 2147 2405 Vitam
2180 2352 2238 2407 S.
2268 2352 2579 2419 Brunonis,
2613 2357 2669 2408 et
2694 2352 2971 2425 Ughellus
2992 2358 3149 2409 torno
3178 2354 3247 2409 IX
3272 2355 3451 2411 simul
3474 2374 3609 2413 cum

1956 2440 2239 2495 Theodori
2274 2439 2693 2513 Squillacensis
2721 2440 2977 2515 episcopi
3010 2443 3453 2501 conﬁrmatione
3494 2446 3608 2503 edi-

1958 2529 2189 2585 derunt.
2663 2543 2667 2547 ·

2138 2618 2271 2673 LXI.
2306 2620 2534 2675 Donatio
2570 2621 2723 2691 facta
2757 2622 3045 2677 Cusinensi
3083 2625 3429 2680 monasterio.

2032 2708 2110 2761 Ex
2139 2723 2225 2779 eo,
2268 2707 2349 2762 uti
2383 2708 2631 2771 videtur,
2665 2708 2868 2765 itinere
2892 2710 3189 2766 Urbanum
3212 2729 3316 2784 per
3338 2713 3610 2787 Hirpinos

1961 2796 2207 2851 Romam
2230 2797 2569 2853 redeuntem
2586 2797 2781 2854 invisit
2801 2798 3123 2854 Balduinus
3136 2801 3411 2858 dominus
3424 2804 3611 2861 Castri

1962 2885 2162 2940 Pontis
2193 2886 2253 2940 S.
2287 2886 2578 2941 Anastasii
2611 2887 2669 2942 in
2702 2888 2980 2943 comitatu
3008 2888 3295 2957 Telesino,
3322 2894 3422 2965 qui
3454 2895 3609 2966 ejus-

1963 2973 2095 3028 dem
2116 2974 2407 3046 pontiﬁcis
2432 2993 2678 3032 assensu
2692 2980 2749 3031 et
2764 2978 3413 3044 monitu,consentiente
3433 2983 3608 3039 etiam

1965 3062 2221 3118 Roll‘rido
2244 3063 2675 3135 archiepiscopo
2700 3064 3288 3134 Beneventano,dedit
3308 3068 3609 3128 Casinensi

1965 3152 2321 3208 monasterio
2393 3152 2699 3209 ecclesiam
2761 3156 2820 3210 S.
2890 3155 3150 3229 Dionysii
3216 3175 3395 3231 prope
3463 3160 3609 3217 illud

1965 3246 2222 3295 castrum
2249 3240 2442 3309 sitam,
2467 3259 2581 3297 non
2614 3248 2807 3299 tamen
2827 3249 2960 3299 ante
2981 3262 3158 3317 quam
3180 3264 3308 3302 eam
3337 3265 3371 3302 a
3401 3250 3609 3306 funda-

1880 3315 1925 3382 C
1963 3330 2177 3384 mentis
2207 3334 2533 3402 reparatam
2567 3330 2768 3386 multis
2813 3315 3088 3388 donis—et
3138 3336 3608 3406 possessionibus

1962 3416 2393 3489 locupletasset.
2443 3423 2604 3474 IIanc
2661 3419 3035 3476 donationem
3107 3422 3326 3478 Marius
3399 3423 3609 3497 Vipera

1959 3505 2018 3560 in
2052 3505 2425 3579 chronologia
2453 3506 3022 3582 archiepiscoporum
3068 3510 3605 3570 Beneventanorum

1961 3593 2135 3650 refert
2164 3594 2233 3650 ad
2270 3600 2613 3667 praesentem
2667 3614 2890 3653 annum
2937 3616 3006 3654 ex
3051 3598 3203 3656 Petri
3251 3601 3480 3658 diaconi
3513 3621 3607 3659 re-

1959 3683 2141 3755 gistro
2172 3689 2227 3739 et
2256 3685 2356 3739 lib.
2390 3703 2445 3741 1v
2476 3685 2733 3741 chronici
2782 3687 3063 3744 Casin.At
3102 3691 3257 3761 quod
3304 3691 3609 3766 subjungit

1960 3790 2028 3828 ex
2058 3772 2324 3828 Falconis
2357 3773 2629 3829 chronico
2663 3775 2732 3830 de
2763 3774 3051 3848 legatione
3081 3778 3185 3833 HO
3228 3779 3409 3839 ferme
3440 3782 3607 3838 nobi-

1958 3860 2104 3916 lium
2136 3866 2673 3917 Beneventanorum
2722 3863 2792 3917 ad
2843 3864 3140 3920 Urbanum
3187 3884 3400 3940 papam
3435 3870 3604 3938 facta,

1958 3955 2215 4005 erratum
2242 3954 2348 4006 est.
2378 3952 2503 4006 llac
2525 3969 2734 4024 nempe
2756 3952 2826 4007 ad
2851 3952 3189 4009 Paschalem
3218 3956 3264 4010 lI
3286 3960 3608 4015 revocanda

1958 4043 2079 4106 est;
2114 4039 2269 4110 quod
2324 4039 2529 4110 Vipera
2559 4039 2727 4095 facile
2775 4040 3069 4096 advertere
3117 4043 3425 4113 potuisset,
3470 4063 3605 4104 cum

1956 4127 2081 4199 ipse
2110 4144 2238 4182 eam
2271 4144 2422 4183 anno
2454 4128 2614 4195 4102,
2648 4128 2869 4183 scilicet
2916 4129 3164 4186 triennio
3208 4136 3341 4203 post
3386 4133 3605 4191 Urbani

1956 4215 2201 4283 obitum,
2239 4216 2681 4288 consignaverit.

2029 4324 2199 4379 LXII.
2234 4325 2315 4379 An
2363 4325 2609 4381 Urbanus
2651 4326 2855 4468 Ffur/zet
2878 4326 3092 4382 abbatis
3135 4327 3388 4384 elcctioni
3435 4331 3605 4387 inter-

2716 4412 2829 4451 uerz
2862 4439 2873 4451 .

2716 4412 2873 4451 uerit.

2025 4481 2325 4539 Celebrate
2368 4484 2542 4540 etiam
2576 4485 2684 4541 hoc
2724 4503 2875 4541 anno
2923 4486 3032 4542 fuit
3063 4487 3341 4560 Raynaldi
3376 4488 3434 4544 in
3467 4492 3607 4547 Far-

1953 4572 2175 4628 fensem
2198 4574 2354 4645 apud
2382 4573 2631 4629 Sabinos
2660 4576 2929 4632 abbatem
2947 4574 3272 4643 electio,eui
3304 4577 3604 4637 Urbanum

1872 4680 1922 4744 D
1953 4659 2292 4716 interfuisse
2322 4667 2829 4718 asseveratauctor
2847 4664 3107 4720 chronici
3132 4665 3321 4721 brevis
3338 4667 3604 4739 ejusdem

1953 4749 2313 4816 monasterii,
2348 4751 2502 4822 quod
2537 4750 2849 4807 chronicon
2884 4770 3064 4808 manu
3094 4759 3395 4811 exaratum
3428 4774 3606 4830 penes

1954 4853 2062 4892 nos
2093 4841 2219 4905 est;
2253 4855 2613 4911 quamquam
2644 4840 2930 4912 suspicari
2973 4840 3109 4898 licet
3141 4842 3357 4899 Urbani
3390 4861 3604 4901 nomen

1953 4941 2057 4997 pro
2083 4926 2342 4982 Wiberto
2374 4927 2432 4982 in
2466 4928 2780 4984 chronicon
2813 4929 2958 4986 illud
3004 4947 3198 4987 errore
3227 4934 3604 4989 amanuensis

1952 5013 2278 5087 irrepsisse.
2339 5015 2532 5072 Refert
2582 5018 2740 5073 enim
2800 5018 3113 5092 Gregorius
3170 5020 3433 5092 ejusdem
3492 5020 3603 5078 loci

1953 5103 2277 5159 monachus
2303 5109 2360 5160 et
2390 5105 2657 5162 oculatus
2688 5106 2853 5164 testis
2879 5109 3226 5173 Wibertum,
3257 5124 3432 5180 quem
3479 5110 3603 5168 Cle-

1953 5197 2209 5248 mentem
2241 5192 2514 5264 appellat,
2549 5196 2874 5264 omnem,in
2905 5197 3015 5252 hoc
3041 5198 3413 5264 monasterio,
3445 5201 3600 5272 quod

1951 5286 2074 5337 erat
2096 5282 2332 5353 speciali
2351 5283 2488 5354 jure
2517 5284 2854 5357 imperatori
2885 5287 3234 5357 subjectum,
3255 5291 3598 5359 potestatem

1949 5369 2378 5427 habuisse.Imo
2410 5372 2564 5428 idem
2596 5378 2798 5429 auctor
2836 5390 3081 5429 narrans
3114 5374 3395 5447 Raynaldi
3428 5378 3601 5450 paulo

1948 5463 2084 5531 post
2112 5459 2362 5517 Berardo
2402 5459 2596 5518 locum
2631 5462 2814 5518 facere
2845 5462 3028 5517 coacti
3061 5462 3425 5536 electionem,
3455 5466 3601 5523 nihil

1948 5548 2019 5603 de
2050 5547 2287 5605 Urbano
2313 5554 2413 5605 aut
2433 5550 2709 5632 Guiberto
2728 5550 2998 5606 habet.Et
3029 5552 3268 5624 quidem
3286 5553 3602 5613 Diaconius

1947 5641 2004 5692 et
2034 5636 2131 5692 alii
2160 5638 2310 5693 inter
2340 5639 2597 5695 Guiberti
2631 5638 2959 5696 cardinales
2992 5647 3295 5699 recensent
3342 5642 3600 5699 Theodo-

1947 5726 2137 5783 ricum
2152 5727 2420 5784 abbatem
2434 5732 2490 5783 et
2504 5726 2890 5801 Maginulfum
2905 5731 3258 5787 monachum
3273 5730 3595 5802 Farfenses,
