3970 6188
395 370 490 470 es
1705 371 1780 436 Β.
1823 370 2026 473 unus

2259 373 2513 441 mea.
3737 372 3827 452 δι

407 511 468 576 et
491 506 619 592 ipse
648 504 1043 576 Theodericus
1074 506 1184 572 sub
1215 505 1488 586 Sylvestri
1509 506 1586 568 III
1605 503 1840 572 nomine
1866 469 2052 584 ponti-
2163 471 2236 576 ad
2261 511 2619 574 Catalauniaa
2641 525 2910 588 proceres
2939 506 3012 568 de
3032 505 3420 568 restauranda
3437 503 3830 575 υνδε-Τιτη-

409 597 646 672 ﬁcetum
679 599 906 660 ambiit.

764 690 956 747 LXIII.
1001 690 1304 746 Concilium
1342 689 1696 744 Santonense.

478 779 623 836 Cum
644 781 766 838 haec
789 780 847 836 in
868 779 1034 836 Italia
1051 782 1412 851 gererentur,
1430 781 1670 836 Amatus
1689 775 2058 832 Oleronensis

395 865 717 946 episcopus
748 872 804 926 et
833 868 1082 922 vicarius
1105 866 1432 939 apostolicae
1457 867 1612 922 sedis
1640 865 1696 920 in
1720 865 2055 944 Aquitania,

403 959 716 1016 concilium
759 957 852 1012 die
898 961 1108 1028 quarta
1151 955 1494 1012 Novembris
1542 953 1851 1010 celebravit
1899 956 2054 1027 apud

403 1049 713 1112 Santonos,
745 1045 804 1101 in
857 1062 992 1118 quo,
1028 1049 1173 1102 teste
1223 1043 1496 1101 Chronico
1546 1043 1937 1114 Malleacensi,
1981 1043 2052 1099 ad

400 1137 600 1198 sedem
651 1133 1156 1206 Burdigalensem,
1189 1151 1315 1207 quae
1352 1135 1481 1204 jam
1534 1133 1606 1188 ab
1659 1132 1829 1188 annis
1871 1133 2052 1188 ferme

387 1223 591 1298 tribus
615 1240 800 1284 vacua
821 1217 1464 1288 manserat,trauslatus
1495 1221 1768 1277 est.Hanc
1799 1220 2048 1278 transla-

399 1314 620 1376 tionem
651 1312 1004 1379 nolente,nisi
1034 1313 1111 1368 sit
1126 1329 1287 1368 error
1305 1310 1707 1381 librarii,forte
1737 1309 2049 1383 legendum

397 1403 626 1468 volente.
672 1399 982 1458 Guillelmo
1030 1399 1355 1473 Aquitaniae
1399 1398 1546 1454 duce
1606 1398 1818 1454 factam
1871 1398 2051 1454 fuisse

397 1494 648 1554 testatur
709 1489 1076 1546 Adhemarus
1141 1488 1450 1561 episcopus
1519 1486 1932 1544 Ecolismensis
1989 1486 2048 1540 in

397 1577 600 1654 charta
630 1577 963 1636 donationis
1021 1578 1092 1634 ab
1140 1593 1207 1634 eo
1246 1593 1440 1633 coram
1491 1575 1592 1631 illa
1632 1577 1854 1649 synodo
1886 1575 2048 1630 factae

397 1666 754 1733 monasterio
787 1667 844 1732 S.
877 1666 1148 1724 Maxentii
1181 1667 1335 1739 apud
1359 1666 1779 1736 Pictones,quze
1803 1665 2050 1720 refertur

383 1774 434 1835 _a
461 1756 929 1814 Sammarthanis
959 1759 1117 1812 tomo
1138 1754 1368 1811 [Galliae
1399 1754 1828 1810 Christianaeln
1843 1753 2044 1808 eadem

398 1845 546 1912 forte
601 1845 820 1950 synodo
869 1845 1080 1944 agitari
1142 1844 1387 1900 debebat
1447 1843 1836 1900 controversia
1897 1841 2048 1898 inter
2079 1883 2127 1950 Β

385 1929 718 1990 'monachos
737 1932 1202 1989 Vindocinenses
1245 1937 1304 1988 et
1352 1933 1534 1988 sancti
1567 1931 1760 1987 Albini
1793 1931 2052 2002 Andega.

394 2022 592 2095 vensis
623 2022 801 2090 mota,
833 2022 904 2077 de
928 2021 1183 2093 prioratu
1207 2021 1670 2088 Credonensi,uti
1697 2019 1965 2076 innuitur
1985 2019 2044 2074 in

395 2111 577 2170 veteri
610 2110 1002 2176 instrumento
1036 2116 1193 2168 tome
1224 2111 1272 2166 II
1298 2109 1616 2168 Miscellan.
1642 2108 1836 2165 Baluz.
1870 2109 2047 2164 edito.

389 2199 466 2257 At
493 2217 566 2258 ne
594 2200 650 2256 id
684 2199 1177 2272 ﬁeret,impedivit
1205 2216 1400 2255 comes
1442 2197 1898 2270 Andegavensis,
1945 2214 2051 2253 nec

381 2287 566 2372 'plura
597 2289 806 2346 rescire
835 2289 1000 2344 licuit
1031 2289 1101 2345 de
1133 2288 1231 2344 illa
1258 2288 1501 2362 synodo,
1536 2304 1715 2359 quam
1750 2288 2049 2344 Sammar-

381 2373 555 2436 thani
590 2379 653 2434 in
681 2377 869 2435 Gallia
899 2375 1226 2442 Christiana
1255 2383 1310 2432 et
1356 2377 1632 2452 Lopezius
1675 2377 1734 2431 in
1767 2375 2050 2448 Burdiga-

383 2458 543 2525 ‘lensi
603 2467 881 2533 Historia,
934 2484 1086 2522 anno
1127 2465 1488 2539 praecedente
1539 2482 1656 2520 non
1715 2464 1862 2520 bene
1911 2481 2050 2520 con-

393 2557 652 2630 signant,
685 2556 908 2627 decepti
930 2555 1087 2610 haud
1112 2555 1290 2612 dubie
1315 2554 1518 2610 charta
1541 2547 1857 2610 Adhemari
1877 2553 2049 2609 modo

392 2644 651 2715 laudata,
686 2661 813 2717 quae
844 2645 980 2699 data
1007 2643 1225 2698 dicitur
1252 2659 1398 2698 anno
1431 2645 1568 2697 1088
1613 2643 1786 2700 Nonis
1825 2642 2048 2698 Novem-

399 2733 513 2810 bris
546 2731 842 2790 indictione
872 2751 971 2800 xu,
1005 2736 1064 2788 at
1092 2731 1405 2806 legendum
1446 2731 1604 2796 1089,
1629 2730 1784 2802 quod
1839 2730 2048 2803 proba-

394 2826 633 2896 tur,non
655 2822 829 2877 modo
842 2838 908 2878 ex
920 2820 1205 2877 Chronico
1219 2817 1586 2876 Malleacensi
1601 2819 2046 2887 modolaudato,

381 2903 595 2992 :verum
624 2911 800 2966 etiam
833 2910 892 2966 in
924 2909 1128 2966 charta
1155 2907 1436 2965 Willelmi
1481 2909 1786 2981 cujusdam
1811 2907 2048 2964 Ferrani

395 3000 467 3056 ab
493 2999 638 3072 ipsis
651 2999 1123 3056 Sammarthanis
1137 2997 1450 3066 relata.Qui
1463 2997 1700 3071 quidem
1715 2996 2048 3054 Willelmus

396 3088 682 3146 nonnulla
701 3087 954 3144 ecclesiae
977 3088 1170 3148 Sancti
1193 3086 1447 3144 Severini
1489 3087 1642 3160 apud
1671 3086 2046 3160 Burdigalam

396 3178 591 3251 ablata
621 3177 875 3234 restituit
906 3194 1058 3234 anno
1110 3178 1247 3233 1088
1291 3179 1450 3234 tertio
1499 3178 1679 3234 Nonas
1717 3176 2045 3247 Decembris,

379 3259 615 3325 ~Simone
663 3269 1079 3339 Agennensium
1119 3268 1362 3339 episc0po
1406 3268 1580 3322 locum
1628 3265 2046 3338 Burdigalensis
2076 3251 2120 3320 C

384 3355 789 3432 archiepiscopi
807 3355 934 3427 jam
977 3358 1112 3411 ante
1153 3354 1460 3410 biennium
1508 3355 1766 3411 defuncti
1814 3357 2045 3410 tenente.

377 3445 555 3518 Quod
577 3460 718 3502 sane
750 3443 963 3500 falsum
1008 3448 1182 3510 esset,
1208 3445 1257 3498 si
1289 3459 1490 3499 mense
1520 3441 1750 3499 Detobri
1782 3442 2049 3514 ejusdem

395 3533 531 3590 anni
563 3535 809 3590 Amatne
840 3532 901 3588 in
931 3531 1176 3587 concilio
1225 3530 1575 3588 Santonensi
1615 3532 1802 3586 factus
1841 3531 2050 3586 fuisset

395 3620 892 3694 archiepiscopus.
939 3620 1009 3676 Et
1060 3619 1296 3692 quidem
1343 3623 1476 3692 post
1524 3617 1805 3674 Gotcelini
1853 3617 2048 3674 archi-

393 3707 652 3784 episcOpi
684 3708 932 3774 obitum,
957 3708 1058 3782 qui
1088 3725 1240 3764 anno
1281 3707 1421 3764 1086
1451 3707 1713 3780 contigit,
1747 3707 1917 3763 sedes
1949 3706 2052 3762 tri-

395 3798 508 3856 bus
535 3797 769 3854 circiter
798 3797 991 3866 annis,
1029 3801 1094 3852 ut
1129 3797 1240 3869 ipsi
1292 3794 1730 3853 Sammarthani
1784 3796 2051 3852 observa-

394 3891 741 3957 runt;vacua
762 3886 1433 3959 remansit,proindeque
1463 3885 1532 3940 ad
1561 3902 1781 3940 annum
1817 3885 1974 3940 1089.

385 3994 580 4056 LXIV.
609 3994 968 4065 Privilegium
991 4009 1094 4066 pro
1138 3994 1374 4066 Ecclesia
1420 3993 1670 4050 Remensi
1697 3995 1747 4047 et
1781 4007 1883 4064 pro
1930 4009 2048 4049 mo-

962 4064 1202 4122 nasterio
1241 4064 1474 4122 Dalmata.

461 4154 627 4210 Anno
655 4152 886 4210 labente
909 4153 1179 4210 Urbanus
1211 4153 1457 4209 Romam
1498 4167 1764 4208 reversus
1813 4151 2048 4225 privile-

392 4243 490 4318 gia
520 4241 818 4298 nonnullis
839 4241 1100 4298 ecclesiis
1130 4246 1187 4298 et
1216 4240 1588 4298 monasteriis
1613 4241 1923 4297 concessit.
1952 4243 2046 4297 In-

385 4331 562 4403 signe
582 4333 673 4385 est
694 4346 810 4402 pra:
835 4331 1056 4386 czeteris
1074 4329 1216 4386 illud
1233 4331 1387 4403 quod
1413 4328 1707 4402 Raynaldo
1729 4330 2047 4385 Remorum

395 4417 810 4476 archiantistiti
841 4419 1084 4490 ejusque
1131 4418 1384 4474 ecclesiae
1435 4417 1681 4474 indulsit
1718 4434 1819 4474 seu
1853 4420 2046 4491 potius

395 4507 783 4576 confirmavit,
819 4507 1019 4563 datum
1053 4507 1250 4564 Roma
1279 4505 1372 4562 die
1392 4523 1490 4562 vm
1509 4506 1797 4564 Kalendas
1827 4508 2046 4565 Janua-

2167 603 2402 664 coneusi
2434 601 2743 678 epistolam
2793 600 3083 674 suscepit;
3114 600 3335 657 veritus
3379 615 3451 656 ne
3489 597 3600 654 hac
3651 613 3826 656 occa-

2165 695 2350 760 sione,
2400 693 2670 768 quamvis
2729 691 2786 748 id
2839 707 2894 746 se
2938 690 3093 746 salva
3143 689 3506 745 Narbonensis
3565 687 3828 744 Ecclesia

2155 786 2378 866 justitia
2405 782 2552 840 velle
2581 779 2936 846 declarasset
2965 778 3242 852 pontifex,
3275 775 3572 866 provincia
3605 775 3826 866 Tarra-

2164 872 2400 931 conensi
2433 890 2466 927 a
2487 888 2594 927 sua
2615 869 3026 942 jurisdictione
3047 864 3632 924 subtraheretur.Hoc
3654 864 3824 921 enim

2159 981 2226 1020 se
2255 962 2650 1036 praestiturum
2683 958 2826 1016 satis
2857 958 3129 1014 innuerat
3159 956 3436 1029 pontifex,
3459 954 3569 1010 nisi
3591 953 3825 1010 Narbo-

2163 1051 2364 1108 nensis
2390 1050 2635 1108 antistes
2659 1047 2814 1104 hanc
2843 1045 3145 1118 antiquam
3177 1041 3542 1116 metropolim
3572 1043 3820 1102 auctori-

2159 1147 2270 1198 tate
2293 1141 2581 1214 privilegii
2609 1137 2838 1194 Romani
2866 1134 2979 1208 ipsi
3011 1134 3338 1206 subjectam
3364 1132 3544 1198 fuisse
3565 1131 3818 1208 probare

2162 1234 2376 1306 posset.
2403 1229 2525 1294 Quo
2565 1225 2864 1300 privilegio
2899 1240 2960 1280 se
3000 1223 3295 1279 munitum
3340 1237 3455 1276 non
3488 1237 3618 1276 esse
3647 1217 3816 1276 haud

2156 1320 2464 1393 ignorabat
2497 1313 2961 1374 Dalmatius.Hoc
2991 1329 3123 1368 vero
3157 1312 3266 1367 iter
3294 1310 3366 1368 ab
3395 1326 3462 1365 eo
3486 1312 3626 1365 tunc
3655 1313 3818 1364 tem-

2159 1409 2316 1482 poris
2338 1408 2678 1479 susceptum
2709 1402 2890 1458 fuisse
2911 1401 3046 1457 inde
3068 1397 3584 1472 colligimus,quod
3611 1413 3819 1453 mense

2159 1497 2365 1554 Martio
2397 1493 2696 1568 sequentis
2728 1490 2865 1547 anni
2889 1488 3199 1546 concilium
3233 1485 3586 1560 provinciale
3615 1486 3672 1541 in
3705 1501 3820 1542 sua

2159 1583 2609 1658 mctropolitana
2638 1581 2781 1638 urbe
2811 1578 3271 1646 celebraverit,et
3300 1575 3538 1650 quidem
3571 1576 3756 1632 redux
3786 1592 3821 1631 ο

2157 1675 2418 1732 Romano
2449 1670 2672 1728 itinere.
2706 1669 2768 1728 Id
2816 1685 2884 1724 ex
2915 1683 2981 1724 eo
3027 1669 3186 1740 patet
3229 1665 3384 1738 quod
3432 1664 3492 1722 in
3544 1663 3655 1720 hac
3685 1661 3822 1737 ipsa

2155 1763 2378 1837 synodo
2398 1760 2563 1817 [inita
2585 1757 2754 1816 fuerit
2775 1754 3348 1823 controversia,inter
3368 1753 3564 1828 ipsum
3587 1752 3823 1812 Dalma-

2157 1853 2304 1910 tium
2356 1854 2413 1907 et
2462 1849 2734 1906 abbatem
2784 1849 3161 1920 Crassensem
3191 1847 3341 1912 orta,
3371 1843 3442 1900 de
3489 1858 3608 1918 qua
3653 1843 3820 1918 apud

2159 1940 2493 2014 pontificem
2516 1937 2711 1994 Romae
2724 1935 2876 1992 idem
2892 1932 3215 1990 Dalmatius
3227 1935 3584 2006 conquestus
3600 1930 3820 1998 fuerat,

2160 2045 2458 2106 quamque
2481 2026 2753 2083 Urbanus
2775 2022 3057 2095 Raynerio
3083 2020 3274 2095 legato
3319 2037 3426 2076 suo
3464 2036 3818 2092 componen-

2160 2121 2296 2176 dam
2327 2115 2856 2174 commendaverat.
2882 2111 2942 2170 Si
2971 2110 3128 2168 enim
3175 2114 3309 2166 ante
3341 2107 3672 2172 Romanum
3705 2108 3818 2168 iter

2161 2207 2360 2284 scpitze
2385 2206 2636 2261 fuissent
2663 2201 2775 2257 illa:
2807 2199 3232 2268 contentiones,
3259 2203 3323 2254 ut
3370 2213 3570 2256 revera
3605 2197 3670 2253 in
3699 2197 3820 2254 ista

2159 2297 2382 2371 synodo
2414 2293 2636 2367 sopitas
2668 2291 2852 2348 fuisse
2895 2288 3196 2346 declarant
3223 2289 3352 2360 ejus
3399 2289 3550 2359 acta,
3595 2286 3819 2342 frustra

2159 2392 2362 2461 postea
2373 2381 2697 2441 Dalmatius
2713 2376 3316 2460 illasadpontiticium
3337 2374 3596 2440 tribunal
3618 2375 3818 2432 Rome

2159 2472 2483 2538 detulisset,
2519 2471 2735 2527 frustra
2766 2467 2943 2524 etiam
2967 2465 3236 2524 Urbanus
3284 2465 3356 2524 de
3391 2463 3485 2522 his
3514 2463 3818 2538 sopiendis

2160 2563 2230 2618 ad
2265 2561 2521 2635 legatum
2543 2574 2720 2615 suum
2745 2554 3096 2630 scripsisset.
3128 2555 3291 2611 Hanc
3321 2571 3492 2627 porro
3520 2554 3814 2627 synodum

2157 2651 2324 2708 initio
2356 2650 2494 2707 anni
2526 2646 2834 2721 sequentis
2881 2645 3228 2704 celebratam
3279 2643 3461 2701 fuisse
3499 2660 3569 2700 ex
3599 2643 3813 2700 iisdem

2157 2741 2286 2812 ejus
2315 2737 2463 2794 actis
2493 2739 2649 2809 patet
2681 2733 2835 2808 apud
2863 2731 3164 2790 Baluzium
3186 2733 3244 2788 in
3276 2729 3539 2796 conciliis
3569 2731 3811 2804 provin-

2157 2829 2262 2884 cia)
2279 2825 2695 2892 Narbonensis,
2729 2828 2788 2880 et
2817 2823 3112 2880 Labbeum
3141 2822 3199 2876 in
3231 2820 3551 2896 appendice
3580 2820 3728 2876 tomi
3763 2823 3812 2878 X

2157 2915 2548 2976 Conciliorum
2577 2910 2965 2986 generalium,
2998 2910 3094 2968 ubi
3120 2927 3266 2967 anno
3296 2911 3518 2966 Domini
3552 2909 3814 2965 lncama-

2155 3008 2322 3064 tionis
2372 3005 2510 3061 1090
2555 3003 2766 3058 decimo
2825 3002 2984 3058 tertio
3032 3001 3302 3057 Kalendas
3353 2999 3570 3074 Aprilis.
3605 2997 3815 3062 habita

2157 3095 2339 3152 tuisse
2365 3091 2602 3150 disertis
2626 3090 2820 3150 verbis
2849 3088 3082 3146 dicitur.

2159 3201 2344 3258 LXVI.
2411 3201 2571 3256 Varia
2625 3196 3175 3328 negotiaU‘lzag’lznuirio
3245 3196 3420 3268 legato
3471 3195 3816 3253 commmdet

2893 3285 2922 3322 r
2956 3285 2989 3324 ιι
3102 3309 3115 3322 .

2893 3284 3094 3324 νοίιηω
3102 3309 3115 3322 .

2231 3361 2379 3429 Quid
2408 3375 2543 3416 vero
2569 3375 2637 3416 eo
2669 3357 2728 3414 in
2755 3355 2958 3416 itinere
2990 3355 3297 3429 profecerit
3326 3353 3652 3420 Dalmatius
3691 3353 3816 3416 dis-

2158 3451 2409 3508 cendum
2437 3451 2526 3506 est
2554 3461 2625 3504 ex
2651 3444 2862 3504 litteris
2888 3461 3035 3519 quas
3057 3461 3125 3500 ea
3145 3441 3446 3500 occasione
3467 3443 3818 3516 conscripsit

2158 3539 2452 3597 Urbanus.
2499 3535 2704 3592 Primo
2762 3550 2897 3591 eum
2954 3532 3212 3606 pontifex
3265 3531 3416 3589 clero
3472 3529 3819 3604 populoque

2158 3625 2544 3691 Narbonensi,
2595 3640 2662 3680 ac
2707 3623 2884 3682 etiam
2931 3621 3129 3678 comiti
3178 3625 3235 3677 et
3279 3619 3600 3676 vicecomiti
3649 3635 3820 3676 com-

2159 3713 2474 3782 mendavit,
2507 3711 2708 3784 eisque
2753 3709 3014 3784 praecipit
3042 3715 3110 3766 ut
3137 3707 3221 3764 illi
3254 3712 3538 3782 tanquam
3570 3705 3724 3782 patri
3759 3712 3820 3764 et

2157 3803 2370 3862 Christi
2401 3801 2614 3870 vicario
2643 3798 3037 3860 obedientiam
3055 3803 3114 3855 et
3147 3799 3427 3856 honorem
3449 3795 3814 3866 exhiberent,

2159 3894 2420 3952 minatus
2479 3908 2540 3950 se
2570 3906 2670 3947 eos
2717 3888 2819 3964 qui
2876 3885 3144 3946 Ecclesia
3201 3885 3601 3953 Narbonensis
3658 3886 3818 3944 bona

2158 3983 2476 4040 retinerent
2523 3977 2918 4038 anathematis
2961 3975 3166 4050 gladio
3215 3975 3547 4034 feriturum.
3589 3973 3816 4036 Deinde

2159 4070 2444 4146 Raynerio
2503 4066 2809 4135 cardinali,
2843 4082 3016 4140 quem
3056 4065 3116 4122 in
3163 4063 3508 4138 Hispaniam
3553 4061 3815 4136 legatum

2157 4161 2419 4228 miserat,
2451 4157 2622 4214 binas
2653 4156 2876 4214 litteras
2907 4153 3392 4230 scripsit,quibus
3419 4151 3676 4212 maxime
3724 4149 3815 4207 illi

2157 4247 2534 4310 commendat
2557 4251 2622 4302 ut
2642 4243 3020 4318 potissimum
3044 4243 3306 4316 inquirat
3326 4241 3398 4298 de
3417 4239 3654 4314 injuriis
3667 4256 3818 4312 quas

2155 4337 2484 4396 Dalmatius
2515 4350 2577 4392 se
2609 4329 2933 4392 aFrotardo
2956 4331 3362 4392 Tomeriarum
3386 4329 3598 4390 abbate
3623 4331 3818 4400 pertu-

2155 4426 2294 4486 lisse
2318 4421 3085 4498 oouquerebatur.Fortasse
3123 4419 3230 4476 ille.
3252 4417 3434 4476 abbas
3467 4417 3820 4476 abutebatur

2155 4514 2372 4589 insigni
2404 4511 2726 4588 privilegio,
2759 4509 2936 4583 quod,
2983 4509 3066 4570 uti
3101 4508 3381 4576 diximus,
3413 4521 3617 4566 mense
3652 4503 3815 4561 Julio

395 4594 490 4662 ι’ῖίι
539 4612 607 4651 0X
654 4612 770 4688 qu};
827 4596 1068 4688 Ρτφξῐιᾷθ
1099 4594 1326 4688 μίηΓθ-Πο
1371 4594 1508 4688 1Ῐοοῐ
1553 4594 1886 4688 Ροξιὶίβ-οεῖω
1934 4597 2042 4688 hoc
2069 4619 2120 4688 ῃ
2149 4603 2329 4675 hujus
2377 4601 2515 4659 anni
2548 4602 2619 4658 ab
2661 4599 2892 4657 Urbano
2939 4602 3238 4688 acceperat
3261 4614 3282 4659 ,·
3340 4591 3816 4688 unde‘pontifex

385 4702 550 4756 anno
583 4683 866 4742 natalium
899 4684 1112 4740 Christi
1160 4683 1588 4741 solemnitatem
1631 4683 1688 4739 in
1723 4683 1872 4740 Urbe
1904 4685 2046 4743 cele—
2069 4680 2112 4688 ⁷
2155 4694 2407 4751 maxime
2437 4688 2658 4747 insistit
2688 4689 2746 4744 in
2778 4693 3026 4760 utraque
3053 4687 3124 4743 ad
3156 4687 3416 4762 legatum
3446 4680 3718 4757 epistola,
3747 4685 3817 4738 ut

394 4773 618 4829 brasse.
653 4770 804 4828 Illud
832 4772 1203 4846 privilegium
1237 4790 1305 4828 ex
1333 4773 1509 4829 veteri
1542 4771 1738 4828 codice
1769 4790 1881 4830 ms.
1913 4775 2045 4831 des-

393 4861 476 4920 cri
481 4866 648 4938 ptum
680 4860 879 4933 lege,si
911 4862 1094 4918 otium
1117 4866 1226 4930 est,
1247 4862 1304 4918 in
1321 4861 1673 4936 Appendice.
1701 4866 1820 4919 Hoc
1840 4879 2047 4936 seque-

393 4955 490 5010 tur
509 4950 670 5008 aliud
701 4956 834 5026 post
865 4950 990 5007 dies
1022 4955 1140 5008 tres
1177 4968 1524 5008 concessum
1567 4951 1860 5009 Balmensi
1891 4956 2047 5028 apud

395 5042 696 5116 Sequanos
729 5038 908 5096 nobili
944 5039 1321 5108 monasterio,
1379 5041 1533 5113 quod
1585 5058 1653 5097 ex
1709 5042 1836 5114 ipso
1885 5047 2048 5101 auto-

389 5130 616 5204 grapho
648 5129 1008 5204 descriptum
1040 5130 1111 5186 ab
1144 5130 1408 5202 ejusdem
1437 5128 1546 5186 loci
1578 5129 1791 5186 ascetis
1823 5132 2049 5206 accepi-

399 5232 550 5273 mus.

397 5322 558 5379 LXV.
625 5325 888 5384 Dalmatii
937 5328 1329 5400 archiepiscopi
1382 5327 1751 5384 Narbonensis
1790 5329 1900 5384 iter
1937 5335 2047 5388 Ro-

1133 5416 1301 5454 mam.

389 5551 394 5556 δ
471 5481 578 5537 Vix
607 5481 782 5537 etiam
815 5483 968 5541 ultra
995 5487 1176 5560 hujus
1207 5488 1344 5542 anni
1379 5485 1553 5540 finem
1603 5485 1820 5540 diti'erri
1862 5491 2050 5560 potest

373 5571 508 5627 .iter
560 5569 834 5627 Dalmatii
875 5573 1291 5647 archiepiscopi
1343 5571 1739 5631 Narbonensis
1784 5573 2046 5647 Romam,

2156 4781 2307 4840 hanc
2337 4793 2577 4836 causam
2608 4773 3061 4849 diligentissime
3091 4771 3513 4847 examinet,pr.o
3539 4788 3660 4844 qua
3689 4787 3816 4844 spe-

2160 4868 2386 4928 cialiter
2415 4865 2636 4924 missus
2667 4863 2850 4920 fuisse
2889 4862 3126 4920 dicitur.
3159 4863 3308 4920 Nam
3340 4859 3684 4929 Frotardus,
3705 4851 3816 4932 'qui

2159 4958 2404 5016 Romam
2433 4955 2663 5028 primus
2691 4956 3048 5019 vene_rat,res
3079 4951 3266 5010 multo
3296 4949 3558 5022 aliter,ut
3577 4948 3662 5006 ait
3690 4947 3816 5022 ipse

2157 5045 2429 5103 Urbanus
2460 5043 2519 5099 in
2551 5042 2745 5116 prima
2773 5039 3042 5114 epistola,
3074 5057 3254 5116 quam
3281 5039 3632 5108 Dalmatius,
3666 5053 3814 5111 pra:-

2157 5140 2322 5193 seate
2380 5134 2570 5207 legato
2624 5135 2759 5188 ante
2789 5131 2917 5202 ejus
2967 5130 3024 5185 in
3063 5128 3408 5204 Hispaniam
3457 5127 3814 5196 discessum,

2157 5222 2418 5298 pontiﬁci
2451 5217 3076 5278 retulerat.Dalmatius
3106 5218 3324 5294 quippe
3353 5221 3410 5276 et
3429 5215 3816 5276 Barcinonen-

2158 5313 2242 5370 sis
2269 5311 2579 5386 episcopus
2592 5309 2664 5365 ad
2682 5308 2739 5364 id
2755 5307 3002 5364 Romam
3018 5307 3395 5381 potissimum
3416 5304 3645 5362 venisse
3659 5301 3754 5360 vid
3762 5319 3817 5362 e-

2155 5402 2397 5468 bantur,
2428 5401 2493 5454 ut
2539 5397 2822 5454 adversus
2852 5393 3020 5452 illum
3053 5397 3323 5455 abbatem
3363 5395 3645 5472 justitiam
3670 5391 3813 5450 sedis

2156 5490 2472 5564 apostolicae
2501 5484 3109 5558 ﬂagitarent.Denique
3130 5487 3203 5546 ad
3234 5487 3430 5560 ipsum
3463 5481 3811 5541 Frotardum

2159 5577 2398 5652 scripsit
2428 5576 2718 5642 Urbanus,
2751 5576 2817 5632 ut
2846 5591 2906 5632 se
2955 5576 3189 5648 penitus
3217 5573 3393 5649 legati
3418 5571 3644 5648 judicio
3671 5569 3813 5626 sub-

397 5661 787 5734 quod,praeter
817 5659 963 5718 alias
995 5679 1222 5732 causas,
1267 5664 1340 5719 ob
1388 5660 1788 5736 pervulgatam
1829 5662 2046 5722 Urbani
2152 5668 2321 5743 jiciat
2347 5686 2362 5738 ;
2396 5669 2452 5726 et
2471 5664 2525 5724 si
2554 5680 2720 5724 verre
2745 5667 2941 5728 essent
2968 5682 3035 5723 ea
3064 5683 3193 5738 qua:
3225 5663 3296 5722 de
3326 5663 3426 5722 illo
3458 5661 3817 5727 ferebantur.
