4000 6178
205 280 290 350 65
1812 280 2020 354 V’i'l‘A.
2043 313 2045 316 ‘
3538 273 3620 348 66

209 415 382 491 plene
413 425 473 478 et
501 435 736 493 congrue
763 421 1087 480 satisfaciat
1115 421 1402 480 ambobus
1422 422 1541 480 illis
1572 397 1856 481 antistiti-
1885 427 1938 495 Α
1969 422 2102 494 quis
2132 439 2201 478 ea
2253 422 2555 481 occasione
2602 419 2901 480 intrudere
2928 419 3067 480 velit
3094 421 3390 480 abbatiam
3430 423 3620 480 Come;-

208 509 344 564 bus.
372 506 639 583 Denique
682 512 734 567 ei
775 512 1029 569 maxime
1076 514 1454 570 commendat
1482 515 1758 587 pontifex,
1792 516 1858 568 ut

205 598 616 656 Narbonensem
644 604 946 658 antistitem
979 604 1122 658 sicut
1162 604 1452 674 proprium
1497 610 1552 659 et
1588 607 1861 675 pastorem

204 702 264 758 sp
272 689 604 745 iritualem..
616 730 630 744 .
663 699 976 746 revereatur
1003 700 1054 748 et
1074 691 1290 762 diligat.
1586 755 1589 757 _

318 791 537 853 LXVII.
572 792 1024 870 Tarraconensem
1039 799 1385 870 provinciam
1412 798 1758 856 Narbonensi

640 867 1055 941 archiwiscopo‘
1079 869 1434 926 commendat.
1671 933 1674 936 ,

280 953 449 1021 Quod
481 972 617 1014 vero
649 957 950 1030 spectabat
998 957 1069 1014 ad
1112 960 1215 1031 jus
1265 958 1755 1032 motropoliticum
1804 957 1862 1013 in

211 1044 709 1102 ‘I‘arraconensem
740 1043 1096 1118 provinciam
1127 1063 1242 1119 quo
1272 1047 1428 1104 brevi
1459 1063 1521 1104 se
1549 1047 1864 1121 Spoliatum

207 1133 277 1188 iri
308 1133 628 1190 verebatur
655 1132 1286 1208 Dalmatius,qnoniam
1314 1141 1438 1192 erat
1467 1151 1559 1191 res
1584 1135 1862 1202 difficilis,

208 1221 516 1277 mandavit
544 1221 733 1296 legato
763 1236 870 1279 suo
900 1223 1274 1292 Urbanus,ut
1304 1225 1445 1280 dum
1467 1223 1865 1281 Tarraconen-

203 1308 289 1366 sis
323 1310 472 1366 urbs
500 1310 1042 1384 repararetur,nihil
1068 1329 1310 1386 prorsus
1339 1330 1407 1370 ea
1437 1311 1507 1370 de
1540 1330 1599 1370 re
1630 1314 1867 1370 innova-

206 1401 315 1454 ret.
351 1398 470 1456 Res
499 1399 678 1467 enim,
711 1404 778 1456 ut
804 1400 887 1457 ait
915 1400 1049 1456 V.Cl
1071 1401 1296 1458 .Petrus
1327 1402 1397 1458 de
1425 1401 1621 1459 Maron
1641 1401 1789 1458 libro
1811 1419 1868 1458 IV

207 1487 419 1542 Marcus
452 1487 800 1561 Hispanicae,
835 1495 961 1545 erat
1005 1489 1232 1546 lubrica
1277 1495 1335 1546 et
1380 1507 1642 1564 anceps:
1686 1506 1868 1564 quare

207 1589 394 1668 ausus
423 1589 545 1632 non
573 1579 665 1668 est
697 1576 966 1668 Urbanus
1005 1577 1279 1668 Dalmatii
1329 1579 1596 1649 querelas
1627 1580 1869 1668 inaupep

205 1663 451 1730 habere,
483 1666 608 1738 qui,
640 1665 725 1722 uti
757 1666 879 1740 ipse
904 1667 1164 1739 pontifex
1189 1664 1467 1738 loquitur,
1479 1663 1868 1740 praejudiciwn

204 1754 319 1809 sibi
371 1759 586 1824 factum
648 1755 714 1811 de
788 1757 893 1810 illa
950 1757 1434 1811 Tarraconensium
1497 1759 1867 1828 episcoporum

203 1843 587 1900 subtradione
628 1845 940 1912 intimabat,
983 1861 1130 1917 quos
1179 1843 1574 1901 Narbonensis
1613 1844 1871 1901 Ecclesia

208 1945 308 2000 per
330 1945 512 1986 annos
540 1931 967 2002 quadringentos
995 1935 1116 1990 sine
1143 1934 1373 1989 alterius
1409 1936 1646 1989 ecclesiae
1692 1935 1866 1990 recta-

208 2021 460 2075 matione
480 2020 812 2092 possederat.
847 2024 918 2077 At
943 2038 1011 2078 ex
1039 2020 1224 2078 altera
1254 2026 1416 2094 parte
1466 2022 1622 2079 haud
1668 2023 1867 2096 ignota

207 2112 338 2163 erat
387 2103 622 2166 Urbano
670 2110 915 2183 antiqua
967 2111 1422 2168 Tarraconensis
1466 2111 1732 2168 Ecclesiae
1779 2113 1866 2168 di-

209 2198 433 2270 gnitas,
463 2213 595 2271 qua
625 2214 786 2264 casu,
820 2215 935 2256 non
967 2201 1040 2255 ob
1075 2200 1311 2272 aliquod
1349 2201 1572 2256 malum
1616 2203 1865 2268 facinus,

209 2283 632 2342 miserabiliter
658 2288 968 2357 exciderat;
986 2305 1120 2343 cum
1152 2287 1375 2344 scilicet
1405 2289 1532 2361 ipsa
1563 2286 1867 2360 metropoli

210 2391 243 2428 a
289 2374 568 2430 barbaris
615 2379 916 2447 Occupata,
967 2376 1190 2432 residui
1244 2377 1554 2448 provincia
1609 2377 1865 2450 episcopi

207 2479 349 2518 cum
381 2463 510 2520 suis
559 2463 840 2530 ecclesiis,
877 2464 1207 2522 inconsulto
1260 2465 1524 2522 Romano
1571 2466 1864 2538 pontifice,

211 2551 618 2608 Narbonensis
670 2553 1127 2625 metropolitani,
1176 2559 1380 2627 utpote
1419 2555 1734 2623 vicinioris,
1765 2573 1866 2611 cu-

212 2639 420 2696 stodias
471 2645 530 2697 et
577 2655 749 2711 curae,
784 2643 979 2715 potius
1025 2654 1202 2715 Quam
1228 2644 1649 2715 jurisdictioni,
1684 2645 1867 2700 multo

212 2731 419 2786 minus
445 2729 713 2786 servituti
736 2731 999 2788 attributi
1021 2733 1464 2797 lberant.Quare
1481 2733 1537 2787 in
1565 2733 1865 2790 hisrerum

213 2816 594 2891 ambagibus,
621 2819 885 2892 prudens
912 2821 1170 2893 pontifex
1203 2821 1500 2877 neminem
1530 2821 1617 2878 vel
1648 2823 1866 2895 specie-

210 2913 390 2964 tenus
419 2905 631 2964 laedere
658 2906 1056 2975 volens,caute
1087 2910 1380 2983 agendum
1412 2915 1576 2968 ratus
1606 2912 1866 2984 proviso-

211 2997 298 3054 rio
329 2997 565 3054 decreto
595 2997 902 3054 constituit
931 3004 1018 3065 ut,
1037 2999 1219 3055 donec
1251 3000 1704 3056 Tarraconensis
1726 3001 1867 3057 urbs

211 3087 1073 3158 repararetur,Tarraconensis
1104 3087 1416 3160 provincia:
1445 3089 1700 3162 episcopi
1729 3089 1868 3144 Nar-

1969 513 2204 566 rimsem
2238 511 2474 570 aliunde
2499 513 2792 587 ignotam;
2815 519 2917 569 aut
2945 514 3219 585 denique,
3243 516 3310 568 ut
3339 511 3617 568 cardinnli

1967 599 2205 672 Aguirio
2237 601 2469 667 accidit,
2501 601 2756 675 legatum
2816 601 3033 659 Urbani
3066 601 3126 656 L.
3164 617 3263 674 qui
3314 615 3618 674 nunquam

1969 689 2178 755 extitit,
2231 691 2520 746 admittat.
2573 692 2635 747 In
2691 692 2786 748 bis
2845 708 3016 764 porro
3075 690 3286 747 litteris
3342 686 3621 765 praeclara

1971 776 2159 834 multa
2188 777 2366 834 habet
2397 779 2884 853 vigilantissimus
2914 782 3170 852 pontifex
3200 781 3271 837 de
3316 779 3494 856 legati
3532 780 3617 838 ol-

1973 867 2122 935 ﬁcio,
2178 883 2311 923 cum
2355 867 2707 942 Ptaynerium
2755 869 3128 941 potissimum
3179 871 3395 938 monet,
3450 875 3620 926 utne

1972 957 2166 1012 favore
2196 957 2417 1029 aliquo,
2449 963 2551 1014 aut
2579 957 2763 1014 nimio
2794 958 2915 1013 zelo
2945 964 3131 1025 nctus,
3165 958 3224 1012 in
3275 958 3616 1015 alterutram

1973 1050 2198 1115 partem
2233 1049 2435 1101 contra
2460 1047 2577 1101 veri
2610 1046 2870 1118 rectique
2918 1046 3151 1118 regulas
3204 1063 3266 1102 se
3295 1048 3483 1120 abripi
3515 1063 3619 1122 pa-

1970 1131 2168 1189 tiatur.
2204 1133 2322 1188 Hoc
2369 1133 2497 1206 ipso
2540 1149 2694 1190 anno
2740 1135 3052 1201 Attilanus,
3099 1135 3352 1190 Zamoraa
3399 1135 3622 1210 episco-

1974 1238 2108 1294 pus,
2139 1221 2211 1277 ab
2238 1221 2468 1278 Urbano
2501 1223 2876 1279 canonizatus
2915 1223 3128 1279 dicitur
3176 1223 3232 1279 in
3285 1223 3622 1298 Martyrolo-

1974 1311 2068 1382 gio
2102 1311 2380 1379 Romano,
2411 1311 2564 1385 quod
2597 1329 2669 1367 an
2699 1328 2900 1366 verum
2933 1312 3031 1376 sit,
3056 1329 3170 1367 non
3203 1328 3321 1368 una
3349 1317 3439 1369 est
3465 1315 3619 1386 apud

1975 1405 2244 1455 auctores
2279 1402 2454 1456 etiam
2483 1401 2772 1473 Hispanos
2796 1399 3103 1455 sententia.

2086 1506 2321 1562 LXVIII.
2355 1507 3069 1633 Privilegiumpmonasterii
3110 1507 3164 1563 S.
3197 1509 3422 1564 Joannis
3450 1508 3516 1566 de

2746 1597 2898 1633 mna.
3006 1615 3009 1619 -
3282 1630 3285 1631 ν

2746 1597 2898 1634 mna.
3006 1615 3009 1619 τ
3282 1630 3285 1631 ,

2048 1668 2376 1739 Antequam
2393 1668 2705 1740 Hispanias
2720 1666 3318 1739 dimittamus,paucis
3330 1669 3622 1740 agendum

1977 1763 2065 1812 est
2114 1757 2184 1810 de
2232 1753 2548 1827 percelebri
2601 1757 2957 1811 monasterio
3007 1754 3204 1812 Sancti
3240 1755 3490 1812 Joannis
3517 1759 3624 1814 Ba-

1977 1845 2165 1916 ptistae
2198 1845 2270 1900 de
2318 1845 2522 1913 Pinna,
2553 1847 2728 1916 cujus
2779 1844 2887 1900 loci
2931 1846 3204 1901 abbatem
3252 1845 3624 1918 Aymericum

1977 1934 2225 1990 Saucius
2256 1935 2591 2007 Aragonum
2619 1951 2712 1988 rex
2733 1935 2976 1989 Romam
3000 1933 3622 2008 misit,privilogiorum

1977 2023 2067 2078 sui
2083 2022 2419 2082 monasterii
2436 2024 2942 2079 conﬁrmationem
2952 2024 3024 2078 ab
3038 2023 3270 2079 Urbano
3282 2024 3622 2096 petiturum,

1976 2113 2129 2184 regis
2173 2118 2230 2167 et
2257 2112 2486 2167 abbatis
2517 2113 2780 2185 petitioni
2814 2112 3068 2168 nssensit
3105 2113 3381 2184 pontifex,
3415 2117 3473 2168 et
3502 2113 3628 2185 qni-

1976 2203 2107 2256 dem
2163 2203 2272 2257 sub
2324 2201 2502 2272 hujus
2553 2201 2688 2255 anni
2742 2203 2938 2268 linem,
2972 2206 3073 2258 aut
3123 2207 3276 2257 certe
3323 2200 3629 2274 sequentis

1975 2290 2163 2356 initio,
2198 2294 2262 2345 ut
2291 2289 2579 2360 conjicere
2609 2294 2698 2344 est
2727 2304 2794 2344 ex
2825 2291 2950 2361 ipso
2990 2289 3308 2362 diplomate
3340 2290 3533 2346 Sancii
3563 2291 3624 2346 id

1976 2378 2303 2445 referentis,
2336 2379 2492 2449 quod
2525 2377 2728 2432 datum
2753 2385 2844 2433 est
2871 2395 2984 2433 aera
3017 2394 3332 2447 ucxxxvm,
3364 2395 3460 2433 vui
3493 2379 3626 2436 ldus

1975 2467 2129 2530 Maii,
2185 2481 2330 2522 anno
2380 2481 2444 2522 ιιι
2486 2467 2833 2538 pontiﬁcatus
2875 2466 3063 2522 damni
3113 2467 3317 2523 Urbani
3361 2481 3526 2538 papae
3554 2466 3621 2535 lt,

1975 2573 2121 2612 anno
2172 2557 2240 2610 ab
2273 2557 2656 2610 Incarnatione
2706 2557 2934 2610 Domini
2982 2554 3138 2624 1090,
3180 2554 3475 2614 indictione
3501 2568 3630 2625 xm,

1975 2649 2086 2701 etc.
2124 2644 2340 2700 Mirum
2373 2649 2568 2700 autem
2615 2649 2706 2700 est
2735 2641 2970 2714 quantis
3001 2642 3171 2698 donis
3201 2647 3258 2698 et
3307 2641 3626 2716 privilegiis

1977 2732 2402 2789 cumulaverint
2429 2732 2729 2804 Aragoniie
2762 2747 2928 2805 reges
2960 2731 3344 2788 locumistum
3367 2749 3622 2801 sacrum,

1976 2823 2075 2894 qui
2104 2822 2174 2876 ad
2206 2837 2407 2877 eorum
2441 2822 2803 2896 sepultUram
2836 2827 2958 2877 erat
2987 2823 3325 2894 deputatus.
3358 2821 3470 2879 Sed
3508 2837 3624 2896 prie

1975 2910 2199 2966 caeteris
2215 2911 2426 2967 enituit
2443 2910 2819 2982 potissimum
2841 2910 3217 2983 Sancius,qui
3245 2915 3336 2968 ter
3351 2915 3626 2985 quaterve

1977 2999 2222 3055 Romam
2253 3000 2382 3070 ejus
2399 2999 2737 3055 monasterii
2758 2999 2997 3055 abbates
3029 2999 3288 3066 misit,ad
3312 2996 3626 3071 asserenda

1977 3087 2278 3161 privilegia
2304 3092 2360 3143 et
2388 3089 2695 3160 bona,quae
2727 3086 3014 3160 aregibus
3035 3091 3092 3143 et
3123 3087 3473 3161 prmsulibus
3489 3088 3626 3144 huic

208 3174 457 3230 bononsi
491 3169 925 3247 archiepiscopo
954 3181 1255 3247 tamquam
1276 3177 1506 3248 proprio
1527 3177 1862 3250 metropoli-
1893 3162 1938 3230 C
1978 3175 2332 3231 monasterio
2365 3175 2575 3232 collata
2604 3177 2852 3232 fuerant.
2893 3176 3107 3232 Juvant
3150 3194 3219 3232 ca
3257 3193 3384 3250 qua:
3416 3179 3475 3233 in
3508 3192 3625 3233 uno

208 3269 345 3319 tano
361 3263 973 3336 subjiberenturﬂuia
988 3281 1139 3332 vero,
1149 3264 1322 3338 paulo
1341 3270 1474 3321 ante
1487 3267 1765 3322 Toletano
1779 3281 1866 3322 ar-

205 3352 583 3425 chiepiscopo
597 3352 937 3425 primatum,
960 3351 1137 3409 salvis
1161 3354 1744 3427 metropolitanorum
1766 3357 1865 3427 ju-

207 3441 463 3506 ribusjn
479 3442 788 3498 universas
808 3442 1120 3515 Hispanias
1137 3443 1488 3510 contulerat,
1505 3443 1692 3498 voluit
1713 3449 1776 3500 ut
1805 3444 1871 3499 ii-

211 3530 340 3586 dem
365 3531 626 3604 episeopi
638 3529 915 3588 Toletano
933 3531 1371 3604 archiepiscopo
1385 3538 1665 3603 tanquam
1681 3533 1872 3605 priva-

213 3620 252 3673 ti
307 3619 642 3688 obedirent,
682 3619 852 3674 donec
915 3621 1350 3692 archiepiscopus
1400 3621 1765 3678 Narbonensis
1809 3637 1868 3678 se

211 3724 402 3764 eorum
421 3711 722 3781 primatem
743 3711 914 3781 fuisse
942 3714 1089 3764 certa
1124 3711 1294 3781 possit
1339 3712 1664 3766 auctoritate
1709 3727 1866 3767 mon-

207 3802 408 3852 strare.
439 3793 769 3852 Dalmatius
800 3797 1018 3871 quippe
1058 3797 1293 3854 Urbano
1323 3799 1548 3854 dixerat
1571 3800 1867 3871 privilegia

208 3885 272 3940 de
297 3888 552 3957 primatu
583 3886 864 3941 ecclesiam
878 3903 1038 3942 suam
1051 3887 1397 3954 habuisse,ac
1417 3886 1602 3943 multa
1617 3887 1867 3959 protule-

209 3983 303 4030 rat
333 3973 409 4030 ad
440 3975 502 4031 id
533 3973 900 4047 probandum
933 3976 1358 4032 instrumenta:
1383 3993 1569 4050 quare
1595 3975 1865 4034 Urbanus

207 4063 404 4136 legato
435 4077 543 4119 suo
574 4063 895 4136 praescribit
920 4068 984 4119 ut
1008 4065 1077 4120 de
1099 4064 1217 4120 illis
1238 4065 1555 4138 privilegiis
1571 4065 1869 4136 diligenter

207 4151 498 4226 inquirat,
529 4169 644 4208 non
674 4153 914 4225 quidem
948 4157 1014 4208 ut
1040 4151 1112 4210 de
1141 4153 1215 4210 iis
1236 4154 1550 4226 judicaret,
1567 4155 1668 4210 sed
1703 4160 1765 4210 ut
1793 4155 1865 4212 ad

207 4257 270 4297 se
298 4241 508 4314 ipsum
535 4240 657 4297 haec
686 4255 884 4311 causa,
919 4242 1118 4315 magni
1150 4242 1354 4315 utique
1385 4243 1869 4312 momenti,refer—

208 4335 396 4386 retur.
445 4331 636 4402 Atque
684 4347 775 4386 res
825 4347 890 4386 eo
939 4330 998 4386 in
1048 4335 1206 4388 statu
1251 4349 1518 4388 mansere
1565 4349 1754 4405 usque
1795 4333 1865 4389 ad

213 4429 440 4475 annum
502 4418 663 4485 1091,
719 4433 845 4491 quae
916 4421 1118 4475 omnia
1176 4421 1236 4476 in
1294 4420 1558 4492 epistolis
1617 4427 1870 4493 quatuor

1975 3263 2134 3320 illius
2164 3263 2481 3336 diplomate
2497 3266 2790 3336 pertinent
2808 3265 2878 3319 ad
2899 3264 3196 3320 Urbanum
3217 3265 3329 3320 huc
3347 3267 3622 3337 proferre,

1976 3354 2033 3408 in
2067 3370 2182 3424 quo
2215 3354 2297 3408 sic
2327 3352 2590 3424 loquitur
2622 3370 2636 3408 ε
2671 3377 2698 3403 ‹‹
2731 3353 2940 3408 Sancio
2990 3354 3198 3409 abbate
3248 3353 3523 3409 defuncto
3569 3358 3627 3409 et

1976 3443 2191 3497 domno
2219 3441 2522 3514 Aymerico
2554 3441 2765 3497 abbate
2798 3441 2856 3496 in
2893 3439 3081 3496 locum
3121 3442 3250 3513 ejus
3279 3441 3490 3515 posito,
3523 3457 3624 3497 cu-

1974 3531 2143 3602 piens
2175 3529 2283 3586 hoc
2315 3529 2644 3585 coenobium
2677 3531 2820 3586 adeo
2853 3546 3095 3602 prorsus
3127 3534 3357 3586 munire
3387 3534 3445 3586 et
3473 3531 3626 3587 tueri

1975 3617 2409 3691 apostolicoque
2457 3618 2635 3674 simul
2667 3624 2723 3675 et
2754 3617 2930 3692 regali
2965 3617 3307 3691 patrocinio,
3341 3619 3626 3676 domuum

1975 3706 2350 3780 Aymericum
2382 3707 2653 3763 abbatem
2677 3707 2873 3763 Romae
2891 3709 2960 3764 ad
2985 3707 3388 3765 beatissimum
3412 3721 3624 3782 papam

1976 3797 2275 3852 Urbanum
2306 3796 2439 3852 misi
2467 3796 2817 3868 secundum,
2849 3797 3057 3854 obnixe
3088 3799 3404 3870 deprecans
3435 3803 3626 3870 pater-

1975 3886 2218 3942 nitatem
2250 3885 2505 3953 illius,ut
2537 3886 2883 3958 praedictum
2915 3885 3183 3942 locumin
3213 3887 3551 3944 defensione
3570 3891 3627 3944 et

1975 3974 2297 4047 patrocinio
2347 3975 2651 4030 beatorum
2701 3977 3101 4046 apostolorum
3154 3976 3305 4031 Petri
3353 3979 3410 4031 et
3459 3975 3623 4031 Pauli

1975 4063 2318 4134 susciperet,
2352 4067 2408 4117 et
2438 4062 2809 4136 privilegium
2842 4061 2958 4118 tale
2987 4062 3176 4117 eidem
3207 4061 3333 4118 loco
3363 4064 3626 4120 conferre

1975 4152 2336 4224 dignaretur,
2371 4166 2486 4222 quo
2528 4167 2562 4205 a
2590 4150 2905 4222 rapacitate
2956 4149 3248 4207 malorum
3291 4150 3624 4220 hominum,

1974 4241 2062 4298 vel
2084 4241 2154 4296 ab
2186 4239 2481 4295 invasione
2513 4239 3052 4311 episcoporum,nec
3076 4255 3190 4294 non
3225 4255 3257 4296 a
3288 4238 3625 4312 praejudicio

1976 4329 2362 4387 cardinalium
2382 4332 2438 4384 et
2455 4327 3160 4401 archiepiscoporum,seu
3178 4347 3211 4386 a
3227 4328 3628 4387 dominatione

1978 4420 2132 4483 mala
2161 4418 2596 4474 succedentium
2632 4433 2860 4490 regum,
2892 4417 3053 4474 locus
3085 4416 3294 4475 iisdem
3337 4418 3488 4476 tueri
3529 4422 3630 4475 aut

211 4507 434 4563 Urbani
478 4507 670 4564 lbsius
701 4513 1089 4580 exponuntur.
1122 4511 1193 4565 At
1224 4507 1316 4565 hic
1348 4511 1652 4566 observare
1675 4513 1865 4583 juvat,
1902 4528 1946 4592 D
1976 4508 2208 4564 defendi
2253 4506 2439 4579 possit
2470 4524 2482 4563 :
2517 4511 2574 4561 et
2615 4511 2681 4560 ut
2724 4506 2906 4562 abbas
2950 4507 3216 4578 ejusdem
3265 4506 3376 4563 loci
3420 4507 3625 4575 libere,

211 4600 428 4669 praeter
456 4595 564 4653 bas
596 4595 813 4652 Urbani
842 4596 1068 4654 litteras
1098 4615 1225 4670 quas
1259 4599 1417 4670 apud
1453 4599 1751 4656 Labbeum
1782 4603 1869 4656 to-

208 4701 310 4740 mo
343 4683 391 4741 Χ
417 4680 813 4741 Conciliorum
844 4685 1009 4742 editae
1040 4691 1384 4752 sunt,manu
1415 4687 1486 4743 de
1513 4688 1608 4744 his
1640 4694 1870 4745 contro-

204 4774 422 4830 versiis
451 4773 514 4830 in
543 4774 810 4846 ejusdem
841 4776 985 4832 tomi
1017 4776 1336 4848 appendice
1368 4775 1868 4844 haberi,L.cardi-

205 4864 330 4920 nati
358 4861 668 4936 presbytero
697 4863 982 4932 datam,in
1011 4880 1127 4936 qua
1148 4865 1343 4938 agitur
1371 4865 1444 4921 de
1475 4866 1872 4922 controversia

216 4951 371 5007 inter
423 4951 863 5010 Narbonensem
923 4953 1430 5026 archiepiscOpum
1507 4959 1557 5010 et
1619 4956 1870 5011 abbatem

221 5039 620 5099 Comm'iensem
663 5046 822 5099 nata.
865 5043 974 5099 Sed
1026 5043 1146 5099 haec
1196 5043 1444 5116 epistola
1492 5061 1561 5100 ea
1607 5044 1736 5116 ipsa
1782 5049 1872 5100 est

215 5130 499 5202 Ragnar-io
551 5129 726 5204 legato
767 5132 1071 5205 inscripta,
1122 5131 1231 5190 sub
1281 5150 1398 5205 quo
1445 5133 1648 5190 eodem
1698 5131 1869 5189 titulo

212 5221 348 5292 ejus
379 5220 779 5295 fragmentum
800 5222 928 5294 jam
956 5221 1225 5278 Labbeus
1254 5221 1381 5294 ipse
1410 5221 1691 5278 retulerat
1720 5221 1871 5278 inter

213 5308 364 5366 alias
394 5309 612 5367 Urbani
644 5310 944 5382 epistolas.
978 5309 1125 5367 Eum
1168 5310 1371 5368 fefellit
1412 5310 1707 5384 exemplar
1754 5327 1870 5385 quo

210 5413 364 5456 usus
395 5403 505 5467 est,
536 5402 599 5456 in
630 5415 747 5474 quo
784 5399 1165 5458 amanuensls
1213 5415 1408 5457 errore
1458 5401 1518 5458 L.
1554 5417 1658 5474 pro
1708 5400 1773 5456 R.
1810 5400 1868 5456 in

205 5489 454 5545 titulum
478 5487 816 5562 irrepserat,
842 5487 996 5545 sicut
1023 5494 1081 5545 et
1111 5491 1529 5559 Comoriensem,
1561 5506 1666 5564 pro
1696 5490 1871 5546 Tome-

203 5580 473 5644 riensem.
502 5579 629 5650 Qua
679 5579 752 5638 de
797 5591 863 5642 re
907 5575 1184 5642 lectorem
1231 5580 1526 5640 monitum
1566 5578 1768 5651 velim,
1796 5593 1871 5641 ne

1981 4598 2105 4670 ipse
2134 4601 2191 4653 et
2220 4595 2410 4666 sui,ad
2445 4596 2642 4652 sedem
2678 4595 2999 4651 Romanam
3034 4595 3092 4651 in
3125 4597 3402 4653 omnibus
3430 4596 3628 4654 causis

1978 4692 2035 4743 et
2047 4685 2289 4758 judiciis
2319 4683 2729 4742 ecclesiasticis
2759 4684 2845 4740 vel
2876 4683 3256 4742 saecularibus
3288 4701 3393 4742 nec
3426 4701 3540 4742 non
3569 4689 3631 4742 et

1980 4776 2039 4832 in
2070 4773 2541 4832 ordinationibus
2573 4772 2874 4839 abbatum,
2908 4773 3138 4846 possint
3187 4790 3250 4830 se
3297 4773 3624 4830 reclamari.

1979 4865 2087 4929 Qui
2118 4862 2496 4921 beatissimus
2529 4863 2694 4918 Pater
2715 4862 3211 4929 Urbanus,audita
3231 4879 3372 4918 meas
3393 4858 3629 4918 humili-

1979 4954 2122 5009 tatis
2155 4952 2454 5026 petitione,
2489 4951 2660 5008 credo
2692 4968 2803 5007 non
2838 4951 2984 5007 meis
3035 4952 3277 5019 meritis,
3307 4949 3406 5007 sed
3437 4949 3626 5006 sancti

1977 5043 2223 5101 Joannis
2243 5041 2432 5114 gratia
2463 5039 3012 5108 commotus,locum
3036 5040 3192 5096 hunc
3220 5039 3278 5094 in
3311 5037 3629 5111 apostolica

1979 5132 2236 5205 suscepit
2265 5129 2641 5203 protectione,
2675 5129 2926 5202 datoque
2971 5128 3254 5184 libertatis
3303 5125 3624 5200 privilegio,

1979 5219 2294 5294 apostolico
2343 5217 2663 5292 patrocinio
2694 5218 2962 5274 munivit.
3000 5239 3027 5267 ››
3064 5215 3194 5272 Haec
3243 5215 3321 5272 ibi
3355 5215 3624 5285 Saucius,

1981 5327 2107 5382 quae
2139 5307 2311 5382 paulo
2344 5307 2536 5363 fusius
2569 5307 2780 5362 referre
2809 5306 3000 5362 visum
3033 5303 3204 5361 estad
3229 5304 3626 5378 supplendum

1979 5397 2265 5471 privilegii
2296 5397 2608 5463 defectum,
2646 5395 2800 5468 quod
2834 5393 3090 5451 invenire
3133 5411 3248 5450 non
3300 5393 3483 5450 licuit.
3518 5391 3624 5450 Re-

1979 5489 2141 5562 gium
2163 5503 2297 5545 vero
2314 5486 2458 5543 illud
2486 5483 3058 5558 diplomaintegrum
3088 5483 3322 5541 exhibet
3355 5483 3629 5557 Hierony-

1980 5593 2114 5639 mus
2145 5577 2360 5639 Blanca
2379 5577 2439 5636 in
2461 5573 2899 5636 commentariis
2919 5589 3116 5637 rerum
3135 5573 3624 5653 Aragonensium.
