3970 6188
290 199 372 273 e7
428 136 436 145 I
1585 190 1659 254 Β.
1702 188 2005 275 uanam
2040 188 2103 279 Π
2144 183 2398 253 pane.
3618 191 3743 277 es,

381 329 568 387 LXIX.
603 326 811 385 Urbani
836 324 1193 383 decretumde
1220 325 1473 383 libertate
1500 325 1842 397 nuptiarum.
1962 325 2017 392 Α
2049 324 2146 380 nia
2175 323 2235 379 in
2267 323 2363 380 his
2400 322 2553 379 notis
2600 321 2819 396 optime
2867 322 2977 381 sibi
3028 319 3344 393 cohaerent,
3376 341 3484 383 nec
3529 324 3719 382 locus

361 419 519 475 Idem
567 434 685 487 rex,
737 415 848 472 hac
898 418 999 472 aut
1046 413 1228 472 altera
1273 414 1596 479 occasione,
1641 413 1939 469 Urbanum
2054 412 2209 470 ullus
2258 429 2386 469 esse
2435 412 2665 468 videtur
2694 413 2766 469 de
2813 412 2942 484 ejus
2986 412 3319 471 sinceritate
3368 413 3717 471 dubitandi.

290 505 548 566 consulit.
573 506 645 562 de
668 521 777 561 sua
808 504 995 577 ipsius
1026 508 1221 577 nepte,
1253 522 1329 560 an
1362 503 1541 559 invita
1587 503 1708 558 viro
1759 518 1939 574 copu-
2048 502 2217 558 Forte
2248 502 2349 559 illa
2377 506 2568 558 errata
2597 519 2667 559 ex
2697 503 3151 560 amanuensium
3193 502 3421 561 incuria
3448 504 3720 576 irrepse-

285 596 463 653 landa
491 598 665 662 esset,
694 594 787 650 cui
817 610 946 650 eam
979 598 1222 666 cogente
1263 591 1611 648 necessitate
1658 608 1936 664 sponsam
2047 596 2205 649 runt.

282 685 654 759 promiserat.
680 682 1004 756 Respondit
1033 681 1291 754 pontifex
1320 682 1380 736 id
1412 696 1785 754 nequaquam
1813 679 1935 736 ﬁeri
2117 679 2658 736 Notandumtamen
2685 680 2931 737 Romam
2956 698 3223 738 reversus
3253 681 3437 738 fuisse
3466 681 3715 738 videtur

280 774 515 841 debere,
557 773 729 844 cujus
776 788 846 828 ea
903 772 974 827 de
1018 788 1080 826 re
1128 769 1478 843 rescriptum
1539 770 1612 825 ab
1665 768 1836 825 Ivone
1877 773 1937 826 et
2044 767 2232 825 die25
2261 767 2454 825 Martii
2486 769 2665 842 hujus
2695 770 2998 838 anni,cum
3028 769 3137 827 hac
3165 770 3296 843 ipsa
3335 770 3428 844 pie
3459 771 3714 844 episcopi

279 862 557 920 Gratiano
586 862 646 917 in
678 859 802 918 suis
829 859 1078 917 decretis
1107 859 1473 932 adoptatum,
1506 862 1563 914 et
1611 858 1685 915 ab
1736 857 1933 914 Hilde-
2041 857 2216 925 urbis,
2244 857 2303 913 id
2333 861 2422 914 est
2449 857 2778 915 cardinales
2808 857 3068 915 Uhaldus
3098 859 3417 917 Savinensis
3444 864 3494 916 et
3521 862 3702 918 Joan-

276 952 445 1008 berto
491 950 592 1006 lib.
628 967 689 1017 ιι,
721 947 893 1021 epist.
931 948 1025 1015 26,
1055 947 1205 1005 alias
1252 949 1342 1017 42,
1374 946 1645 1004 ιιθιειιωῐις
1678 946 1801 1003 Huc
1848 964 1934 1003 re-
2039 961 2137 1001 nes
2168 947 2608 1015 Tusculanensis,
2642 947 2948 1003 ecclesiam
2978 948 3201 1004 Sanctae
3251 948 3457 1005 Marim‘
3485 949 3557 1005 ad
3599 950 3709 1006 Pi-

2037 1050 2198 1090 neam
2233 1034 2534 1092 dedicasse
2583 1039 2820 1109 tempore
2863 1035 3074 1093 domini
3106 1036 3313 1094 Urbani
3337 1039 3391 1095 ΙΙ
3408 1054 3569 1110 papae
3598 1037 3697 1094 di-

2036 1128 2247 1179 cantur
2277 1124 2336 1179 in
2366 1124 2544 1181 veteri
2575 1123 2954 1205 inscriptione
2999 1141 3179 1197 quam
3227 1124 3595 1184 Martinellus
3624 1126 3693 1183 in

2037 1211 2223 1268 Roma
2252 1229 2439 1280 sacra,
2460 1217 2518 1269 et
2546 1212 2922 1271 Mabillonius
2953 1216 3227 1271 referunt.
3257 1214 3525 1289 Aipaulo
3556 1219 3697 1293 post

2033 1300 2204 1359 variae
2246 1301 2439 1357 Romae
2488 1301 2821 1359 consistens
2871 1301 3197 1376 diplomata
3240 1303 3489 1361 diversis
3542 1303 3694 1361 locis

2035 1391 2341 1446 concessit.

2105 1479 2183 1533 Ex
2213 1478 2306 1534 his
2334 1483 2424 1534 est
2452 1478 2823 1552 privilegium
2856 1497 2961 1553 pro
2994 1481 3350 1551 monasterio
3376 1480 3693 1538 canonico-

2032 1583 2164 1623 rum
2198 1567 2555 1641 regularium
2588 1568 2790 1625 Sancti
2831 1569 3107 1626 Antonini
3155 1570 3313 1644 apud
3363 1569 3693 1641 Ruthenos,

2031 1656 2187 1729 quod
2217 1656 2420 1712 datum
2453 1661 2542 1713 est
2570 1658 2768 1713 Romae
2785 1656 2879 1714 die
2906 1664 3094 1714 vante
3123 1658 3414 1715 Kalendas
3442 1658 3691 1733 Aprilis.

2029 1744 2200 1801 Aliud
2231 1744 2451 1802 ibidem
2473 1745 2620 1818 ipsis
2650 1744 2926 1804 Kalendis
2941 1746 3158 1820 Aprilis
3174 1747 3428 1804 indulsit
3449 1747 3694 1805 Guillel-

2029 1850 2125 1890 mo
2153 1834 2351 1890 abbati
2377 1835 2715 1892 monasterii
2749 1835 2947 1893 Sancti
2975 1837 3286 1894 Theofredi
3315 1836 3472 1910 apud
3490 1836 3690 1894 Vella-

2026 1939 2150 1991 vos,
2175 1923 2440 1981 dioecesis
2458 1924 2809 1994 Aniciensis,
2833 1924 2893 1981 in
2917 1942 3036 1998 quo
3052 1930 3434 1983 recensentur
3449 1929 3509 1982 et
3534 1942 3689 1982 con-

2030 2011 2339 2068 firmantur
2366 2012 2631 2085 ejusdem
2672 2014 3017 2070 monasterii
3058 2013 3483 2087 possessiones.
3514 2014 3685 2078 Quod

2029 2100 2186 2156 aliud
2217 2100 2399 2157 edidit
2428 2100 2700 2157 Baluzius
2731 2101 2791 2157 in
2822 2101 2949 2158 suis
2980 2100 3225 2160 Miscell.
3255 2106 3296 2159 t.
3331 2102 3463 2175 lI,p.
3486 2103 3588 2157 117
3616 2101 3685 2158 in

276 1057 487 1097 vocare
516 1039 708 1095 visum
739 1041 848 1105 est,
881 1037 1037 1110 quod
1087 1035 1314 1093 nullam
1365 1053 1617 1109 usquam
1667 1036 1933 1109 praeferat

273 1129 558 1203 temporis
590 1132 812 1183 notam.
838 1125 1107 1192 Saucius,
1130 1126 1230 1200 qui
1261 1126 1335 1182 ab
1365 1142 1519 1182 anno
1552 1126 1690 1182 1067
1711 1127 1925 1198 Arago-

277 1218 455 1274 nibus
487 1217 836 1289 imperabat,
861 1219 1071 1287 quarta
1099 1215 1194 1270 die
1219 1213 1380 1271 Junii
1413 1231 1565 1270 anno
1597 1213 1735 1269 1094
1761 1230 1928 1270 occu-

271 1306 424 1373 huit,
456 1321 593 1362 cum
624 1304 831 1360 Oscam
864 1303 1068 1360 urbem
1098 1302 1493 1372 obsideret;ad
1527 1320 1662 1359 eum
1691 1319 1927 1374 respon-

273 1395 500 1452 sionem
531 1395 707 1450 habet
737 1392 891 1466 apud
924 1393 1156 1448 Ivonem
1188 1392 1319 1448 Dec.
1354 1409 1485 1465 pag.
1518 1394 1572 1453 8,
1602 1409 1729 1464 cap.
1753 1393 1843 1459 24,
1868 1396 1925 1448 et

273 1484 430 1557 apud
461 1483 803 1540 Gratianum
855 1482 944 1551 31,
977 1498 1032 1555 q.
1068 1484 1121 1548 2,
1157 1499 1205 1537 c.
1239 1481 1295 1548 3,
1343 1480 1404 1537 in
1457 1480 1713 1537 Bullario
1764 1480 1920 1537 Casi-

272 1572 441 1630 nensi
472 1573 534 1630 F.
563 1575 618 1640 2,
644 1588 701 1644 p.
726 1572 851 1627 118.

406 1679 561 1737 LXX.
592 1678 838 1751 Epistola
860 1693 960 1750 pro
988 1680 1319 1734 monasterio
1346 1675 1781 1734 Padolironensi.

254 1797 263 1805 -
342 1768 601 1824 Habetur
638 1766 754 1824 alia
801 1766 1068 1837 ejusdem
1118 1765 1413 1839 pontificis
1441 1765 1710 1839 epistola,
1742 1781 1921 1838 quam

271 1857 383 1914 sub
413 1856 593 1928 hujus
625 1856 760 1911 anni
782 1855 983 1922 ﬁnem,
1009 1859 1112 1911 aut
1141 1853 1347 1912 saltem
1380 1858 1516 1910 ante
1540 1854 1918 1910 Mantuanam

270 1945 660 2013 obsidionem,
695 1944 861 2000 initio
891 1944 1192 2016 sequentis
1236 1943 1377 2000 anni
1428 1943 1763 2016 ineoeptam,
1797 1943 1919 1998 Ma-

268 2034 441 2091 thildi
468 2033 779 2091 eomitissze
810 2032 1049 2105 scripsit
1076 2032 1136 2087 in
1166 2032 1417 2106 gratiam
1450 2031 1920 2088 Padolironensis

270 2122 606 2179 monasterii
652 2120 935 2177 adversus
987 2121 1367 2177 Mantuanum
1420 2119 1782 2192 episcopum.
1818 2118 1920 2175 Hic

267 2211 575 2268 ecclesiam
624 2211 821 2267 Sancti
876 2209 1127 2266 Floriani
1178 2210 1251 2265 ad
1300 2208 1443 2264 illud
1494 2208 1918 2264 monasterium

267 2300 655 2373 pertinentem
708 2299 925 2372 injuste
957 2298 1265 2366 retinebat,
1300 2298 1560 2370 adeoque
1588 2296 1715 2353 vult
1743 2296 1922 2353 Urba-

268 2404 403 2459 nus,
437 2392 503 2445 ut
529 2387 827 2445 Mathildis
858 2388 1197 2460 episcopum
1243 2385 1318 2442 ad
1356 2386 1786 2443 restitutionem
1816 2385 1919 2441 ad-

268 2477 412 2550 igat.

408 2565 593 2623 LXXI.
630 2566 845 2621 Thiemo
880 2564 1312 2636 Salisburgensis
1341 2563 1777 2636 archiepiscopus

937 2635 1247 2691 ordinatur.

306 2710 487 2783 'Anni
520 2725 660 2780 1090
688 2722 854 2779 initio
885 2740 1019 2779 cum
1049 2720 1445 2790 Catholici,uti
1478 2725 1677 2779 narrat
1704 2721 1919 2778 Bertol-

265 2817 401 2883 dus,
458 2814 518 2870 in
584 2813 853 2885 Bajoaria
908 2810 1346 2885 invalesccrent,
1405 2810 1689 2868 Tbiemon
1747 2816 1917 2868 antea

264 2904 464 2961 Sancti
511 2902 663 2959 Petri
714 2902 1006 2970 abbatem,
1052 2900 1109 2955 in
1169 2899 1678 2973 Salisburgensem
1725 2900 1916 2957 archi-

263 2992 604 3068 episcopum
654 2990 980 3063 elegerunt,
1025 3004 1201 3061 quem
1251 2988 1450 3044 statim
1500 2987 1748 3045 solemni
1800 2988 1914 3044 ritu
1952 3061 1983 3068 _
2024 2984 2359 3057 praecedens
2390 2984 2500 3041 bac
2531 2986 2662 3059 ipsa
2690 2987 2895 3044 eadem
2925 2987 3020 3045 die
3051 2988 3447 3057 datum,sicut
3473 2993 3533 3045 et
3560 2988 3711 3066 alia»

2028 2190 2282 2262 gratiam
2312 2190 2573 2263 Hugonis
2603 2190 2859 2264 episcopi
2877 2189 3690 2264 Gratianopolitanhhaoipsa

2028 2278 2231 2334 eadem
2259 2278 2351 2334 die
2380 2278 2560 2351 hujus
2590 2280 2753 2349 anni,
2776 2284 2839 2335 ut
2867 2280 3106 2352 quidem
3136 2280 3309 2338 nobis
3336 2279 3689 2352 videtur,in-

2028 2365 2419 2434 dultum,licet
2430 2366 2586 2439 apud
2608 2366 2912 2424 Baluzium
2936 2372 3001 2424 ut
3018 2368 3078 2424 in
3099 2367 3435 2443 apographo
3452 2372 3685 2441 nostro,

2027 2452 2183 2525 quod
2216 2469 2285 2508 ex
2309 2452 2863 2527 Gratianopolitanaa
2896 2454 3160 2512 Ecclesiae
3190 2454 3484 2513 chartario
3504 2455 3691 2513 habe-

2027 2558 2184 2609 mus,
2217 2557 2440 2598 annum
2470 2546 2812 2614 sequentem
2844 2543 3136 2615 praeferam,
3165 2544 3269 2601 sed
3298 2542 3689 2602 amanuensis

2025 2645 2282 2686 errorem
2330 2645 2458 2686 esse
2506 2631 2824 2687 verisimile
2871 2637 2985 2700 est,
3018 2650 3133 2689 non
3167 2631 3361 2690 solum
3387 2633 3544 2706 quod
3574 2633 3685 2690 alii

2026 2718 2095 2774 ch
2106 2717 2421 2791 ronologici
2434 2719 2797 2777 characteres
2822 2720 2900 2776 ibi
2926 2722 3177 2794 appositi
3198 2738 3418 2781 annum
3433 2738 3688 2797 praesen-

2024 2812 2142 2864 tem
2175 2807 2710 2880 designent,verum
2742 2811 2920 2866 etiam
2951 2812 3106 2883 quod
3138 2813 3405 2887 scriptum
3426 2827 3530 2884 per
3553 2828 3683 2868 ma-

2021 2912 2159 2953 num
2183 2897 2433 2966 Gregorii
2461 2899 2726 2954 serium-ii
2762 2905 2929 2971 atque
2960 2900 3170 2956 notarii
3191 2902 3338 2955 sacri
3357 2900 3579 2971 palatii,
3612 2904 3685 2957 ut

261 3061 617 3138 Altmannus
646 3061 958 3152 episcopus
991 3076 1349 3133 Pataviensis
1391 3078 1549 3134 sedis
1579 3076 1909 3149 apostolicae
1942 3061 1984 3129 C
2023 3071 2308 3129 nonnulla
2337 3073 2603 3146 ejusdem
2633 3074 2937 3147 temporis,
2972 3076 3220 3145 dicatur,
3251 3076 3407 3150 quod
3435 3093 3552 3133 non
3569 3076 3678 3132 ha-

262 3167 931 3243 legatus,assistentibus
944 3165 1057 3223 sibi
1072 3164 1431 3222 Adalberone
1441 3165 1516 3219 W
1523 3166 1852 3238 irtzburgen
1860 3165 1909 3222 si

262 3263 322 3316 et
376 3257 776 3333 Meginwardo
845 3253 1206 3329 Frisingensi
1262 3254 1564 3311 catholicis
1621 3255 1909 3327 episcopis

262 3351 641 3405 consecrant.
675 3344 774 3402 Ille
804 3361 939 3402 vero
969 3343 1294 3401 Gebehardi
1326 3343 1684 3400 sanctissimi
1712 3344 1906 3400 deces-

236 3437 413 3495 ’soris
440 3438 535 3494 sui
560 3436 802 3507 vestigiis
822 3433 1195 3511 insistens,uti_
1218 3433 1277 3489 in
1299 3433 1565 3505 ejusdem
1582 3432 1909 3490 Gehehardi

259 3525 395 3581 Vita
423 3524 658 3598 legitur,
682 3526 744 3579 in
772 3523 1088 3594 defensione
1126 3523 1374 3578 veritatis
1398 3521 1682 3578 catholica
1702 3529 1753 3577 et
1775 3536 1908 3592 pro-

256 3614 554 3687 pagatione
581 3612 864 3683 religionis
895 3609 1101 3667 divinae
1131 3607 1384 3665 multum
1413 3608 1730 3666 insudavit.
1750 3608 1909 3665 Hanc

262 3700 691 3759 ordinationem
716 3717 796 3757 vn
829 3699 965 3755 Idus
985 3696 1200 3770 Aprilis
1233 3696 1587 3753 celebratam
1608 3697 1790 3753 fuisse
1811 3696 1910 3753 cb-

261 3794 454 3849 servat
483 3793 688 3846 auctor
717 3786 984 3845 Chronici
1014 3785 1483 3860 Salisburgensis
1530 3786 1685 3859 apud
1736 3784 1906 3843 Cani-

261 3880 419 3936 sium
449 3883 607 3935 tome
637 3877 733 3946 VI,
768 3876 869 3950 qui
901 3875 1069 3932 addit
1087 3874 1469 3933 Thiemonem
1501 3875 1574 3930 ab
1605 3874 1837 3930 Urbano
1858 3873 1907 3930 Il

259 3967 436 4041 pallio
465 3968 749 4025 donatum
779 3964 982 4022 fuisse.

708 4054 916 4111 LXXII.
950 4053 1255 4125 Privilegia
1281 4053 1463 4108 varia.

330 4145 546 4202 Eodem
594 4147 877 4215 tempore,
908 4141 957 4198 si
1008 4140 1209 4197 nullus
1238 4157 1392 4197 anno
1440 4145 1497 4197 et
1525 4155 1727 4196 mense
1757 4137 1908 4195 desi-

258 4232 514 4306 gnandis
555 4248 718 4288 error
760 4229 1080 4304 irrepserit,
1132 4228 1402 4286 Urbanus
1458 4228 1906 4302 praeposituram

258 4318 877 4394 Reitempurchensem
927 4317 987 4375 in
1039 4317 1430 4391 Frisingensis
1462 4317 1709 4374 Bavarim
1741 4316 1904 4372 urbis

258 4409 492 4466 dioecesi
510 4406 1042 4481 sitam,apostolieaa
1061 4406 1235 4463 sedia
1262 4405 1582 4478 Welpbone
1615 4404 1903 4477 Bojoario-
1935 4427 1984 4493 D

258 4516 390 4556 rum
438 4499 585 4555 duce
626 4498 872 4570 ejusque
920 4496 1167 4569 conjuge
1217 4493 1460 4551 Juditba
1497 4494 1775 4561 ablatam,
1800 4495 1905 4550 sub

255 4587 485 4661 speciali
513 4587 787 4643 Romanae
818 4583 1088 4640 Ecclesiae
1118 4585 1352 4639 taitione
1382 4582 1656 4655 suscepit.
1674 4581 1903 4638 Bullam

254 4694 324 4734 ea
352 4678 424 4734 de
457 4692 519 4732 re
556 4675 730 4732 refert
770 4673 1037 4729 Hundius
1062 4675 1222 4728 tomo
1251 4670 1327 4728 III
1355 4670 1693 4743 metropolis
1724 4669 1901 4728 Salis-

255 4763 594 4839 burgensis.
625 4765 697 4818 At
726 4779 843 4818 non
890 4760 1035 4819 satis
1066 4759 1175 4816 sibi
1209 4764 1481 4815 constant
1510 4758 1905 4832 cbronologici

256 4854 622 4911 characteres
680 4852 739 4907 in
793 4868 859 4907 ea
907 4848 1194 4922 appositi;
1244 4848 1380 4904 data
1429 4847 1646 4921 quippe
1690 4847 1907 4903 dicitur

255 4941 531 5016 Anagniae
554 4956 755 4998 mense
776 4937 1089 4995 Februario
1118 4937 1298 5009 hujus
1328 4936 1811 5005 anni,indictione
1834 4953 1905 4992 xv

258 5047 387 5101 qua:
417 5047 482 5087 eo
513 5048 666 5087 anno
689 5032 816 5086 erat
844 5045 979 5096 xm;
1014 5027 1224 5083 deinde
1256 5027 1545 5083 sententia
1590 5026 1903 5098 Scriptum

259 5135 438 5174 sacrae
464 5134 590 5189 quae
619 5120 680 5175 in
713 5115 906 5191 sigillo
939 5115 1204 5172 adhiberi
1235 5114 1651 5182 solet,Urbano
1681 5113 1757 5170 IlI
1789 5131 1905 5169 non

260 5205 311 5262 II
336 5207 622 5262 convenit.
646 5206 878 5262 Urbano
911 5209 1110 5262 tamen
1140 5204 1213 5260 IlI
1242 5203 1363 5259 haec
1386 5202 1550 5259 bulla
1579 5203 1755 5259 tribui
1788 5219 1903 5259 non

261 5297 471 5368 potest.
529 5297 619 5350 An
676 5295 1057 5363 Lanfrancus,
1105 5293 1205 5366 qui
1249 5291 1434 5360 illam,
1490 5292 1751 5359 absente,
1804 5284 1935 5348 aut'

259 5383 409 5442 alias
439 5382 717 5455 impedito
738 5383 961 5440 Joanne
977 5378 1904 5453 cancellario,conseripsit,aliam

258 5471 611 5555 sententiam
641 5469 997 5540 adhibuerit,
1025 5470 1335 5536 incertum.
1362 5469 1583 5531 Caetera
1616 5485 1752 5531 vera
1780 5485 1903 5530 om-

2018 3162 2160 3217 bent
2190 3160 2513 3235 diplomata
2543 3162 2680 3218 anni
2707 3163 3031 3236 sequentis,
3062 3164 3183 3221 imo
3232 3181 3338 3221 nec
3378 3163 3499 3222 ulla
3530 3164 3681 3222 alio-

2018 3267 2152 3306 rum
2183 3267 2500 3318 annorum,
2534 3252 2581 3308 si
2623 3251 2769 3309 bene
2801 3253 3063 3310 memini.
3098 3253 3267 3311 Vetat
3307 3254 3573 3329 pontifex
3610 3254 3678 3311 in

2017 3339 2125 3396 hac
2156 3338 2317 3396 bulla
2344 3340 2726 3397 alienationes
2775 3341 3310 3400 ecclesiasticorum
3355 3344 3674 3411 honorum,

2016 3434 2073 3484 et
2104 3446 2175 3486 ne
2206 3445 2298 3485 res
2327 3429 2585 3485 defuncti
2616 3429 2898 3504 episcopi,
2930 3430 3017 3488 vel
3047 3430 3303 3489 ecclesias
3333 3449 3368 3488 a
3389 3432 3673 3504 quopiam

2016 3517 2340 3591 rapiantur,
2371 3534 2520 3591 quas
2549 3517 2672 3573 vult
2701 3535 2736 3575 a
2764 3519 3064 3577 canonicis
3096 3519 3353 3594 integras
3381 3521 3674 3577 reservari

2015 3606 2288 3680 episcopo
2320 3606 2645 3663 successori
2675 3608 2894 3685 futuro.

2084 3694 2256 3752 Aliud
2278 3694 2507 3769 insigne
2536 3694 2926 3770 privilegium,
2952 3698 3107 3770 apud
3138 3696 3506 3755 Tambur.De
3527 3696 3669 3769 jure

2016 3784 2172 3854 abh.,
2203 3788 2246 3840 t.
2281 3784 2350 3855 II,
2382 3801 2440 3857 p._
2490 3785 2616 3853 468,
2658 3785 2832 3858 paulo
2884 3791 3018 3867 post
3065 3786 3417 3860 praecedens,
3466 3786 3526 3843 id
3575 3790 3667 3843 est

2015 3878 2177 3930 sexta
2204 3873 2297 3930 die
2327 3873 2593 3945 ejusdem
2625 3875 2847 3931 mensis
2873 3874 3364 3950 Aprilis,indulsit
3391 3875 3665 3932 Urbanus

2013 3960 2521 4018 Vallumhrosanis
2562 3962 2887 4033 monachis,
2917 3980 3032 4037 quo
3062 3981 3177 4020 non
3228 3964 3401 4020 modo
3453 3961 3665 4020 Vallis-

1945 4038 1948 4043 θ
2015 4049 2315 4107 Umbrosas
2337 4051 2677 4108 monasterii
2704 4052 2990 4126 principis
3012 4053 3154 4124 jura
3167 4057 3226 4110 et
3239 4051 3667 4125 possessiones,

2014 4138 2117 4195 sed
2148 4138 2327 4196 etiam
2357 4144 2542 4196 totam
2566 4140 2889 4197 multorum
2913 4142 3559 4215 monasteriorum,qua:
3580 4138 3666 4196 ibi

2014 4232 2296 4297 recenset,
2348 4230 2883 4303 congregationem,
2929 4235 3063 4287 ante
3122 4230 3348 4304 aliquot
3397 4246 3585 4287 annos
3632 4245 3670 4285 a

2011 4316 2237 4373 Joanne
2288 4316 2604 4374 Gualberto
2662 4319 3017 4386 institutam,
3069 4319 3456 4377 conﬁrmavit.
3516 4318 3668 4374 Tum

2014 4405 2277 4473 decernit
2306 4405 2566 4478 pontifex
2598 4412 2663 4463 ut
2692 4407 2807 4464 alia
2839 4408 3361 4481 monasteria,qua3
3392 4407 3667 4481 deinceps

2016 4493 2251 4550 novella:
2283 4494 2420 4551 huic
2452 4495 2889 4569 congregationi
2921 4497 3420 4571 aggregabuntur,
3454 4495 3665 4552 iisdem

2013 4582 2333 4658 privilegiis
2362 4585 2682 4658 gaudeant,
2711 4601 3034 4658 eorumque
3083 4585 3350 4642 omnium
3381 4588 3559 4659 caput
3587 4584 3669 4640 sit

2010 4672 2141 4746 ipsa
2170 4672 2684 4730 Vallis-Umbrosis
2717 4673 2970 4743 abbatis;
2989 4675 3251 4748 adeoque
3279 4673 3585 4731 constituit
3600 4678 3666 4729 ut

2012 4761 2082 4818 ad
2115 4762 2245 4833 ejus
2277 4761 2506 4818 abbatis
2536 4761 2901 4833 electionem,
2931 4768 3142 4837 praeter
3170 4763 3283 4819 loci
3316 4761 3661 4831 monachos,

2012 4851 2343 4923 superiores
2373 4867 2607 4923 quoque
2636 4857 2979 4909 casterorum
2995 4852 3263 4909 omnium
3284 4851 3667 4908 monasterio-

2012 4956 2146 4995 rum
2193 4939 2665 5011 congregationis
2712 4941 2974 5014 sutl‘ragii
3015 4941 3119 5014 jus
3163 4941 3455 5011 habeant;
3505 4945 3564 4997 et
3613 4939 3664 4996 si

2014 5027 2311 5100 quispiam
2359 5043 2427 5083 ex
2473 5027 2589 5085 illis
2631 5029 2964 5100 abbatibus,
2997 5031 3071 5087 ad
3116 5031 3370 5103 generale
3415 5032 3665 5101 regimen

2015 5118 2213 5173 electus
2244 5115 2691 5186 fuerit,dimissa
2718 5120 2953 5192 propria
2982 5119 3239 5188 abbatia,
3257 5119 3327 5176 ad
3348 5119 3666 5193 principale

2012 5205 2316 5262 ccenobium
2345 5210 2608 5276 transeat,
2626 5208 2796 5278 cujus
2827 5211 2972 5264 nutu
3003 5212 3187 5266 omnia
3206 5211 3366 5266 unita
3392 5217 3667 5264 monaste-

2011 5296 2102 5351 ria
2132 5294 2649 5368 regantur.Datum
2679 5299 2767 5352 est
2798 5295 2990 5352 Romae
3022 5297 3133 5354 hoc
3164 5315 3317 5355 anno
3343 5295 3666 5366 1090,indi-

2018 5384 2210 5440 ctione
2236 5382 2463 5451 x111,die
2490 5400 2592 5439 vm
2624 5383 2760 5440 Idus
2789 5384 3253 5457 Aprilis,Urhani
3285 5385 3666 5462 pontificatus

2015 5488 2169 5537 anno
2198 5473 2253 5545 3,
2286 5487 2415 5550 quae
2444 5476 2594 5535 notae
2624 5488 2829 5536 omnes
2875 5475 3139 5555 apprime
3188 5476 3304 5537 sibi
3348 5475 3664 5575 cohercet,

3957 5330 3959 5397 l

3954 5416 3959 5469 ἐ

3953 5500 3959 5555 1

3948 5596 3960 5653 ι
