3970 6188
156 328 239 396 69

1728 324 1938 396 VITA.
3498 334 3579 404 70

164 470 221 521 at
249 465 473 523 mirum
493 468 585 521 est
612 461 677 520 in
726 458 828 521 illo
858 460 1163 539 privilegio
1192 477 1488 537 nusquam
1520 465 1814 535 abbatem,
1845 472 1899 541 Α
1927 472 1994 524 ut
2013 466 2231 525 electus
2248 467 2429 525 abbas
2452 468 2827 528 aTuronensi
2851 468 3288 545 archiepiscopo
3308 485 3580 527 consecra-

166 555 261 630 qui
284 558 429 612 tunc
442 553 921 612 Valli-Umbrosm
933 558 1198 628 prmerat,
1221 556 1593 612 nominatum
1613 556 1819 623 fuisse;

1929 561 2134 612 tionem
2189 559 2446 630 accipiat,
2502 560 2605 615 sed
2666 561 2787 616 sine
2839 562 3017 616 omnis
3078 559 3430 633 professionis
3483 574 3581 615 ea:-

166 645 310 703 forte
341 646 521 719 quod,
553 661 691 702 cum
738 642 800 700 in
833 644 1028 701 omnis
1055 644 1523 719 congregationis
1551 644 1820 719 'gratiam
1927 647 2158 702 actione.
2181 646 2339 702 Hanc
2356 646 2871 706 clausulaminseri
2894 648 3117 705 curavit
3136 648 3397 722 pontifex
3418 663 3582 704 occa-

168 750 515 792 concessum
536 734 748 791 fuisset
759 734 833 790 ad
855 734 983 806 ejus
993 733 1266 807 generale
1282 733 1541 808 regimen
1560 740 1820 791 statuen-

169 824 336 894 dum,
382 824 573 881 satius
620 820 976 895 judicaverit
1027 822 1288 896 pontifex
1341 821 1489 879 illud
1545 821 1822 880 omnibus

170 913 507 970 universum
550 911 835 969 membris
864 928 1044 985 quam
1075 910 1351 984 cuiquam
1382 912 1663 968 abbatum
1693 928 1823 986 spe-

168 1000 394 1059 cialiter
422 1000 762 1059 inscribere.
792 1001 962 1057 Tunc
989 1017 1125 1058 vero
1152 999 1304 1057 Valli
1336 999 1637 1057 Umbrosis
1677 1018 1822 1075 prse-

166 1096 291 1147 erat
318 1090 603 1148 Rusticus
645 1089 801 1147 beati
829 1089 1074 1147 Joannis
1105 1088 1405 1147 Gualberti
1437 1094 1573 1164 post
1602 1090 1828 1148 Rodnl-

165 1180 293 1237 fum
325 1195 656 1241 successor.

164 1286 418 1344 LXXIII.
493 1287 781 1344 Decretum
852 1286 1067 1342 Rustico
1143 1286 1330 1343 abbati
1410 1286 1825 1355 Vallumbrosae,

234 1360 744 1485 ἓεῦἐέεσήριιιηι.
804 1358 885 1414 An
918 1357 1074 1413 aliud
1114 1374 1216 1430 pro
1259 1358 1529 1415 limitibus
1585 1359 1828 1416 ditecesis

283 1447 319 1484 a
481 1473 496 1485 .

283 1444 496 1487 om.

238 1519 299 1576 Is
324 1517 876 1592 ipseestRusticus,
899 1518 1000 1592 qui
1018 1517 1197 1574 simul
1220 1534 1354 1574 cum
1370 1518 1537 1575 Petro
1556 1517 1828 1592 episcopo

166 1607 519 1665 Pistoriensi
564 1607 865 1664 Urbanum
917 1606 1313 1674 consuluerat,
1346 1608 1419 1662 de
1464 1606 1829 1664 ordinatione

170 1696 496 1754 Daimberti
528 1713 705 1770 quem
734 1712 768 1753 a
794 1694 1091 1754 Wecilone
1122 1695 1558 1769 archiepiscopo
1586 1696 1829 1769 Mogun-

169 1785 317 1854 tino,
368 1784 756 1842 schismatico
799 1783 979 1842 simul
1026 1788 1083 1842 et
1130 1785 1483 1853 Simoniaco,
1517 1784 1829 1841 diaconum

170 1874 542 1944 ordinatum,
588 1873 717 1948 ipse
770 1873 1031 1947 pontifex
1059 1872 1118 1929 in
1165 1872 1506 1946 episcopum
1553 1872 1832 1929 Pisanum

172 1967 644 2020 consecraverat.
669 1961 886 2020 Urbani
921 1978 1271 2036 responsum
1304 1978 1338 2017 a
1366 1960 1594 2017 Labbeo
1613 1965 1772 2017 tomo
1791 1960 1835 2016 Χ

172 2051 575 2109 Conciliorum
606 2068 679 2109 ex
704 2067 819 2109 ms.
862 2051 1057 2108 codice
1085 2051 1144 2107 S.
1190 2050 1446 2107 Victoris
1485 2049 1836 2106 Parisiensis

170 2141 400 2197 editum
413 2144 529 2198 est.
543 2140 648 2197 Cui
654 2140 964 2213 jungenda
980 2138 1163 2196 altera
1172 2139 1245 2196 ad
1258 2140 1492 2196 eosdem
1510 2138 1833 2212 reaponsio,

170 2246 278 2287 seu
304 2228 537 2302 potius,
570 2234 637 2285 ut
664 2228 902 2301 quidem
950 2225 1271 2284 verisimile
1308 2232 1419 2296 est,
1448 2228 1712 2300 ejusdem
1747 2245 1837 2283 re-

169 2316 521 2392 sponsionis
536 2315 720 2375 altera
740 2333 876 2391 pars
894 2334 1021 2390 qua:
1042 2317 1197 2390 apud
1219 2316 1564 2373 Gratianum
1587 2315 1839 2373 habetur

168 2424 237 2475 ιι,
270 2424 335 2480 q.
367 2408 426 2476 7,
458 2423 515 2463 c.
540 2409 634 2473 24,
666 2407 1003 2464 Daibertum.
1024 2406 1088 2462 In
1106 2409 1355 2479 utraque
1376 2405 1647 2463 Urbanus
1663 2422 1839 2478 agno-

171 2496 291 2553 scit
316 2495 437 2552 sibi
492 2512 612 2552 non
664 2495 1093 2570 incompertum
1143 2494 1328 2551 fuisse
1374 2495 1775 2552 Daimbertum
1805 2510 1853 2550 a.

175 2583 491 2641 Wecilone
520 2584 898 2641 schismatico
927 2584 1303 2640 diaconatum
1344 2583 1696 2655 suscepisse.
1729 2582 1840 2639 Sed

172 2680 385 2732 tamen
434 2673 541 2746 qui
590 2672 688 2729 ille
716 2688 827 2729 non
856 2674 1171 2731 Simoniace
1207 2673 1395 2729 fuerat
1423 2672 1749 2739 ordinatus,
1781 2687 1844 2727 ac

170 2779 411 2837 corpore
439 2766 495 2819 et
521 2764 724 2835 spiritu
752 2764 821 2818 ab
854 2762 1130 2820 heretici:
1158 2778 1406 2833 egressus
1438 2761 1646 2827 fuerat,
1677 2777 1841 2818 eum-

173 2854 319 2910 dem
348 2852 692 2909 utilitatibus
716 2851 968 2907 Ecclesiae
1006 2867 1110 2924 pro
1134 2851 1347 2907 viribus
1374 2849 1743 2917 insudantem,
1776 2867 1847 2906 ea:

176 2944 423 3014 integro,
460 2940 727 2998 Ecclesiae
766 2943 1084 2997 necessitate
1128 2942 1439 3010 ingruente,
1469 2939 1761 2995 diaconum
1788 2956 1846 2997 se

174 3032 541 3090 constituisse
569 3029 885 3103 respondet
904 3028 1182 3102 pontifex.
1205 3027 1378 3085 Nulla
1400 3032 1491 3084 est
1514 3027 1573 3083 in
1597 3031 1846 3101 utroque

176 3121 285 3179 illo
335 3135 624 3193 responso
682 3118 965 3191 temporis
1014 3121 1173 3185 nota,
1225 3133 1290 3174 ac
1320 3133 1454 3172 cum
1513 3120 1741 3172 certum
1771 3116 1848 3172 sit

1931 734 2096 791 sione
2152 735 2558 808 professionis,
2609 753 2785 809 quam
2828 738 3084 811 episcopi
3116 738 3188 795 ab
3238 735 3582 794 ordinandis

1931 823 2245 880 abbatibus
2293 824 2520 897 exigere
2566 829 2708 881 tunc
2753 827 3038 898 temporis
3064 826 3395 895 tvolebant;
3447 841 3583 882 cum

1931 913 2258 969 econtrario
2286 912 2437 969 hanc
2467 918 2743 986 praestare
2766 930 2863 970 ren
2875 919 3088 970 uerunt
3119 916 3379 983 abbales,
3403 914 3584 971 etiam

1933 1018 2050 1058 non
2078 1002 2353 1076 exempti,
2378 1003 2533 1076 quod
2565 1003 2625 1059 in
2655 1019 2724 1060 ea
2752 1002 2945 1060 nescio
2978 1003 3117 1076 quid
3142 1002 3458 1060 Simoniaci
3494 1003 3585 1059 in-

1931 1091 2223 1147 venirent:
2273 1095 2549 1164 praeterea
2595 1090 2847 1163 exempti
2876 1091 3186 1158 timebant,
3218 1108 3292 1148 ne
3319 1108 3386 1148 eo
3416 1096 3585 1164 pacto

1934 1179 2342 1254 episcoporum
2351 1180 2752 1253 jurisdictioni
2775 1180 2986 1252 subjici
3006 1181 3448 1237 viderentur.De
3469 1198 3588 1253 qua

1935 1269 2331 1326 controversia
2382 1274 2579 1327 actum
2636 1275 2727 1326 est
2780 1269 2972 1326 fusius
3033 1269 3091 1325 in
3148 1268 3482 1342 przefatione
3512 1268 3586 1325 ad

1936 1358 2190 1431 primam
2216 1362 2439 1431 partem
2463 1360 2736 1414 Actorum
2762 1365 3098 1414 sanctorum
3136 1357 3359 1415 ordinis
3388 1358 3447 1414 S.
3482 1358 3585 1414 Be-

1938 1446 2149 1503 nedicti
2170 1447 2373 1504 Saeculi
2405 1448 2494 1515 XI,
2516 1452 2542 1515 ξ
2562 1448 2615 1503 3.
2648 1447 2861 1505 Datum
2883 1452 2972 1503 est
2988 1444 3590 1519 Majoris-Monasterii

1936 1535 2307 1610 privilegium
2330 1536 2423 1593 die
2442 1554 2533 1593 xvx
2558 1536 2852 1593 Kalendas
2874 1537 3029 1592 Maii.
3052 1539 3125 1591 At
3144 1535 3373 1610 magnis
3388 1539 3592 1607 postea

1938 1625 2350 1682 controversiis
2397 1625 2761 1682 occasionem
2810 1625 3073 1698 praebuit.
3106 1624 3329 1698 Quippe
3358 1640 3493 1681 cum
3522 1640 3592 1681 ex

1939 1713 2184 1786 antiqua
2207 1714 2628 1770 consuetudine
2649 1713 3120 1787 archiepiscopus
3143 1717 3199 1770 et
3218 1713 3409 1770 clerus
3429 1712 3593 1770 urbis

1940 1803 2196 1859 solerent
2234 1802 2511 1875 paschale
2542 1803 2754 1859 festum
2788 1803 2846 1858 in
2879 1802 3468 1874 Majori-Monasterio
3499 1818 3593 1858 ce-

1939 1891 2184 1960 lebrare,
2208 1896 2266 1948 et
2295 1909 2363 1948 ea
2393 1891 2697 1948 occasione
2728 1891 2915 1947 multa
2946 1892 3149 1949 fierent
3173 1889 3376 1948 illicita
3402 1896 3598 1949 tanta:-

1944 1997 2058 2054 que
2088 1979 2446 2037 solemnitati
2477 1980 2634 2036 haud
2669 1981 3068 2052 congruentia,
3106 1996 3234 2054 quas
3263 1981 3373 2037 hoc
3416 1981 3596 2055 privi-

1941 2069 2091 2143 legio
2119 2068 2524 2136 abolebantur,
2549 2069 2603 2124 id
2639 2086 2788 2141 aegre
2819 2069 3084 2126 tulerunt
3106 2068 3322 2139 clerici,
3355 2087 3421 2127 ac
3448 2071 3595 2128 nihil

1946 2176 2058 2213 non
2087 2159 2368 2214 adversus
2401 2158 2718 2214 monachos
2745 2160 3128 2223 inlentarunt,
3152 2158 3391 2215 obtenta
3419 2160 3595 2216 etiam

1945 2247 2228 2303 adversus
2244 2263 2345 2302 eos
2362 2264 2394 2301 a
2416 2245 2600 2302 Rodul
2609 2247 2725 2319 pho
2747 2245 3181 2319 archiepiscopo
3203 2263 3599 2305 excommuni-

1946 2335 2192 2393 cationis
2246 2335 2559 2401 sententia,
2612 2339 2677 2390 ut
2734 2334 2876 2390 illud
2930 2334 3301 2407 privilegium
3361 2336 3596 2392 irritum

1947 2426 2242 2494 facerent;
2292 2423 2498 2480 exinde
2543 2421 2720 2479 veluti
2761 2428 2960 2496 aperto
2990 2422 3141 2478 bello
3185 2423 3246 2478 in
3278 2424 3597 2482 monachos

1948 2514 2031 2569 ita
2050 2511 2439 2570 desaevierunt
2468 2516 2533 2568 ut
2561 2512 2737 2568 etiam
2760 2528 3045 2578 annonas,
3071 2528 3199 2584 quae
3221 2511 3282 2568 in
3309 2516 3602 2570 monaste-

1949 2602 2103 2658 rium
2117 2598 3150 2674 deferebantur,diriperent.Rodulfo
3164 2599 3600 2675 archiepiscopo

1952 2695 2203 2759 mortuo,
2236 2689 2286 2747 ei
2316 2687 2464 2747 alter
2508 2689 2873 2764 cognominis
2902 2689 2962 2745 in
2994 2688 3129 2746 sede
3158 2692 3217 2746 et
3245 2689 3305 2745 in
3335 2689 3468 2747 odio
3499 2691 3599 2747 ad-

1905 2795 2156 2836 ‘versus
2206 2778 2525 2835 monachos
2583 2778 2885 2845 successit,
2945 2782 3002 2834 et
3031 2777 3168 2834 licet
3223 2776 3469 2851 pallium
3528 2779 3601 2836 ab

1953 2868 2186 2925 Urbano
2216 2868 2529 2940 impetrare
2552 2884 2668 2924 non
2701 2866 3008 2941 potuisset,
3031 2867 3176 2940 quin
3206 2866 3371 2940 prius
3394 2867 3605 2925 fuisset

1953 2956 2248 3030 pollicitus
2278 2973 2340 3013 se
2372 2955 2971 3029 Majoris-Monasterii
3019 2954 3318 3029 privilegio
3339 2956 3603 3013 obeditu-

1955 3044 2449 3119 rum,sponsionis
2462 3050 2660 3101 tamen
2674 3062 2793 3101 suae
2806 3050 2937 3118 post
2950 3044 3257 3118 paululum
3271 3045 3603 3117 immemor,

1957 3134 2276 3191 monachos
2305 3151 2511 3191 vexare
2541 3133 2866 3190 decessoris
2886 3133 2977 3189 sui
3007 3133 3271 3207 exemplo
3300 3150 3416 3191 non
3435 3134 3608 3191 desti-

178 3209 516 3268 Πιίωδθτιί
564 3207 1017 3295 οῖ’άίηθῐίοῐιθωι
1069 3207 1241 3278 cui“
1280 3206 1584 3295 οθβξὶείοηθ
1617 3206 1844 3295 ξςτξριφ
1874 3208 1919 3276 C
1956 3226 2046 3292 tit,
2096 3224 2280 3280 donec
2328 3240 2389 3279 re
2433 3222 2611 3279 variis
2641 3223 2701 3278 in
2758 3206 3193 3295 episcoporumi
3222 3223 3604 3280 conventibus

180 3302 331 3357 sunt
382 3295 501 3353 illa:
556 3294 783 3364 litterae,
817 3296 890 3352 ad
935 3295 1157 3368 primos
1205 3294 1582 3368 pontificatus
1627 3292 1844 3349 Urbani

184 3403 383 3446 annos
431 3385 823 3442 revocandam
872 3401 1020 3453 esse,
1055 3383 1149 3439 vix
1202 3383 1359 3440 ultra
1408 3382 1568 3440 hunc
1624 3399 1846 3439 annum

184 3476 419 3534 differri
491 3480 761 3548 possunt.
818 3474 1006 3539 Quare
1060 3489 1161 3530 eas
1214 3471 1329 3528 huc
1384 3474 1600 3529 referre
1654 3473 1845 3529 visum

186 3569 297 3622 est.

254 3655 390 3712 Huc
418 3652 599 3710 etiam
644 3650 847 3708 referri
897 3667 1068 3724 posse
1119 3650 1263 3706 mihi
1305 3650 1624 3722 aliquando
1653 3648 1845 3706 visum

184 3749 275 3802 est
327 3741 555 3800 Urbani
609 3740 858 3819 bullam,
909 3757 1026 3813 qua
1082 3740 1343 3811 pontifex
1388 3738 1732 3795 Baionensis
1788 3738 1846 3793 in

181 3830 733 3904 Novempopnlania
779 3827 978 3885 Gallia:
1008 3827 1307 3901 provincia
1333 3826 1598 3885 dimensis
1626 3826 1847 3884 limites

184 3919 625 3994 praescripsisse
651 3919 865 3974 dicitur
892 3917 1047 3990 apud
1077 3915 1584 3987 Saminarthanos,
1615 3920 1776 3972 tomo
1797 3915 1848 3971 II

182 4009 393 4068 Gallia
449 4006 814 4075 Christianas,
847 4005 1086 4063 laudato
1132 4022 1200 4063 ea
1228 4006 1301 4062 de
1329 4022 1391 4062 re
1420 4004 1660 4079 scripto,
1691 4004 1845 4078 quod

185 4099 401 4155 datum
425 4098 591 4154 aiunt
610 4114 646 4153 v
668 4097 795 4154 Idus
811 4097 1039 4169 Aprilis,
1062 4095 1360 4154 indictione
1373 4110 1495 4163 xm,
1517 4111 1665 4151 anno
1686 4095 1844 4150 1106.

185 4188 258 4244 Et
300 4186 547 4261 quidem
588 4184 698 4243 hoc
727 4201 882 4242 anno
911 4184 1224 4241 defunctus
1253 4188 1378 4241 erat
1404 4183 1710 4250 Urbanus;
1743 4183 1845 4239 sed

188 4293 257 4334 ex
288 4275 635 4344 indictione,
668 4290 799 4349 quae
829 4291 982 4331 anno
1010 4274 1152 4330 1090
1189 4273 1476 4340 convenit,
1528 4272 1846 4329 emendan-

189 4366 335 4423 dum
350 4380 487 4422 esse
501 4363 884 4436 conjiciebam
907 4361 1283 4436 exscriptoris
1303 4365 1583 4419 erratum.
1604 4361 1845 4430 Verum,

186 4454 333 4512 visis
361 4455 496 4526 ejus
526 4452 793 4509 Ecclesiae
832 4451 1250 4519 monumentis,
1283 4468 1411 4522 quin
1443 4467 1673 4506 mecum
1707 4448 1846 4506 illu-

1955 3313 2192 3386 agitata,
2211 3311 2443 3368 tandem
2478 3312 2535 3367 in
2559 3312 2802 3368 concilio
2824 3311 3274 3367 Claromontano
3296 3312 3605 3368 concordia

1954 3396 2103 3456 inita
2132 3400 2263 3467 fuit,
2296 3404 2363 3455 ut
2391 3400 2656 3455 dicemus
2686 3399 2757 3454 ad
2791 3415 3012 3454 annum
3050 3399 3209 3454 1095.
3241 3399 3463 3455 Tamen
3495 3399 3604 3456 has

1955 3490 2111 3546 rixas
2150 3492 2285 3562 post
2329 3487 2547 3544 Urbani
2595 3487 2821 3544 obitum
2870 3487 3242 3545 recruduisse
3290 3504 3360 3543 ex
3412 3487 3604 3545 Ivonis

1954 3577 2202 3652 epistola
2230 3578 2336 3633 108
2362 3576 2531 3634 facile
2561 3574 2755 3650 colligi
2787 3580 2994 3650 potest.

2027 3668 2104 3724 Eo
2135 3672 2415 3740 tempore,
2467 3669 2573 3722 aut
2609 3669 2784 3733 certe,
2817 3669 2883 3722 ut
2930 3664 3176 3735 videtur,
3227 3667 3354 3738 jam
3410 3670 3603 3736 antea,

1956 3757 2248 3814 Bernardo
2267 3756 2532 3828 ejusdem
2550 3754 2660 3811 loci
2683 3754 2879 3811 abbati
2897 3756 3213 3828 scripserat
3234 3755 3504 3813 Urbanus
3532 3757 3604 3813 de

1956 3845 2302 3903 dimittendo
2351 3844 2695 3900 monasterii
2753 3842 3039 3916 regimine
3087 3844 3388 3917 cogitanti,
3448 3845 3602 3918 quod

1956 3934 2154 3990 nescio
2201 3932 2347 4005 quid
2406 3932 2599 3989 vitiosi
2629 3931 2688 3987 in
2742 3948 2912 3988 suam
2944 3932 3133 4005 ipsius
3179 3931 3603 3990 ordinationem

1956 4020 2262 4095 irrepsisse
2312 4024 2627 4077 vereretur.
2688 4019 2801 4076 Sed
2858 4035 2986 4075 eam
3042 4018 3275 4089 culpam
3323 4020 3372 4075 si
3405 4017 3606 4092 aliqua

1956 4112 2185 4179 fuisset,
2206 4126 2272 4167 ac
2294 4110 2824 4183 quomodocunque
2853 4107 3214 4180 contigisset,
3237 4105 3288 4162 ei
3310 4107 3603 4164 condona-
3716 4149 3725 4155 .

1952 4202 2036 4259 vit
2081 4199 2358 4273 pontifex,
2389 4215 2459 4254 ea
2496 4195 2846 4262 conditione,
2879 4201 2945 4252 ut
2974 4196 3045 4252 de
3099 4199 3302 4252 cmtero
3355 4196 3602 4253 fratrum

1954 4303 2197 4348 suorum
2226 4289 2395 4344 saluti
2438 4287 2763 4358 vigilantius
2800 4303 2866 4342 ac
2903 4287 3203 4358 [manlius
3242 4287 3452 4343 instare
3490 4300 3604 4342 non

1954 4379 2243 4436 desineret.
2293 4377 2469 4434 Porro
2514 4393 2583 4432 ex
2631 4375 2825 4432 Ivonis
2873 4374 3183 4431 Carnoteni
3232 4373 3482 4448 epistola
3531 4376 3604 4431 73

1954 4467 2361 4540 intelligimus,
2395 4466 2454 4522 ni
2502 4464 2692 4533 fallor,
2724 4465 2833 4520 hoc
2864 4464 3057 4538 ipsum
3091 4465 3246 4537 quod
3278 4464 3338 4520 in
3368 4463 3601 4521 ordina-

190 4543 530 4601 strissimus
545 4542 794 4599 antistes
814 4542 1074 4597 Renatus
1089 4540 1432 4596 Franciscus
1448 4540 1520 4596 de
1542 4539 1836 4595 Beauveau

1966 4557 2111 4614 tione
2139 4539 2417 4612 Bernardi
2448 4554 3002 4628 reprehendebatur,
3028 4551 3171 4608 nihil
3204 4552 3365 4609 aliud
3396 4552 3602 4623 fuisse,

191 4630 617 4690 communicari
640 4630 845 4703 jussit,
873 4628 1227 4703 deprehendi
1250 4644 1504 4685 errorem
1537 4645 1666 4685 esse
1684 4628 1846 4684 Sam-

191 4721 669 4786 marthanorum,
701 4718 803 4792 qui
836 4717 1131 4776 Paschalis
1164 4718 1213 4774 II
1252 4717 1477 4775 bullam
1510 4717 1742 4773 incaute
1772 4717 1844 4773 ad

192 4810 497 4868 Urbanum
547 4806 999 4866 transtulerunt.
1044 4808 1108 4863 In
1163 4823 1233 4864 ea
1275 4811 1471 4863 tamen
1530 4804 1843 4879 legendum

546 4916 661 4965 xiv,
713 4901 815 4954 aut
844 4901 1001 4953 certe
1059 4895 1345 4952 dicendus
1375 4900 1465 4952 est
1493 4895 1752 4968 pontifex
1781 4899 1847 4951 ut

202 5003 347 5061 saepe
374 4986 546 5054 alias,
590 4990 829 5044 secutus
859 4985 1039 5042 fuisse
1071 4983 1360 5040 calculum
1392 4983 1695 5052 Pisanum,
1729 5000 1844 5056 quo

200 5092 387 5134 annus
415 5094 452 5133 a
482 5077 599 5133 fine
628 5074 1011 5150 praecedentis
1039 5074 1232 5130 Martii
1261 5072 1662 5129 inchoabatur.

390 5182 629 5241 LXXIV.
660 5184 1027 5254 Privilegium
1054 5181 1646 5254 Majoris-Monasterii.

188 5266 205 5273 ’
263 5273 386 5331 Hoc
414 5274 555 5330 item
604 5289 808 5330 mense
837 5272 1043 5330 datum
1096 5275 1186 5328 est
1232 5271 1428 5327 Romae
1475 5269 1843 5344 privilegium

191 5361 797 5439 Majoris-Monasterii
811 5377 993 5435 prope
1002 5360 1304 5419 Turonum
1318 5358 1845 5428 urbem,Bernardo

190 5450 389 5511 abbati
405 5450 1175 5525 inscriptum;quoUrbanus
1186 5449 1383 5523 ipsum
1398 5448 1843 5518 monasterium,

188 5538 275 5597 uti
297 5541 431 5623 jam
463 5555 497 5596 a
521 5538 755 5597 Victore
792 5538 867 5596 III
894 5538 1191 5597 indultum
1223 5538 1432 5606 fuerat,
1465 5538 1575 5594 sub
1607 5536 1847 5610 speciali

184 5627 355 5696 tedis
373 5627 705 5711 apostolicae
727 5627 915 5690 tutela
932 5627 1211 5708 suscipit;
1233 5644 1300 5690 eo
1320 5630 1511 5708 pacto,
1534 5626 1687 5689 inter
1706 5626 1841 5705 alia,

1954 4662 2133 4718 quam
2155 4644 2576 4718 professionem
2607 4643 3043 4716 archiepiscopo
3074 4643 3146 4699 ab
3171 4659 3238 4699 eo
3267 4659 3404 4699 cum
3432 4643 3605 4699 bene-

1954 4734 2243 4791 diceretur
2290 4733 2633 4807 praestitum.
2668 4732 2754 4788 Ibi
2811 4732 2967 4788 enim
3025 4731 3107 4787 ait
3163 4732 3258 4788 Ivo
3306 4730 3507 4787 mirari
3539 4747 3603 4788 se

1955 4824 2112 4897 quod
2164 4821 2761 4896 Majoris-Monasterii
2818 4821 3026 4877 fratres
3083 4836 3232 4894 aegre
3265 4836 3373 4876 suo
3401 4818 3600 4874 abbati

1952 4912 2276 4979 obedirent,
2326 4927 2454 4968 eam
2500 4910 2573 4967 ob
2622 4927 2861 4966 causam
2907 4909 3061 4982 quod
3094 4908 3168 4965 ab
3197 4905 3599 4979 achiepiscopo

1952 5001 2454 5059 excommunicato
2472 4998 2834 5067 benedictus,
2850 4999 2973 5055 sedi
2990 4998 3117 5069 ejus
3141 4992 3599 5064 metropolitante

1952 5090 2375 5163 subjectionem
2408 5087 2793 5162 promisisset.
2835 5087 2997 5153 Quod
3032 5081 3302 5140 frivolum
3325 5081 3485 5137 Ivoni
3514 5082 3600 5138 vi-

1953 5179 2222 5248 debatur,
2257 5177 2575 5235 abbatibus
2604 5176 2713 5233 hac
2740 5176 2799 5232 in
2832 5191 2892 5232 re
2921 5178 2979 5231 et
3013 5169 3317 5228 monachis
3356 5169 3600 5230 minime

1951 5267 2189 5325 faventi.

2379 5353 2588 5411 LXXV.
2619 5352 2924 5411 Concilium
2950 5348 3169 5405 Tolosae.

2023 5447 2146 5511 Quo
2176 5448 2437 5517 tempore
2471 5443 2593 5498 haec
2619 5440 2889 5497 Urbanus
2916 5437 2977 5494 in
3007 5436 3175 5494 Italia
3203 5436 3439 5511 gerebat
3469 5436 3598 5509 ejus

1950 5534 2125 5609 legati
2139 5533 2292 5608 apud
2304 5531 2575 5589 Tolosam
2597 5526 2909 5585 concilium
2928 5527 2987 5583 in
3008 5525 3212 5584 Galliis
3232 5525 3600 5583 celebrarunt

1952 5624 2109 5688 circa
2123 5623 2342 5685 festum
2363 5621 2756 5697 Pentecostes,
2778 5618 2936 5701 quod
2963 5614 3270 5681 Bertoldus
3287 5613 3599 5693 generalem
