4000 6178
360 242 432 304 71
1658 245 1731 309 Β.
1777 239 1987 308 URBA

2119 243 2173 305 II
2191 269 2200 276 ο
2217 241 2468 305 ΡΑΡᾸΞ.
3690 240 3769 306 7i!

357 376 626 449 synodum
656 374 930 450 appellat,
961 381 1019 434 et
1057 377 1129 434 ad
1161 397 1338 452 quam
1369 381 1638 453 episcopos
1667 379 2010 434 diversarum
2040 378 2094 445 Α
2129 376 2261 431 tulit
2289 376 2566 448 pontifex,
2599 391 2850 448 moxque
2882 373 3227 448 conscriptis
3258 375 3329 431 ad
3362 374 3674 449 Regerium
3713 379 3770 432 et

353 469 770 539 provinciarum
800 469 1159 536 convenisse,
1195 469 1394 542 ibique
1417 469 1712 524 Urbanum
1738 485 1839 540 per
1871 484 2010 524 suos
2121 464 2550 533 Boamundum,
2575 464 2792 538 Apulia:
2807 463 3368 538 principes,litteris,
3389 479 3491 520 eos
3512 480 3769 521 commo-

357 553 579 629 legatos
608 557 783 612 multa
813 559 873 611 in
905 558 1283 614 ecclesiasticis
1332 560 1509 614 causis
1540 573 1663 628 quae
1691 557 2013 629 corrigenda

355 649 537 714 emut,
581 646 884 702 correxisse
930 646 1150 702 scribit.
1198 647 1258 702 In
1290 663 1355 702 eo
1385 646 1654 714 concilio,
1687 647 1770 703 uti
1807 663 2010 719 prose-

357 734 556 807 quitur
591 734 757 790 idem
807 738 1030 802 auctor,
1079 735 1365 792 Tolosanus
1419 739 1696 808 episcopus
1741 735 1805 792 de
1835 737 2010 792 illatis

354 823 463 879 sibi
490 823 818 880 criminibus
847 831 1180 894 expurgatus
1223 832 1316 892 est,
1363 835 1416 881 et
1446 827 1645 894 legatio
1669 842 1770 899 pro
1798 834 2007 881 restau-

355 913 531 969 randa
562 913 974 969 Christianitate
1001 912 1060 966 in
1095 913 1347 970 Toletana
1375 917 1612 983 civitate,
1662 931 1784 986 rege
1811 916 2006 986 Hispa-

353 1018 552 1057 norum
605 1000 968 1072 supplicante,
999 1000 1273 1058 destinata
1303 1001 1434 1058 fuit.
1470 1003 1628 1058 Hanc
1658 1020 1830 1075 porro
1861 1021 2004 1058 non-

353 1088 498 1145 nulli
528 1105 682 1144 anno
717 1088 878 1156 1089,
915 1088 1032 1144 imo
1083 1094 1139 1146 et
1171 1090 1267 1146 alii
1309 1092 1668 1165 praecedente
1697 1092 2005 1166 consigna-

351 1181 508 1244 rant,
558 1177 650 1232 cui
701 1177 1062 1234 Bernardum
1096 1178 1442 1236 'I‘oletanum
1474 1181 2002 1254 archiepiscopum,

350 1266 650 1322 exitincre
701 1267 985 1334 Romano,
1018 1273 1083 1322 ut
1130 1267 1253 1323 vult
1301 1269 1619 1326 Rodericus
1665 1269 2003 1342 Toletanus,

350 1355 691 1410 redeuntem
726 1354 1062 1412 interfuisse
1085 1355 1306 1412 dicunt.
1331 1359 1403 1412 At
1427 1357 1526 1431 his
1543 1359 1899 1431 praeferenda
1916 1363 2005 1416 est

350 1442 758 1509 Bertoldi,tum
783 1443 1050 1513 viventis,
1071 1447 1407 1514 auctoritas,
1431 1447 1528 1518 qui
1558 1448 1792 1503 disertis
1813 1448 2004 1504 verbis

346 1547 476 1587 eam
507 1549 659 1588 anno
689 1533 823 1587 1090
845 1531 999 1588 circa
1023 1533 1232 1590 festum
1260 1534 1626 1591 Pentecostes
1653 1534 2001 1592 celebratam

349 1621 531 1676 fuisse
563 1622 792 1677 asserit.
847 1621 1012 1677 Haud
1060 1627 1255 1678 tamen
1290 1624 1612 1679 diffitemur
1643 1625 2002 1680 Bernardum

2121 555 2248 610 nuit
2276 558 2341 610 ut
2387 559 2508 610 tam
2557 554 2718 628 gravi
2759 551 3033 610 scandalo
3066 553 3414 610 conveniens
3445 553 3770 610 remedium

2119 643 2414 700 atl‘errent.
2466 643 2629 712 Quod
2661 659 2859 699 revera
2911 644 2982 698 ab
3015 643 3160 716 ipsis
3209 643 3538 716 prasetitum
3567 647 3674 711 est,
3707 645 3773 698 ut
3865 692 3868 694 .

2118 733 2310 789 fusius
2332 733 2709 806 exposuimus
2741 733 2811 788 ad
2841 749 3062 788 annum
3095 732 3254 788 4088.
3279 731 3495 790 Urbani
3525 730 3771 805 epistola

2117 838 2185 877 ea
2215 823 2286 878 de
2308 839 2368 878 re
2395 821 2618 879 nullam
2649 822 2823 878 habet
2852 819 3238 894 chronologiac
3271 825 3469 878 notam
3495 839 3508 889 ;
3547 823 3609 878 at
3637 838 3768 880 eam

2117 910 2225 966 hoc
2247 927 2420 979 anno,
2444 916 2503 967 et
2532 910 2770 984 quidem
2793 914 2926 965 ante
2950 927 3211 967 mensem
3237 909 3464 967 Julium
3485 910 3768 983 scriptam

2117 999 2300 1056 fuisse
2330 999 2498 1056 facile
2531 998 2824 1073 colligitur
2853 1015 2922 1054 ex
2969 999 3198 1073 Rogerii
3231 1003 3288 1056 et
3318 999 3642 1058 Boamundi
3675 1000 3764 1056 in-

2116 1094 2469 1160 strumento,
2488 1089 2642 1162 quod
2675 1088 2960 1144 Baronius
2991 1089 3282 1160 integrum
3309 1085 3534 1148 retulit:
3567 1083 3768 1146 Datum

2117 1177 2352 1234 Canusio
2377 1195 2523 1235 anno
2544 1179 2839 1234 Dominicis
2859 1179 3262 1234 lncarnationis
3285 1178 3444 1246 1090,
3461 1177 3690 1234 ducatus
3705 1194 3764 1244 v,

2112 1284 2296 1325 mense
2324 1269 2491 1336 Iulio,
2515 1254 2814 1325 indictione
2834 1285 2954 1336 xm,
2980 1285 3097 1341 quo
3117 1268 3354 1340 quidem
3373 1266 3764 1328 instrumento

2113 1356 2197 1412 illi
2226 1357 2538 1430 principes,
2574 1357 2791 1414 Urbani
2844 1357 3085 1412 monitis
3132 1357 3386 1425 excitati,
3433 1355 3764 1416 convocatis

2114 1448 2269 1519 apud
2291 1447 2609 1505 Canusium
2634 1446 2942 1519 provinciae
2975 1446 3358 1518 optimatibus
3383 1443 3613 1504 Bantini
3631 1461 3764 1502 mo-

2115 1537 2352 1592 nasterii
2385 1535 2688 1609 privilegia
2708 1540 2764 1592 et
2795 1536 3201 1608 possessiones
3229 1535 3676 1604 conﬁrmarunt,
3696 1538 3764 1590 ut

2111 1641 2180 1680 eo
2211 1629 2378 1698 pacto
2421 1625 2638 1681 damna
2682 1629 2801 1680 tam
2853 1629 3053 1680 sancto
3104 1623 3227 1680 loco
3272 1624 3434 1681 illata
3463 1635 3760 1697 utcunque

347 1708 694 1766 Toletanum
727 1711 777 1765 ei
834 1711 1192 1780 interfuisse,
1228 1713 1383 1784 quod
1438 1712 1709 1786 colligere
1769 1714 1902 1769 licet
1931 1731 1998 1770 ex
2029 1749 2076 1815 Β
2114 1715 2391 1770 resarcire
2425 1717 2789 1770 conarentur.

350 1799 567 1855 Urbani
609 1800 780 1871 epist.
832 1799 904 1855 ad
935 1801 1179 1856 Gotthiie
1213 1800 1435 1870 ﬁdeles,
1491 1819 1594 1874 pro
1645 1803 1997 1860 monasterio

348 1888 541 1943 Sancti
574 1887 805 1961 rEgidii.
830 1889 1108 1953 Quisnam
1136 1907 1268 1946 vero
1292 1891 1488 1962 legatio
1520 1890 1620 1946 illa
1649 1892 1747 1962 sit,
1781 1909 1906 1964 qua:
1940 1891 1999 1948 in

346 1975 712 2050 Hispaniam,
744 1974 1104 2050 efflagitante
1122 1977 1361 2034 Alfonso
1389 1996 1542 2054 rege,
1566 1980 1638 2036 ad
1672 1984 2001 2037 restauran-

345 2066 482 2122 dam
515 2067 677 2122 Toleti
709 2067 1181 2123 Christianin
1212 2067 1478 2124 destinata
1507 2077 1603 2135 est,
1625 2069 1714 2124 vix
1751 2069 1997 2143 intelligi

345 2159 554 2227 potest,
590 2156 702 2210 nisi
737 2156 829 2211 his
869 2156 1060 2214 verbis
1092 2157 1336 2212 indicari
1371 2157 1658 2226 dicamus,
1711 2157 1996 2214 librorum

345 2244 520 2299 ofﬁcii
544 2244 721 2300 divini
735 2245 904 2316 juxta
922 2245 1102 2301 ritum
1130 2246 1402 2303 Romanis
1422 2247 1690 2304 Ecclesiae
1706 2248 1994 2304 editorum

344 2333 758 2406 receptionem,
797 2339 859 2390 ut
884 2334 1104 2392 scilicet
1131 2336 1428 2409 deinceps,
1455 2337 1748 2411 abrogatis
1777 2337 1998 2394 Gotthi-

343 2421 448 2490 cis,
486 2422 808 2495 Hispanicae
841 2424 1107 2480 Ecclesia:
1153 2425 1432 2482 Romanis
1472 2425 1637 2482 libris
1670 2431 1988 2482 uterentur.

342 2511 505 2566 Certe
550 2528 704 2567 anno
754 2513 1046 2584 sequenti,
1093 2517 1297 2585 agente
1331 2513 1600 2569 Rainerio
1631 2512 1821 2586 legato
1853 2530 1990 2586 apo-

341 2597 568 2663 stolico,
625 2599 725 2671 qui
772 2597 908 2655 huic
963 2616 1197 2672 quoque
1253 2602 1474 2672 synodo
1533 2601 1897 2667 interfuerat,
1930 2601 1988 2657 id

342 2685 400 2742 in
431 2686 674 2742 concilio
734 2688 1100 2760 Legionensi,
1159 2695 1224 2744 ut
1267 2690 1344 2744 ibi
1403 2689 1686 2761 dicemus,
1747 2696 1986 2746 cautum

342 2773 470 2830 fuit.

375 2863 604 2920 LXXVI.
640 2865 1054 2922 Tarraconensis
1086 2867 1214 2922 urbs
1249 2867 1486 2924 Romano
1526 2869 1772 2940 pontiﬁci
1799 2868 1945 2923 data.

2112 1819 2390 1876 LXXVIII.
2428 1826 2506 1877 De
2543 1822 2660 1891 ﬁlio
2709 1820 2941 1893 Jorilani
2986 1822 3258 1893 principis
3315 1819 3583 1892 Capuam.
3647 1821 3757 1877 Rx-

2356 1895 2791 1950 communicaiur
2837 1892 3272 1948 Cenomanon
3313 1907 3506 1950 comes.

2179 1999 2301 2054 lIuc
2332 1998 2503 2055 etiam
2537 2015 2802 2056 revocare
2850 1998 2991 2054 libet
3033 1998 3191 2054 aliud
3237 1997 3592 2070 exemplum,
3641 2009 3756 2071 quo

2107 2087 2472 2160 comprobari
2493 2093 2686 2160 potest
2707 2089 2923 2144 Urbani
2947 2089 3210 2144 studium
3228 2085 3506 2145 adversus
3535 2103 3636 2144 ws
3655 2088 3757 2160 qui

2099 2177 2342 2247 justitiae
2382 2177 2522 2248 jura
2567 2174 2882 2232 violabant.
2937 2175 3083 2231 Illud
3132 2180 3222 2232 est
3250 2173 3564 2247 judicium,
3597 2176 3755 2248 quod

2103 2265 2361 2336 pontifex
2392 2265 2448 2318 in
2483 2263 2852 2336 Raynaldum
2887 2263 3180 2320 Rinellum
3230 2262 3550 2336 provisorie
3598 2263 3754 2333 tulit,

2103 2359 2465 2412 accusatum.
2501 2354 2658 2424 quod
2687 2353 2929 2409 Jordani
2963 2353 3252 2426 principis.
3273 2352 3536 2425 Capuani-
3573 2351 3753 2408 ﬁliam

2101 2441 2597 2498 adolescentulam
2631 2446 2802 2514 raptu
2834 2442 3050 2514 potius,
3101 2457 3279 2514 quam
3298 2441 3456 2513 justi,
3493 2441 3755 2514 conjugii

2100 2546 2226 2602 spe,
2249 2529 2448 2586 invitis
2469 2531 2814 2602 parentibus
2835 2531 2946 2586 sibi
2961 2531 3398 2603 desponsuset.
3412 2529 3580 2586 ϐοτη
3599 2529 3754 2586 hunc

2099 2618 2464 2691 Raynaldum
2513 2618 2813 2675 hominem
2865 2618 3194 2676 violantum
3251 2619 3434 2676 fuisse
3480 2623 3641 2692 patet
3683 2629 3754 2675 es

2095 2708 2381 2763 Chronico
2431 2707 2734 2764 Casinensi
2787 2708 2934 2764 libro
2987 2726 3060 2774 ιν,
3110 2725 3242 2781 cap.
3288 2709 3344 2776 9,
3386 2707 3489 2763 ubi
3537 2708 3754 2764 dicitur

2095 2802 2351 2852 castrum
2382 2795 2718 2853 Fractarum
2749 2796 2883 2854 dolo
2929 2815 2962 2853 a
2997 2796 3378 2854 Casinatibus
3401 2795 3746 2863 abstulisse,

2093 2887 2244 2958 quod
2278 2890 2482 2958 postea
2511 2885 2567 2940 vi
2603 2891 2660 2941 et
2690 2886 2872 2942 armis
2904 2886 3153 2944 retinere
3193 2891 3440 2943 conatus
3496 2890 3604 2943 est.
3646 2886 3764 2944 Hoc

411 2950 611 3047 591W}
641 2958 838 3047 εξξξίθπι
858 2955 1401 3047 ΤοΙοθεωαεΥηοάον
1423 2957 1744 3047 Βθινιιθπίμε
1767 2957 1983 3012 urbani
2089 2950 2297 3031 autem.
2305 2973 2598 3046 judicium
2644 2975 2800 3047 quod
2831 2976 2926 3032 Ivo
2957 2981 3016 3032 et
3050 2976 3366 3032 Gratianus
3393 2978 3480 3030 ret
3498 2975 3761 3046 ulerant,

337 3038 568 3112 legatus
583 3040 639 3096 in
658 3041 994 3115 Hispaniam
1016 3060 1260 3116 pergens
1274 3061 1374 3117 per
1384 3045 1780 3101 Catalauniam
1797 3050 1983 3101 trans-

2091 3064 2220 3120 ideo
2242 3079 2582 3120 revocamus
2611 3065 2680 3120 ad
2713 3069 3060 3136 praisentem
3094 3080 3337 3132 annum,
3363 3063 3516 3135 quod
3548 3063 3760 3135 ipsum

333 3127 457 3194 ivit,
489 3129 588 3185 ubi
625 3129 1006 3202 Raymundus
1029 3115 1368 3189 Barcinonis
1391 3151 1604 3203 comes,
1651 3135 1980 3207 aggregatis

2101 3115 2590 3208 misisses};
2613 3115 3082 3224 ᾗὲοἵίῦὲᾷῐᾶξιῖοἱι
3090 3115 3439 3220 ιῖἑὶἶιζιῌίυέζ
3448 3115 3760 3223 {ﬁliiﬁlii

333 3220 641 3290 provinciae
673 3220 1076 3292 optimatibus,
1111 3222 1316 3278 urbem
1340 3223 1834 3278 Tarraconensem
1859 3223 1983 3279 sedi

2101 3241 2269 3312 hujus
2299 3241 2437 3296 anni
2465 3220 2641 3297 finem
2665 3241 2986 3314 contigisse
3022 3258 3091 3296 ex
3123 3240 3387 3312 antiquis
3417 3220 3760 3298 auctoribus

336 3306 666 3403 apostolica:
684 3308 1374 3403 solemnitendonavitea
1389 3313 1742 3403 conditione,
1769 3316 1982 3403 uteam
2086 3306 2368 3385 ρθξηίιιυε
2399 3329 2768 3403 peregrini“
2817 3306 3044 3402 βτοδει,
3267 3306 3286 3312 ’
3367 3373 3370 3376 ,

332 3399 390 3449 et
418 3395 690 3497 ιξιιῖγθςεει
722 3415 848 3497 qua:
882 3400 950 3454 ad
989 3399 1149 3455 illam
1203 3400 1546 3497 attinebant.
1579 3400 1705 3473 ipse
1742 3401 1984 3497 secius
2161 3417 2332 3474 Aliud
2362 3418 2500 3474 item
2534 3395 2751 3474 Urbani
2795 3395 2854 3473 iii
2886 3417 3277 3474 emendandis
3295 3417 3451 3474 vitiis
3483 3416 3762 3474 sollicitu-

331 3488 550 3581 Pf’Stel‘i
599 3493 858 3584 εἴηενςῖξιξ
880 3505 982 3558 Per
1022 3506 1252 3584 τηαηείζνξ
1298 3493 1348 3544 εί
1394 3491 1778 3584 υραξηῑ-δαησίί
1807 3492 1980 3584 pari:
2092 3507 2246 3563 diuis
2275 3507 2603 3578 exemplum
2655 3507 2936 3580 suggerit
2986 3507 3155 3562 nobis
3203 3507 3514 3563 Ordericus
3544 3506 3760 3565 Vitulis

332 3576 559 3642 ejusque
588 3576 789 3630 vicarii
820 3577 1080 3634 Romanae
1125 3576 1266 3632 sedis
1309 3578 1613 3648 apostolici,
1668 3594 1770 3650 per
1821 3580 1981 3650 quin-

2101 3596 2238 3653 libro
2258 3612 2380 3664 vm,
2409 3576 2509 3650 ubi
2531 3576 3086 3668 scribitflvlugonem
3109 3595 3756 3652 comitsmCeIomano-

331 3665 639 3730 quennium
709 3665 1074 3734 persolventes
1126 3667 1179 3720 ei
1227 3681 1448 3721 censum
1496 3667 1696 3737 viginti
1747 3668 1986 3740 quinque

2101 3703 2222 3740 rum
2255 3686 2327 3740 ab
2359 3685 2568 3741 eodem
2599 3665 3012 3756 pontiﬁcewhoo
3045 3700 3197 3739 anno
3229 3683 3412 3740 sacris
3440 3684 3624 3741 fuisse
3655 3685 3751 3742 ill-

330 3748 602 3805 librarum
649 3753 944 3843 purissimi
972 3757 1213 3825 argenti,
1263 3771 1390 3827 qua
1423 3755 1660 3811 donatio
1713 3757 1864 3811 facta
1896 3761 1986 3811 est
2096 3773 2434 3838 ιει-ἀίοιυπι,
2488 3748 2643 3843 (μιοέ
2685 3770 3008 3843 legitimam
3042 3788 3210 3828 suam
3243 3788 3484 3829 uxorem
3518 3773 3754 3830 Roberti

324 3852 683 3932 per-manum
713 3841 904 3932 dornni
935 3843 1200 3932 Ragnerii
1229 3844 1480 3900 Romane
1512 3845 1778 3902 Ecclesia:
1802 3846 1982 3900 cardi-
2093 3861 2383 3918 Wiscardi
2416 3841 2596 3915 {inim
2629 3841 3014 3932 repudiasset.

329 3925 1711 4028 ’3“""‘l’.‘.’"“"c’“.quiERaYmEPdPsi‘fga’iW
1729 3937 1986 4028 infigitur
2094 3967 2324 4024 LXXIX.
2355 3925 2712 4022 Schismatici
2750 3967 2814 4021 ob
2866 3967 3265 4023 Catholicorum
3319 3977 3548 4024 mortem
3597 3969 3749 4024 inso-

333 4017 396 4112 in
416 4017 673 4086 partibus
702 4021 923 4076 nostris.
958 4022 1091 4076 Αἰνα
1137 4021 1434 4078 millesima
1476 4024 1806 4094 [centesima]
1839 4024 1982 4094 vige-

2101 4017 2153 4024 ”’
2163 4017 2413 4094 iam
2423 4017 2500 4094 ἱέέ
2516 4017 2829 4110 "ieiuniis
2868 4017 3025 4112 seu.
3032 4017 3483 4112 ἇᾶἱιζςᾋῇίεέὀῇἰὶἇ

328 4104 473 4160 sima
520 4115 726 4175 octava,
781 4125 926 4164 anno
982 4111 1050 4164 ab
1105 4111 1487 4166 Incarnalionc
1545 4113 1767 4167 Domini
1823 4112 1979 4166 1090.
2161 4111 2437 4166 slatensis.

331 4191 520 4264 Hujus
550 4195 883 4252 donationis
909 4196 1365 4255 instrumentum
1400 4217 1434 4256 a
1465 4201 1714 4268 Labbeo,
1753 4199 1982 4272 Aguirio
2165 4197 2369 4254 Finitis
2391 4196 2666 4266 induciis,
2697 4213 2823 4269 quas
2857 4215 3045 4271 usque
3074 4199 3147 4255 ad
3181 4199 3422 4268 Pascha,
3457 4199 3544 4256 uti
3588 4215 3744 4265 anno

329 4279 578 4354 aliisque
605 4283 992 4342 conciliorum
1038 4285 1445 4344 collectoribus
1485 4289 1710 4344 editum
1757 4292 1846 4342 est
1889 4287 1982 4342 cui
2091 4285 2390 4359 superiore
2423 4286 2703 4355 diximus,
2731 4287 3045 4359 perdurare
3076 4288 3386 4356 debebant,
3436 4304 3569 4344 cum
3603 4287 3743 4346 Hee-

333 4368 483 4425 inter
510 4369 656 4427 alios
686 4373 1020 4447 complures
1051 4376 1454 4449 Berengarius,
1488 4377 1642 4449 quod
1689 4391 1832 4430 sane
1871 4374 1982 4443 mi-

331 4474 460 4513 rum
494 4464 604 4524 est,
638 4461 751 4516 nisi
783 4463 836 4517 id
872 4465 1248 4521 amanuensis
1296 4463 1627 4521 liberalitati
1680 4463 1978 4531 debeatur,
2010 4483 2058 4550 Β

333 4547 444 4602 sub
495 4549 909 4608 Tarracmiensis
955 4554 1350 4626 archiepiscopi
1393 4553 1562 4608 titulo
1607 4551 1978 4625 subscripsit,

329 4637 596 4706 quamvis
619 4637 725 4693 hac
745 4640 1030 4714 dignitate
1051 4648 1182 4698 ante
1213 4659 1432 4698 annum
1465 4645 1805 4713 sequentem
1829 4641 1976 4714 poti-

326 4727 424 4779 tus
457 4741 571 4780 non
597 4726 786 4782 fuerit.
809 4729 977 4786 Forte
1001 4731 1386 4804 Berengarius
1409 4731 1770 4785 Ausonensis
1791 4730 1978 4788 Eccle-

327 4812 547 4880 size,cui
561 4815 830 4874 d-ieecesis
843 4819 1294 4874 Tarraconensis
1315 4820 1480 4873 unita
1493 4818 1975 4892 crat,episcopus,

319 4901 446 4972 jam
479 4907 619 4959 tunc
650 4906 1083 4978 metropolitani
1118 4924 1326 4963 nomen
1359 4913 1784 4980 assumpserat,
1805 4910 1975 4980 cujus

329 4993 730 5049 auctoritatem
765 4995 995 5050 nonnisi
1031 5013 1184 5051 anno
1215 4996 1479 5068 sequenti
1507 4996 1753 5070 adeptus
1779 5004 1887 5054 est.

327 5077 586 5135 LXXVII.
628 5083 873 5138 Urbanus
927 5085 1230 5140 Bantinum
1287 5087 1682 5141 monasterium
1723 5088 1970 5158 protegit.

398 5167 672 5230 Querelas
696 5170 916 5227 interea
936 5174 1005 5228 ad
1025 5173 1324 5230 Urbanum
1347 5174 1557 5230 detulit
1578 5174 1721 5229 Urse
1745 5175 1972 5229 Bantini

329 5257 666 5312 monasterii
711 5258 770 5314 in
813 5259 1023 5334 Apulia
1069 5263 1272 5332 abbas,
1325 5264 1602 5318 adversus
1659 5260 1971 5316 nonnullos

326 5343 500 5401 istius
530 5347 839 5418 provinciae
867 5351 1198 5423 optimates,
1220 5352 1319 5425 qui
1350 5352 1478 5421 ejus
1511 5348 1847 5403 monasterii
1881 5365 1971 5404 res

325 5438 381 5489 et
413 5433 647 5492 chartas
679 5435 1062 5512 diripuerant,
1098 5441 1409 5513 ipsumque
1435 5434 1804 5491 contumeliis
1833 5436 1971 5492 atie-

322 5526 487 5610 stum
529 5522 822 5589 latronum
874 5545 1035 5590 more
1089 5524 1502 5606 spoliaverant.
1556 5523 1701 5586 Rem
1731 5523 1968 5604 indigne

2092 4392 2346 4432 manuus
2370 4375 2648 4432 Metensis
2675 4376 2921 4436 antistes
2939 4381 3000 4434 et
3017 4377 3324 4434 Bertoldus
3342 4376 3743 4434 duxAleman—

2092 4463 2221 4535 nias,
2248 4464 2516 4519 acerrimi
2537 4465 2694 4522 sedis
2712 4465 3042 4538 apostolicae
3069 4467 3424 4534 defensores,
3463 4479 3742 4537 sororque

2090 4553 2360 4620 Bertoldi,
2387 4553 2798 4626 Hungarorum
2818 4556 3040 4628 regina,
3073 4570 3276 4611 mense
3307 4554 3477 4622 Maio,
3512 4557 3576 4608 ut
3605 4553 3740 4609 Ber-

2085 4643 2283 4699 toldus
2315 4642 2535 4712 scribit,
2561 4643 2877 4711 obiissent;
2911 4659 2978 4699 ac
3012 4641 3187 4715 paulo
3217 4647 3352 4714 post
3380 4641 3741 4716 Eggebertus

2087 4731 2348 4790 Saxonis:
2405 4730 2669 4787 marchio
2720 4730 3109 4798 occubuisset,
3143 4729 3397 4797 insidiis,
3431 4729 3516 4785 uti
3550 4729 3736 4798 aiunt,

2085 4820 2643 4892 Quintiliburgensis
2688 4819 3016 4884 abbatissae,
3049 4835 3176 4890 qua:
3223 4817 3454 4874 Henrici
3484 4818 3739 4890 Augusti

2086 4927 2250 4966 soror
2278 4913 2422 4973 erat,
2455 4908 2708 4975 occisus,
2742 4905 3102 4962 schismatici
3135 4907 3207 4963 ad
3238 4922 3406 4962 arma
3435 4921 3736 4980 recurrere

2085 4998 2538 5063 constituerunt,
2573 4999 2738 5050 tanta
2784 5011 2919 5050 cum
2971 4995 3152 5050 animi
3201 4993 3475 5063 elatione,
3503 4995 3578 5052 ob
3611 5013 3730 5052 eos.

2084 5086 2169 5140 uti
2195 5085 2278 5141 eis
2305 5084 2631 5148 videbatur,
2658 5081 2854 5139 felices
2877 5100 3210 5152 successus,
3236 5088 3302 5140 ut
3325 5084 3397 5140 de
3417 5084 3732 5158 pontiﬁciis

2083 5179 2275 5229 actum
2305 5188 2436 5229 esse
2470 5171 2663 5243 palam
2697 5170 3082 5245 divulgarent.
3117 5173 3281 5230 Certe
3311 5191 3379 5230 ea
3406 5177 3532 5230 erat
3560 5171 3729 5227 Wal-

2082 5261 2270 5316 brami
2285 5261 2336 5315 M
2345 5260 2804 5332 agdeburgensis
2816 5259 3099 5317 antistitis
3115 5261 3302 5333 (Cicen
3311 5279 3434 5319 sem
3455 5277 3555 5318 seu
3569 5255 3733 5317 Novis

2081 5349 2432 5420 burgensem
2464 5349 2802 5422 episcopum
2828 5349 3075 5422 appellat
3101 5350 3462 5408 'I‘rithemius
3481 5351 3538 5406 in
3557 5349 3732 5407 Chro-

2080 5437 2932 5511 nicoHirsaugiensi)sententia
2943 5441 3040 5513 qui
3056 5439 3280 5510 litteras
3294 5438 3728 5502 adLudovicum

2077 5526 2406 5608 principem
2437 5543 2504 5589 eo
2533 5531 2794 5606 tempore
2831 5528 3089 5607 scripsit,
3122 5535 3188 5591 ut
3237 5547 3373 5592 eum
3403 5528 3726 5618 desperatis
