4000 6178
439 289 514 366 ξιὸ
1735 278 1804 348 Β.
1853 285 2100 350 URBAlV

2224 289 2244 351 ι
2289 279 2544 352 PAP/E.

3729 271 3859 346 ἥδ

435 427 485 474 et
515 419 832 476 Lanuinum
853 437 980 477 cum
1009 437 1194 478 eorum
1221 423 1404 488 sociis,
1435 423 1774 492 pervenisse;
1820 423 1935 491 qui,
1968 437 2088 476 con-
2118 427 2172 491 Α
2201 424 2398 478 muriae
2431 421 2696 495 magistri
2731 421 3020 478 Brunonis
3050 419 3406 478 successisse
3445 419 3864 494 cognovimus.

433 511 636 578 tempta
681 509 982 565 mundialis
1025 511 1214 579 gloriae
1260 511 1520 574 vanitate,
1543 509 1650 564 soli
1677 511 1778 565 Deo
1813 509 2089 582 elegerant

434 597 697 652 militare.
733 599 938 653 [lorum
963 600 1162 670 itaque,
1197 599 1278 670 pii
1327 597 1606 670 principis
1655 599 1832 653 verba
1880 599 2084 667 refero,

437 685 770 742 desiderium
800 703 892 758 ego
917 703 1256 758 cognoscens,
1288 695 1339 742 et
1374 689 1616 758 ipsorum
1643 689 1856 743 meritis
1894 697 1944 744 et
1971 706 2090 760 pre-

435 775 586 829 cibus
643 777 788 849 apud
843 779 1013 830 Deum
1068 775 1324 846 adjuvari
1391 775 1726 844 desiderans,
1783 777 1850 832 ab
1899 794 2090 833 eorum

436 865 704 920 charitate
750 867 938 919 multis
981 865 1235 935 precibus
1284 865 1514 933 obtinui,
1564 872 1624 920 ut
1671 868 1728 920 in
1779 875 1926 922 terra
1966 883 2088 922 mea

437 954 617 1008 locum
663 954 773 1008 sibi
817 953 1174 1008 habitabilem
1200 954 1488 1022 eligerent,
1518 956 1578 1010 in
1609 971 1712 1028 quo
1749 955 1820 1010 ad
1846 957 2087 1012 servien-

435 1041 565 1098 dum
593 1043 698 1096 Deo
728 1041 917 1112 qualia
948 1043 1146 1098 vellent
1175 1042 1488 1099 habitacula
1512 1049 1915 1116 praepararent.
1937 1046 2086 1100 Tum

438 1129 522 1184 eis
554 1128 748 1185 locum
780 1130 1107 1186 solitarium
1139 1134 1402 1203 assignat
1444 1132 1598 1189 inter
1645 1134 1818 1189 Arena
1849 1135 1899 1190 et
1928 1137 2088 1206 oppi—

433 1217 566 1272 dum
593 1220 816 1286 Stilum,
849 1237 982 1274 cum
1015 1224 1127 1276 tota
1153 1221 1320 1288 silva,
1348 1226 1482 1289 ctc.,
1509 1239 1608 1293 per
1638 1223 1805 1279 leucae
1847 1225 2088 1295 spatium

430 1306 493 1362 in
523 1307 791 1362 circuitu.
822 1308 1008 1379 llujus
1041 1310 1218 1364 eremi
1249 1309 1553 1366 ecclesiam
1585 1310 1838 1366 dedicari
1864 1311 2090 1367 curavit

433 1395 586 1450 idem
623 1397 906 1469 Rogerius
939 1413 1091 1452 anno
1151 1399 1300 1464 1094,
1334 1400 1488 1471 quod
1533 1400 1606 1455 ab
1651 1400 2088 1474 archiepiscopo

435 1483 1292 1555 Panormitano,assistcntibus
1323 1487 1454 1543 aliis
1485 1490 1744 1561 quinque
1774 1489 2086 1562 episcopis,

437 1572 654 1628 factum
689 1575 889 1640 fuisse,
923 1575 1180 1632 declarat
1210 1575 1269 1631 in
1300 1576 1485 1632 altera
1511 1577 1732 1646 charta,
1765 1595 1894 1650 quae
1932 1581 2091 1648 edita

438 1666 524 1715 est
557 1679 590 1715 a
617 1661 846 1716 Boccho
877 1663 1092 1734 Pyrrho
1113 1669 1270 1718 tomo
1293 1664 1363 1719 Ill
1389 1663 1600 1720 Siciliae
1626 1665 2088 1721 sacrae.Primam

440 1765 574 1804 vero
604 1749 732 1819 ejus
764 1750 1048 1822 principis
1077 1751 1452 1807 donationem
1485 1752 1738 1808 firmavit
1766 1757 1823 1808 et
1851 1753 2092 1826 amplia-

443 1837 524 1892 vit
553 1838 897 1895 Theodorus
925 1839 1346 1911 Squillacensis
1377 1842 1642 1910 antistes,
1675 1840 1735 1896 in
1764 1842 1931 1911 cujus
1961 1843 2096 1896 dioe-

445 1927 560 1982 cesi
592 1927 706 1982 sita
735 1933 858 1983 erat
888 1945 1035 1984 nova
1065 1927 1166 1984 illa
1193 1928 1613 1995 Carthasia,uti
1646 1947 1715 1986 ex
1743 1931 1872 2002 ejus
1893 1931 2098 1986 charta

445 2019 605 2086 patet
653 2016 808 2083 data,
841 2017 933 2072 die
981 2017 1051 2072 46
1102 2018 1432 2074 Decembris
1486 2018 1664 2090 hujus
1713 2019 1870 2088 anui,
1919 2036 2096 2092 quam

442 2101 621 2159 simul
653 2120 787 2158 cum
820 2104 1048 2176 Rogerii
1079 2107 1392 2162 donatione
1439 2106 1706 2162 Urbanus
1753 2112 1884 2180 post
1929 2108 2099 2164 bien-

446 2192 700 2260 nium,et
729 2194 962 2249 tandem
997 2193 1292 2250 Paschalis
1314 2196 1444 2266 ejus
1467 2211 1771 2252 successor
1791 2195 2096 2252 conﬁrma-

445 2286 675 2348 verunt,
715 2287 775 2336 ut
805 2282 998 2338 videre
1029 2288 1119 2338 est
1148 2283 1301 2356 apud
1333 2283 1642 2356 Ughellum
1695 2289 1851 2342 tomo
1884 2285 1955 2341 IX
1986 2285 2098 2340 Ita-

450 2367 540 2423 liae
572 2387 768 2425 sacrm.

520 2460 729 2524 Quanti
763 2465 958 2516 autem
994 2461 1325 2516 Brunonem
1360 2462 1556 2518 fecerit
1587 2462 1876 2530 Urbanus,
1923 2481 1992 2520 ex
2033 2481 2100 2520 eo

451 2551 610 2618 patet
636 2549 1058 2618 quod,vacante
1091 2556 1228 2605 tunc
1263 2551 1542 2622 temporis
1577 2551 1884 2624 Rhegiensi
1907 2552 2101 2609 Eccle-

453 2637 558 2702 sia,
592 2652 719 2706 quae
762 2638 1053 2710 praecipua
1082 2644 1171 2694 est
1202 2637 1478 2694 Calabria:
1512 2642 1948 2714 trietropolis,ad
1971 2657 2100 2697 eam

455 2723 650 2795 ipsum
681 2724 920 2781 evehere
947 2727 1138 2782 modis
1169 2728 1445 2784 omnibus
1482 2734 1728 2785 conatus
1774 2729 1966 2796 fuerit,
1999 2731 2102 2786 sed

453 2812 691 2868 frustra.
720 2813 822 2868 Vir
851 2814 1066 2887 quippe
1096 2821 1336 2872 sanctus
1366 2817 1732 2874 Carthusiam
1757 2836 1925 2874 suam
1977 2836 2101 2875 om-

456 2901 631 2956 nibus
662 2903 851 2956 szoculi
879 2903 1266 2976 dignitatibus
1286 2907 1673 2978 anteponebat
1697 2925 1710 2974 ;
1743 2907 1860 2963 imo
1886 2913 1943 2964 et
1972 2925 2103 2964 eam

455 2990 807 3062 praetulisset
854 2991 968 3064 ipsi
1015 2991 1192 3048 etiam
1245 2994 1539 3067 pontiﬁcis
1571 2997 1896 3064 comitatui,
1931 2997 1980 3054 si
2020 2996 2103 3052 illi

453 3079 664 3135 fuisset
687 3081 1228 3154 pormissum,quod
1255 3083 1377 3154 ipse
1398 3089 1759 3140 contestatur
1778 3085 1835 3140 in
1859 3085 2106 3158 epistola

2197 511 2287 566 Sit
2316 527 2452 584 ergo
2484 511 2544 566 in
2575 517 2630 566 te
2659 512 2927 582 ejusdem
2946 511 3054 566 viri
3077 509 3507 584 Spiritusﬁdem
3537 507 3616 565 sit
3643 507 3863 564 eremi-

2195 599 2322 654 ticae
2357 599 2480 654 vitae
2517 600 2702 671 vigor,
2735 617 2938 654 eorum
2986 615 3218 654 morum
3264 603 3323 654 et
3368 597 3672 670 gravitatis
3719 613 3868 653 con-

2200 688 2450 754 stantia;
2494 689 2631 760 quia
2680 705 2808 756 nos,
2868 687 3194 760 opitulante
3260 685 3527 754 Domino,
3573 684 3869 758 quidquid

2200 778 2564 832 auctoritatis
2593 781 2650 833 et
2675 775 2978 848 potestatis
3009 777 3198 850 ipsius
3228 775 3494 850 Magistri
3540 773 3870 848 probabilis

2200 866 2489 938 sapientia
2519 871 2575 921 et
2613 865 2817 938 religio
2861 865 2935 920 ab
2981 863 3300 938 apostolica
3349 863 3485 918 sede
3537 861 3871 935 promeruit

2201 955 2606 1026 personaliter,
2637 955 2747 1010 hoc
2790 955 2896 1010 tibi
2947 955 3148 1028 eodem
3194 959 3250 1009 te
3294 952 3504 1025 spiritu
3538 951 3867 1008 comitante

2199 1043 2594 1100 concedimus.
2633 1065 2661 1093 ››
2693 1047 2854 1098 Certe
2885 1059 2999 1097 non
3032 1042 3366 1097 Brunonem
3417 1041 3612 1110 modo,
3645 1039 3748 1095 sed
3801 1042 3867 1094 et

2199 1131 2393 1203 ipsum
2432 1131 2756 1188 Lanuinum
2789 1132 3141 1204 quandoque
3171 1130 3442 1186 Urbanus
3475 1129 3546 1184 ad
3580 1145 3642 1186 se
3665 1145 3864 1184 accer-

2199 1221 2384 1290 sebat,
2418 1228 2480 1276 ut
2501 1236 2568 1276 ex
2599 1221 2757 1276 brevi
2789 1223 2919 1292 ejus
2949 1219 3198 1292 epistola
3229 1219 3607 1276 manifestum
3639 1223 3746 1274 est.

2201 1326 2457 1381 LXXXII.
2494 1327 2742 1383 Urbanus
2773 1326 3128 1395 Campaniam
3171 1327 3380 1381 invisit.
3407 1356 3471 1366 —
3495 1325 3870 1395 Privilegium

2931 1439 2944 1452 .
2981 1397 3178 1452 Basoli.

2269 1486 2475 1541 Visum
2501 1491 2587 1541 est
2609 1486 2840 1542 Urbano
2862 1487 3016 1541 circa
3047 1485 3226 1557 hujus
3255 1485 3395 1540 anni
3427 1484 3860 1550 medium,cum

2203 1575 2250 1631 ei
2289 1577 2484 1630 Itoi‘ute
2517 1576 2606 1629 vix
2648 1575 2933 1648 respirare
2985 1575 3202 1640 liceret,
3238 1573 3568 1646 provincias
3611 1573 3868 1646 Rogerio

2201 1670 2250 1720 et
2289 1664 2623 1719 Boamunvto
2655 1665 2951 1733 subjectae
2982 1663 3162 1728 adire,
3198 1669 3261 1716 ut
3291 1661 3369 1716 ibi
3404 1661 3578 1734 paulo
3614 1660 3868 1717 liberius

2201 1769 2396 1808 rerum
2447 1751 2976 1808 ecclesiasticarum
3029 1767 3230 1806 curam
3281 1756 3498 1822 ageret.
3531 1754 3693 1806 Certe
3723 1767 3867 1806 cum

2207 1843 2318 1896 sub
2350 1842 2608 1896 medium
2635 1843 2854 1896 mensis
2873 1841 3121 1914 Augusti
3151 1841 3259 1896 hoc
3283 1838 3514 1894 aunoin
3545 1840 3875 1912 Campania

2205 1929 2496 1985 exstitisse
2527 1934 2754 1985 constat
2782 1945 2848 1984 ex
2878 1929 3182 2002 privilegio
3223 1927 3408 1984 sancti
3457 1927 3672 1992 Basoli,
3705 1927 3872 2000 quod

2207 2017 2496 2074 Sinuessa:
2525 2019 2727 2074 datum
2778 2022 2868 2074 est
2916 2019 3025 2074 hoc
3071 2034 3224 2072 anno
3265 2017 3358 2072 die
3404 2033 3540 2072 xvm
3573 2015 3874 2072 Kalendas

2205 2108 2588 2178 Septembris,
2626 2107 2958 2162 Burchardo
2990 2107 3255 2178 ejusdem
3285 2105 3392 2162 loci
3427 2106 3622 2161 abbati
3657 2105 3871 2162 inscri-

2209 2202 2400 2268 ptum.

2212 2304 2502 2360 LXXXIII.
2551 2304 2611 2359 S.
2665 2304 2914 2359 Auselmo
2955 2303 3146 2359 scribit
3189 2318 3288 2375 pro
3345 2302 3580 2375 Fulcone
3620 2303 3877 2372 episcopo

2493 2375 2882 2430 Bellovucensi.
2907 2405 2974 2415 —-
3005 2374 3249 2430 Ausetani
3277 2374 3576 2446 responsio.

2282 2464 2458 2519 Paulo
2487 2471 2643 2529 ante,
2677 2481 2884 2536 nempe
2916 2464 3062 2536 ipsis
3113 2463 3385 2519 Kalendis
3429 2461 3700 2534 Augusti,
3729 2479 3877 2517 nam

2210 2570 2278 2610 ex
2310 2570 2502 2608 rerum
2544 2555 2692 2610 serie
2721 2555 2774 2608 id
2810 2554 2918 2609 hoc
2949 2569 3100 2608 anno
3134 2553 3350 2608 factum
3387 2551 3567 2606 fuisse
3615 2555 3872 2615 constat,

2211 2643 2467 2715 pontifex
2502 2659 2569 2696 ex
2602 2645 2744 2698 urbe
2765 2643 2964 2714 Capua
2989 2641 3060 2696 ad
3095 2641 3330 2696 beatum
3357 2639 3702 2695 Anselmum
3724 2643 3875 2694 tunc

2211 2731 2494 2802 temporis
2528 2731 2868 2786 Becceusem
2887 2731 2946 2784 in
2968 2729 3396 2785 Northmannia
3425 2729 3696 2784 abbatem
3723 2725 3876 2782 scri-

2213 2825 2428 2892 pserat,
2465 2824 2528 2874 ut
2553 2820 2604 2874 ei
2639 2819 2950 2874 Fulconem
2991 2817 3456 2874 Bellovacensem
3501 2817 3876 2889 episcopum,

2213 2914 2381 2964 antea
2415 2907 2768 2964 monachum
2803 2912 3142 2962 Beccensem
3175 2913 3235 2962 et
3269 2905 3455 2977 ipsius
3483 2903 3744 2960 Anselmi
3775 2903 3872 2958 di-

2211 2997 2523 3070 scipulum,
2557 2988 3022 3062 commendaret;
3057 2995 3197 3066 quia
3226 3011 3359 3050 vero
3390 2993 3486 3048 ille
3525 2994 3594 3050 ad
3629 2984 3873 3049 tantum

2213 3103 2364 3141 onus
2395 3085 2808 3140 sustinendum
2838 3083 3105 3156 impar,si
3137 3082 3299 3137 solus
3327 3087 3502 3147 esset,
3536 3081 3876 3147 videbatur,

455 3167 529 3223 ad
561 3185 698 3223 suos
731 3169 1172 3226 Carthasienses
1203 3173 1554 3245 conscripta,
1575 3173 1634 3228 in
1660 3191 1778 3246 qua
1809 3157 2106 3247 siciloqui-
2137 3157 2180 3225 C
2221 3176 2384 3229 beato
2415 3173 2608 3228 abbati
2643 3173 2885 3228 mandat
2914 3171 3194 3244 pontifex,
3219 3176 3286 3226 ut
3313 3171 3362 3226 ei
3396 3171 3540 3242 ipse,
3567 3175 3668 3224 aut
3688 3174 3878 3236 certe,

457 3262 554 3311 tur
585 3273 598 3312 :
629 3257 705 3312 De
733 3273 836 3322 me,
877 3261 1096 3328 fratres,
1147 3261 1354 3326 scitote,
1389 3264 1649 3332 quoniam
1695 3263 1839 3318 mihi
1884 3265 2112 3319 unicum

451 3348 571 3416 post
603 3346 774 3401 Deum
805 3350 884 3401 est
907 3346 1238 3402 desiderium
1268 3351 1524 3405 veniendi
1561 3351 1630 3405 ad
1673 3367 1783 3418 vos,
1817 3361 1868 3407 et
1895 3353 2110 3422 quando

451 3437 658 3505 potero,
690 3451 848 3506 opere
875 3435 1199 3508 adimplebo.
1235 3437 1409 3494 Plura
1457 3439 1535 3494 ibi
1579 3438 1756 3496 habet
1795 3441 1865 3496 de
1904 3441 2108 3497 mundi

459 3527 795 3594 contemptu
824 3529 881 3578 et
907 3541 1106 3579 eorum
1159 3525 1434 3582 felicitate
1480 3527 1578 3599 qui
1627 3529 1904 3585 omnibus
1951 3531 2108 3586 curis

460 3611 710 3682 exempti
740 3611 840 3666 uni
869 3611 984 3666 Deo
1016 3612 1075 3667 in
1109 3614 1422 3670 solitudine
1443 3633 1646 3672 vacare
1668 3617 2110 3689 possunt.Simi-

459 3696 558 3760 lia.
592 3698 708 3754 imo
739 3706 795 3755 et
826 3699 997 3772 plura
1027 3701 1336 3782 habentur,
1371 3704 1426 3758 in
1460 3703 1642 3760 altera
1689 3707 1818 3776 ejus
1864 3706 2110 3778 epistola

459 3787 530 3841 ad
567 3787 939 3860 Radulphum
987 3789 1242 3846 Viridem
1272 3797 1431 3865 tunc
1483 3793 1876 3866 praepositum,
1909 3801 2110 3867 postea

459 3875 961 3949 archiepiscopum
997 3879 1366 3946 Remensem,
1400 3899 1574 3937 suum
1607 3882 1770 3953 olim,
1803 3899 1938 3939 cum
1963 3884 2017 3940 in
2041 3901 2110 3941 ea

461 3965 600 4020 urbe
631 3969 1532 4036 moraretur,familiarem.Porro
1563 3971 1635 4028 ad
1682 3972 1840 4028 hunc
1885 3990 2106 4029 annum

460 4053 751 4110 Brunonis
773 4056 844 4110 ad
875 4057 1262 4130 lthegiensem
1292 4057 1857 4133 archiepiscopatum
1883 4060 2110 4118 electio-

459 4158 800 4214 nem,quam
830 4144 1050 4217 vulgati
1082 4152 1350 4203 auctores
1397 4164 1548 4204 anno
1598 4149 1735 4206 1095
1766 4149 2108 4222 consignare

459 4230 667 4298 solent,
701 4233 828 4288 ideo
860 4251 1216 4302 revocamus,
1237 4237 1389 4308 quod
1425 4236 1532 4292 hoc
1564 4237 1932 4295 solummodo
1954 4256 2106 4294 anno

419 4370 429 4382 ,
460 4321 568 4376 sub
603 4320 817 4376 Urbani
841 4325 1180 4395 pontificatu
1205 4325 1372 4379 sedes
1395 4324 1496 4380 illa
1517 4342 1696 4380 vacua
1721 4327 2107 4394 fuerit,morte

459 4409 683 4465 scilicet
711 4411 997 4482 Arnulphi
1037 4411 1483 4483 archiepiscopi,
1516 4411 1630 4480 cui,
1664 4419 1967 4472 recusante
2019 4416 2106 4470 di-

459 4498 740 4590 gnitatem
774 4499 932 4590 illam
966 4501 1253 4590 Brunonc,
1279 4499 1634 4590 substitutus
1667 4506 1754 4556 est
1784 4503 1894 4558 sub
1925 4503 2104 4576 hujus
2134 4525 2182 4590 Β

459 4588 596 4642 anui
651 4589 823 4644 finem
879 4587 1222 4659 Rangerius.
1290 4587 1391 4642 Hic
1458 4589 1675 4662 quippe
1733 4590 2103 4666 privilegium

458 4675 744 4733 Theodori
759 4675 1177 4748 Squillacensis
1193 4675 1446 4746 episcopi
1464 4695 1642 4750 supra
1660 4679 1962 4738 laudatum
1975 4699 2106 4738 con-

456 4765 709 4822 ﬁrmavit
739 4765 830 4820 die
874 4766 937 4818 17
965 4763 1298 4818 Decembris
1346 4781 1498 4821 anno
1548 4767 1704 4834 1090,
1737 4770 2104 4843 archiepisco-

451 4873 554 4927 pus
585 4853 894 4924 Rhegicnsis
921 4853 1138 4918 electus,
1180 4868 1245 4907 ac
1293 4852 1566 4927 deinceps
1611 4858 1680 4912 ad
1715 4875 1935 4915 annum
1971 4863 2107 4916 1106

457 4944 631 5000 variis
656 4939 914 4995 conciliis
930 4944 986 4994 et
1001 4939 1250 5012 publicis
1265 4942 1672 5000 instrumentis
1687 4949 2106 5021 subscripsisse

459 5031 817 5086 memoratur
845 5027 956 5082 sub
989 5027 1406 5102 archiepisc0pi
1449 5032 1636 5100 titulo,
1670 5041 1734 5089 ut
1780 5037 1972 5093 videre
2019 5044 2108 5094 est

459 5117 613 5190 apud
647 5115 955 5188 Ughellum
983 5122 1142 5174 tomo
1177 5119 1245 5174 1X
1281 5119 1452 5174 Italiae
1503 5138 1700 5178 sacrae.
1745 5123 1959 5182 Verum
1999 5127 2107 5182 etsi

459 5207 654 5260 Bruno
687 5205 848 5262 nulla
877 5207 1124 5280 fulgeret
1153 5207 1453 5280 dignitate,
1487 5210 1669 5266 nihilo
1700 5216 1896 5268 tamen
1919 5213 2110 5269 minor

462 5294 569 5350 fuit
599 5295 752 5366 apud
785 5297 1112 5368 pontificatu
1147 5297 1275 5367 ejus
1306 5299 1642 5368 auctoritas,
1679 5307 1744 5356 ut
1774 5307 1980 5374 printer
2008 5319 2110 5358 ete-

464 5387 590 5440 tera
610 5385 815 5456 probat
835 5385 1194 5441 Paschalisll
1211 5385 1458 5458 epistola
1470 5388 1540 5444 ad
1569 5388 1900 5446 Lanuinum
1922 5390 2108 5464 ipsius

466 5472 526 5528 in
550 5471 829 5528 Calabrici
853 5475 1190 5532 monasterii
1213 5474 1495 5549 regimine
1507 5493 2108 5553 successorem,quem

433 5644 440 5651 .
468 5562 552 5622 sic
571 5563 828 5640 pontifex
856 5562 1172 5642 alloquitur
1202 5581 1216 5622 :
1253 5589 1281 5619 κ
1310 5565 1390 5624 Te
1421 5563 1480 5624 in
1507 5562 1702 5625 locum
1733 5570 1944 5628 sanctae
1989 5585 2108 5638 me-

2218 3279 2286 3318 eo
2318 3261 2841 3334 impedito,aliquis
2869 3279 2937 3316 ex
2967 3261 3096 3331 ejus
3127 3259 3426 3322 fratribus,
3461 3275 3692 3330 semper
3721 3257 3880 3312 assi-

2219 3356 2334 3407 stat
2361 3351 2522 3407 illius
2551 3351 2806 3424 episcOpi
2829 3352 3364 3416 monitor,corrector
3391 3351 3551 3421 atque
3577 3347 3885 3402 consultor.

2219 3441 2368 3496 Tum
2401 3441 2712 3497 certiorem
2743 3457 2877 3496 eum
2909 3438 3156 3508 facit,se,
3191 3438 3478 3511 quidquid
3519 3437 3578 3491 in
3609 3435 3886 3506 ejusdem

2217 3529 2476 3600 episcopi
2524 3529 2891 3584 ordinatione
2942 3528 3218 3584 vitiosum
3268 3527 3520 3598 irrepere
3579 3528 3884 3597 potuerat,

2219 3616 2799 3688 indulsisseDenique
2827 3617 2985 3670 varia
3012 3615 3287 3670 Auselmo
3320 3613 3552 3686 negotia
3581 3628 3885 3668 commen-

2217 3705 2337 3768 dat,
2373 3723 2498 3777 quae
2529 3705 2587 3760 iu
2615 3706 2744 3776 ejus
2773 3703 3018 3776 epistola
3047 3701 3432 3775 explicantur.
3463 3705 3537 3756 At
3583 3695 3685 3769 ibi,
3719 3701 3886 3758 sicut

2217 3799 2276 3849 ct
2303 3793 2357 3848 in
2391 3793 2521 3848 aliis
2551 3793 2773 3865 passim
2806 3791 3024 3847 Urbani
3065 3790 3352 3864 epistolis,
3385 3792 3692 3856 observare
3739 3788 3888 3846 licet

2218 3880 2375 3937 illius
2407 3879 2864 3937 sollicitudinem
2895 3885 2950 3936 et
2981 3897 3180 3936 curam
3223 3881 3280 3935 in
3313 3879 3676 3936 accersendis
3707 3877 3777 3934 ad
3816 3895 3886 3936 se

2215 3970 2355 4025 viris
2387 3970 2574 4024 doctis
2604 3974 2660 4026 et
2694 3969 2829 4042 piis,
2859 3969 2958 4042 qui
2992 3986 3126 4026 eum
3175 3969 3247 4024 ad
3295 3969 3670 4042 pontificatus
3697 3983 3889 4024 onera

2216 4057 2562 4115 sustinenda
2587 4059 2679 4128 adj
2693 4057 3282 4130 uvarent.Respondit
3311 4063 3444 4130 post
3463 4056 3698 4130 aliquod
3721 4060 3886 4113 tem-

2216 4164 2326 4218 pus
2356 4145 2573 4202 Urbani
2601 4145 2812 4202 litteris
2844 4146 3251 4214 Anselmus,ut
3277 4147 3328 4202 ei
3359 4146 3430 4202 de
3461 4144 3753 4210 Fulconis,
3774 4161 3886 4216 per

2217 4251 2392 4306 quem
2423 4233 2554 4289 illas
2602 4239 2923 4307 acceperat,
2952 4235 3232 4292 electione
3263 4235 3550 4291 rationem
3584 4235 3881 4290 redderet.

2217 4323 2278 4380 Ei
2329 4324 2450 4380 viro
2499 4340 2810 4380 assensum
2856 4342 3032 4381 suum
3083 4324 3402 4397 praebuisse
3455 4327 3748 4380 asseverat
3790 4339 3886 4378 co-

2215 4418 2397 4469 actum
2425 4414 2758 4468 Francorum
2787 4417 2934 4482 regis
2962 4423 3014 4470 et
3043 4415 3178 4470 cleri
3208 4415 3627 4482 Bellovaeensis,
3661 4413 3881 4468 instan-

2215 4503 2314 4568 tia,
2345 4518 2471 4557 cum
2501 4517 2726 4558 assensu
2770 4503 3044 4559 Remensis
3093 4503 3506 4574 archiepiscopi,
3537 4501 3690 4557 nullo
3731 4503 3879 4556 resi-

2213 4595 2422 4658 stente;
2458 4591 2540 4645 ita
2570 4596 2655 4657 ut,
2692 4591 2826 4658 nisi,
2860 4591 3053 4663 inquit
3074 4591 3162 4646 vir
3190 4597 3452 4662 sanctus,
3485 4592 3584 4646 hoc
3609 4592 3877 4663 facerem,

2218 4685 2388 4736 Deum
2417 4680 2665 4736 timerem
2696 4679 3188 4751 oﬂ‘endcreﬂuare
3222 4679 3554 4754 pontiﬁcem
3585 4682 3772 4752 rogat,
3807 4683 3880 4734 ut

2216 4769 2370 4825 datis
2421 4768 2493 4823 ad
2544 4768 3072 4841 archiepiscopum,
3105 4768 3369 4841 aliosque
3415 4767 3724 4840 provinciae
3765 4767 3881 4822 Re-

2218 4858 2438 4913 DJODSIS
2468 4857 2906 4924 antistites,imo
2937 4861 2992 4913 et
3031 4859 3102 4912 ad
3136 4857 3569 4914 Bellovacenses
3603 4870 3874 4928 proceres

2216 4947 2348 5002 aliis
2378 4947 2610 5011 litteris,
2641 4945 2949 5002 Fulconem
2991 4947 3116 5016 jam
3167 4946 3424 5001 secundo
3455 4945 3704 5002 Romam
3735 4959 3876 5016 pro-

2218 5040 2434 5091 fectum
2466 5035 2742 5090 adversus
2775 5032 3088 5090 malevolos
3109 5032 3376 5090 homines
3399 5033 3668 5106 aquibus
3690 5033 3876 5088 ferme

2217 5123 2674 5196 opprimebatur,
2734 5139 2842 5178 sua
2892 5121 3236 5179 auctoritate
3285 5123 3668 5179 communiat.
3717 5121 3877 5178 Tum

2217 5211 2570 5284 compatitur
2595 5210 2683 5265 vir
2707 5215 2948 5266 sanctus
2980 5209 3040 5264 in
3068 5210 3178 5267 hac
3206 5211 3474 5285 epistola,
3523 5229 3650 5284 quas
3679 5213 3770 5266 est
3797 5209 3876 5265 33

2216 5300 2349 5357 libri
2401 5315 2463 5367 ιι,
2515 5297 2775 5370 pontifici
2827 5298 2884 5353 in
2936 5299 3130 5356 medio
3171 5299 3614 5357 tribulationum
3655 5297 3874 5372 posito,

2217 5389 2462 5459 ideoque
2486 5387 2599 5458 ipsi
2631 5403 2769 5442 suas
2800 5404 3160 5462 suorumque
3191 5389 3437 5445 fratrum
3469 5405 3667 5462 preces
3698 5385 3874 5460 polli-

2216 5482 2400 5543 cetur,
2425 5484 2486 5531 ut
2513 5477 2566 5532 ei
2594 5481 2748 5532 Deus
2777 5477 2987 5550 mitiget
3017 5495 3052 5534 α
3079 5479 3270 5536 diebus
3298 5479 3461 5535 malis
3488 5478 3655 5534 donec
3688 5474 3872 5548 fodia-

2214 5569 2308 5628 tur
2330 5565 2609 5641 peccaturi
2635 5566 2811 5644 fovea.
2845 5565 3108 5648 Denique
3137 5566 3568 5647 praeciditquod
3593 5565 3734 5629 Deus
3757 5579 3875 5640 non
