4000 6178
164 337 243 400 ’ῖτ
1770 346 1809 407 v

1923 347 1977 409 κ.

3498 354 3581 417 78

169 474 444 544 relinquet
475 470 681 545 virgam
699 477 1043 547 peccatorum
1072 492 1234 550 super
1262 482 1463 534 sortem
1503 479 1778 549 justorum
1797 497 1818 542 ;
1848 489 1902 553 Α
1932 485 2236 537 auctorum
2270 482 2443 539 etiam
2474 484 2787 557 aequalium
2817 483 3172 541 testimoniis
3201 483 3295 542 vix
3329 484 3578 559 intelligi

165 564 296 633 quia
350 562 727 620 Meditata):
779 582 937 621 suam
988 583 1098 622 non
1153 567 1511 638 derelinquat,
1560 576 1610 623 et
1644 573 1824 639 portae

162 655 339 722 inferi
391 671 506 708 non
575 655 948 725 praevalebunt
1017 656 1273 712 adversus
1349 674 1489 712 eam.
1561 658 1822 730 Denique

163 741 540 814 privilegium
574 760 676 814 pro
709 760 816 800 suo
846 744 1120 800 Beccensi
1155 745 1512 802 monasterio
1542 745 1818 819 postulat,

161 831 319 903 quod
344 849 420 887 an
458 849 714 904 unquam
747 833 1145 906 impetraverit
1192 835 1479 891 incertum
1512 839 1619 892 est.
1671 836 1820 899 Quid

157 937 291 976 vero
336 925 543 992 postea
588 921 824 978 Fulconi
877 924 1185 996 contigerit
1215 924 1273 979 in
1323 925 1819 997 consequentibus

159 1009 450 1065 dicemus.

156 1117 447 1173 LXXXIV.
500 1116 795 1188 Conﬁrmat
830 1120 1127 1189 privilegia.
1157 1121 1412 1178 Ecclesiae
1463 1121 1813 1176 Rareltensis.

220 1191 619 1264 Episcoporum
647 1190 1035 1264 ordinationes.
1065 1193 1148 1246 Ex
1176 1193 1260 1247 his
1287 1194 1428 1264 forte
1456 1192 1818 1263 Berengarius

227 1262 476 1316 Venusii.
510 1268 594 1316 Αη
622 1262 991 1317 Guitmundus
1020 1263 1245 1318 Aversa’.

218 1367 453 1423 Interea
485 1367 774 1435 Urbanus,
810 1385 945 1423 cum
978 1369 1132 1441 apud
1156 1369 1461 1425 Salernum
1494 1374 1668 1436 esset,
1702 1370 1815 1425 Ra-

150 1450 427 1512 vellensi‘s
454 1472 561 1513 seu
595 1456 960 1512 Rebellensis
988 1457 1274 1525 Ecclesiae,
1310 1476 1489 1530 quam
1510 1458 1710 1514 Victor
1738 1458 1815 1514 III

152 1548 271 1615 ejus
300 1545 660 1600 decessorin
694 1545 1083 1618 episc0palem
1118 1547 1317 1601 sedem
1335 1552 1612 1612 erexerat,
1647 1547 1816 1619 privi-

150 1633 291 1705 legia
326 1633 724 1697 confirmavit,
753 1634 1323 1707 datodiplomatedie
1354 1636 1481 1708 ipso
1514 1636 1809 1691 Nonarum

148 1722 416 1777 Octobriu
430 1738 488 1777 m
501 1766 513 1776 .

210 1809 446 1865 Creavit
477 1810 656 1866 etiam
710 1811 981 1867 Urbanus
1035 1815 1294 1870 diversos
1346 1815 1650 1887 episcopos
1711 1832 1812 1887 per

146 1899 282 1955 illud
318 1904 591 1972 tempus,
627 1918 691 1956 cx
724 1902 940 1972 quibus
976 1908 1177 1959 Petrus
1219 1903 1280 1958 in
1311 1903 1596 1959 Chronico
1644 1904 1809 1960 Casi-

146 1990 302 2045 nensi
356 1988 517 2044 libro
552 2007 628 2054 iv,
687 2007 815 2062 cap.
845 1994 902 2058 7,
966 1992 1110 2047 duos
1152 1992 1353 2047 laudat
1408 2010 1476 2047 ex
1507 1993 1807 2049 Casinensi

146 2078 506 2134 monasterio
536 2083 898 2151 assumptos,
928 2079 1305 2135 Benedictum
1340 2080 1562 2137 scilicet
1590 2081 1649 2137 in
1673 2082 1807 2138 Sar-

140 2168 292 2223 dinia
320 2167 556 2233 insula,
589 2172 647 2222 et
676 2168 1041 2240 Raynaldum
1075 2168 1301 2237 Caietae,
1335 2170 1435 2242 qui
1484 2170 1591 2226 hoc
1630 2189 1804 2240 anno,

143 2262 195 2310 ut
221 2257 390 2312 idem
423 2260 640 2312 auctor
667 2256 841 2311 habet
873 2256 1060 2329 capite
1078 2257 1366 2330 sequenti,
1400 2258 1581 2313 altare
1606 2259 1805 2314 Sancti

144 2346 389 2411 Erasmi,
423 2350 487 2400 et.
543 2363 695 2401 anno
745 2345 1012 2418 sequenti
1060 2363 1129 2402 ex
1178 2348 1450 2420 anonymi
1501 2348 1803 2415 Chronico,

140 2435 448 2491 ecclesiam
481 2435 685 2490 Sancti
717 2436 959 2490 Andreae
984 2436 1042 2491 in
1076 2454 1241 2492 sacro
1273 2440 1468 2492 monte
1499 2453 1822 2507 consecra-,

139 2525 228 2580 vit.
261 2524 390 2581 Hoc
422 2524 636 2580 eodem
670 2541 844 2592 anno,
879 2528 941 2579 ut
962 2526 1089 2595 jam
1142 2526 1418 2594 diximus,
1480 2525 1804 2598 Rangcrius

142 2613 492 2689 Rhegiensis
527 2612 792 2667 Ecclesiae
808 2614 1062 2684 regimen
1083 2614 1361 2686 suscepit.
1396 2619 1449 2668 ls
1472 2616 1726 2686 primum
1745 2614 1803 2669 in

142 2701 337 2770 Iiaiori
372 2701 736 2759 Monasterio
765 2719 941 2775 prope
962 2703 1228 2759 Turonos
1248 2703 1571 2759 monachus
1596 2704 1801 2770 fuerat,

142 2792 282 2847 unde
313 2795 549 2847 Cavam
581 2791 921 2858 translatus,
954 2791 1187 2847 Urbano
1219 2798 1391 2848 notus
1438 2793 1566 2859 fuit,
1600 2810 1632 2847 a
1664 2809 1800 2864 quo,

143 2886 196 2934 ut
223 2882 411 2936 habet
446 2878 732 2952 Ughcllus
763 2884 920 2935 tomo
954 2880 1027 2935 IX
1061 2880 1236 2937 Italiae
1261 2899 1458 2951 sacrae,
1493 2880 1803 2936 cardinalis

144 2974 254 3024 tum
310 2967 681 3042 Rhegiensis
730 2967 1207 3041 archiepiscopus
1258 2970 1444 3025 factus
1492 2974 1600 3027 est.
1646 2970 1801 3025 Idem

145 3064 335 3114 auctor
366 3064 541 3113 tome
571 3056 647 3112 VI
678 3058 881 3113 scribit
911 3058 1167 3114 amicum
1201 3059 1386 3114 sancti
1419 3057 1711 3114 Vincentii
1733 3058 1804 3113 de

147 3147 426 3203 Volturno
489 3146 602 3201 hoc
661 3162 895 3218 quoque
934 3164 1088 3202 anno
1147 3153 1407 3203 creatum
1440 3149 1511 3203 ab
1571 3146 1801 3203 Urbano

1932 575 2140 643 potest.
2174 572 2354 629 Nemo
2385 572 2624 644 quidem
2645 574 3267 631 nescitGuitmundum
3298 590 3402 632 seu
3428 574 3579 632 Wit-

1931 661 2219 717 mundum
2250 679 2281 717 e
2311 662 2595 717 monacho
2627 663 2823 719 Sancti
2856 664 3141 731 Leut‘redi,
3174 665 3247 720 ob
3277 664 3499 738 scripta
3518 664 3578 721 in

1931 749 2264 822 Berengarii
2297 767 2521 806 errores
2553 750 2837 807 celebrem
2868 751 2927 807 in
2960 754 3322 810 Aversanum
3354 754 3579 826 episco-

1931 854 2069 909 pum
2104 843 2477 911 assumptum
2492 840 2694 897 fuisse.
2729 840 2788 896 Id
2804 841 2961 897 enim
2976 845 3185 914 praeter
3212 841 3576 912 Ordericum,

1930 926 2023 983 Ivo
2054 927 2723 997 Carnotensis-antistes,
2756 930 2925 1002 epist.
2944 931 3035 999 78;
3068 929 3400 987 Willelmus
3430 931 3577 989 Mal-

1929 1015 2351 1072 mesburiensis
2381 1022 2437 1072 et
2455 1016 2551 1072 alii
2583 1034 2786 1090 graves
2804 1021 3070 1076 auctores
3082 1017 3304 1091 passim
3328 1019 3582 1077 afﬁrma-

1927 1108 2086 1158 runt.
2119 1108 2193 1159 At
2226 1104 2381 1160 Idem
2410 1105 2503 1160 Ivo
2520 1105 2734 1161 decreti
2766 1110 2928 1178 parte
2942 1124 3018 1175 IV,
3043 1123 3169 1179 cap.
3195 1107 3322 1176 213;
3347 1107 3581 1165 Gratia-

1926 1209 2059 1260 nus,
2117 1193 2254 1249 dist.
2286 1196 2340 1260 8,
2373 1211 2499 1266 cap.
2531 1196 2585 1249 5:
2608 1194 2670 1249 Si
2682 1194 3145 1261 consuetudinem,
3178 1199 3236 1250 et
3259 1194 3357 1251 alii
3389 1196 3581 1253 decre-
3630 1192 3633 1199 λ

1923 1285 2048 1337 tum
2082 1283 2383 1353 proferunt
2407 1300 2475 1338 ex
2503 1283 2761 1356 Gregorii
2789 1284 2891 1338 VII
2906 1284 3155 1357 epistola
3185 1284 3257 1340 ad
3277 1283 3579 1342 Witmun-

1926 1372 2063 1425 dum
2100 1374 2458 1428 Aversanum
2492 1372 2729 1445 scripta,
2763 1372 2821 1427 in
2841 1389 3014 1445 quem
3048 1372 3291 1430 titulum
3321 1389 3578 1432 errorem

1924 1459 2233 1532 irrepsisse
2258 1478 2430 1515 nemo
2454 1461 2683 1529 dixerit,
2707 1461 2754 1517 si
2788 1460 3058 1518 consulat
3082 1463 3311 1518 codices
3341 1480 3486 1519 mss.
3516 1467 3577 1520 et

1923 1549 2130 1623 editos,
2165 1550 2224 1605 in
2250 1549 2466 1605 Baluzii
2492 1549 2645 1607 notis
2678 1550 2749 1606 ad
2768 1551 3575 1619 Gratianumlaudatos.Quid

1924 1636 2130 1707 igitur?
2162 1637 2209 1692 si
2242 1636 2501 1693 divinare
2534 1636 2687 1705 licet,
2720 1642 2821 1692 aut
2874 1639 2988 1693 duo
3021 1638 3179 1694 fuere
3226 1636 3572 1694 Guitmundi

1921 1726 2197 1781 Aversani
2229 1726 2505 1798 episcopi,
2542 1731 2604 1780 ut
2635 1727 2970 1799 suspicatus
2999 1731 3088 1782 est
3128 1725 3428 1799 Ughellus,
3473 1730 3575 1782 aut

1921 1821 2073 1871 certe
2095 1816 2408 1888 Gregorius
2424 1820 2690 1871 nostrum
2704 1816 3128 1871 Guitmundum
3144 1815 3332 1888 primo
3345 1817 3573 1872 Aversa;

1921 1906 2084 1961 urbis
2110 1904 2449 1977 episcopum
2483 1905 2715 1971 creavit,
2750 1910 2808 1960 et
2828 1905 3093 1962 Urbanus
3112 1904 3384 1961 eumdem
3408 1903 3572 1977 pallii

1919 1993 2292 2050 concessione
2324 1993 2744 2066 archiepiscopi
2762 1992 2934 2049 titulo
2965 1997 3023 2050 et
3047 1993 3267 2051 honore
3283 1994 3572 2051 condeco-

1919 2084 2087 2151 ravit;
2120 2088 2245 2139 tum
2277 2088 2343 2138 ut
2372 2088 2605 2138 tantum
2637 2082 2935 2140 hominem
2967 2082 3164 2155 aliqua
3193 2082 3573 2156 praerogativa

1917 2171 2199 2245 singulari
2234 2171 2575 2239 illustraret;
2590 2187 2745 2240 cum,
2766 2177 2832 2227 ut
2846 2170 3268 2227 Northmannis
3292 2170 3572 2244 principi-

1917 2261 2048 2329 bus,
2081 2260 2183 2332 qui
2210 2259 2362 2315 hanc
2393 2259 2597 2315 urbem
2637 2263 3045 2315 exstruxerant
3091 2264 3149 2315 et
3191 2259 3572 2331 potissimum

1915 2350 2205 2417 colebant,
2239 2352 2470 2420 gratum
2529 2348 2761 2404 faceret.
2797 2347 2960 2404 Certe
3009 2346 3320 2403 0rdericus
3376 2347 3573 2403 innuit

1916 2438 2215 2493 Urbanum
2246 2435 2442 2492 nescio
2474 2436 2616 2508 quid
2650 2435 2967 2508 singularis
2990 2434 3279 2509 privilegii
3309 2451 3375 2492 ea
3405 2451 3569 2493 occa-

1914 2525 2515 2583 sioueGuitmundum
2530 2525 2587 2579 in
2606 2525 2785 2580 North
2796 2542 2928 2580 man
2939 2540 3147 2580 norum
3167 2524 3415 2598 gratiam
3440 2540 3571 2585 con.

1913 2617 2181 2672 cessisse.
2242 2617 2370 2672 Haec
2423 2616 2573 2679 urbs,
2635 2615 2848 2686 inquit,
2910 2622 3148 2686 tempore
3195 2614 3386 2671 Leonis
3441 2614 3509 2670 IX
3535 2630 3572 2670 a

1914 2706 2324 2773 Northmannis,
2359 2706 2455 2776 qui
2468 2706 2646 2775 primo
2676 2704 2933 2775 Apuliam
2949 2704 3293 2760 incoluerant
3320 2706 3568 2760 constru-

1913 2803 1995 2850 cla
2026 2802 2122 2862 est,
2153 2798 2205 2848 et
2234 2811 2268 2848 a
2316 2795 2597 2858 Romanis,
2629 2795 2762 2864 quia
2807 2793 2875 2848 ab
2903 2792 3142 2848 adversis
3188 2793 3302 2848 sibi
3345 2792 3570 2848 coetibus

1915 2883 2310 2953 aediﬁcabatur,
2351 2882 2600 2936 Adversis
2627 2882 2839 2937 dicta...
2867 2881 3083 2937 divitiis
3111 2882 3369 2953 opulenta
3395 2881 3568 2937 Cisal-

1913 2975 2236 3043 pinorum...
2263 2971 2764 3026 Northmannorum
2790 2972 3004 3042 optione
3030 2971 3135 3025 soli
3157 2984 3322 3042 papae
3348 2977 3573 3039 gratan-

1914 3064 1997 3115 ter
2051 3059 2248 3125 obedit,
2306 3076 2341 3113 a
2385 3075 2489 3130 quo
2544 3058 2939 3115 Guitmundum
3001 3059 3299 3131 sophistam
3348 3046 3572 3131 mystici

1914 3148 2121 3204 decoris
2147 3149 2320 3219 pallio
2351 3150 2645 3219 insigniter
2664 3147 2981 3204 redimitum
3006 3148 3319 3220 pontiﬁcem
3339 3148 3567 3218 accepit.

150 3238 313 3291 fuisse
344 3235 704 3290 cardinalem
728 3236 1109 3308 presbyterum
1156 3237 1372 3293 Sanctae
1412 3236 1599 3291 Crucis
1632 3238 1691 3292 in
1714 3238 1804 3291 Je-
1838 3221 1880 3288 C
1919 3236 2022 3300 Qui
2055 3237 2422 3308 archiprazsul
2451 3253 2573 3292 eam
2602 3236 2698 3291 diu
2724 3239 2886 3303 rewit,
2913 3240 2964 3291 et
2992 3237 3301 3308 apostolicis
3339 3236 3569 3306 privile-

154 3327 407 3391 rssalem,
472 3325 579 3396 qui
632 3329 834 3396 postea
865 3325 922 3379 in
980 3325 1409 3381 s’Eserniensem
1468 3324 1805 3398 episcopum

155 3419 521 3487 assumptus,
570 3414 808 3469 demum
864 3414 1060 3469 Casini
1112 3414 1476 3487 temporibus
1523 3413 1726 3469 Calixti
1759 3413 1806 3468 ll

153 3503 308 3558 obiit.

216 3594 297 3647 Ad
324 3593 488 3648 hunc
502 3592 685 3648 etiam
704 3607 947 3658 annum,
972 3592 1056 3647 uti
1074 3591 1319 3659 videtur,
1345 3591 1593 3648 revocari
1616 3595 1808 3664 potest

153 3680 480 3755 Berengarii
512 3681 804 3754 promotio
845 3681 913 3736 ad
974 3679 1337 3736 Venusinum
1384 3680 1804 3752 episcopatum.

153 3770 241 3826 Hic
266 3770 326 3826 in
344 3772 614 3827 Uticensi
638 3771 839 3827 Sancti
854 3769 1070 3825 Ebrulii
1088 3770 1440 3825 monasterio
1464 3770 1810 3824 Northman-

152 3860 245 3914 nia
278 3861 391 3915 sub
425 3861 602 3916 beato
633 3858 990 3915 Theoderico
1023 3858 1229 3913 abbate
1259 3857 1560 3925 educatus,
1590 3857 1808 3913 Rober-

150 3956 259 4004 tum
293 3949 648 4005 Theoderici
676 3964 1098 4014 successorem,
1136 3964 1312 4019 quem
1345 3946 1643 4002 Osbernus
1675 3946 1810 4002 inva

153 4037 693 4094 soremonasterio
753 4037 1027 4093 excedere
1078 4040 1368 4106 coegerat,
1419 4034 1478 4089 in
1536 4034 1807 4107 Apuliam

156 4128 335 4182 fuerat
350 4127 725 4193 secutus,ubi
742 4144 876 4181 cum
893 4124 1225 4198 permultos
1248 4142 1432 4179 annos
1457 4125 1808 4180 monasterio

154 4218 369 4270 Sancta
402 4215 715 4270 Trinitatis
746 4215 900 4286 apud
934 4214 1257 4268 Venusium
1288 4212 1635 4285 praefuisset,
1680 4217 1810 4268 tan-

156 4303 305 4371 dem,
343 4303 427 4359 uti
463 4302 777 4358 0rdericus
811 4301 1016 4358 Vitalis
1040 4303 1215 4357 refert
1243 4301 1391 4357 libro
1408 4319 1528 4370 vm,
1561 4318 1659 4374 pro
1688 4305 1811 4357 vita:

156 4395 347 4447 merito
374 4396 424 4447 et
456 4393 742 4463 sapientiae
771 4392 1018 4447 doctrina
1048 4390 1119 4446 ad
1154 4392 1533 4463 pontiﬁcatum
1556 4394 1814 4464 prwfataz

154 4481 305 4536 urbis
334 4499 367 4536 a
395 4496 544 4553 papa
607 4480 817 4537 Urbano
870 4488 1149 4552 promotus
1194 4482 1291 4534 est.
1345 4480 1506 4535 Tunc
1557 4485 1751 4535 tamen
1780 4497 1815 4535 a

1916 3329 2025 3397 giis
2055 3327 2121 3382 ab
2151 3327 2303 3381 omni
2330 3327 2652 3381 mortalium
2678 3326 2961 3380 exactione
2991 3326 3133 3379 liber
3154 3325 3385 3395 plausit.
3436 3327 3571 3378 Haec

1917 3415 2277 3487 conjiciendo
2305 3414 2460 3469 dicta
2480 3412 2618 3481 sint,
2650 3413 2835 3470 donec
2861 3412 3076 3485 aliquis
3118 3411 3366 3469 certiora
3412 3411 3570 3468 inve-

1917 3506 2058 3560 niat.
2095 3502 2240 3558 Huic
2271 3503 2631 3559 Guitmundo
2663 3502 2967 3574 rescripsit
2997 3502 3289 3570 Urbanus,
3321 3501 3392 3557 de
3423 3499 3570 3557 reci-

1917 3592 2145 3665 piendis
2170 3592 3010 3661 excommunicatorum,modo
3027 3590 3399 3665 resipuerint,
3421 3590 3572 3647 elee-

1918 3684 2199 3754 mosynis.
2228 3683 2412 3747 Quam
2445 3680 2777 3753 epistolam,
2811 3685 2914 3737 aut
2934 3685 3087 3737 certe
3118 3680 3412 3753 insignem
3442 3680 3570 3751 ejus

1918 3776 2163 3844 partem,
2196 3770 2349 3825 circa
2376 3769 2602 3825 Julium
2636 3785 2923 3838 mensem,
2975 3771 3075 3826 sed
3125 3786 3278 3826 anno
3326 3768 3567 3838 incerto,

1918 3860 2216 3931 scriptam,
2247 3860 2363 3927 Ivo,
2379 3864 2435 3915 et
2446 3864 2581 3931 post
2594 3876 2728 3915 eum
2742 3859 3056 3915 Gratianus
3069 3858 3130 3913 in
3162 3857 3409 3915 decretis
3423 3856 3571 3926 suis,

1918 3947 2186 4005 retulere.

2037 4053 2297 4109 LXXXV.
2329 4053 2468 4109 Mors
2492 4054 2846 4136 Adalberonis
2874 4053 3110 4125 episcopi
3142 4052 3445 4108 Wirzbur-

2638 4141 2841 4195 gencis.

1989 4215 2205 4271 Verum
2235 4232 2300 4271 eo
2334 4218 2593 4286 tempore
2624 4230 2739 4286 quo
2781 4212 2962 4269 variis
2994 4210 3270 4269 Ecclesiis
3313 4212 3371 4269 in
3404 4209 3573 4267 Italia

1920 4309 2185 4377 pastores
2211 4303 2547 4375 providebat
2578 4302 2867 4371 Urbanus,
2901 4300 3204 4375 egregium
3226 4317 3293 4358 ac
3321 4300 3577 4358 invictis-

1922 4393 2031 4449 sim
2041 4410 2139 4449 um
2172 4392 2327 4448 sedis
2339 4391 2668 4464 apostolica:
2682 4395 3178 4464 propugnatorem
3189 4390 3250 4445 in
3263 4389 3577 4448 Germania

1923 4480 2568 4549 amisit,Adalberonem
2584 4480 3333 4552 scilicetWirzburgensem
3357 4479 3577 4553 episco-

150 4571 303 4640 rlebe
358 4571 596 4625 electum
648 4568 952 4625 Venusinae
1002 4570 1155 4624 urbis
1210 4572 1578 4641 episcopatum
1616 4586 1812 4626 susce-
1845 4591 1890 4655 Ι)
1923 4588 2087 4644 pum,
2121 4569 2223 4642 qui
2254 4568 2385 4624 licet
2413 4586 2442 4625 e
2464 4570 2653 4641 patria
2680 4568 2927 4625 extorris
2945 4568 3142 4635 fuerit,
3164 4572 3223 4624 et
3242 4568 3580 4642 frequenter

154 4660 308 4729 pisse
324 4657 711 4713 asseritidem
743 4658 1103 4714 auctorlibro
1118 4675 1199 4714 III.
1234 4658 1303 4713 Et
1332 4658 1569 4730 quidem
1595 4662 1815 4714 utrum-

152 4765 264 4820 que
294 4752 493 4820 potest
526 4763 887 4803 esseverum.
917 4748 1221 4802 Atmirum
1254 4747 1509 4803 esthunc
1534 4752 1817 4821 Berenga-

152 4838 307 4910 rium
322 4837 398 4890 ab
412 4834 659 4909 Ughello
691 4836 748 4890 in
764 4835 1024 4908 catalogo
1034 4835 1470 4892 Venusinorum
1486 4836 1817 4892 antistitum

152 4932 322 4980 temo
350 4924 451 4979 VII
489 4924 667 4981 Italire
700 4942 875 4980 sacra:
907 4925 1260 4981 recensitum
1295 4943 1408 4981 non
1439 4927 1635 4982 fuisse.

228 5014 464 5069 Laudat
493 5014 646 5069 idem
671 5014 980 5069 0rdericus
1010 5013 1218 5068 Vitalis
1248 5013 1397 5069 libro
1428 5032 1483 5069 ιν
1505 5014 1818 5070 Guitmun-

154 5105 299 5158 dum
338 5103 695 5159 monachum
729 5103 929 5158 Crucis
962 5103 1157 5158 Sancti
1177 5103 1452 5168 Buderni,
1486 5120 1586 5157 seu
1621 5104 1817 5158 Sancti

156 5193 431 5248 Leufredi
466 5193 525 5247 in
546 5191 996 5259 Northmannia,
1012 5209 1186 5274 quem
1208 5192 1535 5264 postvarias
1560 5193 1821 5247 fortunas

154 5283 475 5354 Gregorius
506 5282 607 5337 VII
654 5281 1000 5337 cardinalem
1047 5286 1248 5337 sancta
1288 5282 1546 5338 Romanae
1574 5282 1822 5337 Ecclesiae

147 5373 426 5443 pra’fecit,
456 5375 513 5427 et
565 5371 818 5427 Urbanus
859 5386 1007 5442 papa
1043 5371 1167 5442 jam
1210 5371 1500 5443 probatum
1546 5371 1606 5425 in
1630 5370 1823 5426 multis

150 5459 644 5531 metropolitanum
691 5461 909 5514 Aversis
955 5461 1108 5515 urbis
1153 5461 1469 5516 solemniter
1519 5459 1817 5516 ordinavit.

149 5546 460 5605 Consentit
489 5547 696 5604 Calixti
727 5547 893 5604 bulla
910 5549 1063 5621 apud
1083 5547 1392 5622 Ugbellum
1423 5552 1582 5606 tomo
1603 5548 1625 5605 Ι
1646 5547 1820 5605 Italiae

145 5654 360 5711 sacra,-
391 5638 495 5701 sed
530 5653 651 5717 qua
678 5635 907 5700 ratione
937 5635 996 5699 id
1027 5637 1294 5717 componi
1324 5637 1511 5718 possit
1531 5654 1667 5697 cum
1689 5636 1820 5699 aliis

1925 4678 1955 4715 e
1986 4677 2093 4715 sua
2123 4659 2258 4715 sede
2290 4657 2516 4730 pulsus,
2541 4656 2820 4713 ecclesias
2836 4661 3034 4713 tamen
3049 4658 3340 4727 dedicare,
3374 4673 3579 4714 mons-

1927 4748 2105 4804 steria
2136 4750 2483 4813 restaurare,
2520 4750 2623 4801 aut
2652 4746 2722 4801 de
2756 4763 2901 4804 novo
2932 4747 3202 4815 condere,
3234 4747 3466 4819 aliaque
3484 4745 3578 4802 sui

1928 4836 2148 4893 ordinis
2183 4835 2384 4891 munia
2414 4850 2674 4890 exercere
2707 4852 2822 4890 non
2839 4836 3085 4893 destitit.
3114 4836 3234 4892 Etsi
3261 4838 3382 4908 post
3410 4837 3578 4890 innu-

1927 4943 2099 4992 mera,
2143 4930 2207 4980 ut
2264 4924 2344 4980 ait
2400 4923 2726 4992 Bertoldus,
2778 4928 2834 4980 et
2862 4924 3155 4982 consentit
3198 4925 3342 4980 Vitas
3398 4922 3578 4993 hujus

1929 5018 2150 5084 auctor,
2204 5014 2475 5084 pericula,
2520 5022 2573 5069 et
2626 5015 2810 5068 varias
2859 5015 3276 5085 persecutiones,
3337 5012 3397 5065 in
3438 5010 3580 5066 bona

1927 5105 2257 5174 confessione
2284 5102 2428 5157 diem
2458 5103 2655 5158 clausit
2674 5111 2981 5159 extremum
3002 5103 3096 5158 die
3113 5105 3275 5158 sexta
3295 5098 3580 5171 Octobris,

1932 5191 2197 5263 sepultus
2243 5190 2302 5245 in
2352 5192 2708 5247 monasterio
2769 5188 3169 5256 Lambacensi,
3203 5188 3357 5261 quod
3390 5205 3425 5245 a
3454 5188 3581 5245 suis

1930 5280 2272 5352 parentibus
2294 5278 2596 5335 conditum
2624 5285 2682 5336 et
2706 5280 2910 5336 multis
2931 5297 2966 5335 a
2995 5277 3241 5334 sebonis
3272 5276 3587 5351 locupleta-

1928 5373 2077 5437 tum,
2110 5368 2298 5424 ordini
2328 5368 2702 5425 Benedictino
2742 5368 3063 5424 addixerat.
3096 5367 3238 5439 Ejus
3284 5367 3481 5424 Vitam
3512 5367 3584 5422 ab

1929 5462 2165 5513 auctore
2197 5458 2437 5530 suppari
2470 5458 2755 5514 monacho
2779 5455 3161 5512 Lambacensi
3179 5456 3458 5530 scriptam
3485 5456 3586 5513 de-

1929 5547 2126 5603 dimus
2159 5547 2308 5603 inter
2338 5551 2484 5604 Acta
2512 5551 2849 5605 sanctorum
2893 5545 3119 5605 ordinis
3176 5546 3234 5605 S.
3268 5544 3587 5627 Benedicti,

1929 5641 2093 5719 parte
2123 5636 2194 5715 II,
2228 5636 2425 5697 seculi
2455 5637 2553 5701 VI.
