4000 6178
437 336 516 398 79
1742 321 1813 386 B.
1860 314 2155 386 URBANI
2198 317 2250 382 ll
2293 311 2540 379 PAPAi.

3757 309 3844 408 8.0

510 465 784 522 LXXXVI.
818 465 1216 522 Canonicorum
1236 463 1575 535 regularium
1598 459 2006 515 Aroasieusium
2104 458 2159 522 Α
2190 451 2392 509 fraudo
2423 450 2492 506 ad
2528 463 2668 503 suas
2697 449 2898 521 partes
2917 442 3257 535 attraheret,
3278 443 3428 502 adeo
3547 443 3845 503 Romanos

1110 537 1402 593 institutio.

505 644 840 702 Illustratus
869 643 1045 700 etiam
1076 643 1187 700 fuit
1210 642 1319 698 hoc
1349 655 1501 696 anno
1527 635 1744 693 Urbani
1775 635 2076 708 pontiﬁca-

429 739 529 792 tus
559 733 928 790 institutione
960 731 1372 788 canonicorum
1390 725 1746 800 regularium
1773 739 2084 798 congrega-

433 823 612 880 tionis
640 821 1027 887 Aroasiensis,
1072 819 1156 876 sic
1213 816 1383 872 dictze
1414 817 1486 872 ab
1537 813 1778 871 Aroasia
1825 811 2084 887 principe

437 913 793 968 monasterio
825 911 885 964 in
947 907 1180 964 dioecesi
1229 903 1613 973 Atrebatensi,
1671 902 1827 976 quod
1875 901 1986 958 sub
2022 916 2086 956 se

435 999 642 1074 viginti
672 998 938 1055 abbatias
969 995 1110 1052 olim
1143 994 1423 1051 habuisse
1450 991 1808 1066 perhibetur.
1853 990 2085 1047 Primus

439 1105 640 1146 eorum
673 1087 1040 1159 praepositus,
1085 1085 1368 1159 nondum‘
1405 1083 1561 1139 enim
1621 1087 1760 1138 tunc
1808 1079 2090 1154 temporis

417 1191 423 1198 '
442 1174 738 1233 canonicis
752 1175 1121 1249 regularibus
1133 1174 1374 1230 abbates
1388 1173 2087 1246 prmesseconsueverant,

439 1265 551 1322 fuit
579 1265 971 1332 Hildemarus,
1005 1265 1106 1336 qui
1129 1279 1262 1319 cum
1276 1263 1506 1318 duobus
1532 1259 1662 1317 aliis
1691 1258 1949 1316 cremitis
1966 1257 2092 1313 fun-

441 1355 717 1410 damenta
745 1353 941 1426 posuit
969 1353 1150 1424 hujus
1179 1350 1422 1420 ordinis,
1442 1350 1612 1422 cujus
1641 1349 1769 1404 vitae
1790 1345 2094 1404 austerita-

438 1447 559 1500 tem
589 1443 818 1516 egregie
836 1442 1115 1498 describit
1144 1441 1404 1498 Jacobus
1429 1457 1464 1496 a
1484 1439 1740 1495 Vitriaco
1764 1437 1820 1493 in
1837 1434 2095 1492 Historia

439 1531 808 1597 occidentali,
842 1530 1030 1604 capite
1065 1531 1153 1596 23,
1185 1534 1242 1584 et
1273 1533 1403 1601 post
1434 1545 1570 1584 eum
1623 1525 1866 1582 Locrius
1895 1529 1951 1579 et
1995 1521 2093 1578 alii

437 1622 661 1696 passim
693 1619 1309 1686 auctorcslaudarunt;
1327 1618 1426 1674 sed
1449 1617 1572 1676 haec
1607 1615 1797 1672 fusius
1823 1610 2093 1688 persequi

439 1727 558 1768 non
595 1709 845 1782 pertinet
875 1709 946 1764 ad
980 1712 1247 1765 nostrum
1277 1706 1637 1763 institutum.

627 1832 1092 1889 LXXXVII-VIII.
1133 1833 1342 1888 Erectio
1373 1831 1609 1886 abbatis:
1640 1829 1918 1885 Tauuiaci.

521 1941 684 1997 Circa
714 1940 868 1996 idem
899 1943 1132 2010 tempus
1163 1937 1406 1996 ecclesia
1436 1937 1660 1993 Sanctae
1708 1933 1920 2001 Mariae,
1967 1950 2094 2006 quas

452 2046 688 2102 corpore
701 2028 884 2084 sancti
901 2029 965 2083 Hi
975 2027 1177 2101 ppoliti
1193 2025 1466 2098 martyris
1481 2025 1612 2080 nobi
1623 2024 1918 2092 litabatur,
1939 2023 2094 2096 apud

451 2119 815 2178 Tauniacum
846 2118 1171 2174 Santonum
1197 2116 1502 2188 oppidum,
1533 2129 1564 2169 e
1593 2111 1845 2170 clericali
1866 2112 1938 2168 ad
1972 2127 2096 2168 mo-

451 2208 744 2265 nasticum
776 2205 1040 2262 ordinem
1071 2203 1355 2261 translata
1385 2207 1496 2265 est;
1521 2200 1837 2258 constituto
1868 2199 1946 2255 ibi
1965 2215 2098 2255 cum

448 2297 580 2354 aliis
609 2294 1138 2369 Angeriacensibus
1169 2291 1472 2349 monachis
1497 2291 1688 2364 primo
1721 2291 1932 2346 abbate
1961 2287 2098 2344 Ful-

451 2385 661 2450 cherio,
695 2385 804 2441 sub
836 2383 1104 2439 clientela
1135 2381 1474 2438 monasterii
1506 2379 1970 2453 Angeriacensis,
2004 2377 2096 2434 cui

444 2491 596 2531 nova
622 2474 743 2530 hinc
774 2471 1012 2528 abbatia
1038 2472 1304 2542 subjecta
1331 2486 1632 2526 remanere
1661 2468 1928 2524 debebat.
1970 2467 2103 2523 Haec

441 2564 601 2634 facta
614 2557 1763 2626 estGaufridiTauniacensisdomini,loci
1779 2557 2101 2613 conditoris

449 2651 810 2725 praescripto,
844 2649 941 2721 qui
969 2653 1032 2704 ut
1050 2649 1108 2703 id
1133 2648 1328 2720 ipsum
1363 2649 1434 2702 ab
1454 2647 1683 2702 Urbano
1711 2663 1860 2719 papa
1881 2646 2102 2702 obtine-

449 2743 558 2808 ret,
593 2739 836 2794 Romam
863 2737 1104 2793 adierat.
1137 2735 1260 2799 Qua
1290 2737 1359 2791 de
1388 2752 1449 2791 re
1482 2752 1649 2807 papa,
1684 2739 1747 2790 ut
1795 2734 2011 2808 legitur
2040 2735 2100 2791 in

450 2827 630 2886 veteri
660 2828 1072 2893 instrumento,
1103 2825 1257 2881 valde
1295 2826 1628 2896 ludiﬁcatus,
1669 2841 1741 2880 ea:
1777 2826 2103 2882 auctoritate

454 2919 735 2975 beatorum
764 2917 916 2972 Petri
942 2918 994 2970 et
1021 2915 1209 2981 Pauli,
1241 2918 1292 2971 et
1319 2931 1440 2982 sua,
1482 2913 1747 2986 quidquid
1766 2914 1832 2968 de
1878 2915 2104 2970 ecclesia

450 3007 638 3078 ﬁebat,
669 3011 719 3062 et
747 3005 905 3061 danti
934 3003 1172 3061 Gofrido
1203 3002 1448 3070 scilicet,
1491 3006 1541 3059 et
1585 3004 1875 3074 accipienti
1920 3003 2102 3060 Odoni

455 3096 652 3152 abbati
681 3093 1115 3167 Angeriacensi,
1144 3093 1438 3161 diligenter
1464 3093 1684 3156 annuit,
1713 3095 1927 3148 secutus
1945 3096 2102 3150 ante-

2187 539 2518 612 suaaipsius
2565 535 2834 593 factionis
2883 535 2956 592 ad
3015 534 3072 590 id
3121 534 3350 591 facinus
3400 532 3728 604 adduxerit,
3776 540 3847 592 ut

2191 635 2397 686 turrem
2428 627 2744 693 Crescentii,
2773 626 2858 682 sic
2888 629 3015 681 tum
3040 627 3097 680 Β.
3147 623 3351 698 Angeli
3382 623 3686 681 castellum
3737 638 3847 698 ap-

2193 718 2506 792 pellabant,
2538 731 2663 789 quae
2689 723 2909 772 eatenus
2932 714 3151 770 domino
3174 729 3339 787 papae
3381 713 3682 784 obediebat,
3721 713 3849 773 doto

2191 817 2404 880 captam
2433 807 2653 862 diruere
2683 805 3030 862 tentaverint.
3080 803 3430 878 Magnopere
3476 803 3687 860 enituit
3734 804 3848 861 hac

2194 896 2495 953 occasione
2525 893 2730 969 optimi
2756 893 3050 967 pontiﬁcis
3090 893 3286 950 animo
3335 893 3621 966 profunde
3667 893 3852 950 insita

2197 984 2609 1051 mansuetudo,
2643 983 2932 1057 quicum,
2987 987 3053 1038 ut
3096 981 3472 1056 prosequitur
3513 981 3847 1053 Bertoldus,

2195 1075 2360 1148 facile
2419 1075 2643 1129 Romam
2699 1089 2821 1130 cum
2863 1073 3107 1128 exercitu
3169 1073 3399 1139 intrare,
3451 1080 3503 1128 et
3557 1071 3853 1130 rebellium

2197 1165 2596 1222 contumaciam
2624 1162 2849 1219 domare
2886 1161 3168 1234 potuisset,
3213 1162 3390 1233 magis
3418 1177 3544 1216 cum
3592 1171 3849 1218 mansue-

2201 1253 2388 1310 tudine
2415 1270 2638 1309 causam
2665 1268 2826 1308 suam
2855 1266 3014 1323 agere
3059 1249 3292 1322 delegit,
3326 1250 3580 1307 cedendo
3627 1250 3855 1308 scilicet

2202 1343 2490 1416 patienter
2518 1339 2798 1414 temporis
2829 1339 3149 1411 iniquitati,
3196 1338 3391 1411 potius
3438 1354 3616 1410 quam
3663 1339 3852 1395 armis

2202 1431 2554 1487 dimicando.
2589 1428 2741 1486 Illud
2771 1432 2966 1484 tamen
2996 1427 3224 1484 facinus
3269 1426 3537 1494 Henrico,
3587 1428 3688 1500 qui
3717 1432 3853 1486 tum

2202 1521 2452 1577 Mantua:
2487 1518 2823 1586 incubabat,
2855 1517 3119 1572 animum
3163 1517 3394 1588 adjecit.
3437 1519 3560 1574 lmo
3610 1517 3857 1574 Mantua

2203 1611 2332 1682 ipsa
2353 1613 2483 1680 post
2497 1609 2838 1663 diuturnam
2854 1606 3125 1662 undecim
3144 1605 3436 1663 mensium
3459 1606 3854 1675 obsidionem,

2204 1697 2348 1754 feria
2375 1700 2538 1752 sexta
2572 1697 2934 1760 Parasceves,
2961 1693 3056 1750 die
3089 1695 3147 1749 11
3178 1693 3396 1766 Aprilis
3425 1699 3616 1768 capta,
3638 1695 3857 1753 civium

2128 1824 2177 1889 B
2207 1784 2554 1860 proditione,
2590 1788 2653 1840 ut
2686 1783 2990 1889 Domnizo.
3013 1782 3208 1889 habet,
3241 1781 3466 1856 aliquot
3503 1782 3769 1842 civitates
3801 1784 3858 1841 ei

2203 1874 2404 1930 vicina:
2439 1875 2646 1945 rejecto
2681 1871 3026 1946 Welphonis
3047 1871 3236 1938 ducis,
3269 1889 3373 1928 seu
3393 1871 3695 1929 Mathildis
3723 1875 3859 1946 ejus

2205 1981 2434 2037 sponsae
2464 1963 2746 2028 dominio,
2777 1961 3008 2017 Henrici
3043 1965 3236 2032 partes
3267 1959 3544 2034 amplexae
3593 1963 3854 2020 fuerunt.

2204 2053 2367 2109 Unde
2399 2052 2496 2124 qui
2534 2050 2777 2107 rebelles
2807 2051 3001 2106 Romae
3034 2055 3219 2119 erant,
3251 2047 3656 2108 insolentiores
3694 2051 3856 2120 facti,

2206 2141 2520 2197 Guibertum
2551 2141 2982 2197 hwresiarcham
3037 2155 3194 2212 quem
3237 2139 3567 2212 jamdudum
3624 2142 3858 2214 crpule-

2205 2234 2352 2299 rant,
2412 2232 2612 2286 iterum
2656 2230 2878 2284 ttomam
2930 2229 3143 2284 intrare
3193 2236 3245 2284 et
3270 2235 3520 2285 sanctam
3567 2231 3858 2288 ecclesiam

2203 2322 2338 2387 suis,
2371 2336 2479 2374 non
2529 2316 3011 2382 benedictionibus,
3043 2317 3133 2372 sed
3177 2317 3652 2376 maledictionibus
3709 2322 3859 2394 infe-

2205 2417 2351 2466 stare
2376 2409 2766 2481 permiserunt.

2183 2506 2316 2572 'XC.
2356 2517 2606 2573 Urbanus
2638 2517 2693 2570 in
2728 2516 3026 2587 Campania
3055 2523 3318 2571 versatur.
3359 2515 3660 2573 li’illelmus
3689 2517 3863 2576 abbas

2279 2588 2682 2671 Hirsaugiensis
2713 2589 2964 2642 nuntius.
2993 2587 3351 2658 Privilegium
3391 2588 3647 2646 Ecclesiae
3693 2590 3861 2646 Cata-

2277 2675 2505 2715 mensis.

2281 2765 2550 2821 Urbanus
2579 2765 2800 2820 interea
2835 2765 3025 2820 varias
3057 2762 3386 2836 Campaniae
3424 2767 3692 2840 regiones
3720 2785 3864 2840 per-

2210 2855 2473 2929 agrabat,
2507 2855 2620 2909 huc
2665 2853 2920 2926 illucque
2978 2869 3081 2925 pro
3135 2857 3466 2926 temporum
3514 2858 3867 2915 necessitate

2209 2959 2537 3000 commeare
2566 2945 2820 2998 coactus.
2856 2941 3018 3006 Quod
3051 2958 3183 2998 cum
3221 2942 3458 3000 referret
3499 2944 3867 3002 Tritbemius

2210 3032 2294 3089 sic
2325 3033 2631 3089 exclamat:
2666 3033 2706 3088 0
2735 3035 2998 3103 tempora,
3031 3047 3060 3087 ο
3087 3036 3306 3088 mores!
3335 3033 3540 3100 Romae,
3591 3037 3647 3090 in
3679 3035 3866 3092 cathe-

2208 3122 2310 3178 dra
2333 3123 2514 3178 sancti
2537 3123 2688 3178 Pctri
2720 3120 3042 3192 Wigbertus
3084 3119 3300 3177 sedebat
3351 3121 3580 3190 idolum,
3617 3132 3668 3179 et
3698 3140 3865 3181 verus

451 3200 728 3283 eessorern
761 3200 914 3283 suum
963 3182 1630 3283 Ildebrandum."magn_m
1753 3181 2100 3283 {dmi'tand‘t
2128 3190 2171 3257 (ἶ
2211 3212 2416 3268 Christi
2432 3213 2670 3266 vicarius
2698 3181 2914 3264 nullum
2938 3208 3204 3264 manendi
3232 3210 3409 3265 locum
3448 3181 3661 3283 poterat
3703 3214 3863 3268 inve-

449 3276 753 3330 sanctitatis
785 3273 986 3339 virum,
1015 3273 1131 3343 qui,
1163 3271 1295 3326 dum
1325 3271 1502 3326 adhuc
1528 3272 1748 3338 viveret,
1773 3271 1871 3328 hoc
1917 3272 2100 3343 ipsum

453 3363 671 3434 Gofrido
724 3362 1044 3418 concessisse
1094 3361 1459 3431 cognoscitur.
1527 3361 1711 3434 Itaque
1756 3362 2099 3430 auctoritate,

451 3457 517 3508 ut
544 3451 602 3507 in
629 3451 832 3507 eadem
862 3449 1063 3506 charta
1092 3448 1327 3520 legitur,
1347 3449 1487 3504 sedis
1513 3450 1822 3521 apostolicae
1849 3457 1902 3505 ct
1923 3452 2102 3522 privi-

451 3542 595 3610 legio
622 3539 743 3594 Odo
775 3537 1094 3594 monachos
1124 3553 1190 3593 eo
1221 3537 1280 3592 in
1310 3537 1435 3592 loco
1461 3536 1734 3604 instituit,
1768 3553 1838 3592 ex
1886 3537 2103 3610 quibus

453 3645 662 3694 unum,
695 3624 1063 3682 Fulcherium
1081 3623 1338 3690 nomine,
1354 3625 1704 3680 Ramnulfus
1717 3626 2100 3700 episcopusin

455 3717 726 3774 abbatem
753 3713 1066 3782 benedixit,
1099 3714 1236 3769 data
1264 3714 1540 3770 omnibus
1571 3718 1854 3787 potestate
1884 3719 1949 3771 ut
1969 3716 2101 3788 qui-

454 3821 686 3877 cunque
721 3803 956 3870 vellent,
980 3803 1209 3876 possint
1239 3820 1396 3858 novae
1431 3801 1514 3858 illi
1540 3803 1784 3859 abbatis:
1816 3804 1970 3860 bona
1994 3821 2104 3860 sua

453 3895 733 3951 conferre.
769 3893 897 3949 Haac
928 3911 996 3948 ex
1027 3893 1152 3964 ipso
1183 3893 1361 3948 veteri
1393 3892 1786 3950 instrumento
1818 3893 2101 3950 delibavi-

453 4000 610 4053 mus,
643 3981 874 4056 quodin
905 3981 1137 4037 archivo
1153 3982 1564 4054 Angeriacensi
1596 3986 1880 4050 servatur,
1900 3983 2102 4038 datum

449 4089 596 4129 anno
629 4071 786 4139 1090,
821 4071 1118 4126 indictione
1175 4087 1296 4135 xm.
1349 4071 1626 4128 Gofridus
1681 4075 1876 4127 autem
1927 4071 2104 4143 hujus

451 4159 696 4214 abbatiae
728 4158 1049 4224 institutor,
1083 4160 1135 4212 is
1169 4157 1295 4230 ipse
1322 4163 1412 4213 est
1440 4158 1725 4214 adversus
1755 4175 1929 4230 quem
1961 4158 2108 4215 alter

451 4246 724 4303 Gofridus
755 4245 1280 4314 Vindociniabbas,
1313 4245 1414 4302 lib.
1441 4264 1524 4313 ιη,
1545 4247 1716 4319 epist.
1749 4247 1839 4318 32,
1869 4247 2108 4320 scripsit

453 4336 525 4391 ad
539 4334 788 4390 Ramnul
799 4334 916 4388 tum
931 4335 1358 4391 Santonensem
1371 4336 1921 4408 episcopum,quem
1942 4341 2108 4410 rogat

454 4429 520 4479 ut
549 4422 804 4480 nullasei
836 4421 1576 4497 induciasconcedat,quin
1597 4424 1760 4498 prius
1790 4425 1900 4480 sibi
1921 4442 2108 4482 secun-

453 4512 584 4568 dum
607 4512 818 4568 domini
832 4527 995 4584 papae
1020 4511 1293 4568 decretum
1319 4513 1686 4570 satisfecerit.
1727 4513 1836 4570 Sed
1868 4530 1990 4570 rem
2035 4515 2108 4570 de

455 4617 575 4674 qua
605 4601 800 4674 agitur
827 4617 942 4656 non
973 4601 1239 4674 explicat.

527 4725 804 4782 LXXXIX.
836 4727 1156 4782 Henriciani
1185 4733 1364 4784 Romae
1390 4729 1718 4798 praevalent.
1751 4728 2030 4784 Mantuam

1159 4799 1404 4871 capiunt.

527 4905 788 4960 Dominus
813 4922 958 4976 papa
981 4921 1040 4960 eo
1083 4912 1340 4977 tempore,
1375 4904 1430 4959 id
1463 4909 1550 4960 est
1582 4905 1718 4960 anni
1744 4907 1872 4962 1091
1915 4907 2100 4974 initio,

454 5000 522 5050 ut
551 4993 801 5050 Bertoldi
834 4993 1023 5048 verbis
1052 4996 1204 5062 utar,
1237 4995 1296 5048 in
1313 4993 1565 5065 partibus
1585 4992 1903 5068 Campaniw
1923 5013 2102 5052 mora-

457 5085 634 5150 batur,
678 5088 728 5139 et
785 5083 852 5138 ab
909 5083 1160 5137 omnibus
1219 5083 1514 5138 Cathoticis
1565 5083 1746 5140 debita
1803 5089 2105 5142 reverentia

454 5173 750 5241 colebatur,
774 5172 1022 5228 videlicet
1077 5189 1110 5227 a
1132 5175 1726 5246 Constantimpolitano
1756 5176 2101 5248 imperatore,

454 5269 564 5315 eta
614 5263 866 5334 Philippo
915 5264 1249 5318 Francorum
1297 5280 1438 5334 rege,
1493 5264 1730 5336 aliisque
1764 5264 2106 5320 diversorum

455 5365 746 5418 regnorum
762 5352 1246 5423 principibus,tam
1277 5354 1655 5410 ecclesiasticis
1685 5369 1850 5426 quam
1877 5355 2106 5412 arcula-

454 5435 627 5503 ribus,
685 5448 901 5510 excepto
961 5441 1371 5497 Tcutonicorum
1427 5457 1611 5512 regno,
1673 5441 1772 5495 ubi
1819 5443 1984 5497 multi
2035 5458 2106 5498 ex

456 5525 750 5582 Catholicis
783 5529 839 5582 in
868 5533 1084 5600 partem
1112 5532 1704 5586 excommunicatorum
1743 5531 1983 5585 avaritia
2011 5529 2102 5586 de-

451 5617 597 5687 cepti
623 5621 813 5688 sponte
835 5633 932 5673 sua
962 5635 1021 5674 se
1047 5619 1470 5674 transtulerunt.
1503 5615 1750 5671 Omnem
1781 5615 1939 5672 enim
1963 5622 2102 5674 tunc

450 5705 722 5772 movebat
751 5705 1004 5786 lapidem
1031 5707 1334 5768 Henricus.
1369 5708 1435 5766 ut
1462 5702 1699 5782 quosvis
1727 5702 1902 5765 etiam
1923 5706 1979 5764 vi
2005 5710 2107 5767 aut

2206 3304 2332 3359 nire
2360 3305 2563 3356 tutum!
2595 3301 2662 3355 Et
2676 3298 2912 3372 quidem
2937 3315 3069 3354 cum
3083 3301 3222 3355 tunc
3255 3297 3585 3357 Willelmus
3613 3300 3860 3359 Hii-sau-

2209 3391 2429 3466 giensis
2458 3391 2664 3457 abbas,
2694 3389 2784 3444 vir
2814 3387 3124 3444 sanctitate
3163 3405 3394 3444 morum
3449 3395 3505 3446 et
3530 3390 3643 3446 ﬁde
3672 3390 3730 3447 in
3761 3408 3862 3448 se-

2210 3481 2344 3538 dem
2367 3478 2746 3552 apostolicam
2778 3477 3051 3551 insignis,
3084 3474 3490 3536 Gcbehardum
3521 3481 3866 3538 monasterii

2210 3568 2301 3626 sui
2335 3568 2584 3642 priorem
2615 3568 2686 3624 ad
2717 3567 3015 3623 Urbanum
3045 3569 3277 3623 misisset
3303 3585 3427 3622 cum
3453 3569 3869 3640 supplicatoriis

2211 3659 2434 3722 litteris,
2459 3657 2744 3728 postulans
2771 3656 2901 3723 sibi,
2935 3656 3016 3710 vel
3041 3671 3243 3727 parum
3259 3655 3472 3726 aliquid
3493 3656 3868 3730 reliquiarum

2213 3747 2357 3802 beati
2385 3746 2534 3802 Petri
2559 3744 2853 3801 destinari:
2885 3744 3134 3816 benigne
3163 3742 3399 3816 quidem
3450 3743 3868 3804 Gebehardum

2211 3834 2434 3908 excepit
2467 3833 2741 3907 pontifex,
2773 3833 2873 3888 sed
2919 3831 3197 3888 Guiberto
3251 3832 3496 3890 Romam
3541 3835 3874 3908 obtinente,

2212 3925 2262 3980 ei
2296 3941 2410 3980 non
2443 3921 2638 3996 potuit
2677 3921 3000 3994 quidquam
3053 3937 3122 3977 ex
3151 3919 3550 3994 apostolorum
3601 3924 3872 3998 reliquiis

2215 4015 2452 4070 donare.
2484 4011 2900 4068 Verumtamen
2928 4027 3000 4066 ne
3031 4010 3278 4068 nuntius
3323 4012 3393 4067 ad
3427 4016 3546 4069 tam
3595 4020 3870 4072 sanctum

2213 4103 2403 4159 virum
2436 4102 2533 4175 qui
2567 4101 2639 4157 ob
2670 4100 2828 4158 sedis
2870 4099 3198 4173 apostolicae
3248 4095 3486 4159 causam
3532 4102 3873 4176 frequenter

2214 4192 2540 4266 exagitatus
2566 4191 2755 4246 fuerat
2783 4206 3005 4245 vacuus
3033 4189 3270 4258 rediret,
3300 4189 3446 4248 alias
3475 4208 3625 4264 quas
3663 4208 3868 4248 secum

2215 4283 2364 4338 ferre
2405 4284 2784 4336 consueverat
2831 4277 3087 4350 pontifex
3133 4284 3471 4336 sanctorum
3525 4279 3764 4337 exuvias
3815 4279 3869 4337 ei

2214 4369 2456 4427 tradidit
2487 4367 2856 4442 liirsaugiam
2888 4368 3057 4424 beato
3077 4367 3272 4424 abbati
3306 4369 3668 4426 deferendas.
3701 4370 3870 4426 Certe

2215 4455 2498 4516 nonnulla
2529 4455 2784 4512 vidimus
2815 4456 3034 4528 passim
3068 4473 3268 4512 eorum
3285 4461 3613 4530 temporum
3647 4457 3869 4513 instru-

2140 4555 2188 4620 Ι)
2219 4552 2438 4615 menta,
2472 4544 2728 4603 etiamin
2761 4544 2965 4602 Galliis
2995 4545 3348 4618 conscripta,
3371 4562 3499 4618 qua;
3527 4545 3664 4603 data
3709 4535 3868 4604 dice-

2221 4638 2436 4694 bantur
2459 4637 2672 4694 Urbano
2699 4644 2905 4692 sancta:
2934 4639 3196 4692 Romam?
3237 4635 3494 4693 Ecclesiae
3535 4636 3873 4708 praesidente

2211 4728 2309 4783 sub
2334 4726 2701 4799 persecutione
2729 4724 2950 4781 chrici
2979 4725 3226 4796 tyranni,
3280 4728 3382 4780 aut
3411 4724 3522 4782 sub
3569 4723 3870 4782 similibus

2213 4815 2502 4883 formulis,
2537 4831 2664 4886 quae
2698 4813 2851 4870 idem
2878 4811 3010 4870 aliis
3038 4813 3229 4870 verbis
3245 4811 3666 4885 exprimebant.
3701 4812 3870 4870 Haud

2211 4910 2408 4962 tamen
2443 4903 2568 4960 sine
2599 4903 2816 4959 honore
2829 4907 2972 4968 erat,
2989 4901 3162 4958 etiam
3179 4899 3236 4956 in
3257 4900 3350 4956 his
3368 4901 3661 4974 angustiis
3672 4900 3870 4975 ponti-

2215 4995 2328 5061 fex,
2359 5010 2531 5066 quem
2564 4991 2666 5047 viri
2701 4993 3009 5062 utriusque
3025 4988 3248 5046 ordinis
3279 4987 3634 5047 illustriores
3662 5006 3864 5047 earum

2215 5083 2519 5156 regionum
2535 5097 2682 5154 quas
2695 5079 2980 5136 invisebat
2993 5083 3058 5133 ut
3070 5077 3392 5150 plurimum
3410 5078 3862 5136 comitabantur.

2216 5174 2303 5228 Ita
2331 5171 2441 5226 hoc
2465 5185 2616 5226 anno
2647 5169 2760 5224 sub
2790 5167 2965 5222 linem
3000 5166 3222 5224 mensis
3249 5165 3538 5239 Januarii,
3569 5185 3692 5225 cum
3715 5184 3865 5242 papa

2219 5261 2467 5318 Urbanus
2493 5259 2696 5330 Capua:
2744 5258 2901 5325 esset,
2943 5255 3026 5311 uti
3072 5261 3272 5313 narrat
3317 5257 3522 5314 Petrus
3571 5257 3862 5315 Diaconos

2213 5348 2362 5404 libro
2391 5363 2448 5402 1v
2476 5344 2740 5400 Cbronici
2773 5343 3130 5412 Casinensis,
3163 5362 3289 5420 cap.
3321 5345 3376 5417 9,
3411 5345 3748 5420 Raynaldus
3771 5345 3864 5402 Ri-

2212 5436 2418 5503 vellus,
2452 5435 2553 5507 qui
2583 5437 2843 5489 castrum
2877 5431 3216 5492 Fractarum
3248 5435 3421 5509 paulo
3453 5441 3587 5492 ante
3608 5433 3668 5492 in
3698 5435 3858 5491 Casi—

2214 5541 2425 5582 nenses
2455 5525 2508 5579 vi
2567 5523 2879 5592 invaserat,
2913 5524 2996 5580 ibi
3049 5526 3358 5582 astantibus
3406 5526 3597 5583 multis
3647 5525 3862 5582 clericis

2211 5619 2375 5686 atque
2401 5613 2678 5672 nobilibus
2711 5611 3008 5688 Capuanis,
3039 5611 3272 5688 publice
3319 5614 3613 5672 Orderisio
3661 5612 3860 5672 abbati

2212 5704 2550 5767 discalceatis
2573 5703 2803 5784 pedibus
2829 5705 3095 5782 satisfecit
3137 5720 3204 5766 ac
3250 5701 3674 5784 indulgentiam
3724 5717 3856 5786 pro-
