4000 6178
419 295 500 370 83
1162 309 1176 328 ⁸
1727 304 1796 367 Β.
1843 302 2061 368 URBA

2181 301 2234 367 ΙΙ
2275 303 2527 371 ΡΑΡΛΕ.

3749 309 3844 377 84

422 463 595 505 nemo
619 445 831 505 melius
861 445 1012 504 hanc
1032 463 1154 505 rem
1168 445 1434 520 exposuit
1449 459 1623 517 quam
1639 443 1762 516 ipse
1783 441 2066 516 Rogerius
2093 436 2150 506 Α
2178 445 2658 518 ordinavit.Apud
2685 449 3179 519 Syracusamvero
3204 444 3845 522 adjiciens,Rogerium

422 535 482 592 in
520 536 695 593 variis
737 535 1143 592 instrumentis
1188 552 1257 591 ea
1303 532 1604 589 occasione
1651 531 1951 600 confectis,
1998 549 2066 587 ex

421 625 836 698 quibusunum
863 624 1135 681 interalia
1162 623 1387 695 insigne
1400 620 1798 691 selegimus,in
1815 621 2065 694 gratiam

420 714 762 773 Catanensis
804 715 1073 771 Ecclesia
1125 714 1347 778 datum,
1381 712 1534 783 quod
1570 711 1858 784 integrum
1892 712 2067 766 refert

422 804 689 861 Bocchus
719 803 1062 876 Pyrrhusln
1093 818 1159 857 eo
1192 801 1477 873 Rogerius
1497 805 1747 856 testatur
1767 800 2065 856 Urbanum

422 910 515 951 ore
536 911 633 951 suo
661 894 1023 957 sanctissimo,
1054 891 1211 946 haud
1261 890 1506 945 dubium
1561 889 1796 961 quando
1840 906 1974 944 eum
2006 888 2065 943 in

423 982 680 1039 Siciliam
721 984 1084 1045 convenerat,
1135 979 1221 1035 uti
1271 995 1339 1034 ex
1386 979 1694 1035 Malaterra
1742 978 1811 1033 ad
1844 995 2067 1033 annum

402 1072 565 1127 ’1088
594 1068 872 1135 diximus,
906 1068 1017 1124 sibi
1050 1067 1393 1140 pracepisse
1421 1070 1478 1121 et
1498 1082 1735 1138 rogasse
1768 1069 1830 1120 ut
1857 1063 2067 1120 Sicilia

420 1158 814 1215 Ecclesiarum
857 1174 1057 1212 curam
1108 1156 1449 1229 susciperet,
1491 1172 1681 1227 quare,
1726 1153 1937 1226 inquit,
1967 1171 2070 1225 per

419 1248 633 1304 diversa
661 1247 867 1302 Sicilia
917 1248 1033 1303 loca
1076 1246 1272 1302 idonea
1316 1246 1569 1301 ecclesias
1598 1244 1871 1315 adiﬁcavi
1907 1246 2069 1315 jussu

417 1338 624 1393 summi
647 1337 920 1407 pontiﬁcis
950 1336 1247 1408 apostolici,
1278 1342 1330 1390 et
1351 1336 1623 1405 episcopos
1652 1333 1855 1389 ibidem
1903 1332 2068 1387 collo-

419 1428 605 1482 cavi...
638 1427 753 1498 ipso
784 1426 1041 1482 laudante
1066 1433 1118 1480 et
1163 1424 1503 1491 concedente,
1537 1432 1589 1479 et
1630 1425 1769 1494 ipsos
1798 1424 2070 1494 episcopos

416 1523 780 1572 consecrante.
824 1516 989 1571 Tunc
1040 1515 1219 1570 donat
1274 1514 1407 1587 pius
1464 1513 1734 1585 princeps
1789 1509 2068 1583 Ansgerio

418 1605 691 1677 episcopo
722 1604 900 1660 simul
956 1608 1013 1659 et
1059 1603 1255 1659 abbati
1303 1605 1506 1659 urbem
1556 1604 1961 1658 Catanensem.
2004 1599 2068 1654 In

420 1693 605 1749 altera
633 1693 1039 1765 charta,quam
1059 1692 1213 1749 idem
1239 1692 1503 1749 Bocchus
1538 1691 1791 1764 Pyrrhus
1816 1688 2067 1755 exhibet,

2176 536 2461 592 decanum
2536 535 2801 592 Ecclesia
2868 537 3326 606 Troinensis....,
3404 538 3464 594 in
3532 538 3847 611 provincia

2175 629 2367 681 ortum
2420 625 2857 696 pontificalibus
2927 625 3128 682 infulis
3189 626 3594 683 sublimavit...
3658 627 3844 700 Apud

2175 716 2446 770 Sanctam
2474 715 2797 770 Eufemiam
2849 715 3204 771 monachum
3237 718 3552 786 quemdam
3593 718 3845 773 natione

2160 804 2496 860 'Brittonem
2528 804 2792 860 Ecclesia
2824 805 3131 860 Catanensi
3164 805 3423 861 ordinari
3452 808 3743 862 curavit.»
3782 808 3846 862 Is

2175 898 2264 948 est
2291 894 2577 965 Angerius
2610 895 2679 950 de
2727 912 2843 965 quo
2887 894 3059 949 modo
3086 894 3493 966 loquebamur.
3536 896 3843 952 Monaste-

2178 982 2327 1038 rium
2364 1000 2495 1039 vero
2520 984 2741 1039 Sancta
2773 982 3071 1047 Eufemia,
3104 984 3254 1054 quod
3308 984 3402 1039 hic
3443 989 3845 1055 memoratur,

2178 1090 2291 1143 pra
2322 1073 2543 1127 caeteris
2567 1076 2692 1128 erat
2721 1072 2967 1137 celebre,
3003 1074 3060 1127 in
3092 1090 3207 1144 quo
3235 1074 3523 1130 Robertus
3566 1074 3845 1131 Wiscar-

2177 1163 2288 1218 dus
2319 1163 2637 1218 Robcrtum
2671 1162 2941 1218 abbatem
2976 1162 3305 1219 Uticensem
3328 1179 3359 1218 e
3390 1181 3497 1219 suo
3528 1170 3843 1220 monaste-

2177 1251 2261 1306 rio
2284 1252 2354 1307 ab
2375 1240 2643 1307 invasere
2662 1251 2897 1323 pulsum
2913 1252 3455 1319 constituerat,cum
3480 1252 3612 1309 aliis
3631 1271 3847 1310 mona-

2177 1341 2303 1396 chis
2336 1340 2436 1412 qui
2468 1358 2642 1396 suum
2676 1341 2945 1397 abbatem
2990 1358 3021 1397 e
3069 1342 3430 1397 Normannia
3469 1342 3653 1398 secuti
3703 1342 3842 1399 fue-

2177 1434 2328 1485 rant.
2364 1429 2505 1485 Hinc
2534 1430 2753 1485 factum
2775 1434 2840 1485 ut
2859 1447 2926 1486 eo
2948 1429 3007 1485 in
3036 1430 3344 1496 loco,sicut
3374 1435 3432 1487 et
3459 1432 3614 1502 apud
3647 1431 3842 1487 Sanc-

2178 1522 2297 1574 tam
2355 1518 2700 1575 Trinitatem
2755 1519 3017 1587 Venusii,
3052 1524 3109 1575 et
3174 1521 3455 1576 Sanctum
3487 1520 3844 1577 Michaelem

2180 1607 2379 1674 Meliti,
2414 1624 2539 1679 qua
2578 1608 2754 1664 etiam
2786 1609 2902 1663 duo
2953 1608 3309 1665 monasteria
3354 1610 3509 1666 idem
3556 1609 3845 1683 princeps

2180 1697 2429 1753 Roberto
2458 1698 2712 1769 regenda
2728 1697 3587 1766 commiscrat,consuetudines
3604 1716 3851 1757 monas-

421 1782 735 1873 Rogerius,
748 1786 879 1873 post
926 1782 1244 1873 recensitas
1273 1780 1488 1873 multas
1539 1780 1882 1873 donationes
1911 1779 2073 1835 Cata-
2098 1808 2148 1873 B
2183 1785 2311 1842 terii
2345 1787 2539 1843 Sancti
2564 1786 2777 1842 Ebrulfi
2806 1787 3096 1843 Uticensis
3141 1787 3490 1860 vigerent,ut
3520 1788 3846 1846 Ordericus

422 1871 588 1928 nensi
613 1872 878 1928 Ecclesia
901 1888 934 1926 a
960 1889 1021 1927 se
1060 1871 1262 1935 factas,
1297 1870 1605 1943 subjungit
1653 1870 1954 1927 Urbanum
2009 1885 2070 1923 se

419 1961 741 2035 suppliciter
770 1978 1038 2017 exorasse
1068 1964 1133 2015 ut
1163 1978 1330 2017 suam
1376 1977 1443 2015 ea
1486 1960 1555 2014 de
1606 1977 1665 2015 re
1704 1958 2071 2014 constitutio-

423 2068 557 2107 nem
590 2050 983 2107 conﬁrmaret.
1017 2050 1179 2117 Quod
1230 2050 1302 2106 ab
1351 2067 1416 2106 eo
1448 2050 1774 2121 prastitum
1813 2065 1938 2104 esse
1968 2047 2068 2116 ait,

432 2141 561 2196 dira
580 2140 906 2196 intentante
936 2140 995 2195 in
1023 2138 1155 2195 illos
1185 2139 1285 2211 qui
1316 2156 1436 2195 eam
1466 2148 1579 2194 tam
1602 2139 1936 2209 benefactam
1956 2141 2068 2193 vio-

422 2230 620 2297 larent,
651 2229 735 2285 vel
764 2229 980 2300 aliquid
1027 2229 1152 2283 inde
1197 2228 1593 2293 subtraherent,
1641 2230 1738 2282 aut
1783 2228 2071 2282 monachos

418 2320 501 2375 ibi
522 2320 626 2374 Deo
655 2319 947 2375 servientes
979 2335 1217 2388 unquam
1260 2317 1661 2388 perturbarent.
1710 2316 1790 2370 Ea
1827 2319 1916 2371 est
1945 2314 2073 2385 ipsa

418 2406 581 2465 bulla
627 2424 805 2480 quam
839 2424 1018 2479 supra
1052 2424 1216 2462 num.
1250 2407 1321 2461 90
1370 2405 1761 2461 laudavimus.
1807 2404 2072 2476 Ansgerio

418 2514 662 2570 episcopo
691 2504 741 2553 et
761 2498 947 2553 abbati
978 2496 1294 2552 Cataniensi
1320 2495 1448 2551 ideo
1489 2495 1789 2566 inscripta,
1823 2495 1979 2563 quod
2010 2494 2069 2549 in

419 2585 660 2643 ecclesia
689 2586 911 2641 Sancta
958 2585 1201 2657 Agatha
1234 2583 1547 2640 cathedrali
1590 2582 1860 2639 monachi
1898 2584 2070 2638 Bene-

418 2673 622 2731 dictini
652 2664 1066 2730 canonicorum
1098 2672 1247 2739 loco,
1270 2673 1423 2729 sicut
1450 2677 1506 2728 et
1536 2673 1595 2727 in
1620 2671 1915 2745 plerisque
1941 2671 2071 2728 aliis

420 2762 630 2821 Sicilia
662 2762 953 2828 Ecclesiis,
1004 2766 1144 2818 tunc
1175 2762 1549 2830 haberentur,
1601 2762 1873 2833 idemque
1919 2763 2073 2817 esset

422 2869 626 2909 corum
680 2852 861 2908 abbas
893 2850 995 2923 qui
1034 2855 1091 2908 et
1141 2852 1453 2924 episcopus
1487 2870 1499 2907 :
1534 2868 1659 2923 qua
1707 2851 2071 2907 consuetudo

424 2941 717 3014 hodieque
747 2940 1021 2997 subsistit
1042 2940 1097 2995 in
1120 2940 1567 3012 metropolitana
1586 2939 1830 2995 ecclesia
1859 2939 2073 2995 Montis

425 3029 638 3103 regalis
668 3034 724 3085 et
771 3029 831 3085 in
862 3028 1190 3085 Cataniensi
1240 3027 1496 3085 Ecclesia
1542 3045 1730 3100 usque
1780 3029 1852 3084 ad
1893 3028 2072 3083 ﬁnem

424 3117 622 3175 saculi
652 3118 863 3175 decimi
893 3117 1037 3175 sexti
1061 3118 1366 3174 observata
1387 3118 1917 3189 fuerat.Ansgerius
1936 3134 2069 3173 vero

2179 1875 2386 1931 Vitalis
2410 1876 2739 1932 observavit
2758 1875 2905 1931 libro
2936 1894 2998 1931 In
3028 1872 3171 1933 llist.
3207 1876 3630 1933 ecclesiastica.

2251 1965 2383 2021 Jam
2414 1981 2548 2020 vero
2580 1964 2630 2021 si
2661 1964 2890 2021 Roccho
2921 1966 3097 2036 Pyrro
3132 1966 3461 2027 credamus.
3493 1966 3845 2023 Troinensis

2181 2054 2349 2109 sedes
2378 2053 2747 2125 episcopalis,
2781 2054 2872 2109 cui
2920 2060 3060 2109 tunc
3092 2054 3378 2111 Robertus
3426 2060 3687 2125 praerat,
3721 2057 3844 2112 hoc

2180 2144 2437 2216 ipso,aut
2466 2146 2620 2198 certe
2651 2158 2802 2198 anno
2834 2143 3178 2215 pracedenti
3224 2144 3577 2211 Messanam,
3622 2149 3845 2217 agente

2180 2233 2380 2288 eodem
2414 2232 2659 2302 Rogerio
2680 2230 2911 2301 comite,
2932 2231 3220 2288 translata
3238 2236 3328 2289 est
3351 2251 3364 2301 ;
3398 2237 3455 2289 et
3475 2233 3711 2305 quidem
3740 2236 3845 2291 Ur-

2181 2323 2311 2376 bani
2337 2322 2657 2387 consilio,ut
2687 2321 2742 2375 id
2775 2320 2900 2393 ipse
2932 2320 3215 2393 Rogerius
3244 2324 3496 2377 testatur
3519 2322 3578 2377 in
3611 2322 3844 2377 instru-

2182 2413 2375 2467 mento
2407 2409 2562 2481 apud
2594 2410 2866 2466 eumdem
2897 2413 3194 2466 auctorem
3219 2409 3422 2475 relato,
3447 2410 3505 2465 in
3539 2410 3843 2483 quoidam

2180 2499 2451 2571 princeps
2481 2497 2874 2570 pontificalem
2894 2498 3091 2554 sedem
3114 2498 3173 2554 in
3191 2497 3435 2555 ecclesia
3454 2499 3639 2555 sancti
3659 2500 3842 2556 Nico-

2181 2588 2251 2643 lai
2265 2605 2460 2659 ,quam
2485 2587 2610 2659 ipse
2632 2588 2914 2644 Messana
2929 2592 3391 2658 construxerat,a
3407 2605 3467 2643 se
3499 2588 3842 2644 institutam

2180 2677 2362 2732 fuisse
2391 2676 2815 2741 testatur.0uin
2847 2681 2905 2733 et
2933 2676 3195 2750 plerique
3222 2677 3650 2750 episcoporum,
3684 2694 3844 2750 quos

2180 2782 2249 2820 ex
2274 2763 2583 2821 Malaterra
2611 2760 2883 2838 superius
2914 2765 3305 2835 laudavimus,
3335 2766 3445 2822 hoc
3490 2766 3666 2823 etiam
3703 2767 3845 2839 ipso

2181 2871 2332 2909 anno
2363 2855 2682 2910 consecrati
2714 2854 2995 2910 dicuntur
3032 2856 3187 2928 apud
3218 2857 3491 2911 eumdem
3533 2856 3843 2912 Bocchum

2180 2944 2447 3016 Pyrrum,
2500 2960 2709 3014 nempe
2753 2942 3080 2999 Gerlandus
3127 2943 3449 3016 Agrigenti,
3499 2945 3846 3017 Stephanus

2182 3032 2443 3098 Mazara,
2474 3037 2532 3088 et
2568 3032 2882 3105 Ansgerius
2909 3034 3134 3088 Catena
3164 3049 3177 3100 ;
3212 3032 3495 3104 Rogerius
3526 3033 3845 3105 Syracusis

2181 3137 2333 3175 anno
2367 3121 2505 3175 1093
2533 3120 2839 3176 ordinatus
2867 3125 2976 3176 est.
3005 3119 3083 3175 De
3126 3118 3218 3174 his
3257 3119 3620 3175 antistitibus
3649 3125 3706 3176 et
3732 3137 3841 3176 eo-

423 3205 518 3262 hic
549 3206 843 3270 laudatus,
877 3207 977 3278 qui
1019 3223 1049 3262 e
1080 3205 1433 3262 monasterio
1480 3207 1702 3262 Sancta
1731 3206 2066 3278 Euphemia
2098 3176 2142 3245 Ο
2181 3225 2311 3264 rum
2338 3208 2739 3279 sedibus,cum
2771 3212 3099 3281 opportuna
3117 3208 3226 3265 erit
3246 3208 3494 3273 occasio,
3528 3207 3649 3264 suis
3681 3207 3839 3265 locis

422 3300 787 3368 assumptus,
818 3294 1040 3351 celebre
1062 3298 1264 3367 postea
1280 3294 1700 3350 monasterium
1723 3295 1952 3350 Catana
1969 3311 2069 3349 ex-

420 3383 619 3441 citavit
662 3401 797 3441 cum
846 3383 1215 3455 amplissimo
1270 3383 1510 3456 templo,
1568 3384 1744 3456 quod,
1804 3387 1869 3438 ut
1899 3384 2072 3440 refert

421 3473 690 3531 Bocchus
719 3473 996 3547 Pyrrhus,
1029 3473 1086 3528 in
1116 3477 1227 3529 tota
1259 3474 1453 3529 Sicilia
1479 3476 1788 3529 maximum
1817 3479 1923 3530 est.

419 3579 613 3637 XCIII.
658 3582 1008 3653 Episcopatus
1053 3598 1088 3635 a
1132 3582 1355 3652 Rogerio
1407 3582 1671 3636 instituti.
1716 3582 1900 3637 Troini
1925 3580 2070 3636 sedes

930 3653 1227 3707 Messanam
1257 3653 1550 3707 translata.
2015 3672 2021 3679 ’

490 3739 765 3803 Quanam
790 3757 923 3796 vero
948 3740 1163 3795 fuerint
1183 3741 1350 3796 sedes
1370 3739 1481 3796 illa
1512 3740 1871 3812 episcopales
1888 3757 1921 3794 a
1953 3741 2066 3796 Ro-

419 3828 578 3901 gerio
626 3828 835 3884 comite
875 3846 978 3901 per
1006 3829 1063 3884 id
1094 3833 1327 3901 tempus
1359 3829 1416 3884 in
1440 3828 2067 3899 Siciliainstituta,aut

416 3916 613 3989 potius
646 3917 946 3979 restituta,
973 3918 1139 3973 docet
1160 3934 1267 3973 nos
1295 3917 1584 3973 Robertus
1610 3916 1949 3972 Troinensis
1962 3935 2064 3974 seu

418 4004 812 4061 Messanensis
842 4006 1173 4079 episcopus,
1206 4006 1265 4061 in
1297 4006 1551 4078 quadam
1583 4005 1783 4060 charta
1813 4022 1917 4077 pro
1947 4024 2067 4062 mo-

415 4093 671 4151 nasterio
685 4094 747 4149 Li
756 4093 1167 4167 parensi,apud
1192 4094 1487 4151 Bocchum
1502 4094 1742 4168 Pyrrum
1766 4095 1823 4149 in
1859 4096 2065 4151 notitia

416 4181 679 4239 Ecclesia
710 4183 1191 4253 Pactensis,tomo
1220 4184 1293 4239 IlI
1322 4183 1529 4239 Siciliae
1560 4200 1737 4238 sacra
1768 4182 1970 4249 relata,
2003 4184 2061 4239 in

416 4286 534 4341 qua
556 4269 666 4326 illa
694 4276 1072 4329 recensentur
1101 4271 1193 4327 his
1224 4272 1416 4327 verbis
1450 4272 1733 4326 :Primum
1772 4272 2063 4340 Traginen-

411 4374 527 4415 sem
553 4359 833 4415 ecclesiam
861 4362 923 4416 in
947 4362 1249 4434 pristinum
1275 4364 1474 4415 statum
1504 4360 1737 4413 restituit
1777 4360 2061 4427 Rogerius,

414 4449 475 4503 in
501 4464 607 4519 qua
636 4448 921 4505 dominum
975 4458 1027 4505 et
1081 4448 1444 4505 venerabilem
1486 4448 1775 4501 Robertum
1814 4448 2061 4518 primum

2182 3298 2390 3353 iterum
2423 3298 2707 3354 dicemus.

2178 3403 2370 3459 XCIV.
2400 3405 2727 3477 Monasteria
2754 3410 3030 3477 reparata.
3064 3406 3325 3474 Privileg.
3372 3406 3603 3477 manust.
3640 3403 3834 3475 Lipar.

2283 3477 2340 3530 S.
2375 3476 2569 3544 Angeli
2597 3476 2847 3532 Militens.
2887 3477 3151 3544 Privilcg.
3192 3476 3447 3544 generale
3485 3476 3717 3544 Rogerzi.

2248 3564 2533 3619 Craterum
2561 3563 2716 3619 haud
2741 3564 2939 3619 minus
2961 3563 3207 3620 sollicite
3228 3561 3534 3633 religiosus
3555 3562 3839 3636 princeps

2178 3650 2548 3707 monasteriis
2572 3652 2936 3722 reparandis,
2959 3668 3025 3705 ac
3064 3649 3439 3706 restituendis
3477 3649 3835 3725 episcopati-

2176 3742 2287 3796 bus
2318 3740 2713 3805 incumbebat;
2739 3742 2802 3793 ut
2822 3739 3072 3810 probant
3100 3739 3257 3795 varia
3287 3739 3415 3808 ejus
3434 3738 3839 3798 instrumenta

2176 3830 2327 3902 apud
2346 3828 2642 3882 Bocchum
2667 3827 2931 3899 Pyrrum.
2966 3827 3087 3890 Qua
3110 3826 3168 3881 in
3191 3843 3251 3881 re
3274 3826 3590 3899 Rogerium
3606 3828 3834 3885 Urbani

2172 3917 2853 3973 ordinationemsecutum
2873 3916 3052 3971 fuisse
3080 3920 3236 3987 patet
3272 3932 3341 3972 ex
3373 3917 3605 3972 duabus
3636 3917 3834 3988 ipsius

2173 4006 2393 4062 chartis
2418 4020 2557 4071 ;una
2583 4003 2850 4059 videlicet
2872 4021 2973 4075 pro
2997 4004 3349 4059 monasterio
3378 4005 3601 4060 Sancta
3628 4005 3830 4061 Maria

2172 4096 2242 4149 de
2259 4093 2464 4158 Mili,et
2491 4109 2557 4148 ex
2589 4091 2775 4148 altera
2806 4109 2907 4165 pro
2940 4093 3295 4149 monasterio
3315 4093 3387 4149 de
3420 4092 3563 4149 Itala
3587 4110 3690 4149 seu
3724 4095 3827 4151 Gi-

2170 4182 2309 4249 tala,
2344 4198 2520 4253 prope
2554 4181 2905 4249 Messanam,
2967 4197 3094 4251 qua
3126 4181 3339 4236 charta
3379 4181 3714 4237 referuntur
3764 4184 3825 4238 in

2171 4276 2334 4343 parte
2364 4287 2418 4325 ιν
2443 4268 2650 4325 Sicilia
2680 4286 2878 4335 sacra,
2904 4269 3004 4325 ubi
3035 4271 3106 4325 de
3155 4269 3426 4325 abbatiis.
3463 4269 3636 4326 Porro
3666 4270 3828 4328 inter

2169 4359 2284 4415 alia
2314 4358 2688 4427 monasteria,
2712 4374 2838 4429 qua
2868 4361 3010 4414 tunc
3037 4358 3315 4429 temporis
3336 4360 3662 4414 restaurata
3693 4359 3821 4415 fue-

2169 4451 2324 4519 runt,
2358 4445 2602 4503 celebris
2649 4450 2774 4501 erat
2820 4446 3054 4501 abbatis
3082 4446 3275 4502 Sancti
3304 4445 3706 4502 Bartholomai
3760 4448 3821 4502 in

410 4538 693 4594 constituit
732 4541 1072 4609 episcopum;
1103 4535 1296 4591 deinde
1343 4536 1776 4605 Agrigentinum,
1836 4539 1885 4589 et
1940 4537 2056 4592 Μα-
2090 4548 2135 4614 Ι)
2167 4535 2363 4592 insula
2410 4535 2603 4608 Lipari
2653 4535 2784 4602 sita,
2816 4535 2910 4591 cui
2941 4534 3097 4591 idem
3152 4535 3433 4607 Rogerius
3473 4552 3625 4591 anno
3676 4536 3821 4591 1088

410 4641 689 4683 zarensem
702 4645 726 4692 ;
752 4634 1033 4698 sequenter
1078 4628 1259 4679 autem
1311 4622 1688 4686 Catanensem,
1719 4638 1783 4677 ac
1802 4624 2059 4680 ultimum

409 4714 818 4788 Syracusanam
857 4714 1134 4769 constituit
1175 4712 1475 4778 ecclesiam,
1527 4714 1637 4766 etc.
1684 4710 1855 4768 Plura
1884 4713 2060 4769 habet

409 4802 726 4860 Gaufridus
747 4801 1075 4866 Malaterra,
1091 4798 1240 4855 libro
1262 4817 1338 4868 ιν,
1372 4816 1497 4872 cap.
1512 4802 1566 4866 7,
1587 4799 1687 4856 ubi
1709 4800 1941 4857 exhibet
1962 4819 2059 4859 no-

408 4892 571 4949 mina
589 4892 1016 4965 episcoporum,
1050 4887 1151 4958 qui
1183 4886 1357 4959 primi
1392 4888 1499 4945 has
1529 4888 1698 4946 sedes
1729 4890 2051 4948 obtinuere.

409 4981 612 5048 Comes,
644 4975 854 5048 inquit,
886 4975 1136 5032 ecclesias
1182 4993 1282 5049 per
1328 4980 1639 5033 universam
1688 4979 1939 5035 Siciliam
1968 4997 2052 5035 re-

398 5072 631 5145 parat...
663 5067 725 5121 In
753 5064 887 5121 urbe
913 5066 1270 5137 Agrigentina
1301 5068 1706 5138 pontiﬁcalibus
1735 5069 1932 5139 infulis
1957 5086 2052 5124 ca-

404 5156 655 5213 thedram
707 5154 1036 5211 sublimat...
1100 5178 1127 5206 «
1171 5156 1316 5212 Huic
1371 5157 1637 5213 Ecclesia
1695 5157 2051 5213 Gerlandum

405 5245 740 5318 quemdam,
793 5245 1025 5303 natione
1067 5244 1459 5320 Allobrogem,
1507 5248 1720 5310 virum,
1765 5249 1833 5300 ut
1861 5246 2049 5312 aiunt,

404 5348 627 5405 magna
656 5333 956 5391 charitatis
977 5339 1035 5392 et
1063 5333 1475 5391 ecclesiasticis
1505 5332 1833 5405 disciplinis
1863 5333 2053 5389 erudi-

402 5427 548 5490 tum,
571 5423 909 5494 episcopum
928 5425 1207 5480 ordinans
1226 5423 1670 5496 prat'eciLHaud
1695 5422 2045 5494 secus,apud

403 5511 691 5567 Mazaram
723 5512 951 5585 facere.
975 5513 1264 5569 addens...
1314 5510 1676 5583 Stephanum
1728 5512 2044 5583 quemdam

400 5600 948 5674 Rothomagensem,
992 5601 1245 5660 honesta
1293 5600 1419 5657 vita
1451 5599 1662 5668 virum,
1705 5600 2043 5674 episcopum

2165 4628 2395 4697 fratrem
2424 4625 2773 4680 Ambrosium
2796 4623 3069 4695 prafecit,
3094 4623 3251 4679 hunc
3281 4623 3475 4694 ipsum
3509 4640 3683 4696 quem
3718 4624 3821 4681 Ur-

2169 4714 2358 4770 banus
2389 4712 2561 4768 Militi
2592 4713 2652 4767 in
2676 4710 3227 4767 Calabriahocanno
3244 4711 3499 4767 existens
3511 4711 3816 4786 privilegio

2167 4802 2404 4857 donavit
2433 4818 2496 4856 ιιι
2528 4817 2711 4856 nonas
2748 4799 2932 4855 Junii.
2957 4798 3121 4855 Circa
3168 4800 3324 4855 idem
3374 4804 3607 4871 tempus
3650 4799 3813 4857 aliud

2166 4889 2533 4963 privilegium
2568 4888 2814 4944 indulsit
2835 4888 3088 4960 pontifex
3109 4888 3463 4944 monasterio
3490 4889 3817 4946 SanctiAn-

2163 4978 2273 5051 geli
2304 4977 2630 5043 Militensis,
2673 4977 2828 5048 quod
2874 4975 3047 5049 paulo
3090 4980 3224 5032 ante
3279 4977 3560 5050 Rogerius
3613 4994 3812 5034 comes
3896 5028 3907 5038 .

2160 5065 2751 5124 exstruxerat.Nullas
2781 5066 3017 5137 quidem
3050 5065 3281 5136 praefert
3300 5065 3684 5141 chronologia
3705 5084 3813 5123 no-

2161 5161 2250 5212 tas
2278 5156 2387 5211 hoc
2416 5155 2695 5226 diploma,
2730 5155 2789 5209 in
2821 5154 2950 5225 ejus
2983 5154 3338 5227 apographo,
3372 5156 3527 5229 quod
3558 5156 3630 5212 ab
3660 5156 3805 5212 emi-

2160 5244 2402 5300 nentiss.
2440 5244 2506 5300 D.
2539 5242 2821 5298 cardinali
2868 5242 3143 5300 Goloredo
3192 5232 3548 5318 accepimus,
3581 5245 3681 5301 sed
3714 5261 3804 5301 re-

2158 5349 2289 5388 rum
2323 5337 2380 5387 et
2408 5331 2667 5388 locorum
2700 5331 3102 5388 convenientia
3130 5349 3237 5390 nos
3257 5333 3515 5403 adduxit,
3548 5338 3613 5389 ut
3656 5333 3802 5388 illud

2157 5420 2251 5477 hic
2283 5419 2457 5476 simul
2489 5436 2622 5476 cum
2645 5420 2775 5476 aliis
2796 5420 3027 5477 comitis
3050 5422 3279 5495 Rogerii
3300 5423 3618 5479 benefactis
3648 5439 3804 5478 com-

2157 5514 2923 5566 memoraremusllaterum
2958 5510 3111 5566 idem
3136 5511 3417 5583 Rogerius
3433 5510 3701 5585 generale
3726 5509 3796 5567 ab

2159 5600 2387 5656 Urbano
2421 5596 2790 5672 privilegium
2816 5599 3086 5668 habebat,
3113 5604 3176 5656 ut
3206 5617 3565 5674 quacunque
3595 5616 3797 5658 mona-
