4000 6178
131 372 211 443 ss
1564 356 1574 363 ’
1738 374 1946 445 νιτΑ.
3468 356 3546 444 ea

133 515 313 577 etei-ia
339 512 402 575 in
432 508 757 575 ditionibus
787 508 899 574 sibi
930 508 1184 576 subditis
1214 509 1494 590 detnsset,
1543 510 1783 574 omnino
1815 514 1872 583 Α
1899 514 2190 578 antistites
2211 521 2270 577 et
2299 515 2881 595 abbates,Legionem
2914 516 3547 587 couveuissent,conci-

134 608 317 671 libera
348 609 586 677 essent;
618 606 787 681 cujus
818 605 901 665 rei
931 606 1055 680 ipse
1074 606 1244 665 testis
1272 611 1362 664 est
1381 606 1442 664 in
1462 606 1666 663 charta
1688 621 1792 680 pro

137 697 498 757 monasterio
524 697 787 754 Boicensi
836 696 1265 753 Panormitanzs
1316 696 1604 765 dimcesis,
1657 696 1795 750 data

139 807 285 846 anno
320 788 486 855 4098,
515 786 578 842 in
609 803 725 859 qua
770 785 964 842 locum
1026 785 1194 841 illum
1242 785 1497 842 declarat
1528 786 1594 841 ab
1642 786 1794 840 omni

139 895 296 935 onere
324 882 381 933 et
428 879 692 933 servﬂule
735 881 786 931 et
841 875 1091 931 molestia
1141 876 1377 930 liberum
1422 877 1579 946 fore;
1626 876 1788 938 sicut,

142 968 351 1040 inquit.
383 984 419 1021 α
448 967 669 1022 domino
722 964 935 1022 Urbano
980 965 1322 1020 sanctissimo
1352 981 1494 1036 papa
1553 964 1791 1019 Romano

138 1060 449 1129 potestatem
477 1060 532 1111 et
574 1054 849 1109 cautelam
904 1055 1107 1125 accepi,
1163 1056 1223 1107 ut
1278 1054 1617 1108 monasteria
1672 1069 1793 1107 mea

140 1148 307 1202 libera
340 1148 586 1218 facerem
612 1144 681 1199 ab
711 1144 865 1199 omni
890 1159 1138 1215 persona.
1170 1142 1282 1199 Sed
1307 1143 1434 1213 jam
1468 1142 1537 1197 ad
1576 1141 1789 1197 Urbani

140 1243 445 1311 gestorum
477 1233 690 1290 seriem
716 1232 1119 1289 revertendum
1149 1237 1257 1287 est.

198 1325 364 1382 XCV.
401 1326 669 1381 Ecelesiae
692 1322 920 1379 Corsicae
942 1325 1191 1393 episcopo
1212 1323 1412 1376 Pisano
1443 1321 1718 1391 subjectae.

200 1418 328 1481 Quo
356 1418 560 1471 autem
592 1412 690 1468 ille
722 1417 855 1485 post
898 1410 1233 1467 absolutum
1266 1409 1579 1466 concilium
1612 1411 1790 1465 Bene-

138 1510 458 1562 ventanum
490 1501 830 1575 perrexerit,
861 1500 973 1557 non
1007 1500 1248 1556 omnino
1277 1499 1479 1570 liquet.
1501 1498 1557 1554 Si
1588 1514 1793 1553 verum

140 1596 284 1649 esset
308 1590 473 1663 quod
507 1590 590 1645 ait
618 1588 900 1662 Ughellus
929 1590 988 1645 in
1019 1586 1340 1660 praemissis
1367 1587 1439 1641 ad
1462 1586 1792 1658 catalogum

140 1683 487 1738 Pisanorum
519 1678 950 1750 episcoporum,
985 1682 1142 1732 tomo
1172 1676 1248 1732 Ill
1275 1675 1450 1731 Italiae
1483 1692 1680 1739 sacrae,
1702 1674 1798 1730 Ur-

142 1772 353 1826 banum
390 1766 620 1823 bullam
650 1765 711 1820 in
744 1766 964 1820 Pisanis
996 1764 1261 1821 Ecclesiae
1293 1764 1543 1837 gratiam
1571 1782 1632 1819 Ill
1666 1763 1795 1819 Kal.

140 1858 313 1925 Junii,
348 1856 514 1929 apud
560 1855 954 1911 Beneventum
1011 1853 1284 1921 dedisse;
1318 1854 1373 1908 id
1437 1858 1592 1908 certo
1624 1852 1794 1907 nobis
1829 1888 1875 1953 Β

142 1952 450 2003 constaret.
484 1946 558 2000 At
586 1961 720 1999 cum
750 1943 904 1998 idem
939 1951 1138 1998 auctor
1175 1942 1326 1998 hanc
1356 1943 1544 2014 ipsam
1576 1940 1797 1997 bullam

144 2044 335 2111 postea
369 2036 662 2107 integram
694 2031 1021 2089 exhibuerit
1048 2050 1102 2087 IV
1133 2031 1402 2088 Kalendas
1420 2032 1563 2089 Julii
1591 2031 1795 2096 datam,

145 2144 224 2182 res
254 2127 312 2181 in
344 2126 572 2180 incerto
604 2126 824 2178 manet.
860 2123 1019 2177 Hanc
1039 2138 1173 2177 vero
1198 2121 1464 2176 ultimam
1489 2119 1796 2176 lectionem

143 2215 294 2270 alteri
332 2212 764 2286 praeferendam
798 2226 926 2266 esse
975 2210 1288 2283 plusquam
1339 2208 1636 2283 probabile
1685 2212 1793 2263 est.

143 2303 397 2369 Nam,uti
429 2320 503 2358 ex
534 2300 718 2357 altera
748 2316 884 2355 mox
904 2299 1142 2355 laudata
1164 2299 1323 2354 bulla
1342 2298 1797 2371 patet,Urbanus

145 2393 310 2449 Mileti
344 2392 413 2447 in
445 2390 717 2447 Calabria
758 2393 883 2445 erat
914 2406 976 2443 ιιι
1017 2389 1210 2443 Nonas
1242 2388 1421 2443 Junii.
1452 2389 1521 2442 At
1550 2386 1641 2443 vix
1672 2386 1795 2441 ﬁeri

145 2480 416 2553 potuerit,
450 2484 517 2534 ut
550 2483 669 2534 tam
702 2477 861 2534 brevi
896 2476 1174 2548 temporis
1199 2475 1523 2542 intervallo,
1565 2478 1794 2531 tantum

146 2572 264 2638 iter,
299 2584 525 2641 nempe
551 2584 619 2622 ex
647 2566 966 2638 Campania
996 2565 1055 2620 in
1087 2564 1411 2620 Calabriam
1438 2565 1795 2630 ulteriorem,

147 2658 476 2716 confecerit.
512 2655 732 2712 Deinde
764 2655 954 2727 prima
977 2653 1069 2710 die
1116 2653 1256 2710 Julii
1279 2654 1546 2710 Urbanus
1567 2658 1795 2726 Capuae,

148 2749 506 2820 proindeque
538 2761 717 2817 prope
742 2745 1132 2799 Beneventum
1166 2742 1678 2798 versabatur.Hinc
1710 2758 1797 2795 ve-

150 2836 386 2893 risimile
419 2838 515 2890 est
546 2849 680 2889 eum
712 2831 980 2888 absoluto
1011 2830 1254 2887 concilio
1286 2831 1611 2886 Calabriam
1646 2831 1796 2886 invi-

152 2927 323 2994 sisse;
359 2924 625 2994 indeque
651 2937 970 2991 reversum,
1020 2920 1313 2992 insignem
1362 2920 1513 2975 hanc
1551 2918 1795 2986 bullam,

156 3033 253 3087 qua
279 3012 544 3071 Corsicae
575 3009 841 3066 Ecclesiae
872 3009 941 3065 ad
976 3002 1354 3081 apos'tolicam
1391 3009 1585 3064 sedem
1621 3010 1797 3079 perti-

154 3110 345 3161 nentes
376 3102 601 3158 Pisano
631 3099 902 3172 episcopo
935 3098 1350 3167 subjiciuntur,
1377 3096 1679 3153 Beneventi
1701 3097 1799 3152 de-

157 3194 318 3250 disse.
358 3192 528 3247 Hanc
559 3206 691 3244 vero
720 3186 965 3260 gratiam
997 3188 1344 3260 Dagbertus,
1376 3187 1623 3242 Pisanus
1660 3191 1801 3240 tunc

1901 608 2046 667 lium
2079 609 2158 667 ibi
2190 609 2647 668 celebrarunt.ln
2681 627 2747 667 eo
2775 603 2991 683 agitata
3019 614 3105 667 est
3125 609 3322 666 Didaci
3355 607 3552 666 Sancti

1900 699 2098 757 Jacobi
2131 700 2386 773 episcopi
2419 718 2615 765 causa,
2642 717 2818 773 quam
2840 701 3203 765 Urbanus,ut
3225 716 3291 756 ex
3313 701 3440 771 ejus
3461 699 3552 755 lit—

1902 790 2041 845 teris
2073 807 2253 862 supra
2297 790 2554 846 laudatis
2604 794 2786 862 patet,
2842 790 3217 861 potissimum
3268 790 3585 863 Beynerio‘

1902 880 2431 934 commendaverat.
2466 881 2535 933 Et
2567 879 2800 951 quidem
2822 883 3023 934 Petrus
3048 880 3550 951 abbas,quem,uti

1902 966 2178 1035 diximus,
2214 967 2559 1035 Riehardus,
2594 985 2746 1023 anno
2778 968 2938 1033 4088,
2974 968 3030 1021 in
3065 968 3216 1023 hanc
3239 969 3436 1024 sedem
3462 986 3554 1024 or-

1901 1057 2091 1112 dinari
2122 1074 2334 1129 passus
2394 1058 2599 1121 fuerat,
2632 1058 2689 1111 in
2714 1057 2823 1112 hac
2855 1057 3078 1129 synodo
3145 1062 3554 1112 exauctoratus

1902 1151 2092 1202 est.At
2123 1146 2377 1203 Didacus
2411 1147 2610 1202 sedem
2645 1163 2808 1201 suam
2828 1163 2941 1201 non
2976 1147 3210 1218 recepit,
3246 1147 3363 1201 sive
3395 1147 3551 1218 quod

1901 1252 1970 1291 ea
2001 1236 2278 1306 indignus
2309 1240 2483 1302 esset,
2536 1235 2675 1300 sive,
2718 1236 2871 1306 quod
2907 1235 3141 1306 quidem
3174 1235 3551 1290 verisimilius

1903 1329 2012 1384 est.
2044 1325 2099 1379 id
2134 1325 2258 1380 ausi
2292 1342 2406 1379 non
2440 1325 2656 1380 fuerint
2686 1323 2905 1390 Patres,
2940 1339 3010 1377 ne
3033 1323 3252 1379 Alfonsi
3281 1324 3552 1395 regis.cui

1902 1414 2000 1471 ille
2032 1414 2255 1470 invisus
2288 1416 2433 1476 erat,
2487 1413 2750 1468 animum
2805 1430 2871 1468 eo
2904 1417 3070 1483 pacto
3123 1414 3552 1468 exacerbarent.

1903 1505 2091 1568 Quare
2116 1504 2243 1573 ejus
2274 1503 2539 1559 Ecclesiae
2573 1519 2713 1557 cura
2741 1501 2955 1556 Didaco
3000 1501 3289 1557 Gelmindi
3341 1502 3552 1557 iterum

1903 1593 2222 1649 commissa
2250 1592 2360 1647 fuit
2390 1610 2403 1659 ;
2433 1591 2637 1657 donec,
2674 1591 2755 1645 uti
2789 1591 3076 1660 conjicere
3107 1595 3214 1655 est,
3276 1595 3557 1647 statueret

1905 1682 2161 1755 pontifex
2190 1682 2327 1753 quid
2358 1682 2508 1736 facto
2532 1697 2677 1751 opus
2708 1683 2879 1734 esset.
2906 1680 2968 1733 Id
2992 1684 3143 1734 certe
3166 1679 3361 1750 coiligi
3385 1670 3556 1751 posse

1905 1771 2135 1826 videtur
2164 1787 2231 1826 ex
2260 1770 2517 1825 Historia
2549 1767 3017 1840 Compostcllana
3067 1769 3339 1840 superius
3397 1769 3557 1835 data,

1906 1859 2075 1930 cujus
2099 1857 2740 1933 fragmentum,utijam
2765 1855 3003 1928 polliciti
3025 1858 3316 1923 sumus,in
3336 1864 3559 1929 Appen-

1907 1949 2034 2004 dice
2057 1949 2395 2003 referemus.
2431 1946 2506 2001 Ex
2535 1964 2601 2001 ea
2621 1963 2755 2002 vero
2778 1945 2964 2018 liquet
2986 1945 3343 2001 Dalmatium
3378 1947 3554 2001 abba-

1906 2041 2026 2094 tem
2055 2055 2123 2093 ex
2154 2036 2375 2092 familia
2422 2034 2809 2099 Cluniacensi,
2844 2040 2975 2107 post
3005 2035 3180 2089 unius
3211 2034 3349 2090 anni
3378 2036 3558 2090 inter-

1905 2127 2145 2193 vallum,
2179 2126 2415 2182 omissis
2447 2126 2660 2179 Didaco
2693 2128 2750 2179 et
2770 2124 2957 2185 Petro,
3000 2126 3324 2180 auctoritate
3351 2129 3560 2181 sanclw

1908 2220 2170 2274 Romanae
2215 2216 2488 2282 Ecclesia},
2543 2212 3078 2285 Compostellanum
3131 2230 3232 2268 seu
3283 2213 3558 2270 Iriensem

1906 2308 2245 2380 episcopum
2276 2303 2512 2358 tandem
2546 2302 2883 2356 ordinatum
2918 2302 3118 2356 luisse.

1978 2395 2154 2449 Porro
2182 2390 2370 2446 multa
2394 2390 2453 2444 in
2487 2388 2595 2444 hac
2631 2388 2975 2460 Legionensi
3000 2389 3222 2460 synodo
3255 2389 3324 2443 de
3357 2389 3567 2449 ofﬁciis

1904 2479 2319 2540 ecclesiasticis
2351 2482 2575 2534 statuta
2625 2478 2826 2545 fuisse,
2885 2477 3204 2532 Bodericus
3252 2477 3568 2536 Toletanus

1906 2572 2055 2628 libro
2083 2588 2161 2635 VI,
2194 2586 2321 2640 cap.
2376 2569 2467 2636 30,
2502 2568 2687 2622 Lucas
2733 2567 3047 2629 'I‘udensis,
3080 2570 3136 2621 et
3190 2565 3288 2621 alii
3342 2562 3563 2637 passim

1908 2664 2172 2716 auctores
2202 2657 2508 2729 scripsere,
2541 2656 2696 2727 quod
2727 2656 2798 2710 de
2829 2655 3149 2710 mutatione
3163 2654 3560 2712 OfﬁciiMuza-

1907 2748 2083 2803 rabici
2118 2747 2175 2802 in
2208 2747 2561 2808 Romanum,
2596 2745 2651 2798 in
2687 2743 2815 2798 aliis
2842 2743 3134 2815 Hispaniis
3153 2744 3555 2815 conciliisjam

1907 2838 2213 2909 imperata,
2245 2832 2510 2890 nonnulli
2534 2832 3011 2905 interpretantur,
3044 2839 3217 2906 atque
3248 2833 3363 2890 huc
3394 2850 3552 2889 revo-

1907 2927 2023 2982 cari
2058 2941 2228 2997 posse
2259 2927 2483 2994 putant,
2536 2921 2593 2975 id
2647 2922 2801 2993 quod
2834 2939 2868 2975 a
2925 2921 3194 2978 Patribus
3252 2924 3553 2979 decretum

1908 3015 2089 3070 fuisse
2114 3012 2414 3077 dicitur,ul
2438 3011 2736 3066 secundum
2765 3012 3011 3082 regulam
3038 3014 3096 3065 S.
3159 3011 3355 3066 Isidori
3393 3011 3556 3066 cccle—

1907 3104 2123 3158 siastica
2153 3101 2335 3172 o/ﬁcia
2384 3102 2441 3153 in
2490 3100 2772 3170 Hispaniis
2800 3104 3139 3166 regerentur.
3174 3102 3244 3153 At
3276 3098 3431 3154 hunc
3472 3097 3555 3158 lo-

1914 3209 2047 3247 cum
2064 3190 2133 3245 ad
2160 3187 2589 3245 Muzarahicum
2615 3187 2881 3241 Ofﬁcium
2898 3187 3042 3241 nihil
3061 3187 3348 3258 pertinere
3362 3190 3560 3242 monet

158 3282 433 3355 temporis
466 3277 735 3341 antistes,
764 3280 1054 3345 meruerat
1083 3277 1157 3332 ob
1188 3294 1356 3331 suam
1379 3280 1435 3332 et
1456 3276 1799 3331 Pisanorum
1836 3257 1878 3323 C
1917 3281 2022 3353 piae
2048 3278 2339 3335 memoriae
2362 3275 2676 3331 cardinalis
2700 3275 2994 3346 Aguirius,
3028 3257 3125 3346 qui
3149 3275 3447 3329 contendit
3467 3274 3560 3330 his

163 3372 360 3425 civium
394 3368 742 3423 ﬁdelitatem
774 3363 1154 3420 inEcclesiam
1187 3365 1531 3429 Romanam,
1570 3364 1662 3419 cui
1693 3365 1805 3419 dil-

158 3459 430 3515 ﬁcillimis
464 3455 583 3512 illis
616 3454 976 3527 temporibus
1003 3470 1236 3526 semper
1264 3452 1651 3510 addictissimi
1684 3453 1805 3509 fue-

157 3554 304 3604 runt.

311 3635 501 3692 XCVI.
540 3634 820 3688 Restitutio
853 3633 1269 3687 Tarraconensis
1301 3632 1635 3702 metropolis.

222 3724 397 3781 Paulo
431 3725 570 3797 post
598 3738 806 3793 nempe
836 3720 980 3793 ipsis
1011 3720 1290 3775 Kalendis
1309 3719 1470 3785 Julii,
1491 3737 1623 3775 cum
1649 3720 1806 3775 idem

160 3815 434 3885 pontifex,
472 3818 536 3867 ut
566 3828 699 3866 mox
747 3810 1109 3877 dicebamus,
1144 3814 1299 3864 esset
1337 3809 1568 3880 Capuae,
1593 3809 1805 3863 Tarra-

161 3919 470 3961 conensem
499 3900 821 3956 Ecclesium
846 3897 904 3953 in
930 3897 1241 3970 pristinam
1268 3914 1435 3953 suam
1459 3897 1805 3970 dignitatem

155 3993 386 4050 omnino
409 3989 690 4046 restituit.
708 3987 1033 4043 Dalmatius
1056 4004 1184 4043 nem
1196 4004 1264 4059 pe
1286 3986 1681 4042 Narbonensis
1696 4003 1810 4041 me-

154 4081 564 4155 tropolitanus,
594 4078 824 4148 rejectis
855 4095 890 4132 a
911 4077 1185 4149 pontiﬁce
1215 4092 1364 4147 quas
1386 4075 1713 4147 proferebat
1735 4075 1807 4130 ad

147 4171 237 4240 jus
265 4185 451 4226 suum
485 4165 909 4222 stabiliendum
939 4163 1217 4236 Stephani
1250 4181 1411 4236 papa
1443 4162 1810 4236 litterisquze

155 4260 362 4330 spuria:
394 4262 503 4314 aut
538 4255 748 4311 saltem
780 4253 1150 4326 interpolatae
1177 4253 1423 4309 inventa:
1446 4256 1603 4321 sunt,
1637 4269 1817 4308 causa

158 4347 395 4412 cecidit;
429 4362 570 4400 cum
604 4342 766 4399 nullo
800 4340 1084 4414 probabili
1142 4342 1534 4396 instrumento
1566 4342 1813 4413 probare

162 4436 450 4507 potuisset
477 4434 977 4488 Tarraconensem
1002 4429 1371 4500 metropolim
1395 4428 1594 4501 aliqua
1614 4434 1811 4484 aucto-

160 4525 323 4579 ritate
355 4520 681 4594 apostolica
706 4537 826 4576 suae
860 4518 1126 4574 Ecclesiae
1156 4519 1483 4588 subjectam
1516 4518 1816 4574 fuisse.Ea

1912 3367 2105 3423 verbis
2134 3365 2279 3420 nihil
2312 3364 2467 3420 aliud
2503 3364 2795 3433 designari
2828 3380 3003 3435 quam
3032 3362 3341 3435 epistolam
3374 3362 3559 3416 sancti

1917 3455 2123 3515 Isidori
2154 3456 2226 3511 ad
2264 3452 2683 3508 Landefredum
2724 3451 3064 3524 episcopum
3125 3452 3561 3507 Cordubensem

1915 3544 2281 3617 scriptam,in
2300 3558 2415 3613 qua
2428 3540 2660 3611 singula
2676 3541 2867 3595 ofﬁcia
2891 3557 3211 3612 eorumque
3234 3540 3563 3595 sanctiones

1916 3631 2309 3708 particulatim
2344 3628 2726 3701 explicantur.
2760 3629 2981 3701 Quippe
3013 3647 3145 3684 cum
3168 3630 3289 3684 haec
3311 3630 3383 3684 ob
3406 3622 3565 3684 Mau-

1917 3741 2115 3779 rorum
2136 3721 2466 3776 invasiones
2487 3718 2584 3772 diu
2611 3719 2666 3772 in
2692 3718 2986 3790 Hispaniis
3009 3718 3270 3789 neglecta
3283 3719 3438 3773 haud
3463 3719 3577 3773 du-‘

1916 3812 2079 3866 bium
2110 3810 2378 3876 fuissent,
2422 3824 2489 3861 ea
2538 3804 2743 3879 synodi
2792 3806 2991 3862 Patres
3045 3808 3115 3861 ad
3150 3807 3373 3878 praxim
3407 3824 3566 3860 revo-

1918 3900 2103 3955 canda
2133 3916 2260 3955 esse
2308 3901 2679 3952 censuerunt.
2743 3895 3037 3950 Statutum
3098 3894 3349 3965 denique
3410 3896 3567 3949 ineo

1918 3986 2161 4043 concilio
2214 3986 2326 4039 fuit
2379 3990 2460 4047 ut,
2521 3982 2760 4037 omissis
2792 3981 3001 4038 litteris
3054 3982 3361 4047 Gotthicis,
3422 3998 3571 4052 quas

1919 4075 2164 4133 Gulﬁlas
2197 4072 2506 4145 episcopus
2536 4071 2937 4135 adiuvenerat,
2979 4070 3255 4140 deinceps
3287 4068 3569 4135 Gallicani

1920 4165 2288 4221 characteres
2320 4159 2760 4215 adhiberentur.

1918 4270 2157 4327 XCVIII.
2199 4269 2449 4324 Virorum
2479 4268 2792 4318 sanctorum
2826 4265 2885 4318 in
2916 4264 3210 4319 Germania
3239 4264 3435 4320 obitus.
3473 4266 3572 4319 lies

2560 4336 2641 4390 ibi
2668 4336 2922 4390 turbatis.

1996 4429 2161 4486 Multi
2193 4427 2295 4482 viri
2348 4425 2607 4482 illustres
2639 4424 2728 4479 his
2758 4424 3123 4497 temporibus
3170 4424 3229 4479 in
3264 4424 3575 4479 Germania

1923 4519 2215 4584 obierunt;
2248 4516 2401 4571 inter
2430 4532 2576 4585 quos
2609 4513 2857 4568 celebris
2891 4513 3002 4569 luit
3047 4513 3375 4569 Fridericus
3403 4530 3576 4567 comes

164 4612 465 4668 occasione
487 4609 1016 4680 arrepta,Urbanus
1041 4607 1451 4678 Berengarium
1474 4606 1813 4678 episcopum
1850 4626 1893 4690 ι)
1921 4617 1973 4663 et
2001 4608 2268 4669 marchio,
2303 4603 2572 4677 egregius
2606 4602 2933 4673 apostolicae
2957 4602 3114 4658 sedis
3134 4603 3423 4665 defensor,
3453 4600 3574 4673 qui,

163 4706 426 4765 Ausonis,
452 4701 629 4770 cujus
650 4698 918 4753 Ecclesiae
941 4695 1306 4753 antistitibus
1330 4694 1597 4751 dimcesis
1617 4695 1819 4750 'I‘arra-

165 4789 434 4847 conensis
457 4804 600 4843 cura
619 4787 963 4842 demendata
984 4787 1196 4850 fuerat,
1214 4784 1708 4840 Tarraconensem
1733 4801 1821 4838 ar.

162 4879 624 4951 chiepiscopum,
658 4876 813 4947 quod
834 4875 1180 4945 jamdudum
1203 4871 1821 4937 meditabatur,statim

166 4966 546 5032 renuntiavit,
579 4965 749 5037 eique
779 4963 1018 5036 pallium
1052 4962 1361 5029 concessit,
1394 4961 1528 5015 dato
1561 4977 1629 5015 ea
1663 4962 1733 5016 de
1764 4978 1825 5016 re

170 5057 509 5130 diplomate.
543 5053 661 5108 Hoc
696 5053 846 5107 facto
865 5052 1270 5107 Narbonenses
1291 5047 1707 5121 archiepiscopi
1722 5052 1827 5121 jus

166 5161 339 5202 omne
355 5140 1037 5213 metropoliticum,quod
1063 5144 1182 5194 tam
1205 5138 1307 5194 diu
1325 5139 1823 5194 Tarraconensem

173 5232 530 5307 provinciam
561 5232 959 5292 exercuerant,
993 5228 1262 5283 amisere.

173 5340 376 5397 XCVII.
435 5339 751 5396 Concilium
806 5337 1133 5405 Legionense
1160 5335 1225 5389 de
1279 5349 1447 5389 causa
1491 5335 1828 5405 episcopatus

358 5430 365 5437 ο
492 5410 722 5464 lriensis
754 5411 808 5463 et
827 5404 893 5463 de
911 5408 1108 5478 ofﬁciis
1138 5404 1534 5462 ecclesiasticis.

236 5504 472 5556 Interea
499 5513 636 5553 cum
658 5496 964 5553 occasione
980 5494 1391 5567 exsequiarum
1411 5492 1627 5549 Garsiae
1651 5493 1826 5565 regis,

172 5596 233 5645 ut
264 5591 517 5646 narrant
546 5585 841 5659 Hispanici
885 5585 1219 5657 scriptores,
1252 5580 1573 5655 Reynerius
1604 5581 1829 5653 legatus

174 5675 895 5751 apostolicus,Bernardus
913 5673 1097 5730 Toleti
1113 5670 1831 5743 archiepiscopus,aliique

1926 4704 1993 4752 ut
2021 4697 2125 4760 ait,
2152 4694 2455 4750 Bertoldus
2486 4692 2553 4745 ad
2580 4708 2801 4746 annum
2826 4692 3296 4763 sequentem,uhi
3321 4691 3487 4763 plura
3509 4691 3579 4746 de

1932 4804 1998 4842 eo
2030 4785 2224 4849 habet,
2254 4782 2345 4837 sed
2365 4781 2553 4835 habitu
2575 4781 2837 4835 samulari
2862 4797 3007 4855 more
3048 4783 3224 4835 sancti
3253 4781 3580 4846 Sebasliaui,

1931 4872 2298 4929 sirenuisshni
2328 4870 2521 4925 militis
2554 4874 2747 4938 partes
2776 4868 3002 4939 agebat.
3026 4869 3209 4939 llujus
3227 4869 3421 4922 obitus
3444 4883 3579 4921 cou-

1933 4961 2066 5033 tigit
2095 4960 2187 5015 die
2229 4977 2285 5015 ΙΙΙ
2317 4958 2608 5013 Kalendas
2634 4956 2794 5012 Julii.
2829 4958 2974 5012 Eum
3027 4958 3182 5013 brevi
3227 4960 3461 5011 secutus
3494 4957 3582 5007 est

1934 5049 2261 5107 Willelmus
2283 5046 2603 5117 Hirsaugias
2618 5046 2801 5101 abbas
2816 5044 3353 5114 sanctissimus,qui
3372 5042 3498 5096 med
3512 5041 3581 5096 iis

1936 5141 1993 5195 in
2052 5134 2578 5209 persecutionibus,
2612 5138 2674 5189 ut
2722 5134 2901 5189 habet
2933 5135 3060 5204 ejus
3094 5132 3227 5189 Vitae
3263 5136 3467 5187 auctor
3521 5130 3582 5185 in

1934 5228 2093 5283 Actis
2121 5231 2456 5281 sanctorum
2489 5223 2711 5278 ordinis
2741 5221 3121 5289 Benedictini,
3154 5219 3367 5275 invicto
3390 5219 3585 5275 animo

1937 5332 2175 5373 causam
2207 5312 2500 5368 catholica
2522 5311 2787 5366 Ecclesia:
2812 5327 3008 5383 agens,
3044 5307 3187 5364 nihil
3218 5325 3332 5363 non
3356 5310 3427 5364 ad
3460 5309 3588 5379 ejus

1937 5403 2335 5461 defensionem
2349 5399 2758 5456 audebatadeo
2778 5404 2843 5453 ut
2860 5398 3203 5470 plerumque
3217 5397 3588 5452 innumeram

1939 5491 2361 5568 propemodum
2415 5489 2607 5545 omnis
2640 5487 2989 5543 conditionis
3020 5487 3350 5553 hominum,
3385 5486 3482 5558 qui
3518 5485 3589 5540 ad

1940 5598 2072 5639 eum
2107 5580 2542 5652 confugiebant,
2569 5575 3007 5631 multitudinem
3033 5577 3089 5631 in
3114 5574 3466 5631 monasterio
3486 5590 3592 5629 suo

1941 5670 2243 5744 receperit,
2277 5672 2334 5724 et
2354 5667 2583 5723 aluerit.
2612 5664 2714 5719 Hic
2742 5682 2798 5720 Ill
2832 5665 3026 5723 Nonas
3047 5665 3190 5722 Julii
3223 5664 3367 5720 abiit
3389 5664 3458 5719 ad
3494 5679 3591 5717 su-
