3970 6188
349 346 437 441 es

1653 350 1724 415 Β.
1769 348 2062 416 URBANI
2101 345 2161 413 Ii
2199 342 2457 413 ΡΑἰδιΕ.

3678 344 3773 410 88

349 503 543 565 peros,
569 504 747 563 quem
776 490 910 564 post
938 504 1124 547 unum
1155 503 1439 556 mensem,
1473 483 1567 543 die
1585 484 1808 544 scilicet
1833 488 1998 544 sexta
2022 485 2081 554 Α
2106 482 2411 543 obedzre....
2443 481 2613 541 etiam
2638 481 2833 542 multa
2858 480 3010 540 villa
3038 495 3110 539 ea:
3154 479 3367 555 integro
3412 494 3473 539 se
3498 477 3779 553 religioni

348 578 620 653 Augusti,
651 583 892 637 secutus
918 582 1007 636 est
1036 583 1275 636 sanctus
1304 578 1654 634 Altmannus
1683 575 1996 649 episoOpus

348 664 732 736 Pataviensis,
763 669 934 741 cujus
964 666 1099 723 Vita
1121 684 1152 722 ο
1187 665 1472 722 monacho
1505 664 1862 722 Gotwicensi
1892 680 1997 720 an-

349 773 565 831 onymo
594 755 942 830 conscripta,
959 755 1075 812 alia
1091 755 1164 810 ab
1180 771 1250 811 ea
1269 771 1448 827 quam
1469 753 1856 827 Tegnagellus
1877 751 2001 809 vul-

350 846 530 919 gavit.
560 845 718 903 edita
742 849 833 901 est
859 846 1133 917 Augustis
1161 842 1619 911 Vindelicorum,
1678 859 1831 899 anno
1863 843 2001 898 1619

351 934 534 992 simul
561 951 696 991 cum
725 932 858 989 Vita
885 931 1072 989 sancti
1089 931 1414 989 Gebehardi
1433 931 1922 1006 Salisburgensis,
1945 934 2004 988 et

349 1023 541 1081 sancti
570 1021 953 1079 Adalberonis
981 1020 1417 1094 Herbipolensis
1446 1021 1880 1094 episcoporum,
1903 1017 2004 1090 qui

351 1129 557 1172 omnes
569 1111 629 1168 in
649 1110 947 1168 catholicae
959 1109 1225 1167 Ecclesiae
1241 1110 1579 1167 defensione
1592 1108 2005 1183 perditissimis

352 1202 428 1259 iis
456 1200 822 1275 temporibus
846 1199 1098 1256 maxime
1128 1199 1487 1256 claruerunt.
1509 1199 1690 1257 Paulo
1711 1204 1844 1256 ante
1868 1197 2006 1253 Wil-

354 1291 601 1349 lelmum
631 1290 897 1347 obierant
920 1289 1036 1346 duo
1056 1287 1157 1344 alii
1178 1288 1420 1345 abbates
1436 1288 1611 1345 etiam
1632 1289 1706 1345 ob
1726 1288 1854 1343 vita
1878 1304 2010 1344 san-

355 1378 891 1448 ctitatem,etﬁdem
910 1377 968 1433 in
989 1377 1375 1451 apostolicam
1392 1378 1591 1434 sedem
1614 1376 2002 1445 celeberrimi,

355 1464 771 1543 Wolphelmus
792 1465 1013 1524 scillcet
1034 1465 1553 1523 Brunwillarensis
1574 1467 1635 1522 in
1652 1465 1889 1522 dicecesi
1910 1468 2011 1521 Co-

357 1556 630 1627 loniensi,
653 1556 746 1615 die
772 1557 839 1613 21
874 1555 1116 1628 Aprilis,
1145 1559 1204 1611 et
1233 1556 1582 1613 Benedictus
1638 1554 1914 1612 Clusinus
1946 1554 2009 1609 in

361 1646 630 1705 faucibus
661 1645 890 1720 Alpium
921 1644 1016 1702 die
1044 1645 1110 1700 31
1140 1644 1298 1701 Maii.

434 1735 634 1792 Mense
651 1736 912 1808 Augusto
933 1733 1293 1807 sequenti,ut
1321 1733 1501 1789 tradit
1520 1731 2013 1801 Bertoldus,Wel~

363 1822 758 1899 pho,Bavarim
771 1821 1231 1889 dux,Henricum
1255 1821 1313 1877 in
1329 1822 1405 1878 Lo
1413 1821 1792 1895 ngobardiam
1805 1837 2012 1878 conve-

365 1914 474 1984 nit,
494 1930 632 1971 cum
653 1928 720 1971 eo
740 1928 941 1986 pacem
972 1910 1251 1978 initurus,
1269 1911 1318 1967 si
1342 1909 1441 1966 ille
1461 1910 1792 1967 Wibertum
1817 1910 2035 1967 dimit-‘

367 2007 489 2061 tere
507 2006 565 2061 et
582 2003 736 2060 bona
756 2018 885 2075 qum
897 1999 1009 2058 sibi
1022 2000 1242 2073 injuste
1253 1999 1448 2056 ablata
1467 1999 1699 2056 fuerant
1715 1999 2021 2057 restituere

368 2090 751 2149 voluisset.At
777 2093 1061 2148 renuente
1082 2088 1190 2146 has
1207 2088 1574 2146 conditiones
1605 2088 1872 2160 Henrico,
1902 2089 2021 2145 dux

371 2181 433 2238 in
462 2178 869 2238 Alemanniam
900 2170 1166 2237 reversus
1218 2182 1330 2250 est,
1357 2176 1457 2233 ubi
1490 2178 1673 2234 turbis
1716 2178 1797 2234 ita
1825 2194 2021 2234 excre-

370 2273 599 2339 verunt,
625 2273 691 2326 ut
712 2267 889 2342 paulo
919 2270 1052 2342 post
1080 2267 1151 2323 de
1193 2284 1341 2324 novo
1363 2283 1496 2339 rege
1525 2266 1793 2340 eligendo
1823 2270 2021 2323 actum

374 2358 470 2429 sit.
505 2357 668 2426 Quod
699 2374 761 2417 re
787 2357 919 2432 ipsa
946 2356 1166 2413 factum
1203 2355 1432 2424 fuisset,
1477 2354 1670 2428 inquit
1692 2354 2021 2423 Bertoldus,

374 2451 426 2506 si
452 2446 821 2521 quorumdam
843 2447 1078 2519 pigritia
1119 2446 1235 2502 sive
1271 2446 1656 2502 malevolentia
1684 2461 1793 2501 non
1852 2447 2025 2518 impe-

377 2537 541 2595 disse.
575 2537 661 2593 Ita
687 2534 805 2593 ille.

503 2624 699 2682 XCIX.
731 2628 943 2682 Novum
973 2625 1033 2679 in
1062 2623 1351 2680 Germania
1382 2623 1666 2695 religionis
1693 2640 1889 2693 genus.

452 2711 668 2768 Mirum
679 2713 875 2767 autem
897 2714 990 2765 est
1007 2713 1130 2766 tam
1142 2708 1501 2766 calamitosis
1521 2709 1886 2783 temporibus
1902 2727 2030 2766 suc-

385 2798 638 2858 crevisse
657 2798 719 2855 in
749 2797 1095 2855 Alemannis
1110 2814 1317 2854 novam
1339 2798 1567 2854 vivendi
1597 2799 1867 2867 formam,
1900 2816 2028 2872 quae

386 2887 737 2963 apostolicos
749 2903 941 2944 mores
952 2885 1357 2943 aemulabatur.
1374 2888 1441 2943 Hi
1454 2887 1609 2944 enim
1622 2889 1725 2945 etsi
1734 2888 1927 2945 habitu
1938 2906 2036 2945 nec

386 2979 579 3040 clerici
586 2993 689 3035 nec
697 2977 953 3034 maelii
966 2976 1337 3045 viderentur,u
1346 2982 1370 3033 t
1380 2976 1845 3034 idemBertoldus
1856 2993 2058 3045 narrat

387 3065 657 3125 oculatus
676 3065 1219 3139 testis,nequaquam
1246 3070 1429 3122 tamen
1446 3067 1525 3122 eis
1546 3066 1790 3139 dispares
1813 3074 2033 3123 erant...

388 3159 486 3230 qui
512 3156 963 3213 abrenuntiantes
988 3156 1204 3223 saeculo,
1230 3171 1288 3211 se
1317 3160 1370 3211 et
1397 3171 1501 3212 sua
1527 3156 2040 3228 adcongregationes

389 3254 501 3305 tam
528 3245 854 3303 clericorum
881 3260 1047 3316 quam
1072 3244 1466 3302 monachorum
1493 3245 1831 3315 regulariter
1858 3247 2039 3301 viven-
2067 3275 2110 3343 α

391 3337 534 3393 tium
558 3334 902 3393 devotissime
927 3335 1297 3402 contulerunt,
1326 3337 1385 3390 ut
1427 3335 1526 3390 sub
1569 3350 1757 3390 eorum
1786 3334 2036 3391 obedien-

390 3427 470 3483 tia
497 3425 857 3483 communiter
886 3424 1067 3480 vivere
1093 3427 1145 3478 et
1166 3425 1245 3479 eis
1272 3425 1477 3479 servire
1503 3430 1861 3479 mererentur.
1908 3426 2042 3479 Haec

389 3518 481 3572 est
508 3514 702 3585 religio
730 3511 1021 3584 quadrata,
1052 3528 1089 3567 a
1115 3510 1294 3568 Paulo
1347 3511 1751 3567 Bernriedensi
1814 3510 1872 3566 in
1910 3510 2044 3567 Vita

390 3600 651 3676 Gregorii
674 3599 770 3658 VII
787 3599 1233 3672 laudata,quam
1254 3615 1388 3655 cum
1410 3598 1902 3667 nonnulli,nescio
1922 3615 2041 3671 quo

392 3689 506 3749 acti
535 3686 717 3746 livore
738 3703 843 3745 seu
887 3686 1210 3744 invidentia
1250 3687 1579 3761 vituperare
1608 3688 1737 3744 ausi
1767 3689 2039 3760 fuissent,

390 3778 542 3837 tueri
570 3793 888 3855 aggressus
906 3780 995 3832 est
1015 3776 1399 3839 Urbanus.cui
1424 3777 1580 3849 apud
1592 3777 1882 3835 Teutones
1901 3794 2038 3851 apo-

390 3867 601 3929 stolica
628 3865 915 3941 legatione
946 3865 1229 3940 iungenti,
1262 3866 1341 3939 pii
1379 3866 1508 3938 ejus
1539 3865 1789 3923 instituti
1824 3868 2039 3924 sancti-

391 3959 483 4015 tas
510 3956 690 4030 probe
716 3958 854 4012 nota
874 3955 1081 4011 fuerat.
1116 3954 1279 4010 Unde
1310 3953 1417 4011 hoc
1449 3971 1602 4011 anno
1634 3954 1794 4012 illam
1825 3954 2037 4013 solem-

390 4044 544 4104 niter
561 4043 908 4120 approbavit
919 4048 976 4101 et
985 4042 1529 4112 confirmavit,datis
1551 4060 1621 4101 ea
1639 4045 1710 4101 de
1730 4061 1793 4100 re
1815 4045 1887 4100 ad
1910 4063 2041 4102 mo—

389 4133 781 4193 nasteriorum
816 4131 1160 4205 prapositos
1192 4130 1423 4190 litteris.
1455 4131 1600 4188 Cum
1620 4149 1756 4190 vero
1776 4150 1929 4191 anno
1951 4151 2039 4191 se-

390 4223 615 4298 quenti,
649 4225 715 4279 ut
734 4221 890 4278 idem
918 4223 1120 4278 auctor
1138 4220 1333 4289 habet,
1356 4220 1540 4278 laicus
1556 4221 1799 4294 quidam
1821 4240 2036 4280 novum

390 4312 449 4368 id
478 4310 709 4368 vivendi
740 4326 928 4384 genus
954 4310 1273 4383 professus,
1314 4311 1389 4368 ab
1419 4327 1486 4367 eo
1516 4316 1734 4368 temere
1785 4311 2034 4368 resiliis-

393 4399 665 4472 set,hunc
686 4398 957 4456 Urbanus
982 4397 1217 4472 scriptis
1233 4400 1305 4457 ad
1322 4399 1732 4458 Gebehardum
1752 4404 2034 4456 Constan-

391 4487 486 4547 tia:
516 4487 859 4562 episcopum
888 4487 1146 4561 legatum
1176 4505 1354 4545 suum
1386 4488 1618 4557 litteris,
1662 4488 2036 4547 anathemate

2103 573 2571 641 contradiderunt,
2601 588 2761 645 seque
2788 574 3025 629 invicem
3052 573 3351 629 sanctitate
3370 587 3589 628 morum
3612 587 3773 645 prz-

2104 665 2293 720 venire
2320 663 2721 719 incessabiliter
2746 661 3093 719 studuerunt.
3126 660 3216 717 Sic
3254 662 3445 734 utique
3470 661 3634 731 Deus,
3664 677 3774 717 ex-

2106 751 2320 808 clamat
2356 750 2977 817 Bertholdus,sanctam
3002 767 3164 806 suam
3194 751 3495 806 Ecclesium
3522 752 3583 807 in
3609 752 3775 823 peri-

2107 841 2289 898 culoso
2321 844 2559 913 tempore
2598 840 2935 898 mirabiliter
2963 840 3245 896 consolari
3270 839 3531 909 dignatus
3558 844 3636 896 est
3655 857 3676 894 :
3709 847 3781 896 ut

2107 930 2173 987 de
2200 931 2498 987 multorum
2519 932 2867 988 conversoine
2906 930 3317 1003 gauderet,qu$
3345 929 3412 986 de
3438 945 3772 986 excommu—

2110 1021 2425 1077 nicatorum
2451 1022 2734 1076 aversione
2752 1019 2975 1092 jamdiu
3002 1036 3108 1075 non
3140 1019 3369 1076 cessavit
3398 1018 3597 1075 dolere.
3640 1018 3777 1075 Huc

2114 1109 2175 1165 ni
2206 1108 2392 1178 fallor,
2408 1109 2661 1165 revocari
2681 1109 2851 1165 debet
2861 1109 3014 1181 quod
3029 1108 3295 1165 Gerohus
3314 1107 3374 1164 in
3389 1108 3781 1182 Syntagmate

2114 1198 2195 1254 De
2226 1201 2380 1254 statu
2423 1197 2691 1254 Ecclesiae
2713 1198 2869 1269 apud
2891 1196 3311 1270 Tegnagellum
3358 1197 3537 1268 edito,
3569 1196 3778 1264 refert,

2115 1302 2242 1359 cap.
2277 1286 2366 1353 16,
2397 1285 2617 1342 multos
2637 1285 2877 1343 clericos
2895 1289 2952 1342 et
2973 1285 3294 1343 monachos
3314 1286 3618 1343 occasione
3640 1284 3783 1359 per-

2117 1375 2437 1432 secutionis
2451 1374 2748 1449 amplexos
2760 1375 2944 1432 fuisse
2955 1374 3135 1431 vitam
3156 1374 3514 1448 asperiorem
3529 1376 3589 1432 in
3612 1375 3783 1449 agris

2119 1464 2480 1521 suburbanis
2498 1468 2559 1521 et.
2588 1463 2964 1521 monasteriis
2995 1464 3450 1537 campestribus.

2333 1584 2392 1636 Ο.
2425 1581 2820 1638 Paviliacensis
2848 1583 3170 1638 monasterii
3199 1585 3547 1638 restauratio.

2195 1687 2257 1743 In
2289 1686 2491 1743 Galliis
2523 1690 2788 1761 reparato
2820 1704 2924 1761 per
2952 1687 3277 1745 Galterium
3328 1688 3551 1745 Sancta
3580 1690 3784 1748 Trini-

2121 1775 2261 1832 tatis
2289 1776 2362 1832 de
2392 1776 2719 1841 Monte,seu
2740 1780 2967 1833 Sanctae
2996 1776 3324 1833 Catharinae
3350 1795 3529 1851 prope
3558 1780 3785 1837 Rotho-

2043 1860 2093 1926 B
2121 1880 2362 1939 magum
2384 1865 2678 1933 abbatem,
2714 1864 3094 1923 Paviliacensi
3114 1869 3336 1923 Sanctae
3384 1868 3785 1927 Austrebertae

2128 1953 2505 2024 monasterio,
2539 1955 2695 2027 quod
2727 1972 2761 2011 a
2789 1954 3214 2012 Northmannis
3243 1957 3505 2013 dirutum
3564 1959 3780 2027 fuerat,

2128 2043 2400 2100 Urbanus
2431 2042 2741 2101 Guillelmo
2763 2043 3201 2117 archiepiscopo
3223 2045 3786 2120 Rothomagensi,ad

2130 2132 2300 2204 cujus
2321 2132 2613 2190 dioecesim
2636 2132 2799 2191 locus
2816 2132 2913 2190 ille
2934 2133 3282 2206 pertinebat,
3304 2134 3541 2208 scripsit
3562 2140 3627 2191 ut
3644 2153 3787 2193 eum

2130 2222 2201 2276 ad
2224 2221 2388 2294 pium
2418 2221 2562 2278 illud
2593 2239 2741 2296 opus
2771 2223 3231 2296 promovendum
3261 2227 3318 2280 et
3360 2223 3789 2282 absolvendum

2131 2309 2609 2383 excitaret,atque
2630 2311 2774 2368 adeo
2790 2311 3075 2368 universis
3088 2312 3187 2385 qui
3198 2311 3390 2369 eidem
3408 2314 3672 2371 ccsnobio
3685 2314 3791 2371 ali-

2133 2399 2274 2471 quid
2288 2401 2919 2474 conferrent,quartam
2932 2400 3411 2474 pmnitentiarum
3426 2403 3500 2459 ab
3512 2403 3789 2477 episcopo

2133 2491 2235 2544 aut
2257 2488 2597 2563 presbytero
2630 2489 3031 2563 injunctarum
3061 2494 3285 2563 partem
3315 2490 3613 2549 relaxavit.
3629 2492 3790 2550 Date

2135 2582 2275 2633 sunt
2295 2578 2605 2650 pontiﬁcis:
2626 2577 2831 2634 litterae
2854 2579 3084 2636 Cessimi
3106 2597 3122 2648 ;
3144 2578 3245 2636 alii
3262 2578 3530 2654 legerunt
3547 2584 3793 2640 Cossinii

2137 2666 2282 2721 forte
2306 2666 2522 2733 Casini,
2557 2667 2631 2723 IV
2662 2667 2800 2723 ldus
2832 2666 3100 2724 Octobris
3131 2668 3308 2741 hujus
3339 2670 3502 2739 anni,
3534 2687 3683 2743 quas
3709 2669 3792 2729 la-

2138 2754 2259 2827 pidi
2309 2770 2340 2811 e
2370 2755 2681 2813 ruderibus
2710 2756 2965 2813 ecclesiae
2995 2760 3185 2814 erecto
3215 2757 3541 2831 insculptas
3572 2776 3729 2817 unus
3760 2777 3792 2816 e

2144 2841 2359 2899 nostris
2381 2842 2779 2916 descripsit.ln
2800 2844 3005 2901 eodem
3026 2843 3219 2917 lapide
3255 2845 3559 2919 diplomati
3598 2849 3792 2920 ponti-

2145 2931 2277 2988 ﬁcio
2303 2933 2619 3005 subjuncta
2647 2937 2772 2990 erat
2800 2932 2909 2989 loci
2941 2933 3177 2990 donatio
3208 2934 3361 2991 facta
3407 2935 3657 2993 Galterio
3688 2938 3790 2993 ab—

2146 3019 2265 3076 bati
2297 3037 2398 3093 per
2425 3020 2711 3078 Thomam
2743 3021 2815 3078 de
2863 3021 3065 3095 Pacisy
3109 3020 3393 3086 militem;
3424 3024 3516 3080 cui
3572 3025 3791 3082 instru-

2147 3114 2346 3167 mento
2368 3109 2715 3168 Guillelmus
2745 3110 3220 3185 archiepiscopus
3236 3115 3294 3169 et
3319 3111 3415 3169 alii
3437 3113 3543 3170 viri
3566 3113 3792 3172 nobiles

2147 3198 2572 3272 subscripsisse
2599 3199 2962 3257 dicebantur.

2253 3314 2337 3371 Cl.
2365 3314 2572 3372 Urbani
2601 3315 2803 3373 litterae
2818 3331 2921 3387 pro
2952 3315 3007 3370 S.
3033 3316 3308 3388 Cypriane
3336 3319 3664 3375 Pictavensi.

2222 3421 2357 3477 Erat
2386 3420 2659 3478 Urbanus
2690 3420 2800 3477 hoc
2847 3438 3023 3492 anno,
3057 3422 3139 3478 uti
3171 3440 3242 3479 ex
3272 3426 3531 3496 tempore
3560 3425 3797 3481 ordina-

2148 3509 2328 3566 tionis
2352 3510 2541 3566 Ivonis
2567 3511 2871 3566 Carnoteni
2904 3510 3261 3584 colligimus,
3305 3515 3460 3586 apud
3505 3513 3797 3571 Altarium

2149 3599 2295 3654 Latii
2329 3599 2533 3654 urbem
2555 3598 2723 3655 initio
2744 3598 3311 3673 Novembris,ibique
3336 3618 3393 3657 ιν
3421 3602 3616 3659 Nonas
3637 3604 3800 3676 ejus-

2149 3687 2284 3743 dem
2306 3686 2527 3744 mensis
2547 3685 2770 3743 litteras
2794 3687 3091 3761 Raynaldo
3103 3688 3299 3745 abbati
3311 3690 3508 3747 Sancti
3530 3691 3799 3764 Cypriani

2148 3775 2505 3832 Pictavensis
2551 3776 2859 3843 concessit,
2889 3777 3106 3849 quibus
3135 3778 3187 3834 ei
3227 3778 3537 3835 conﬁrmat
3574 3781 3802 3852 quiquid

2140 3866 2290 3935 juris
2320 3868 2371 3921 et
2399 3867 2673 3922 canonica:
2699 3867 2977 3938 potestatis
3020 3866 3269 3925 habebat
3298 3869 3361 3923 in
3405 3869 3633 3926 ecclesia
3660 3870 3798 3926 San-

2147 3957 2249 4012 ctsr
2280 3954 2468 4010 Crucis
2495 3955 2642 4027 apud
2669 3955 2920 4026 Englam.
2957 3957 3071 4011 Hac
3121 3956 3393 4013 cautione
3443 3974 3592 4015 usus
3620 3962 3708 4015 est
3738 3960 3796 4015 in

2146 4043 2258 4099 hoc
2305 4045 2584 4117 rescripto
2615 4045 2891 4117 pontifex,
2922 4044 3164 4114 veritus,
3198 4050 3470 4103 monente
3497 4051 3671 4105 lvone
3695 4048 3797 4121 qui

2145 4134 2273 4187 tum
2306 4132 2365 4187 in
2414 4131 2829 4189 Carnotensem
2879 4133 3220 4206 episcopum
3279 4132 3501 4191 electus
3532 4135 3591 4191 in
3639 4136 3798 4194 curia

2148 4220 2363 4277 Urbani
2392 4225 2519 4279 erat
2548 4221 2723 4294 paulo
2769 4226 2903 4294 post
2939 4222 3012 4278 ab
3043 4239 3113 4279 eo
3137 4224 3593 4293 consecrandus,
3626 4243 3717 4294 ne,
3746 4226 3795 4283 si

2148 4309 2445 4379 Raynaldo
2462 4310 2582 4365 haec
2601 4310 2847 4367 ecclesia
2859 4309 3207 4384 simpliciter
3225 4313 3794 4381 concederetur,eam

2147 4398 2244 4454 ille
2273 4398 2463 4472 pulsis
2509 4398 2736 4456 clericis
2765 4400 2865 4472 qui
2908 4400 2987 4456 ibi
3036 4401 3326 4474 degebant
3375 4402 3446 4458 ad
3482 4403 3797 4461 monachos

2145 4488 2506 4546 transferret.
2538 4489 2601 4545 Id
2632 4493 2828 4546 tamen
2858 4488 3033 4562 paulo
3074 4493 3207 4563 post
3234 4490 3495 4549 evenisse
3515 4491 3798 4551 discimus

387 4576 549 4635 feriri
573 4577 867 4651 praecepit,
898 4575 1015 4633 nisi
1043 4578 1486 4651 quamprimum
1513 4580 1800 4651 apostasia
1832 4595 1946 4635 suae
1976 4583 2034 4635 et
2074 4644 2110 4651 _
2150 4594 2219 4634 ex
2263 4577 2392 4651 ipso
2443 4576 2633 4646 Ivone,
2683 4578 2856 4650 epist.
2888 4579 2959 4633 36
2990 4579 3062 4635 ad
3114 4579 3343 4636 Petrum
3397 4579 3795 4639 Pictavensem

390 4666 541 4727 tanti
569 4644 860 4741 sacrilegii
886 4644 1107 4725 crimen
1139 4644 1481 4739 paenitentia
1509 4644 1799 4740 condigna
1819 4667 2043 4725 diluere
2072 4644 2120 4710 D
2151 4644 2490 4741 episcopum
2517 4686 2531 4737 ;
2555 4644 2625 4722 in
2645 4644 2763 4739 qua
2792 4667 3044 4740 graviter
3071 4669 3351 4726 adversus
3382 4669 3540 4727 hunc
3568 4671 3796 4729 antisti-

391 4759 718 4813 conaretur.
753 4746 919 4823 Hinc,
949 4759 1248 4813 crescente
1272 4755 1403 4811 novi
1420 4755 1550 4826 ejus
1572 4755 1830 4812 instituti
1856 4756 2034 4825 fama,

391 4861 506 4903 non
536 4842 729 4902 solum
759 4843 1055 4901 innumeri
1083 4843 1191 4899 viri
1212 4847 1271 4899 et
1287 4843 1690 4916 mulieres,qui
1708 4843 1767 4900 in
1790 4845 2036 4901 urbibus

387 4938 491 4991 aut
509 4933 570 4990 in
591 4931 1086 4992 monasteriorum
1108 4930 1338 4988 viciniis
1350 4931 2037 4998 commorabantur,illud

384 5026 507 5081 tam
521 5026 793 5081 sanctum
815 5019 1179 5093 propositum
1208 5019 1599 5093 arripuerunt,
1614 5021 1716 5093 qui
1738 5023 1848 5079 sub
1870 5021 2036 5078 cleri-

385 5128 590 5171 corum
619 5114 677 5167 et
731 5107 1157 5167 monachorum
1198 5108 1549 5177 obedientia,
1606 5110 2035 5184 mancipiorum

386 5216 551 5258 more
577 5196 651 5255 iis
681 5198 1010 5271 quotidiani
1041 5197 1206 5272 pensi
1238 5198 1542 5255 servitium
1593 5199 2034 5272 persnlvebant;

386 5301 591 5346 verum
619 5285 799 5343 etiam
827 5287 1029 5345 eadem
1058 5286 1289 5344 vivendi
1320 5287 1508 5344 forma
1536 5287 1595 5344 in
1624 5286 1780 5345 villis
1809 5293 1867 5346 et
1894 5288 2037 5347 locis

390 5373 745 5457 agrestibus,
766 5380 1002 5449 recepta
1023 5377 1131 5432 fuit
1160 5394 1174 5445 ;
1200 5377 1321 5446 ubi,
1342 5380 1490 5434 teste
1515 5377 1717 5433 eodem
1740 5377 2030 5451 Bertoldo,

387 5465 528 5537 ﬁliae
550 5466 882 5521 rusticorum
911 5467 1221 5524 innumerae
1247 5468 1503 5540 conjugio
1533 5469 1585 5522 et
1630 5467 1826 5523 saeculo
1881 5467 2036 5524 abre-

390 5554 666 5619 nuntiare,
691 5561 743 5610 et
778 5553 879 5609 sub
908 5555 1143 5627 alicujus
1168 5555 1456 5613 sacerdotis
1485 5555 1791 5613 obedientia
1834 5558 2035 5625 vivere,

390 5645 442 5698 et
474 5643 747 5713 religiosis
793 5659 916 5698 cum
966 5658 1180 5701 summa
1226 5644 1505 5703 devotione
1530 5660 1642 5702 non
1696 5651 2038 5703 cessaverunt

2143 4760 2263 4813 tem
2294 4757 2672 4830 conqueritur
2699 4758 2855 4829 quod
2888 4761 3020 4830 post
3046 4757 3367 4831 expetitum
3398 4759 3498 4815 diu
3528 4764 3587 4816 et
3618 4760 3796 4834 impe-

2145 4849 2366 4902 tratum
2395 4845 2672 4902 clericum
2706 4845 2843 4902 huic
2872 4845 3147 4920 Englensi
3175 4846 3431 4905 ecclesiae
3474 4849 3792 4922 praeﬁcien-

2146 4934 2311 5001 dum,
2334 4934 2605 4991 eumdem
2638 4938 2842 5008 postea
2870 4934 3284 5008 rcpulisset,ut
3301 4936 3360 4992 in
3379 4953 3450 4993 ea
3468 4937 3795 4995 institueret

2146 5022 2468 5080 monachos
2494 5022 2689 5079 Sancti
2718 5023 3011 5097 Cypriani.
3042 5025 3215 5093 Tum,
3269 5024 3527 5083 laudatis
3577 5025 3793 5083 Urbani

2145 5127 2214 5168 ea
2245 5113 2316 5167 de
2347 5128 2408 5168 re
2436 5111 2670 5179 litteris,
2702 5128 2801 5168 eas
2852 5112 3272 5170 monachorum
3322 5131 3511 5171 caussa
3541 5115 3795 5188 patroci-

2148 5201 2273 5258 nari
2308 5218 2421 5256 non
2444 5201 2653 5257 debere
2685 5200 3003 5270 contendit,
3023 5202 3178 5274 quod
3199 5219 3263 5259 se
3291 5202 3365 5260 ab
3382 5203 3510 5277 ipso
3522 5204 3794 5277 pontifice

2147 5290 2451 5347 rescivisse
2481 5292 2865 5357 contestatur,
2887 5289 2981 5346 cui
3014 5306 3116 5348 eas
3140 5291 3394 5361 dictanti,
3418 5308 3675 5366 praesens
3695 5293 3795 5351 ad-

2147 5380 2358 5444 fuerat,
2398 5395 2515 5434 non
2548 5377 2786 5449 quidem
2816 5395 2851 5434 a
2881 5378 3076 5448 latere,
3106 5384 3172 5437 ut
3200 5398 3264 5438 se
3315 5370 3665 5439 emendasse
3690 5399 3793 5456 pu-

2146 5468 2289 5525 tavit
2316 5466 2553 5523 Juretus
2582 5466 2642 5522 in
2666 5467 2819 5524 notis
2852 5468 2925 5524 ad
2956 5468 3109 5525 hanc
3138 5468 3332 5527 Ivonis
3357 5470 3793 5544 epistolam,sed

2145 5556 2344 5624 Alatri,
2378 5559 2443 5611 ut
2472 5558 2693 5614 veteres
2750 5556 2979 5614 codices
3007 5558 3308 5628 habent,et
3364 5560 3606 5617 omnino
3639 5559 3791 5617 evin-

2148 5648 2289 5701 cunt
2310 5643 2561 5703 laudata
2593 5645 2809 5706 Urbani
2836 5645 3062 5705 litterae.
