4000 6178
187 350 273 415 89
1566 398 1571 401 -
1796 343 1872 411 VI

1988 388 2009 413 .
3525 342 3607 417 90

259 486 379 546 CII.
412 485 594 546 Ivonis
625 484 921 546 Caruoteni
942 483 1237 545 ordinatio.
1290 487 1408 559 Quo
1438 500 1583 544 anno
1610 484 1777 560 facta.

1878 480 1937 551 Α
1966 482 2145 543 denti.
2178 485 2323 545 Cum
2354 483 2509 546 enim
2542 486 2638 548 ille
2669 487 2846 548 fuerit
2875 488 2986 550 sub
3033 490 3210 551 ﬁnem
3241 490 3605 563 Novembris,

262 578 522 635 Multum
551 579 729 635 etiam
758 577 1042 635 laboravit
1069 578 1204 651 pius
1232 578 1491 651 pontifex
1537 576 1647 633 hoc
1689 592 1843 633 anno
1956 578 2023 631 ut
2050 575 2287 648 quidem
2322 583 2571 647 constat,
2605 581 2678 636 ab
2710 581 2941 638 Urbano
2972 581 3031 638 in
3086 581 3252 638 Italia
3278 582 3610 653 ordinatus,

192 685 299 743 pro
331 667 577 725 ecclesia
604 668 1161 741 Carnotensi,quam
1191 666 1506 725 Gaufridus
1536 668 1844 740 episcopus
1956 665 2013 719 in
2050 682 2215 721 suam
2243 666 2543 723 dicccesim
2573 674 2707 725 ante
2738 672 3040 745 sequentis
3076 672 3211 728 anni
3247 673 3457 730 saltem
3491 674 3607 731 ini-

191 758 518 814 multorum
549 757 863 813 criminum
895 774 1048 825 reus,
1075 762 1143 813 ut
1171 774 1241 813 ex
1289 758 1479 813 Ivonis
1512 755 1761 829 epistola
1813 758 1848 811 8
1954 755 2059 821 tia,
2092 772 2360 812 reversus
2391 775 2519 814 esse
2550 775 2664 815 non
2694 759 2902 831 potuit.

192 852 374 920 patet,
408 846 815 903 labefactabat.
850 847 952 902 Hic
974 848 1100 918 jam
1132 850 1265 903 ante
1295 846 1520 919 aliquot
1557 862 1743 901 annos
1774 846 1846 900 ab

196 937 444 1009 Hugone
476 935 672 992 Diensi
704 935 861 992 sedis
877 933 1848 1008 apostolioeinGalliislegato.loco

196 1029 396 1080 motus
426 1023 707 1089 fuerat;at
726 1024 946 1094 injuria
975 1041 1038 1087 se
1067 1025 1519 1080 condemnatum
1551 1028 1847 1090 causatus,

197 1114 450 1170 Romam
484 1112 748 1179 tetendit,
783 1112 883 1168 ubi
929 1129 1064 1167 cum
1115 1112 1315 1168 nullus
1367 1113 1493 1183 ejus
1548 1116 1854 1169 accusator

194 1201 651 1273 comparuisset,
684 1202 821 1256 dato
851 1218 1031 1273 supra
1074 1218 1287 1273 corpus
1334 1201 1487 1256 beati
1534 1200 1686 1257 Petri
1733 1218 1853 1256 cor-

194 1306 337 1363 pom
384 1294 776 1357 sacramento,
808 1306 940 1344 eum
992 1308 1027 1345 a
1072 1290 1343 1346 Simonis:
1395 1290 1525 1346 labe
1557 1294 1854 1363 utcunque

193 1382 523 1452 purgatum
552 1377 868 1451 Gregorius
909 1378 1006 1434 VII
1039 1379 1161 1434 sedi
1209 1396 1327 1433 suis
1360 1378 1710 1435 restituerat.
1745 1379 1853 1434 Ve-

198 1486 329 1525 rum
361 1468 664 1524 renovatis
694 1471 897 1540 postea
926 1473 1127 1523 contra
1158 1467 1326 1523 illum
1358 1467 1852 1536 accusationibus,

195 1574 330 1614 cum
364 1558 502 1629 ejus
531 1555 780 1612 crimina
811 1556 1040 1612 Urbano
1081 1555 1254 1629 plane
1304 1556 1717 1623 innotuissent,
1751 1573 1857 1613 nec

196 1645 291 1703 ille
321 1662 459 1702 sese
482 1646 556 1701 ab
582 1645 667 1700 eis
696 1644 1018 1700 innocuum
1052 1646 1296 1717 probare
1326 1644 1628 1711 valuisset,
1652 1662 1857 1700 rursus

197 1753 225 1792 e
255 1752 371 1792 sua
397 1734 544 1790 sede
576 1734 919 1790 auctoritate
964 1734 1257 1806 pontificis
1307 1734 1514 1806 pulsus
1564 1739 1674 1797 est,
1708 1735 1859 1789 facta

2027 844 2243 901 Verum
2269 847 2375 902 etsi
2404 846 2526 902 hzec
2554 849 2755 904 omnia
2784 866 2904 904 rem
2936 851 3174 906 omnino
3215 870 3331 908 non
3381 852 3607 911 evince-

1960 938 2109 1001 rent,
2145 938 2299 990 certa
2330 940 2522 991 tamen
2550 952 2679 993 esse
2708 937 2936 994 videtur
2960 956 3028 995 ex
3058 939 3370 1012 ipsiusmet
3419 943 3610 1001 Ivonis

1961 1023 2317 1080 testimonio.
2352 1023 2405 1079 Is
2436 1024 2590 1080 enim
2632 1025 2882 1098 epistola
2922 1029 2994 1082 67
3042 1027 3274 1086 Urbano
3326 1032 3609 1102 pontifici,

1963 1128 2136 1184 quem
2182 1114 2463 1169 adversus
2507 1131 2569 1171 se
2618 1115 2885 1171 nonnihil
2928 1121 3288 1174 commotum
3321 1120 3610 1188 audierat,

1963 1201 2248 1267 scribens,
2284 1208 2449 1273 rogat
2497 1220 2653 1270 eum,
2687 1208 2752 1259 ut
2779 1206 2903 1275 jam
2931 1209 3205 1262 transacto
3253 1212 3511 1279 septenio,
3544 1226 3615 1266 ex

1964 1306 2079 1361 quo
2129 1292 2347 1346 vincam
2389 1292 2498 1347 sibi
2546 1295 2894 1349 commissam
2920 1311 3019 1366 pro
3055 1311 3151 1350 suo
3177 1313 3333 1367 posse
3359 1299 3616 1354 excolue-

1964 1388 2070 1447 ναι,
2104 1378 2276 1436 liceat
2304 1382 2538 1437 tandem
2573 1382 2686 1438 sibi
2716 1388 2902 1439 octavo
2933 1402 3079 1441 anno
3124 1402 3252 1442 eam
3302 1386 3612 1453 dimittere.

1967 1470 2040 1523 At
2070 1468 2119 1523 si
2152 1485 2306 1525 anno
2339 1471 2498 1536 1092,
2530 1488 2647 1543 quo
2688 1471 2949 1545 plerique
2996 1475 3227 1530 Ivonem
3279 1477 3616 1534 ordinatum

1968 1557 2151 1614 fuisse
2200 1559 2422 1625 vol-int,
2472 1564 2694 1632 septem
2744 1579 2928 1618 annos
2976 1563 3345 1635 adjiciamus,
3379 1566 3618 1624 omnino

1968 1648 2665 1719 completos,babebimus
2696 1651 2873 1707 ﬁnem
2906 1653 3044 1708 anni
3080 1655 3236 1721 1099,
3259 1671 3375 1727 quo
3406 1658 3501 1713 Ivo
3530 1674 3617 1714 oc-

1966 1739 2155 1792 tavum
2183 1736 2272 1792 sui
2324 1739 2696 1811 episcopatus
2727 1757 2948 1796 annum
2998 1742 3321 1816 incmperit.
3354 1745 3501 1801 Nam
3532 1746 3618 1802 uti

198 1823 668 1926 Camotensibus
696 1827 997 1924 potestate.
1023 1822 1202 1923 alium
1247 1823 1573 1880 antistitem
1625 1825 1684 1880 in
1731 1825 1859 1895 ejus
1891 1860 1941 1926 Β
1970 1830 2195 1883 certum
2248 1832 2356 1895 est,
2407 1844 2610 1885 mense
2657 1829 2968 1886 Novembri
3019 1832 3213 1889 Romae
3245 1840 3622 1892 consecratus

198 1913 397 1970 locum
428 1912 869 1981 substituendi;
899 1912 997 1985 qui
1033 1912 1233 1969 statim
1279 1913 1541 1969 unanimi
1573 1931 1863 1970 consensu
1892 1912 1939 1926 “’
1972 1918 2079 1970 est.
2111 1913 2325 1970 Verum
2359 1915 2415 1970 id
2448 1917 2562 1973 dici
2594 1935 2709 1974 non
2741 1922 2951 1992 potest,
2982 1937 3116 1976 cum
3157 1921 3284 1993 jam
3336 1926 3479 1979 tunc
3517 1923 3622 1980 Ur-

200 2003 647 2074 Ivonem,quem
682 2000 802 2057 illis
826 2000 1096 2057 Urbanus
1127 2003 1657 2068 commendaverat,
1683 2003 1866 2075 elege-

202 2097 360 2147 runt.
382 2093 461 2147 At
493 2091 731 2147 Ivonem
761 2107 1102 2147 consecrare
1133 2091 1421 2147 recusavit
1438 2091 1746 2147 Ricberius
1764 2094 1867 2148 Se-

205 2180 491 2237 nouensis
521 2178 1035 2251 metropolitanus,
1062 2180 1163 2253 qui
1195 2181 1580 2237 contendebat
1602 2182 1866 2238 Gaufridi

204 2268 747 2325 exauctorationem
795 2273 998 2324 contra
1026 2285 1282 2325 canones
1332 2270 1542 2326 factam
1589 2270 1770 2327 fuisse
1795 2271 1865 2326 ob

212 2359 288 2426 id,
325 2358 490 2431 quod
523 2358 655 2428 eius
683 2374 874 2414 causae
906 2357 1158 2431 cognitio
1190 2358 1447 2431 primum
1478 2377 1594 2416 ase
1625 2361 1870 2433 suisque

204 2446 808 2520 comprovincialibus
839 2446 1128 2520 episcopis
1177 2448 1297 2505 fieri
1350 2450 1669 2520 debuisset,
1706 2455 1868 2506 ante-

206 2554 389 2609 quam
421 2536 501 2592 ad
530 2535 899 2608 pontiﬁcium
931 2536 1190 2593 tribunal
1224 2537 1563 2595 deferretur.
1600 2540 1744 2595 Hinc
1774 2545 1870 2596 Ivo

207 2625 354 2680 nihil
373 2641 439 2681 se
451 2626 615 2698 apud
634 2624 971 2681 Richerium
986 2627 1226 2683 obtentu
1236 2644 1365 2682 rum
1389 2627 1508 2683 fore
1526 2628 1868 2700 praevidens,

209 2715 521 2771 Urbanum
552 2714 717 2782 adiit,
750 2732 785 2770 a
816 2732 953 2787 quo,
988 2721 1052 2770 ut
1100 2716 1347 2788 ipsemet
1375 2717 1654 2789 pontifex,
1688 2718 1746 2773 in
1780 2718 1871 2773 lit-

211 2805 352 2860 teris
385 2822 457 2860 ea
487 2804 562 2860 de
594 2821 653 2859 re
694 2804 846 2860 datis
899 2808 1168 2873 testatur,
1204 2807 1356 2861 salva
1402 2807 1647 2864 ecclesiae
1694 2808 1872 2863 Seno-

213 2894 384 2950 nensi
418 2894 609 2949 debita
636 2894 966 2961 obcdientz‘a,
994 2902 1371 2950 consecratus
1399 2900 1516 2963 est;
1549 2899 1605 2951 et
1636 2896 1873 2968 quidem

223 2985 330 3039 sub
365 2984 553 3039 ﬁnem
584 2983 948 3049 Novembris,
985 2989 1048 3039 ut
1080 2984 1135 3039 in
1169 2984 1241 3040 iis
1270 2984 1479 3040 litteris
1509 2985 1873 3058 exprimitur,

222 3073 322 3128 sed
353 3073 587 3144 absque
608 3070 784 3127 ullius
806 3071 945 3127 anni
976 3071 1568 3145 designatione.Unde
1589 3074 1876 3131 incertum

1973 2003 2164 2059 banus
2196 2003 2508 2062 defunctus
2537 2010 2930 2080 esset,nempe
2956 2025 3156 2065 mense
3171 2009 3327 2066 Julio
3357 2012 3624 2083 ejusdem

1975 2091 2113 2148 anni
2147 2093 2220 2149 ad
2255 2092 2431 2149 caelos
2479 2099 2841 2167 assumptus.
2875 2097 2997 2153 Imo
3029 2114 3162 2153 cum
3214 2098 3335 2155 haec
3381 2099 3627 2174 epistola

1976 2184 2108 2253 post
2138 2181 2436 2237 Natalium
2467 2183 2681 2240 Christi
2715 2185 3111 2257 festivitatem,
3145 2192 3209 2243 ut
3255 2188 3503 2260 ipsemet
3532 2190 3625 2247 Ivo

1977 2269 2055 2324 ibi
2090 2269 2329 2337 indicat,
2364 2272 2582 2345 scripta
2614 2274 2807 2339 fuerit,
2841 2275 2912 2329 ad
2964 2292 3184 2330 annum
3236 2278 3393 2342 1111,
3428 2278 3625 2350 proin-

1978 2358 2166 2429 deque
2198 2358 2368 2432 longe
2400 2365 2532 2431 post
2564 2360 2778 2417 Urbani
2830 2362 3055 2418 obitum
3087 2364 3422 2421 deﬂ'erenda
3450 2370 3624 2435 esset,

1978 2448 2134 2518 quod
2168 2465 2308 2504 sane
2338 2466 2507 2505 nemo
2533 2450 2982 2508 dixerit.0mnia
2997 2468 3127 2508 vero
3141 2453 3312 2525 juxta
3335 2453 3626 2521 calculum

1980 2540 2246 2592 nostrum
2281 2539 2545 2612 apprime
2578 2539 2688 2596 sibi
2721 2541 3264 2597 concordant.Hanc
3284 2544 3499 2616 quippe
3514 2545 3630 2617 epi-

1981 2624 2194 2681 stolam
2234 2626 2399 2683 initio
2432 2628 2569 2683 anni
2599 2629 2757 2695 1099,
2790 2646 2907 2701 quo
2940 2630 3130 2686 adhuc
3169 2632 3398 2705 vigebat
3447 2633 3629 2690 Urba-

1982 2730 2117 2781 nus,
2153 2716 2224 2796 ab
2257 2717 2425 2773 lvone
2455 2718 2737 2790 scriptam
2772 2719 2954 2775 tuisse
3005 2719 3278 2789 dicimus,
3310 2737 3444 2777 cum
3490 2726 3632 2779 tunc

1982 2819 2203 2859 annum
2238 2806 2329 2861 sui
2361 2805 2760 2879 episcOpatus,
2792 2807 3084 2880 siquidem
3119 2826 3272 2865 anno
3304 2810 3437 2866 1091
3474 2810 3630 2868 ince-

1984 2891 2090 2963 pit,
2119 2897 2387 2949 octavum
2422 2895 2739 2952 inchoaret.
2777 2896 2889 2951 Res
2938 2897 3114 2952 etiam
3163 2897 3219 2953 in
3271 2915 3339 2954 ea
3385 2899 3634 2972 epistola

1986 2981 2168 3038 relata
2199 3000 2349 3039 anno
2382 2984 2522 3039 1099
2545 2985 2914 3053 conveniunt,
2945 2986 3240 3043 coronatio
3280 3004 3488 3061 nempe
3535 3005 3632 3045 re-

1985 3070 2076 3142 gis
2108 3070 2360 3145 Philippi
2404 3090 2437 3129 a
2467 3072 2715 3129 Rodulfo
2747 3073 3182 3147 archiepiscopo
3211 3076 3537 3134 Turonensi
3570 3077 3629 3133 in

223 3162 377 3233 apud
412 3165 690 3217 auctores
732 3161 951 3216 mansit
993 3178 1107 3233 quo
1156 3179 1310 3217 anno
1358 3162 1436 3218 sit
1479 3163 1880 3236 consignanda
1921 3232 1950 3236 μ
1988 3160 2333 3232 praecedenti
2386 3163 2531 3217 festo
2579 3162 2911 3218 Nativitatis
2961 3162 3173 3219 Christi
3224 3164 3532 3232 celebrata,
3575 3169 3634 3223 et

224 3252 419 3307 Ivonis
447 3250 837 3317 consecratio,
872 3268 1049 3322 quam
1082 3250 1202 3317 alii,
1235 3268 1387 3307 anno
1421 3252 1578 3320 1090,
1609 3252 1874 3309 nonnulli
1909 3232 1952 3298 C
1988 3250 2234 3305 Joannis
2260 3251 2571 3321 cujusdam
2599 3250 2899 3323 juvenisin
2926 3250 3402 3308 Aurelianensem
3418 3254 3633 3325 episco~

222 3358 355 3397 vero
388 3341 555 3406 1091,
585 3343 693 3395 aut
712 3339 891 3395 etiam
924 3339 1189 3411 sequenti
1222 3341 1433 3396 factam
1486 3340 1666 3398 fuisse
1697 3341 1878 3416 scrip-

229 3433 451 3487 serunt.

295 3519 459 3575 Hanc
493 3518 766 3573 Labbeus
796 3535 949 3573 anno
980 3519 1111 3573 1091
1160 3519 1547 3589 consignavit,
1580 3521 1735 3593 quod
1785 3521 1879 3576 lvo

230 3609 317 3664 die
347 3610 425 3664 13
449 3606 953 3679 Novembris,quaa
984 3623 1052 3663 eo
1081 3623 1234 3663 anno
1259 3608 1315 3663 in
1347 3608 1713 3665 Dominicam
1735 3609 1878 3665 inci-

229 3698 502 3761 debat,ab
526 3695 760 3752 Urbano
791 3701 1164 3752 consecratus
1193 3697 1373 3753 fuisse
1401 3698 1637 3754 dicitur.
1662 3700 1730 3754 Et
1759 3699 1882 3772 qui-

228 3787 441 3854 d,si
473 3787 624 3841 bene
649 3784 806 3840 idem
840 3789 1044 3841 auctor
1070 3786 1477 3858 Stampensem
1500 3788 1790 3860 synodum
1809 3789 1880 3843 ad

230 3891 454 3931 annum
483 3874 626 3930 1092
654 3874 1160 3939 revocavit,Ivonis
1191 3875 1499 3945 ordinatio,
1530 3892 1656 3949 quae
1683 3894 1883 3933 mense

225 3962 796 4019 Novembriexeunte
810 3963 965 4019 facta
994 3967 1102 4032 est,
1120 3964 1193 4019 ad
1220 3965 1637 4036 praecedentem
1657 3982 1879 4021 annum

227 4051 568 4110 necessario
616 4052 815 4108 referri
863 4053 1066 4120 debet;
1109 4056 1336 4109 certum
1387 4054 1602 4126 quippe
1641 4054 1698 4108 in
1730 4054 1882 4110 hanc

227 4142 523 4215 synodum
542 4157 577 4195 a
596 4139 864 4196 Richerio
886 4140 1331 4213 metropolitano
1344 4146 1719 4198 oonvocatam
1738 4144 1879 4199 fuis-

227 4248 289 4287 se
307 4233 383 4288 ad
403 4229 851 4286 rescindendam
874 4230 1063 4286 Ivonis
1079 4229 1527 4301 ordinationem,
1553 4247 1730 4303 quam
1745 4249 1881 4288 con-

230 4326 315 4376 ιη
328 4334 590 4376 canones
606 4319 818 4375 factam
834 4318 1108 4389 fuisse,ut
1128 4336 1261 4375 mox
1276 4320 1638 4385 dicebamus,
1648 4325 1884 4377 conten-

229 4410 427 4464 debat.
462 4408 635 4463 Favet
664 4407 801 4463 huic
832 4406 1056 4463 calculo
1087 4424 1205 4462 una
1235 4408 1438 4463 charta
1469 4425 1503 4464 a
1529 4409 1732 4465 Jureto
1756 4410 1882 4466 lau-

229 4499 533 4569 data,qua3
559 4498 696 4553 data
725 4496 939 4552 dicitur
966 4513 1114 4553 anno
1143 4514 1252 4552 xxv
1282 4496 1473 4553 Ivonis
1503 4500 1842 4570 episcopatus
1861 4517 1882 4562 ;

1987 3354 2127 3411 pum
2161 3338 2482 3406 electio,die
2513 3342 2848 3394 sanctorum
2872 3340 3439 3395 Innocentiumznam
3456 3341 3633 3412 hujus

1987 3431 2044 3483 et
2072 3427 2199 3499 ejus
2232 3427 2426 3483 mmuli
2474 3427 2804 3483 Sanctionis
2854 3429 3089 3483 nomine
3136 3429 3633 3487 consecrationem

1987 3515 2298 3572 Sausseius
2332 3533 2401 3571 ex
2448 3516 2841 3572 Monumentis
2889 3515 3153 3572 Ecclesia:
3200 3515 3636 3576 Aurelianensis

1990 3604 2059 3661 ad
2094 3621 2311 3659 annum
2348 3605 2488 3660 1099
2519 3621 2578 3660 re
2610 3604 2741 3678 ipsa
2770 3603 3153 3679 cénsignavit,
3188 3608 3490 3680 septennio
3522 3610 3637 3666 sci-

1986 3692 2143 3759 licet,
2181 3698 2244 3749 ut
2274 3692 2618 3762 observavit,
2652 3698 2784 3768 post
2815 3695 3005 3751 Ivonis
3052 3695 3363 3753 Caruoteni
3411 3698 3640 3755 ordina-

1989 3782 2229 3839 tionem.

2057 3873 2148 3939 At,
2182 3870 2434 3944 inquies,
2466 3871 2804 3945 Sigebertus
2833 3875 3038 3927 auctor
3069 3871 3282 3944 gravis,
3317 3872 3416 3943 qui
3446 3873 3637 3929 Ivonis

1990 3964 2156 4015 (etate
2185 3960 2568 4031 vivebat,ejus
2599 3960 3025 4016 ordinationem
3057 3961 3125 4015 ad
3159 3978 3378 4015 annum
3409 3962 3548 4016 1092
3578 3961 3638 4017 in

1989 4049 2276 4106 Chronico
2308 4065 2414 4104 suo
2446 4047 2662 4104 retulit.
2695 4049 2935 4111 Verum,
2967 4046 3074 4103 etsi
3118 4046 3211 4102 hic
3260 4047 3423 4104 locus
3473 4048 3553 4104 ita
3577 4048 3637 4104 in

1992 4137 2292 4193 nonnullis
2341 4137 2612 4210 Sigiberti
2671 4135 3103 4209 exemplaribus
3160 4135 3466 4207 habeatur,
3529 4136 3639 4194 hoc

1989 4232 2187 4282 tamen
2219 4225 2683 4282 additamentum
2726 4240 2854 4281 esse
2903 4229 3061 4297 patet
3090 4242 3157 4281 ex
3187 4224 3317 4281 aliis
3347 4225 3637 4299 exempla-

1992 4316 2180 4383 ribus,
2213 4315 2272 4370 in
2306 4314 2521 4388 quibus
2551 4314 2671 4370 haec
2711 4313 2887 4370 verba
2916 4331 3031 4369 non
3082 4319 3440 4386 comparent.
3474 4316 3642 4372 Certe

1992 4405 2402 4461 desiderantur
2431 4404 2489 4459 in
2523 4404 2699 4459 Miraai
2734 4402 3008 4473 editione,
3041 4420 3168 4475 quae
3204 4404 3427 4461 caeteris
3471 4422 3639 4461 accu~

1992 4493 2172 4550 ratior
2204 4498 2310 4549 est.
2362 4494 2434 4548 At
2479 4492 2769 4549 fateamur
2814 4493 2871 4548 id
2920 4509 2955 4547 a
2998 4492 3299 4565 Sigeberto
3350 4491 3642 4567 scriptum

229 4586 373 4659 quin
404 4590 467 4642 et
493 4586 623 4659 ipso
654 4586 749 4642 Ivo
778 4585 838 4641 in
869 4585 1053 4641 altera
1078 4585 1497 4658 charta,quam
1528 4586 1684 4642 idem
1716 4587 1883 4643 Jure-
1914 4602 1960 4668 D
1993 4584 2194 4640 fuisse.
2230 4583 2284 4638 Is
2315 4598 2477 4649 sane,
2511 4581 2663 4638 sicut
2691 4586 2749 4637 et
2777 4581 2929 4637 alius
2962 4582 3207 4654 quilibet
3244 4591 3465 4652 auctor,
3499 4582 3640 4639 scri-

230 4682 325 4731 tus
356 4673 806 4743 refert,totidem
828 4675 918 4731 sui
946 4676 1316 4748 episcopatus
1333 4692 1518 4732 annos
1534 4692 1885 4733 commemo-

231 4763 500 4829 rat.At,si
531 4763 604 4820 ab
633 4778 788 4820 anno
819 4765 958 4820 1115
988 4769 1090 4819 aut
1118 4764 1539 4836 sequenti,qco
1572 4765 1882 4823 defunctus

232 4851 330 4907 Ivo
377 4851 616 4919 dicitur,
648 4851 1032 4908 detrahantur
1062 4851 1201 4908 anni
1244 4851 1326 4907 illi
1359 4852 1565 4925 viginti
1596 4854 1881 4925 quinque,

236 4956 387 5013 quos
416 4940 473 4996 in
502 4941 846 5013 episcopatu
866 4940 1126 5013 integros
1146 4940 1406 5014 exegisse
1436 4945 1537 4997 aut
1566 4940 1773 4998 saltem
1801 4942 1887 4998 in-

231 5028 478 5085 choasse
506 5029 812 5086 fatendum
859 5033 967 5098 est,
998 5029 1329 5087 invenietur
1370 5047 1523 5086 anno
1571 5030 1732 5097 1091,
1768 5048 1883 5104 quo

231 5117 479 5191 proinde
507 5118 637 5189 ejus
662 5119 954 5175 ordinatio
976 5117 1310 5191 consignari
1340 5119 1530 5174 debet.
1565 5119 1666 5174 His
1710 5136 1885 5193 argu-

232 5206 453 5263 mentis
468 5206 805 5283 addendum
838 5211 927 5264 est
952 5211 1122 5264 vetus
1152 5208 1609 5261 instrumentum
1644 5208 1889 5282 θωπεί-

230 5297 329 5352 dio
360 5295 459 5352 Bri
488 5294 552 5351 in
581 5295 839 5354 Historia
866 5295 1180 5353 Perticensi
1216 5294 1488 5362 relatum,
1522 5312 1637 5368 quo
1670 5296 1888 5353 Rober-

230 5390 330 5441 tus
374 5385 449 5440 de
494 5383 750 5441 Belismo
801 5382 1107 5441 ecclesiam
1158 5384 1343 5440 sancti
1395 5384 1678 5440 Leonardi
1738 5384 1886 5441 Beli-

232 5473 492 5529 smensis
512 5473 818 5531 monachis
842 5473 1450 5545 Maioris-Monasterii
1470 5472 1713 5529 tradidit
1733 5490 1887 5530 anno

235 5561 499 5631 1092;cui
531 5562 769 5633 quidem
802 5563 1015 5619 chartae
1044 5560 1499 5634 subscripsitlvo
1521 5562 1647 5633 jam
1665 5561 1888 5634 episco-

234 5668 369 5724 pus,
406 5651 769 5724 proindeque
799 5657 1172 5709 consecratus
1224 5668 1378 5707 anno
1422 5649 1628 5708 saltem
1680 5669 1888 5726 praece-

1991 4673 2125 4729 bere
2176 4670 2369 4744 potuit
2398 4671 2632 4728 Ivonem
2680 4687 2833 4726 anno
2860 4671 3001 4727 1092
3029 4671 3417 4728 Carnotenam
3444 4674 3641 4730 sedem

1990 4761 2212 4829 iniisse,
2248 4760 2465 4833 quippe
2512 4776 2647 4816 cum
2691 4760 2801 4815 sub
2851 4761 3233 4833 praecedentis
3281 4761 3419 4818 anni
3464 4762 3640 4817 fidem

1990 4851 2196 4923 Capua:
2231 4851 2290 4905 in
2341 4847 2505 4905 [talia
2534 4849 2606 4905 ab
2657 4848 2889 4904 Urbano
2916 4856 3293 4907 consecratus
3323 4850 3519 4916 fuerit,
3550 4864 3640 4905 re-

1989 4956 2125 4995 vera
2150 4937 2386 4995 nonnisi
2417 4954 2570 4993 anno
2603 4938 2740 4992 1092
2780 4938 2969 5010 potuit
3016 4956 3135 4995 suis
3189 4936 3455 4994 Ecclesiae
3506 4954 3642 5010 pos-

1993 5028 2315 5084 sessionem
2349 5027 2530 5083 adire.
2562 5026 2689 5082 Haec
2723 5027 3003 5084 adversus
3032 5045 3132 5084 eos
3164 5027 3265 5098 qui
3319 5025 3510 5082 Ivonis
3549 5043 3642 5083 or-

1995 5116 2355 5173 dinationem
2386 5114 2541 5171 ultra
2570 5132 2789 5172 annum
2822 5117 2956 5171 1091
2986 5115 3281 5172 differunt.

2067 5209 2138 5261 At
2167 5205 2286 5273 alii,
2308 5208 2373 5260 ut
2400 5204 2724 5260 Souchetus
2756 5203 2814 5259 in
2847 5205 3009 5260 Notis
3039 5204 3110 5258 ad
3140 5203 3640 5277 lvonisepistolas,

1996 5294 2173 5351 aliam
2221 5292 2631 5350 difficultatem
2673 5298 2924 5349 movent.
2960 5292 3002 5349 li
3036 5292 3257 5366 quippe
3284 5296 3647 5353 contendunt

1996 5384 2187 5440 Ivonis
2215 5383 2642 5440 ordinationem
2674 5381 2829 5437 ultra
2857 5398 3079 5437 annum
3112 5384 3251 5439 1090
3279 5383 3497 5440 differri
3529 5402 3644 5442 non

1996 5490 2187 5545 posse,
2218 5472 2395 5546 idque
2426 5472 2677 5545 probant
2699 5487 2767 5526 ex
2789 5486 2856 5526 eo
2886 5472 3042 5542 quod
3094 5489 3245 5529 anno
3298 5475 3438 5529 1115
3486 5474 3645 5530 obie-

1998 5564 2093 5631 rit,
2126 5580 2259 5619 cum
2278 5564 2403 5634 jam
2437 5576 2621 5617 annos
2653 5576 2762 5614 xxv
2791 5560 3161 5635 episcOpatus
3193 5562 3399 5620 saltem
3418 5562 3642 5636 attigis-

1998 5657 2106 5710 set.
2152 5652 2390 5719 Deinde,
2442 5650 2688 5723 ipsemct
2718 5665 2807 5724 ep.
2842 5651 2947 5707 268
2974 5651 3207 5709 Waloni
3254 5651 3643 5709 Bellovacensi
