4000 6178
318 292 389 394 9}
1620 299 1688 363 B.
1737 297 1951 365 nam,

2072 302 2124 366 ll
2169 303 2415 369 PAPIE.
3645 308 3727 372 92

319 434 570 512 aliisque
598 434 888 512 episcOpis
918 434 976 494 in
1005 432 1272 506 concilio,
1307 439 1392 493 uti
1422 431 1671 505 videtur,
1705 429 1960 494 Bellova-
1990 435 2046 504 Α
2075 434 2259 513 phum
2292 434 2796 515 archiepiscOpum
2828 439 3174 501 Remensem
3225 439 3432 500 scribit
3475 437 3547 499 de
3585 457 3725 499 ccn-
3778 490 3787 495 ,

318 526 476 585 censi
510 544 710 585 mense
740 527 1043 585 Decembri
1077 544 1228 585 anno
1261 527 1397 582 1114
1426 522 1623 581 habito
1655 540 1966 600 congrega-

316 619 394 674 tis
422 617 945 690 inscripta,diserte
971 618 1052 673 ait
1083 633 1144 673 se
1165 618 1293 688 jam
1320 616 1514 686 viginti
1541 616 1779 687 quinque
1802 618 1964 671 annis

2079 528 2472 602 sanguinitate
2526 546 2651 603 quae
2709 530 2860 588 inter
2911 531 3193 590 Flandrias
3252 529 3484 589 comitis
3532 530 3723 588 filium

2072 623 2129 673 et
2182 619 2362 675 ﬁliam
2430 620 2664 678 comitis
2719 621 3083 679 Rodonensis
3147 622 3564 689 intercedebat,
3623 621 3726 677 ubi

316 711 375 764 in
419 709 729 780 episcopatu
776 716 1051 763 moratum
1095 708 1288 778 fuisse.
1341 705 1604 776 Denique
1650 704 1709 759 in
1762 705 1967 761 charta
2075 713 2419 779 praesentem
2469 726 2532 766 se
2581 711 2765 767 fuisse
2813 710 2894 767 ait
2940 713 2999 768 in
3049 711 3211 768 curia
3255 713 3536 781 Romana,
3588 727 3725 767 cum

317 798 571 870 quadam
616 798 754 853 data
805 798 1004 852 eodem
1057 811 1209 850 anno
1262 795 1419 858 1114,
1474 793 1770 850 Paschalis
1802 812 1962 868 papae

315 905 506 944 annus
535 904 627 941 xvr
666 902 800 940 cum
851 885 1040 940 Ivonis
1072 902 1184 940 xxv
1217 883 1606 955 componitur.
1638 884 1772 948 Qua:
1822 900 1963 939 sane

314 975 764 1051 probantlvonis
782 972 1208 1030 ordinationem
1233 973 1303 1029 ad
1330 989 1631 1028 summum
1654 989 1809 1028 anno
1825 974 1963 1028 1090

315 1066 524 1122 debere
553 1063 907 1136 consignari.
942 1063 1156 1117 Verum
1189 1061 1239 1116 si
1270 1060 1458 1116 Ivonis
1498 1060 1694 1116 obitus
1744 1061 1813 1116 ad
1863 1079 1963 1117 an-

314 1172 458 1211 num
488 1155 647 1221 1116,
681 1158 745 1208 ut
774 1150 1058 1208 nonnulla
1089 1150 1437 1206 Kalendaria
1467 1150 1703 1216 habent,
1737 1166 1961 1207 revoce-

312 1250 430 1312 tur,
451 1243 611 1298 nulla
640 1241 749 1297 erit
777 1241 933 1296 circa
961 1240 1089 1311 ejus
1117 1238 1489 1311 episcopatus
1518 1254 1670 1292 anno
1703 1236 1960 1292 difficul-

310 1337 421 1389 tas.
455 1333 621 1387 Tunc
648 1330 861 1402 quippe
886 1329 1057 1385 etiam
1089 1344 1240 1383 anno
1275 1327 1405 1381 1091
1441 1325 1959 1392 ordinatus,annos

309 1422 517 1496 viginti
547 1421 809 1494 quinque
832 1419 1205 1492 episcopatus
1236 1432 1512 1472 emensus
1542 1432 1573 1471 e
1602 1415 1722 1471 vita
1766 1432 1959 1471 exces-

310 1513 458 1569 sisse
507 1511 619 1571 dici
666 1513 876 1584 potest.
926 1512 998 1564 At
1048 1506 1255 1565 demus
1303 1523 1438 1562 eum
1488 1522 1641 1561 anno
1690 1505 1848 1572 1115,
1894 1508 1960 1560 ut

308 1601 656 1659 Carnotenia
705 1597 1118 1672 martyrolcgia
1164 1597 1502 1670 praeferunt,
1553 1595 1788 1662 obiisse,
1821 1612 1956 1651 cum

308 1692 437 1763 ejus
486 1707 644 1746 mors
698 1686 1202 1745 consentientibus
1258 1685 1555 1754 omnibus,
1611 1684 1723 1740 sub
1779 1683 1955 1739 finem

307 1779 643 1837 Decembris
674 1776 1013 1851 contigerit;
1047 1775 1224 1832 etiam
1246 1775 1418 1846 juxta
1451 1773 1630 1873 illum
1662 1772 1954 1872 calculum
1987 1811 2035 1876 B

307 1870 402 1926 Ivo
451 1886 672 1924 annum
722 1867 812 1922 sui
866 1865 1240 1938 episc0patus
1290 1862 1632 1918 vicesimum
1682 1862 1954 1934 quintum

307 1959 574 2032 attigisse
603 1956 886 2013 dicendus
917 1957 1025 2019 est,
1058 1970 1123 2009 ac
1175 1952 1420 2025 proinde
1450 1951 1576 2023 ipse
1607 1950 1781 2007 etiam
1813 1951 1954 2005 seri.-

304 2050 440 2105 bere
472 2046 660 2120 potuit
686 2044 862 2119 paulo
893 2048 1026 2099 ante
1057 2046 1303 2098 mortem
1329 2058 1389 2096 se
1413 2041 1540 2111 jam
1571 2040 1770 2112 viginti
1792 2040 1957 2111 quin-

306 2154 418 2210 que
445 2134 908 2206 annos,rotundo
939 2134 1274 2200 numero,ut
1303 2130 1427 2186 fieri
1459 2128 1699 2194 solet,in
1732 2128 1954 2200 episco-

304 2231 440 2299 patu
476 2227 765 2281 moratum
803 2223 1002 2279 fuisse.
1037 2221 1277 2276 Gravior
1305 2223 1394 2274 est
1424 2218 1607 2274 altera
1635 2214 1952 2285 diﬁcultas,

305 2315 354 2371 si
400 2315 681 2371 mendum
729 2311 960 2367 nullum
1009 2309 1069 2364 in
1119 2308 1451 2380 exemplum
1499 2307 1712 2362 chartae
1743 2323 1777 2361 a
1808 2308 1955 2362 Scu-

302 2404 469 2461 cheto
504 2403 753 2459 laudata:
785 2398 1102 2473 irrepserit.
1122 2400 1193 2454 At
1225 2415 1341 2453 non
1370 2400 1534 2453 tanta
1564 2395 1798 2451 videtur
1825 2412 1955 2451 esse

302 2493 483 2565 hujus
515 2492 823 2566 fragmenti
843 2489 1159 2546 auctoritas
1172 2492 1235 2542 ut
1256 2490 1545 2559 receptam
1570 2486 1643 2541 ab
1665 2483 1954 2541 universis

276 2580 663 2644 auctoribus,
698 2579 874 2634 etiam
907 2576 1187 2648 antiquis,
1224 2575 1325 2647 qui
1357 2590 1562 2630 omnes
1595 2572 1784 2628 Ivonis
1805 2572 1954 2628 ordi-

304 2671 599 2729 nationem
632 2668 785 2724 ultra
814 2683 1036 2723 annum
1082 2665 1223 2720 1090
1269 2664 1568 2729 differunt,
1601 2661 1953 2719 sententiam

302 2759 525 2816 elevare
555 2757 826 2830 possit.Si
859 2756 995 2828 quis
1021 2759 1217 2811 tamen
1239 2753 1392 2809 hanc
1424 2757 1524 2809 aut
1555 2750 1953 2809 simileschan

301 2852 394 2906 tas
422 2846 764 2904 indubitatae
795 2844 1032 2901 omnino
1066 2842 1197 2899 fidei
1235 2857 1364 2898 esse
1412 2839 1760 2913 probaverit,
1793 2839 1950 2895 haud

301 2937 556 2993 multum
588 2934 1084 3009 refragabor,cum
1119 2931 1390 2988 Urbanus
1416 2930 1474 2985 in
1506 2928 1948 3002 Campania,ubi

301 3026 533 3083 Ivonem
563 3022 874 3088 ordinavit,
898 3039 1059 3093 aeque
1084 3036 1237 3077 anno
1271 3021 1410 3075 1090
1439 3036 1505 3074 ac
1535 3018 1801 3091 sequenti
1823 3034 1950 3073 ver-

300 3119 463 3172 satus
495 3114 688 3184 fuerit,
719 3117 777 3168 et
806 3114 1153 3185 argumenta
1183 3126 1311 3182 quae
1352 3108 1705 3180 protulimus
1754 3106 1811 3162 id
1843 3123 1943 3179 po-

2072 814 2274 853 eorum
2306 798 2663 872 genealogis,
2690 801 2935 872 jubente
2964 802 3195 857 Urbano
3229 818 3396 873 papa,
3429 800 3726 857 examina-

2073 890 2252 943 retur.

2298 976 2436 1033 CIII.
2471 977 2755 1036 Flandriae
2775 979 2914 1035 cieri
2941 979 3167 1035 libertas
3195 979 3508 1035 vindicata.

2143 1065 2403 1121 Turbata
2432 1083 2662 1140 quoque
2694 1067 2802 1122 fuit
2835 1067 2943 1123 hoc
2972 1085 3145 1134 anno,
3180 1071 3280 1123 aut
3306 1071 3558 1131 certe,ut
3587 1067 3720 1123 aliis

2071 1154 2279 1227 placet,
2312 1155 2600 1228 sequenti,
2634 1154 2917 1212 Flaudriaz
2961 1156 3220 1213 Ecclesia
3268 1173 3303 1211 a
3342 1156 3593 1212 Roberto
3624 1172 3719 1212 co-

2072 1245 2232 1312 mite,
2266 1248 2651 1316 cognomento
2688 1245 2891 1311 Frisio,
2924 1246 3023 1317 qui
3055 1262 3293 1318 pravam
3339 1244 3720 1301 consuetudi-

2071 1349 2204 1388 nem
2250 1335 2368 1404 iam
2398 1334 2624 1389 dudum
2659 1334 3023 1406 antiquatam
3076 1350 3352 1391 renovare
3381 1349 3716 1407 aggressus,

2068 1421 2454 1478 constituerat
2484 1427 2566 1490 ut,
2596 1420 2829 1478 sublata
2859 1421 3087 1478 clericis
3118 1422 3371 1478 testandi
3423 1421 3718 1490 facultate,

2067 1527 2270 1566 eorum
2301 1511 2610 1567 haereditas
2640 1512 2780 1568 fisco
2812 1511 3415 1568 attribueretur.Hanc
3438 1511 3718 1584 injuriam

2066 1617 2216 1673 aegre
2246 1599 2484 1656 omnino
2513 1599 2648 1656 tulit
2676 1600 2867 1657 clerus
2895 1599 3302 1670 Flandrensis;
3327 1616 3584 1673 cumque
3613 1617 3723 1657 nec

2066 1689 2346 1744 abbatum
2378 1706 2481 1745 nec
2511 1689 2917 1762 episcoporum
2949 1706 3151 1762 preces
3181 1693 3285 1745 aut
3308 1690 3532 1746 monita
3561 1689 3719 1763 apud

2068 1777 2340 1834 comitem
2374 1777 2774 1850 profecissent,
2803 1778 2919 1835 imo
2953 1795 3059 1834 nec
3084 1795 3219 1834 eum
3264 1778 3392 1851 ipsa
3431 1783 3720 1851 metropo-

2066 1866 2234 1922 litani
2268 1867 2573 1923 Remensis
2622 1867 2941 1923 auctoritas
2992 1884 3025 1922 a
3072 1867 3368 1940 proposito
3419 1866 3719 1923 retrahere

2065 1956 2368 2023 valuisset,
2403 1973 2496 2012 res
2526 1961 2617 2013 est
2646 1956 2720 2013 ad
2761 1956 3063 2013 Urbanum
3113 1955 3324 2012 delata.
3357 1956 3463 2023 Qui
3510 1956 3717 2012 statim

2066 2044 2289 2101 litteras
2318 2047 2390 2101 ad
2423 2045 2737 2102 Robertum
2771 2045 3026 2119 scripsit,
3061 2050 3128 2101 ut
3157 2062 3292 2101 eum
3340 2063 3377 2101 a
3417 2045 3517 2101 tali
3547 2062 3719 2101 vexa-

2065 2134 2223 2191 tione
2279 2135 2628 2202 deterreret;
2688 2134 2836 2192 data:
2889 2139 3020 2191 sunt
3078 2135 3385 2191 Caslraneti
3431 2150 3490 2191 ιν
3535 2135 3720 2191 Nonas

2064 2224 2387 2289 Decembris,
2421 2240 2519 2279 seu
2556 2228 2619 2278 ut
2650 2223 2826 2279 habet
2857 2225 3115 2291 Locrius,
3151 2224 3297 2296 apud
3324 2224 3590 2280 Sanctum
3618 2226 3723 2280 Pe-

2065 2320 2213 2368 trum
2241 2329 2385 2368 anno
2420 2311 2749 2367 1091.Certe
2769 2312 2896 2384 jam
2930 2328 3132 2368 mense
3148 2312 3455 2368 Novembri
3474 2312 3721 2369 Romam

2063 2400 2173 2456 hoc
2203 2418 2354 2456 anno
2387 2399 2635 2457 redierat
2665 2400 3012 2468 Urbanus,si
3049 2402 3144 2457 Ivo
3178 2402 3236 2456 in
3267 2401 3514 2474 epistola
3539 2403 3612 2457 27
3643 2403 3718 2459 ad

2064 2491 2360 2546 Eudonem
2392 2490 2462 2545 de
2493 2507 2560 2545 eo
2594 2489 2786 2546 itineri
2822 2489 3020 2546 Italico
3050 2490 3347 2563 loquatur,
3378 2491 3438 2546 in
3487 2508 3604 2563 quo
3639 2492 3713 2547 ab

2063 2579 2294 2635 Urbano
2320 2578 2625 2634 ordinatus
2658 2579 2785 2634 fuit.
2819 2578 2913 2633 Sic
2960 2580 3175 2652 quippe
3222 2579 3400 2636 habet
3431 2596 3444 2634 :
3478 2581 3552 2635 De
3598 2582 3713 2652 ipso

2062 2684 2186 2723 vero
2237 2685 2402 2739 papa,
2462 2668 2527 2723 de
2589 2684 2692 2740 quo
2756 2669 3112 2741 quaesiisti....
3181 2685 3365 2725 mense
3427 2670 3715 2726 Novembri

2058 2773 2186 2812 cum
2209 2773 2269 2813 eo
2298 2759 2525 2813 Romam
2550 2758 2777 2828 paciﬁce
2829 2759 3057 2827 intravi,
3089 2773 3272 2813 mense
3325 2759 3591 2814 Januario
3631 2760 3715 2814 ibi

2059 2863 2185 2902 eum
2225 2846 2435 2901 dimisi.
2480 2847 2565 2902 Ibi
2612 2845 2790 2901 adhuc
2829 2850 3098 2912 moratur,
3146 2854 3198 2901 et
3241 2846 3572 2903 adversariis
3611 2848 3714 2903 Ro-

2063 2952 2246 2990 manae
2281 2937 2556 3005 Erelesiw,
2609 2939 2877 3007 quantum
2929 2936 3033 2991 Deo
3075 2935 3313 2991 donante
3334 2937 3599 3007 praevalet
3623 2937 3716 2993 ob-

2060 3024 2317 3080 luctatur.
2377 3024 2680 3080 Neminem
2728 3040 2862 3080 vero
2921 3040 3151 3079 movere
3197 3024 3367 3079 debet
3414 3025 3568 3096 quod
3620 3024 3717 3080 alii

2062 3112 2364 3169 Urbanum
2404 3114 2607 3178 Romae,
2641 3111 2736 3167 alii
2771 3116 2929 3168 extra
2982 3115 3202 3169 Romam
3234 3112 3306 3167 ob
3340 3112 3604 3167 Guiberti
3640 3114 3720 3167 fa-

297 3204 596 3261 tissimum
654 3202 923 3259 evincent
981 3201 1214 3255 Ivonem
1286 3201 1418 3253 ante
1484 3213 1705 3252 annum
1788 3195 1944 3263 1092,
1981 3182 2024 3248 C
2063 3200 2315 3257 ctionem
2345 3204 2485 3257 tunc
2515 3201 2807 3258 exstitisse
2837 3202 3198 3275 scripserint,
3230 3202 3408 3256 Romae
3438 3199 3592 3256 enim
3616 3218 3714 3257 no-

299 3293 454 3365 quod
484 3292 747 3365 plerique
777 3293 1149 3364 putaverunt,
1174 3291 1577 3344 consecratum
1606 3287 1676 3341 ab
1708 3285 1941 3342 Urbano

297 3382 500 3440 fuisse.

368 3470 631 3527 Pontifex
660 3468 949 3525 celebrata
977 3466 1169 3523 Ivonis
1203 3466 1569 3522 ordinatione
1619 3464 1942 3520 orationem

299 3561 370 3617 ad
404 3576 538 3617 eum
559 3558 788 3627 habuit,
814 3574 931 3630 qua
960 3556 1032 3622 ei,
1066 3572 1170 3629 pro
1201 3555 1576 3627 antiquorum
1610 3557 1943 3626 temporum

300 3665 481 3715 more,
507 3646 783 3720 praeclara
812 3647 881 3702 de
914 3663 1155 3702 munere
1188 3644 1299 3718 ipsi
1329 3642 1604 3715 imposito
1620 3642 1945 3698 monitade-

299 3738 531 3806 dit;haac
562 3736 716 3791 inter
744 3735 961 3792 Urbani
992 3732 1273 3808 epistolas
1302 3732 1556 3798 dabitur,
1573 3730 1663 3786 cui
1696 3731 1943 3803 subjun-

298 3831 509 3901 gentur
537 3825 802 3897 ejusdem
832 3822 1126 3897 pontificis
1152 3821 1374 3893 litterae,
1409 3821 1480 3876 ad
1529 3822 1944 3877 Carnotensem

298 3916 518 3973 clerum
566 3919 622 3971 et
669 3914 951 3988 populum
1004 3912 1232 3984 scripta:
1263 3910 1356 3966 die
1386 3926 1485 3966 vm
1517 3908 1807 3966 Kalendas
1836 3909 1944 3965 De-

298 4005 641 4073 cembris,et
671 4003 926 4071 aliaa,die
959 3999 1334 4074 sequenti,ad
1366 3998 1700 4056 Richerium
1734 4002 1945 4054 metro-

298 4093 622 4168 politanum
654 4093 862 4165 Capuae
888 4092 1127 4159 datas,ut
1157 4105 1256 4146 eos
1287 4089 1358 4145 de
1387 4088 1661 4145 Gaufredi
1683 4091 1947 4144 exaucto-

299 4184 521 4239 ratione
550 4187 607 4239 et
638 4181 829 4238 Ivonis
859 4178 1228 4236 ordinatione
1275 4178 1552 4234 certiores
1607 4177 1839 4233 faceret.
1874 4178 1948 4230 At

297 4272 391 4328 his
422 4289 535 4328 non
568 4271 728 4328 stetit
770 4268 1100 4335 Richcrius,
1132 4266 1233 4339 qui
1269 4283 1422 4322 anno
1456 4265 1745 4337 sequenti,
1776 4263 1945 4319 insti-

297 4367 473 4437 gante
521 4359 899 4434 potissimum
949 4355 1219 4428 episcopo
1268 4353 1600 4421 Parisiensi,
1634 4352 1946 4409 concilium

299 4453 648 4524 Stampense
678 4464 743 4503 eo
775 4446 970 4501 animo
1001 4442 1333 4507 celebravit,
1367 4447 1432 4497 ut
1480 4442 1673 4499 Ivonis
1704 4442 1945 4498 ordina-

2051 3291 2208 3346 mine
2239 3290 2524 3363 plerique,
2560 3291 2813 3347 maxime
2851 3290 3133 3361 extranei,
3166 3289 3293 3346 loca
3340 3289 3518 3346 etiam
3570 3289 3715 3356 Urbi

2050 3379 2261 3445 vicina,
2293 3397 2420 3452 qua
2453 3379 2757 3436 Bertoldus
2788 3380 2973 3436 Sancti
3015 3382 3166 3436 Petri
3211 3385 3372 3435 terrae
3421 3377 3708 3434 vocabulo

2053 3468 2359 3542 designare
2390 3468 3148 3540 solet,comprehendebant.
3170 3468 3447 3523 Caeterum
3481 3466 3699 3522 Urbani

2054 3556 2296 3612 monitis
2327 3573 2444 3611 non
2475 3556 2672 3628 paruit
2702 3557 3008 3624 Robertus,
3031 3557 3213 3610 donec
3245 3571 3398 3610 anno
3429 3554 3697 3626 sequenti

2053 3662 2230 3701 causa
2260 3645 2331 3699 ad
2364 3643 2677 3699 concilium
2711 3645 2993 3700 Remense
3032 3641 3244 3708 delata,
3277 3641 3329 3697 ei
3360 3659 3393 3698 a
3429 3642 3701 3699 Patribus

2054 3732 2462 3789 denuntiatum
2496 3736 2605 3798 est,
2640 3736 2706 3786 ut
2734 3730 2847 3787 nisi
2879 3730 3014 3800 cito,
3049 3729 3364 3803 pontiﬁciis
3386 3748 3453 3787 ac
3483 3731 3702 3804 episco-

2053 3837 2262 3895 porum
2312 3819 2869 3876 commonitionibus
2918 3819 3365 3891 obtemperaret,
3407 3824 3465 3876 et
3509 3819 3706 3877 ablata

2054 3910 2408 3976 restitueret,
2459 3908 2584 3981 ipso
2634 3908 2762 3964 diro
2813 3907 3196 3974 anathemati,
3241 3912 3366 3965 tota
3411 3925 3544 3965 vero
3575 3909 3707 3980 ejus

2052 4005 2210 4076 terra
2267 3998 2574 4053 interdicto
2630 3996 3025 4054 ecclesiastico
3085 3996 3490 4069 subjiceretur.
3550 3998 3709 4062 Quas

2055 4089 2248 4145 minas
2276 4087 2373 4151 ille
2399 4085 2618 4142 veritus
2649 4086 2922 4142 Patribus
2951 4103 3019 4142 ac
3049 4085 3201 4143 clero
3220 4085 3388 4159 plene
3401 4086 3705 4154 satisfecit,

2055 4183 2121 4234 ut
2148 4193 2218 4232 ex
2247 4176 2376 4247 ejus
2406 4174 2633 4230 concilii
2664 4175 2813 4231 actis
2841 4174 3149 4243 discimus,
3168 4192 3296 4248 quae
3326 4193 3360 4231 a
3389 4175 3706 4232 Sirmundo

2055 4284 2125 4323 ex
2162 4265 2360 4322 codice
2409 4263 2757 4320 Montis-Dei
2801 4264 3097 4337 descripta
3142 4264 3408 4320 Labbeus
3453 4267 3612 4320 tome
3658 4264 3707 4321 X

2055 4353 2447 4412 Conciliorum
2481 4352 2751 4408 inseruit.

2199 4442 2336 4498 CIV.
2372 4441 2638 4497 Cervinus
2659 4444 2721 4496 in
2748 4441 2869 4497 sede
2897 4441 3251 4497 Ambiancnsi
3275 4439 3557 4512 ﬁrmatur.

299 4541 514 4596 tionem
547 4531 1358 4592 convelleretNidenfaaeade
1388 4548 1449 4587 re
1478 4532 1743 4604 ejusdem
1758 4530 1946 4587 Ivonis
1977 4550 2023 4615 Β
2124 4533 2210 4588 Ad
2244 4531 2401 4588 hunc
2415 4548 2880 4603 quoqueannum
2896 4530 3148 4587 revocari
3174 4530 3708 4586 deberecensemus

299 4625 578 4700 epistolae,
612 4626 646 4679 8
671 4621 1071 4694 potissimum,
1107 4637 1234 4694 quae
1282 4624 1373 4677 est
1401 4621 1471 4675 ad
1507 4621 1705 4694 ipsum
1739 4619 1945 4676 Ricbe-

299 4715 473 4781 rium,
503 4716 563 4768 et
593 4713 660 4768 12
684 4710 916 4766 Urbano
946 4709 1215 4782 pontifici
1243 4709 1543 4782 inscripta.
1570 4709 1721 4765 Irriti
1752 4713 1949 4765 tamen

298 4802 488 4860 Ivonis
537 4799 1006 4856 adversariorum
1059 4802 1307 4855 conatus
1356 4798 1538 4867 fuere,
1591 4802 1648 4854 et
1696 4799 1822 4871 ipse
1875 4800 1948 4855 ad

299 4895 546 4950 mortem
581 4904 769 4963 usque
812 4890 1227 4946 Carnotensem
1276 4886 1598 4945 Ecclesiam
1643 4888 1810 4954 rexit,
1845 4889 1947 4945 sed

301 4997 417 5037 non
448 4981 671 5052 absque
700 4976 976 5052 gravibus
1008 4978 1065 5031 et
1096 4976 1212 5031 fere
1242 4974 1536 5031 continuis
1565 4975 1747 5032 animi
1768 4993 1948 5049 angu-

302 5068 452 5138 stiis,
476 5072 536 5125 et
563 5065 1082 5134 sollicitudinibus,
1118 5081 1265 5137 quas
1297 5064 1538 5136 passim,
1574 5065 1947 5137 potissimum

303 5159 362 5214 in
395 5157 676 5231 epistolis,
710 5157 766 5223 3,
800 5158 868 5210 12
897 5159 952 5210 et
980 5156 1052 5209 25
1082 5154 1154 5209 ad
1205 5153 1400 5225 ipsum
1451 5152 1750 5210 Urbanum
1795 5155 1949 5211 datis

304 5249 746 5312 commemorat,
776 5244 835 5299 in
865 5244 940 5299 iis
971 5247 1165 5299 autem
1198 5258 1259 5298 se
1279 5243 1554 5298 uterinum
1583 5247 1633 5299 et
1660 5244 1953 5315 specialem

302 5336 445 5392 sedis
465 5335 770 5407 apostolica
798 5334 981 5404 ﬁlium
1009 5348 1138 5389 esse
1167 5330 1471 5405 gloriatur,
1497 5332 1570 5388 ob
1602 5333 1711 5389 hoc
1743 5350 1952 5406 nempe

305 5424 459 5498 quod
495 5423 566 5479 ab
598 5423 725 5495 ipso
774 5422 1046 5493 pontifice
1093 5421 1303 5477 fuisset
1351 5425 1744 5479 consecratus.
1776 5422 1952 5480 Porro

306 5516 378 5571 ad
410 5514 733 5568 Romanum
768 5509 910 5566 illud
964 5510 1156 5567 Ivonis
1187 5510 1296 5566 iter
1326 5510 1649 5567 revocanda
1695 5515 1852 5579 sunt,
1887 5517 1954 5568 ut

307 5602 545 5675 quidem
574 5600 822 5669 videtur,
856 5615 923 5656 ea
954 5616 1079 5673 qua
1111 5599 1170 5654 in
1203 5598 1448 5671 cpistola
1476 5599 1575 5653 211
1612 5599 1683 5654 ad
1735 5601 1953 5658 Rodul-

2057 4621 2384 4688 Gervini,ex
2414 4619 2702 4676 monacho
2735 4619 3075 4693 Remigiano
3088 4618 3319 4677 abbatis
3341 4617 3710 4675 Centulensis

2058 4710 2399 4768 electionem
2430 4710 2490 4765 in
2520 4709 2980 4765 Ambianensem
3011 4710 3559 4782 episcopum,quam
3574 4723 3710 4763 eum

2060 4799 2325 4857 nonnulli
2343 4797 2666 4855 convellere
2679 4799 3075 4867 conarentur,i
3083 4814 3186 4872 pse
3204 4799 3448 4854 Romam
3462 4813 3597 4852 cum
3616 4796 3711 4853 sui

2058 4887 2491 4962 metropolitani
2510 4885 2722 4944 litteris
2749 4886 3714 4953 commendatitiiscontendit,cau-

2060 4996 2186 5035 sam
2217 4995 2386 5035 suam
2419 4994 2611 5033 coram
2644 4976 2917 5050 pontifice
2965 4977 3337 5045 defensurus.
3369 4976 3440 5032 Et
3471 4974 3710 5048 quidem

2058 5086 2193 5125 cum
2226 5072 2357 5141 post
2385 5068 2534 5122 duos
2577 5082 2808 5122 menses
2857 5083 3028 5122 nemo
3077 5069 3381 5122 accusator
3428 5066 3710 5121 adversus

2060 5175 2193 5214 eum
2208 5154 2920 5228 comparuisset,pontifex
2947 5155 3078 5226 ejus
3093 5154 3435 5211 electionem
3448 5170 3709 5225 compro-

2058 5247 2234 5313 bavit,
2268 5244 2422 5300 datis
2454 5261 2521 5299 ea
2551 5243 2622 5298 de
2653 5259 2713 5298 re
2744 5242 2956 5297 litteris
2987 5243 3059 5299 ad
3091 5243 3375 5316 populum
3404 5247 3462 5299 et
3485 5240 3706 5298 clerum

2057 5333 2534 5398 Ambianensem,
2556 5331 2773 5403 quibus
2796 5330 2882 5387 eis
2915 5333 3157 5389 mandat
3182 5336 3248 5389 ut
3270 5349 3407 5389 eum
3436 5346 3542 5404 pro
3571 5347 3706 5387 vero

2059 5428 2116 5479 et
2143 5421 2405 5495 legitimo
2436 5423 2667 5491 pastore
2699 5420 3002 5478 haberent.
3036 5422 3174 5479 Post
3222 5422 3461 5478 modum
3493 5420 3708 5476 iterum

2061 5515 2394 5577 accusatus,
2414 5510 2627 5565 iterum
2658 5511 2833 5568 etiam
2848 5510 3044 5569 Romae
3060 5515 3346 5586 purgatus
3360 5513 3532 5578 est,et
3543 5508 3707 5566 novis

2058 5600 2269 5658 litteris
2299 5616 2333 5655 a
2361 5599 2633 5672 pontiﬁce
2654 5600 2980 5675 impetratis
3012 5602 3069 5660 in
3101 5618 3210 5660 sua
3237 5601 3375 5657 sede
3403 5598 3707 5656 conﬁrma-
