4000 6178
218 370 299 435 93
470 378 477 383 '
1822 371 1881 439 ν]

1992 376 2040 439 L.‘
3528 369 3632 449 λοι

220 512 341 568 tus.
369 509 581 568 Primae
611 509 758 569 datae
781 514 923 569 sunt
943 522 1145 570 mense
1175 510 1498 582 Decembri,
1526 511 1627 570 sed
1650 524 1871 575 annum
1900 507 1958 576 A
1986 529 2169 571 unum
2200 528 2231 572 e
2261 512 2402 573 ﬁliis
2433 512 2557 573 suis
2585 513 2875 586 amisisse“,
2908 514 3028 591 qui,
3060 515 3119 575 in
3148 513 3346 591 prelio
3376 511 3626 588 occisus,

221 617 341 658 non
372 602 730 674 exprimunt.
785 603 949 659 Haud
999 606 1194 661 tamen
1233 603 1505 661 videntur
1535 603 1688 662 ultra
1718 604 1875 661 hunc

220 708 449 749 annum
472 691 692 747 diﬂ‘erri
711 710 902 765 posse.
924 693 1046 749 Non
1064 693 1221 749 enim
1245 694 1391 749 datae
1413 699 1551 750 sunt
1571 712 1721 750 anno
1740 695 1877 749 1093

223 786 494 838 exeunte.
518 782 667 837 Nam
684 781 795 837 hoc
812 783 940 855 ipso
957 799 1110 839 anno
1130 782 1414 839 Gervinus
1427 784 1551 854 jam
1566 785 1875 856 episcopus

226 870 583 944 subscripsit
636 870 847 927 chartas
906 888 1008 943 pro
1056 871 1301 929 ecclesia
1353 872 1549 929 Sancti
1601 873 1872 941 Acheoli;

225 960 342 1016 imo
364 960 635 1015 interfuit
659 959 905 1015 concilio
932 961 1224 1027 Remensi,
1249 963 1405 1034 quod
1430 963 1484 1017 in
1512 980 1689 1018 causa
1719 968 1881 1020 Atre-

226 1049 494 1105 batensis
512 1049 779 1105 Ecclesia?
798 1066 997 1106 mense
1012 1050 1219 1106 Martio
1241 1050 1597 1107 celebratum
1619 1056 1725 1119 est,
1750 1070 1877 1123 quae

224 1137 374 1194 ratio
414 1142 577 1195 vetat
604 1138 779 1194 etiam
836 1156 907 1194 ne
937 1140 1009 1195 ad
1058 1140 1236 1196 finem
1285 1141 1423 1196 anni
1456 1142 1596 1196 1092
1625 1142 1877 1197 revocari

223 1228 611 1300 possint.Non
627 1227 784 1284 enim
799 1228 1113 1284 verisimile
1134 1233 1221 1285 est
1244 1229 1557 1285 Gervinum
1583 1230 1736 1286 intra
1758 1235 1878 1286 tam

224 1321 553 1389 angustum
584 1316 865 1388 temporis
892 1317 1146 1389 spatium
1175 1335 1310 1374 cum
1332 1319 1649 1390 pontificiis
1672 1319 1880 1376 litteris

222 1412 317 1461 vix
348 1407 423 1462 ad
456 1406 658 1462 sedem
710 1422 878 1461 suam
912 1422 1228 1473 reversum,
1265 1424 1298 1462 a
1327 1408 1451 1464 suis
1500 1408 1877 1481 exagitatum,

224 1494 482 1551 concilio
504 1493 819 1550 Rhemensi
845 1494 1197 1563 interfuisse,
1221 1497 1419 1568 ibique
1440 1501 1780 1553 accusatum
1802 1498 1885 1552 Si-

226 1582 464 1651 moniae,
498 1582 714 1639 iterum
746 1583 964 1640 adiisse
993 1585 1261 1651 Romam,
1286 1586 1385 1641 ubi
1411 1602 1540 1642 sese
1558 1586 1741 1643 altera
1759 1587 1882 1643 vice

225 1676 562 1747 purgasset.
605 1672 736 1728 Haec
763 1673 921 1729 enim
953 1674 1151 1729 omnia
1182 1674 1337 1730 intra
1368 1692 1467 1731 sex
1492 1693 1724 1732 menses
1758 1675 1882 1732 fieri

226 1763 596 1831 debuissent,
620 1762 669 1817 si
702 1762 902 1834 primae
933 1762 1146 1820 Urbani
1174 1763 1377 1820 littera:
1408 1782 1608 1821 mense
1640 1766 1880 1821 Deccm—

1982 605 2222 661 Verona:
2239 605 2505 678 sepultus
2525 606 2652 663 fuit.
2667 610 2739 663 At
2761 609 2890 680 ejus
2909 624 3120 664 nomen
3141 624 3254 663 non
3273 606 3632 677 refert,sicut

1986 710 2090 748 nec
2118 696 2413 761 Domnizo,
2447 712 2515 751 ex
2545 713 2660 767 quo
2710 697 2833 753 haec
2864 703 3168 754 mutuatus
3200 702 3306 753 est.
3339 697 3443 754 Hic
3471 714 3626 765 vero,

1984 783 2135 839 libro
2167 802 2207 839 ιι
2237 784 2378 839 Vitae
2431 785 2750 852 Mathildis,
2801 803 2927 858 cap.
2966 788 3020 855 7,
3054 786 3323 859 pluribus
3353 786 3632 857 describit
3716 829 3725 837 .

1986 870 2137 927 bella
2164 889 2290 944 quae
2322 889 2423 944 per
2448 874 2555 929 hos
2586 891 2769 930 annos
2800 875 2949 930 inter
2968 876 3279 931 Henricum
3310 880 3368 932 et
3396 875 3630 932 Mathil-

1987 961 2117 1016 dem
2142 965 2305 1033 gesta
2327 967 2486 1027 sunt,
2510 963 2881 1035 multumque
2904 963 3105 1019 laudat
3123 964 3409 1022 Joannem
3432 982 3633 1038 quem-

1987 1051 2123 1106 dam
2155 1051 2425 1107 abbatem
2458 1068 2560 1106 seu
2596 1053 2924 1122 eremitam,
2957 1052 3056 1124 qui
3085 1052 3411 1124 victoriam,
3453 1070 3631 1126 quam

1988 1140 2298 1195 comitissre
2330 1139 2691 1211 praedixerat,
2716 1140 2767 1194 ei
2796 1140 2918 1196 suis
2942 1158 3301 1213 suorumque
3319 1143 3631 1199 monacho-

1989 1247 2119 1284 rum
2156 1228 2423 1301 precibus
2440 1245 2640 1285 mense
2663 1229 2895 1285 Octobri
2918 1246 3094 1301 prope
3116 1231 3433 1286 Canusium
3462 1231 3635 1287 dimi-

1990 1318 2143 1373 canti
2170 1318 2442 1373 obtinuit.
2465 1317 2613 1373 Eoin
2639 1317 2836 1388 praelia
2848 1318 3121 1373 vexillum
3144 1318 3373 1374 Henrici
3396 1324 3631 1390 captum

1990 1410 2078 1462 est
2109 1424 2143 1462 a
2173 1406 2470 1462 Mathildis
2501 1406 2808 1473 militibus,
2841 1406 2942 1479 qui
2985 1407 3129 1463 illud
3178 1407 3239 1463 in
3278 1408 3632 1464 monasterio

1991 1496 2183 1551 Sancti
2217 1494 2505 1568 Apollonii
2535 1496 2949 1568 deposuerunt.

2383 1585 2553 1641 CVII.
2581 1586 2786 1643 Urbani
2798 1602 2930 1657 pars
2956 1587 3240 1658 pra’valet.

2061 1674 2163 1730 Die
2184 1692 2284 1730 VIII
2304 1674 2595 1749 Kalendas
2607 1674 2823 1746 Aprilis
2836 1675 2986 1745 apud
3003 1680 3260 1731 castrum
3289 1675 3637 1749 Montigium

1989 1764 2335 1819 versabatur
2356 1738 2659 1829 Henricus,
2681 1768 2746 1819 ut
2770 1781 2836 1819 ex
2852 1781 2969 1819 uno
2986 1765 3114 1836 ejus
3145 1763 3461 1836 diplomate
3481 1766 3637 1839 apud

224 1852 314 1908 bri
342 1855 617 1917 exeunte,
641 1857 699 1907 et
720 1853 988 1908 secundae
1008 1869 1209 1909 mense
1227 1853 1383 1909 Julio
1405 1855 1672 1926 sequenti
1697 1855 1883 1911 consi-
1912 1880 1961 1946 B
1993 1852 2302 1925 Ughellum
2359 1856 2518 1909 tomo
2550 1853 2595 1905 V
2629 1853 2806 1909 Italiae
2858 1870 3035 1909 sacrm
3085 1852 3263 1908 relato
3312 1858 3489 1926 patet,
3521 1872 3638 1927 quo

229 1946 502 2013 gnentur.
528 1941 738 2007 Quare,
763 1942 811 1996 si
844 1943 990 1997 bene
1024 1942 1293 2012 conjicio,
1326 1943 1764 2000 convenientius
1794 1949 1885 2000 est

232 2028 465 2086 Gervini
501 2028 759 2102 primum
784 2030 893 2085 iter
924 2031 1251 2087 Romanum
1276 2032 1348 2086 ad
1382 2032 1556 2087 ﬁnem
1585 2033 1720 2088 anni
1748 2033 1879 2088 1091

230 2135 522 2185 revocare,
549 2119 875 2174 secundum
897 2120 968 2175 ad
989 2137 1211 2176 annum
1236 2121 1392 2189 1093,
1416 2127 1548 2191 post
1569 2121 1883 2177 concilium

232 2207 585 2273 Rhemense,
600 2212 775 2279 atque
795 2225 863 2264 eo
877 2210 1047 2265 modo
1060 2209 1154 2265 hic
1166 2210 1415 2266 antistes
1431 2215 1708 2266 exeuntes
1730 2228 1884 2267 anno

228 2297 391 2363 4091,
423 2297 717 2369 vigesima
741 2296 964 2353 scilicet
993 2298 1086 2354 die
1119 2297 1473 2364 Decembris,
1509 2300 1763 2371 acceptis
1812 2300 1884 2356 ab

230 2385 466 2441 Urbano
497 2385 710 2443 litteris
761 2387 942 2441 Roma
974 2387 1287 2457 profectus,
1334 2388 1689 2444 Ambianum
1720 2388 1884 2444 initio

230 2474 540 2546 sequentis
570 2475 707 2530 anni
741 2475 997 2544 redierit,
1021 2476 1119 2531 ubi
1152 2493 1285 2531 cum
1317 2476 1659 2548 aliquandiu
1692 2478 1883 2551 degis-

230 2569 339 2632 set,
370 2564 589 2620 iterum
621 2564 948 2636 exagitatus
997 2568 1105 2619 est.
1155 2566 1321 2620 Forte
1352 2566 1505 2637 quod
1540 2566 1884 2622 clericorum

231 2652 789 2709 concubinariorum
812 2652 1103 2725 pravitati,
1126 2658 1192 2709 ut
1215 2655 1480 2710 Urbanus
1500 2655 1695 2710 innuit
1716 2657 1774 2710 in
1802 2672 1887 2711 se-

230 2740 450 2797 cundis
471 2739 592 2796 illis
614 2740 846 2807 litteris,
869 2742 1305 2809 adversaretur;
1339 2748 1441 2799 aut
1468 2748 1622 2800 certe
1648 2746 1727 2800 ob
1758 2746 1886 2816 ejus

227 2831 391 2898 ﬁtia,
427 2847 546 2885 non
577 2830 735 2885 enim
785 2831 941 2902 apud
991 2830 1301 2903 plerosque
1330 2833 1460 2901 ejus
1488 2835 1588 2888 αξνὶ
1619 2839 1886 2890 auctores

228 2919 451 2991 optime
503 2918 707 2975 audiit.
758 2921 921 2975 Certe
968 2920 1026 2974 in
1075 2920 1319 2977 concilio
1350 2921 1664 2978 Rhemensi
1721 2923 1885 2979 initio

231 3008 368 3065 anni
390 3008 556 3075 1093,
586 3009 681 3063 cui
706 3025 841 3064 eum
876 3008 1213 3066 interfuisse
1234 3016 1483 3077 constat,
1501 3011 1772 3067 Simonise
1799 3029 1889 3067 ac-

231 3102 478 3154 cusatus
499 3103 619 3153 est:
654 3114 835 3169 quare
858 3097 1103 3153 Romam
1129 3100 1288 3155 adire
1310 3099 1631 3167 constituit,
1660 3100 1756 3155 ubi
1780 3100 1887 3156 hac

230 3186 403 3243 etiam
424 3185 610 3242 altera
628 3186 751 3243 vice
769 3191 1071 3258 purgatus.
1094 3186 1319 3244 litteras
1342 3206 1375 3244 a
1401 3188 1674 3245 Pontiﬁce
1694 3189 1872 3261 impe-

231 3276 409 3330 travit
430 3276 603 3331 datas
621 3292 695 3330 xv
724 3275 1019 3332 Kalendas
1040 3276 1311 3348 Augusti,
1337 3294 1462 3348 quae
1485 3294 1590 3333 suo
1612 3278 1738 3333 loco
1760 3295 1888 3349 pro-

235 3365 516 3420 ferentur.
551 3365 683 3420 Ηωο
729 3364 1089 3435 conjiciendo
1146 3365 1303 3422 dicta
1359 3365 1496 3435 sint,
1557 3368 1699 3422 dum
1754 3367 1890 3439 quis

238 3453 488 3509 certiora
532 3453 949 3525 deprehendat,
1013 3471 1127 3509 non
1178 3455 1335 3510 enim
1376 3454 1612 3511 difﬁcile
1642 3456 1752 3511 erit
1780 3455 1888 3512 has

242 3540 465 3598 litteras
490 3541 624 3598 aliis
645 3542 821 3599 etiam
853 3543 1025 3598 annis
1052 3541 1295 3615 illigare.

239 3648 341 3703 CV.
375 3648 636 3706 Urbanus
690 3652 848 3703 extra
900 3650 1094 3775 Urblezn
1141 3652 1348 3775 [esium
1402 3651 1615 3704 Natalis
1672 3652 1889 3705 Domini

931 3736 989 3775 ce
1012 3737 1040 3775 e
1076 3737 1140 3775 ra
1169 3761 1182 3773 .

931 3736 1182 3775 ceteorat.

300 3808 424 3865 Hoc
456 3811 653 3864 autem
684 3825 839 3864 anno
869 3808 941 3865 ad
975 3809 1149 3864 ﬁnem
1169 3812 1456 3881 vergente,
1486 3813 1549 3864 ut
1578 3809 1886 3866 Bertoldus

234 3897 460 3961 scribit,
510 3897 771 3968 pontifex
816 3898 877 3952 in
925 3905 1131 3953 terram
1175 3900 1352 3954 sandi
1398 3900 1553 3953 Petri
1594 3915 1882 3968 reversus,

232 3990 393 4041 extra
417 3986 633 4041 Urbem
656 3986 870 4041 festum
892 3985 1116 4042 Natalis
1137 3985 1367 4042 Domini
1390 3986 1885 4059 celebravit,quod

231 4074 553 4129 Guibertus
597 4089 765 4145 prope
795 4074 1052 4129 Sanctum
1088 4077 1316 4129 Petrum
1354 4076 1730 4131 incastellalus
1758 4076 1886 4132 inde

229 4163 433 4235 absque
459 4158 755 4232 sanguinis
782 4164 1063 4235 effusione,
1097 4163 1253 4235 quod
1276 4163 1407 4236 pius
1432 4164 1686 4235 pontifex
1708 4165 1886 4221 maxi-

231 4269 323 4308 me
340 4251 718 4320 abhorrebat,
740 4250 1003 4323 pellinon
1022 4251 1621 4324 potuisset.Henricus
1640 4252 1881 4320 interea,

229 4340 414 4397 nihilo
437 4339 639 4396 mitior
658 4341 843 4397 factus
863 4340 923 4394 in
948 4339 1371 4412 Langobardia,
1396 4340 1496 4396 ubi
1515 4341 1640 4411 jam
1665 4358 1699 4396 a
1720 4341 1883 4398 bien-

230 4429 327 4485 nio
354 4428 858 4498 commorabatur,
890 4428 1183 4500 susdeque
1215 4429 1412 4484 omnia
1455 4429 1735 4496 vertebat,
1780 4446 1883 4486 nec

228 4517 392 4587 locis,
418 4534 528 4574 nec
549 4517 815 4590 personis
836 4534 1101 4589 parcens,
1125 4522 1191 4573 ut
1220 4516 1609 4589 Welphonem
1637 4518 1882 4590 ejusque

1993 1942 2160 1997 Petro
2205 1942 2474 2013 episcopo
2523 1941 2789 1998 Comensi
2825 1944 3182 1997 Berinaonam
3214 1943 3392 1999 donat
3419 1945 3484 2000 ob
3512 1944 3642 2015 ﬁdei

1992 2045 2112 2088 suae
2169 2032 2533 2100 integritatem
2590 2035 2641 2086 et
2691 2033 2988 2102 puritatem
3030 2032 3265 2099 servitii,
3306 2031 3451 2087 nihil
3482 2033 3639 2090 enim

1995 2120 2277 2176 Henricus
2327 2120 2634 2175 omittebat
2666 2124 2732 2175 ut
2761 2120 3067 2193 episcopos
3098 2124 3155 2175 et
3183 2120 3328 2176 alios
3373 2138 3641 2194 proceres

1994 2209 2117 2265 suis
2168 2209 2431 2281 partibus
2480 2213 2786 2264 assereret.
2840 2209 2956 2264 Hoc
2998 2212 3194 2265 tamen
3226 2209 3538 2266 Comenses
3568 2211 3640 2266 ab

1994 2282 2259 2367 eligendo
2283 2297 2390 2352 sibi
2418 2296 2702 2353 catholico
2724 2297 2993 2369 episcopo
3014 2299 3326 2353 revocavit:
3348 2299 3484 2354 hinc
3507 2315 3641 2355 cum

1995 2385 2160 2440 Petro
2192 2385 2516 2440 Guidonem
2552 2385 3016 2450 substituissent,
3052 2387 3280 2442 Urbano
3312 2386 3642 2443 addictissi-

1996 2490 2182 2536 mum,
2214 2474 2372 2545 passi
2407 2490 2520 2529 non
2555 2477 2779 2529 suntut
2801 2473 3174 2542 Landericus,
3199 2491 3374 2547 quem
3395 2474 3645 2548 impera-

1995 2569 2087 2618 tor
2109 2563 2404 2617 intrudere
2426 2563 2767 2631 conabatur,
2791 2562 3055 2618 Ecclesiae
3070 2579 3187 2618 sua:
3200 2563 3476 2619 thronum
3500 2564 3644 2620 obti-

1994 2654 2175 2706 neret.
2200 2653 2268 2706 Et
2295 2650 2532 2723 quidem
2558 2652 2605 2706 si
2637 2668 2736 2707 eos
2758 2650 3136 2723 excipias,qui
3163 2651 3494 2708 Simoniaca
3514 2652 3644 2710 labe

1997 2745 2097 2795 aut
2117 2739 2534 2796 Nicolaitarum
2567 2740 2772 2796 haeresi
2805 2739 3181 2797 contaminati
3209 2745 3391 2810 erant,
3426 2758 3643 2814 paucos

1997 2830 2254 2885 invenies
2307 2830 2404 2901 qui
2451 2828 2696 2885 Henrico
2727 2828 3078 2885 adhaeserint
3106 2847 3119 2897 ;
3155 2846 3287 2884 cum
3321 2832 3644 2888 econtrario

1995 2936 2062 2974 ex
2085 2919 2372 2975 universis
2394 2935 2540 2990 pene
2570 2917 2727 2975 orbis
2758 2917 3073 2974 Christiani
3094 2918 3358 2990 partibus
3388 2919 3645 2993 episcopi

1996 3012 2052 3062 et
2081 3008 2524 3080 archiepiscopi,
2550 3007 2724 3062 etiam
2744 3007 3169 3078 prxcipuarum
3193 3007 3447 3073 sedium,
3465 3007 3643 3065 simul

1997 3113 2131 3152 cum
2164 3096 2476 3151 abbatibus
2507 3100 2564 3151 et
2594 3095 2725 3151 aliis
2765 3096 3031 3151 omnium
3065 3097 3339 3152 ordinum
3372 3096 3644 3154 ﬁdelibus

1998 3184 2345 3240 Christianis
2383 3185 2455 3239 ad
2492 3184 2812 3250 Urbanum,
2872 3189 3155 3255 tanquam
3209 3186 3279 3240 ad
3341 3186 3643 3258 proprium

1998 3278 2316 3344 pastorem,
2349 3277 2405 3328 et
2434 3271 2765 3343 legitimum
2797 3288 3196 3327 successorem
3245 3272 3393 3327 Petri
3433 3290 3641 3329 conve-

1999 3361 2207 3415 nirent.
2241 3361 2406 3415 Tunc
2429 3360 2527 3432 qui
2554 3359 2613 3413 in
2632 3358 2975 3415 Alemannis
2991 3359 3221 3415 Urbano
3247 3360 3640 3429 adhaerebant,

1998 3449 2373 3505 Bertholdum
2407 3447 2733 3505 Gebehardi
2763 3446 3016 3519 episcopi
3044 3449 3506 3505 Constantiensis
3539 3450 3646 3504 fra-

1998 3543 2170 3605 trem,
2185 3537 2394 3593 ducem
2410 3537 2647 3593 nomine
2666 3541 2838 3593 tenus
2852 3540 3024 3592 antea
3036 3536 3643 3608 appellatum,Suevia3

1996 3627 2203 3682 ducem
2236 3626 2498 3682 unanimi
2528 3625 2792 3682 omnium
2823 3641 3070 3681 assensu
3101 3626 3551 3693 constituerunt,
3576 3628 3647 3684 ad

1995 3715 2385 3787 defensionem,
2416 3714 2609 3786 inquit
2646 3712 2974 3782 Bertoldus,
3006 3722 3210 3772 sancta?
3240 3717 3435 3771 matris
3464 3718 3644 3772 Eccle-

1993 3806 2096 3861 siae
2123 3807 2313 3859 contra
2342 3802 2715 3859 schismaticos
2741 3820 2759 3856 :
2792 3801 3036 3858 Thiemo
3065 3819 3221 3866 vero,
3244 3820 3367 3870 seu,
3414 3807 3479 3858 ut
3507 3821 3638 3860 eum

1996 3892 2248 3965 appellat
2279 3890 2604 3956 Bertoldus,
2639 3890 2823 3957 Dimo,
2854 3889 3319 3962 Salisburgensis
3352 3896 3641 3965 metrOpo-

1994 3980 2212 4036 litanus
2235 3996 2369 4035 cum
2393 3978 2682 4051 episcopis
2699 3977 3126 4034 Constantiensi
3144 3983 3200 4033 et
3215 3979 3640 4035 Wormaciensi

1996 4068 2330 4126 Udalricum
2362 4068 2421 4122 in
2476 4068 2877 4122 Pataviensem
2912 4068 3248 4137 episcopum
3282 4068 3643 4124 consecravit

1993 4157 2088 4213 die
2120 4158 2246 4229 ipso
2279 4156 2665 4221 Pentecostes,
2696 4172 2822 4227 quae
2856 4171 2948 4210 res
2980 4153 3257 4225 Bajoariaa
3287 4153 3637 4229 Catholicos,

1992 4250 2058 4301 ut
2082 4244 2281 4301 subdit
2302 4244 2456 4300 idem
2475 4248 2694 4311 auctor,
2712 4244 2768 4298 in
2788 4243 2946 4299 sedis
2959 4242 3285 4315 apostolica:
3308 4244 3641 4302 obedientia

1993 4334 2315 4407 plurimum
2347 4332 2731 4390 conﬁrmavit.

1991 4442 2178 4499 CVIII.
2213 4443 2406 4497 Ericas
2451 4458 2551 4495 rex
2599 4445 2875 4496 Danorum
2932 4440 3136 4497 Urbani
3164 4455 3313 4511 opem
3356 4442 3635 4512 implorat.

2345 4513 2649 4571 Lundeasis
2702 4513 3017 4583 metrOpolis
3066 4514 3278 4567 erectio.

226 4607 545 4681 conjugem
566 4605 905 4664 Mathildem
926 4606 999 4663 ab
1018 4605 1526 4676 Urbaniobsequio
1541 4605 1877 4662 dimoveret.
1909 4612 1957 4676 Β
2062 4603 2275 4659 Iisdem
2288 4600 2464 4657 etiam
2484 4602 2864 4673 temporibus,
2881 4601 3033 4671 quod
3057 4600 3271 4655 mirum
3291 4605 3380 4655 est
3394 4601 3449 4655 in
3476 4605 3638 4657 tanta

224 4697 335 4752 Sed
358 4696 608 4752 frustra:
643 4701 895 4767 cumque
926 4694 1146 4751 bellum
1180 4694 1369 4767 magis
1400 4710 1466 4748 ac
1499 4694 1688 4766 magis
1716 4711 1878 4750 exar-

226 4784 512 4851 desceret,
536 4782 839 4856 impedivit
852 4783 1103 4854 Welpho
1132 4788 1317 4855 pater,
1351 4782 1451 4855 qui
1475 4783 1592 4838 dux
1623 4786 1747 4838 erat
1772 4783 1878 4839 Ba-

224 4889 525 4941 varorum,
558 4888 630 4928 ne
671 4871 954 4928 Henricus
1002 4888 1139 4928 cum
1178 4888 1313 4944 rege
1364 4872 1773 4945 Hungarorum
1805 4872 1876 4929 ad

228 4960 609 5043 colloquium,
667 4962 824 5033 quod
874 4961 1173 5019 communi
1219 4960 1460 5017 consilio
1526 4959 1875 5030 indixerant,

228 5054 429 5121 posset
456 5050 751 5107 accedere.

337 5137 475 5194 CVI.
505 5138 784 5197 Mathildis
811 5139 1043 5197 uictoria
1071 5140 1132 5193 in
1162 5140 1544 5210 imperatorem
1573 5138 1765 5193 relata.

298 5226 604 5282 Conradus
632 5231 775 5283 tunc
801 5226 1107 5297 temporis,
1134 5226 1189 5281 id
1223 5232 1313 5283 est
1345 5226 1482 5282 anni
1522 5228 1657 5281 1092
1686 5226 1872 5295 initio,

222 5331 361 5370 cum
390 5314 641 5372 Henrico
675 5320 838 5387 patre
865 5332 973 5371 suo
1006 5315 1065 5370 in
1091 5314 1493 5388 Longobardia
1513 5316 1873 5387 versabatur,

220 5420 289 5459 eo
321 5408 572 5475 uterque
590 5403 875 5470 intentus,
906 5412 968 5460 ut
987 5403 1323 5460 Adheleidis
1346 5403 1660 5460 comitissaa
1680 5404 1878 5460 Tauri-

220 5493 427 5548 nensis
458 5492 742 5550 defunctae
775 5494 929 5549 bona
950 5493 1305 5561 invaderent,
1330 5510 1458 5565 quae
1480 5492 1756 5550 Friderici
1780 5509 1873 5549 co-

220 5581 387 5638 mitis
402 5580 526 5637 ﬁlio
546 5582 932 5639 debebantur.
947 5583 1154 5639 Narrat
1167 5582 1440 5654 Sigonius
1464 5583 1872 5655 imperatorem

1990 4690 2258 4747 Ecclesia:
2292 4691 2563 4745 Romanis
2605 4688 3039 4762 perturbatione
3070 4688 3404 4760 contigisse,
3434 4690 3635 4747 Ericus

1988 4780 2282 4836 Danorum
2304 4795 2403 4833 rex
2420 4778 2491 4833 ab
2515 4777 3038 4850 Hammaburgensi
3058 4777 3513 4850 archiepiscopo,
3532 4779 3635 4850 qui

1987 4868 2217 4925 Henrici
2252 4872 2447 4939 partes
2484 4866 2837 4934 sectabatur,
2869 4866 3196 4939 exagitatus
3227 4867 3296 4921 ad
3333 4867 3633 4922 Urbanum

1987 4959 2163 5024 venit,
2190 4961 2254 5012 ut
2284 4973 2347 5011 se
2363 4971 2657 5027 suumque
2672 4971 2917 5028 regnum
2935 4959 3137 5011 contra
3153 4954 3330 5025 hujus
3351 4953 3633 5009 antistitis

1985 5050 2230 5102 conatus
2260 5043 2577 5117 apostolico
2618 5040 2891 5116 praesidio
2916 5046 3224 5098 tutaretur.
3260 5042 3398 5096 Rem
3432 5047 3634 5100 narrat

1984 5140 2129 5191 Saxo
2161 5132 2611 5201 Grammaticus,
2661 5131 2810 5188 libro
2839 5149 2915 5187 xu
2962 5129 3224 5186 Historias
3257 5128 3504 5198 Danicis,
3537 5130 3631 5189 his

1982 5223 2175 5280 verbis
2199 5241 2212 5279 :
2243 5225 2399 5277 Forte
2429 5222 2818 5291 Amburgensis
2848 5221 3075 5275 antistes
3106 5218 3174 5274 ob
3222 5221 3413 5275 inanes
3441 5223 3493 5277 et
3518 5222 3628 5293 fal-

1982 5330 2069 5369 sas
2096 5313 2429 5385 suspiciones
2459 5312 2679 5377 Ericum
2709 5310 3075 5365 exsecratione
3120 5308 3469 5365 multandum
3508 5328 3628 5368 cen-

1981 5410 2186 5470 suerat,
2220 5400 2360 5473 quod
2388 5402 2591 5456 veritus
2623 5416 2720 5455 rex
2746 5398 3112 5470 appellatione
3137 5401 3462 5454 sententiam
3484 5415 3629 5471 pra:-

1981 5493 2246 5559 cucurrit,
2280 5493 2609 5560 Romamque
2637 5504 2667 5543 e
2695 5487 2918 5554 vestigio
2942 5488 3169 5557 petivit;
3194 5487 3290 5543 ubi
3307 5504 3496 5546 causa?
3510 5504 3629 5547 suae

1983 5582 2235 5637 examine
2288 5580 2606 5651 diligentius
2662 5577 2863 5643 habito,
2908 5577 3181 5647 pontiﬁcis
3228 5579 3626 5657 accusationem

218 5670 330 5727 hoc
364 5687 521 5727 anno
552 5670 738 5729 multa
778 5669 906 5729 loca
946 5671 1186 5741 trajecta
1217 5670 1370 5728 Pado
1400 5686 1735 5743 occupasse,
1770 5672 1872 5728 sed
1976 5674 2227 5743 potenter
2246 5669 2484 5741 repulit;
2509 5667 2822 5739 cunctisque
2839 5665 3169 5739 defensionis
3184 5667 3433 5739 partibus
3448 5668 3628 5723 actore
