4000 6178
376 362 467 435 :as
1696 373 1765 440 Β.
1813 373 2000 440 υιιΒΑ

2148 375 2201 441 ιι
2241 376 2494 443 ΡΑριΕ.
2979 348 2983 361 “
3712 381 3792 451 se

386 522 637 601 superior
665 521 849 583 rediit.
880 516 997 581 Nec
1025 516 1168 580 satis
1190 516 1300 577 fuit
1328 515 1494 576 Erice
1526 512 2031 589 archiepiscopum
2058 511 2116 583 Α
2143 513 2366 573 Domini
2391 514 2569 575 nostri
2592 514 2720 577 Iesu
2749 514 2956 578 Christi
2984 516 3117 577 1091
3153 480 3451 580 indictione
3483 534 3577 591 xv,
3607 535 3789 581 sacro-

390 616 452 673 in
472 613 699 690 judicio
732 628 1061 687 superasse,
1093 609 1209 667 nisi
1241 608 1416 666 etiam
1447 622 1510 663 se
1547 620 1614 662 ac
1643 620 1763 661 sua
1792 602 2032 660 ditionis

387 705 634 780 populos
664 706 737 761 ab
757 699 1305 775 ejusjurisdictione
1325 697 1617 760 liberaret,
1642 695 1796 767 quod
1832 696 2033 766 postea

383 795 446 852 in
476 795 657 852 altero
689 795 951 850 Romano
980 791 1186 846 itinere
1219 787 1570 860 impetravit.
1606 787 1729 842 Huc
1761 786 1906 841 forte
1938 800 2030 839 se-

383 886 575 942 cundo
606 883 868 947 accessit,
895 880 1045 952 quod
1072 876 1635 949 Hammaburgcnsis
1663 875 1908 931 antistes
1934 872 2031 928 Ur-

381 973 539 1042 bani,
575 972 666 1029 cui
699 987 814 1026 non
846 968 1105 1041 parebat,
1158 966 1460 1023 sententia
1490 966 1894 1037 obtemperare
1924 979 2027 1018 no-

379 1047 814 1119 luisset.Erecta
826 1061 1023 1113 autem
1046 1055 1104 1111 in
1125 1072 1329 1113 novam
1349 1054 1716 1126 metropolim
1732 1050 2027 1108 Lundensi

379 1151 541 1217 urbe,
575 1147 848 1219 deinceps
882 1163 995 1202 non
1020 1145 1205 1201 Dania
1235 1144 1448 1214 solum,
1481 1144 1580 1200 sed
1615 1142 1791 1198 etiam
1821 1141 2027 1197 Suecia

376 1224 433 1295 et
461 1236 761 1310 Norvegia,
787 1238 921 1292 ante
945 1238 1170 1290 creatos
1199 1234 1271 1289 ab
1304 1232 1558 1306 Eugenio
1592 1233 1669 1287 III
1704 1230 1947 1303 Upsalia
1970 1234 2029 1286 et

268 1372 271 1379 η
362 1327 655 1386 ’Νἱάιυοείω
688 1324 1177 1397 arebiepiscopos,
1202 1322 1252 1378 ei
1276 1323 1548 1393 subjectae
1572 1322 1827 1387 fuerunt,
1847 1324 2024 1391 atque

375 1419 518 1475 adeo
547 1412 1181 1487 Hammaburgensium
1202 1411 1544 1468 antistitum
1568 1408 1883 1466 auctoritas
1913 1408 2022 1463 hac

372 1505 676 1565 occasione
705 1503 959 1559 multum
991 1502 1304 1557 imminuta
1328 1501 1457 1556 fuit.
1499 1500 1636 1554 Erat
1663 1502 1825 1555 tunc.
1860 1502 1926 1553 ut
1954 1514 2022 1553 ex

372 1596 577 1653 eodem
599 1591 990 1661 Grammatice
1020 1589 1376 1663 colligimus,
1407 1590 1658 1644 Ascerus
1691 1585 2019 1642 Lundensis

369 1670 614 1741 antistes
645 1684 767 1755 qui,
793 1680 966 1755 paulo
998 1685 1315 1753 antequam
1337 1678 1542 1762 Er'Lcus
1560 1677 1804 1733 Romam
1829 1674 2018 1748 primo

368 1773 854 1847 proﬁcisceretur,
887 1770 1066 1842 Egino
1098 1772 1478 1825 successerat.

702 1878 840 1935 CIX.
872 1877 1180 1950 MetrOpolis
1210 1878 1434 1933 Picenae
1459 1877 1685 1934 erectio.

436 1971 654 2029 Novam
678 1984 910 2040 quoque
926 1967 1036 2023 hoc
1052 1966 1178 2039 ipso
1196 1982 1348 2021 anno
1372 1963 1739 2037 metropolim
1764 1963 1821 2018 in
1847 1961 2013 2018 Italia

363 2057 633 2116 excitavit
675 2057 966 2123 Urbanus,
1016 2055 1291 2112 Pisanam
1340 2053 1582 2121 scilicet,
1625 2053 1718 2108 cui
1777 2051 2011 2108 Certica

363 2146 568 2211 insula
585 2146 889 2220 episcopos
911 2149 1081 2213 antea
1111 2145 1335 2216 absque
1364 2142 1558 2199 medio
1588 2142 1884 2211 subjectos
1904 2142 2012 2197 Ro-

352 2254 538 2311 mano
568 2235 852 2310 pontiﬁci,
885 2235 1287 2306 suﬁ'raganeos
1316 2228 1664 2303 assignavit;
1698 2248 1832 2287 cum
1855 2248 2009 2286 anno

361 2324 705 2401 praecedenti
727 2324 992 2396 ejusdem
1014 2320 1217 2377 insula
1240 2320 1630 2377 Ecclesiarum
1654 2335 1855 2374 curam
1880 2316 2008 2373 Dai-

360 2416 523 2472 berto
544 2413 754 2476 Pisano
777 2412 1049 2484 episcopo
1074 2412 1199 2482 jam
1231 2410 1664 2466 demandasset.
1686 2408 1747 2463 Id
1780 2425 1913 2463 vero
1947 2424 2008 2463 se

358 2503 567 2563 fecisse
597 2502 852 2558 declarat
875 2499 1131 2573 pontifex
1158 2515 1293 2555 cum
1326 2498 1459 2555 cleri
1492 2496 1582 2552 sui
1614 2513 1903 2553 consensu
1934 2497 2006 2552 ad

358 2590 659 2655 Malhildis
679 2590 990 2645 comitissa
1006 2588 1363 2659 petitionem,
1389 2585 1784 2658 potissimum,
1800 2589 2009 2656 prater

355 2679 502 2736 alias
532 2678 806 2741 rationes,
857 2679 929 2732 ob
982 2676 1256 2749 praclara
1306 2675 1674 2745 Pisanorum,
1707 2690 1773 2730 ac
1801 2691 2005 2730 eorum

354 2767 612 2844 episcopi
666 2765 939 2834 Daiberti,
973 2765 1067 2821 cui
1115 2764 1272 2837 pallii
1315 2764 1595 2819 honorem
1629 2763 1910 2830 concedit,
1945 2764 2003 2818 in

338 2858 553 2920 .sedem
582 2855 961 2930 apostolicam
995 2854 1238 2923 merita;
1268 2853 1424 2926 quod
1453 2870 1661 2925 nempe
1690 2870 1920 2925 semper
1949 2858 2007 2909 et

336 2938 589 3020 Lubique,
615 2945 790 3002 etiam
813 2944 964 3000 inter
986 2942 1209 2999 medias
1233 2942 1702 3015 persecutionum
1735 2947 1792 2997 et
1821 2940 2001 2997 bello-

352 3053 483 3095 rum
516 3036 915 3107 tempestates,
938 3031 1204 3088 Ecclesia
1228 3032 1501 3088 Romana
1524 3030 1727 3087 ﬁdeles
1751 3030 2002 3087 exstitis-

338 3108 499 3199 sent.
536 3123 696 3180 Bulla
716 3121 1025 3179 erectionis
1045 3121 1202 3194 apud
1233 3119 1539 3193 Ughellum
1574 3121 1713 3176 data
1743 3124 1831 3177 est
1850 3122 2003 3177 Ana-

349 3213 496 3291 gnia
518 3213 629 3271 hoc
649 3229 803 3268 anno
833 3229 868 3266 κ
891 3210 984 3267 die
1004 3209 1294 3267 Kalendas
1320 3209 1476 3266 Maii.
1502 3209 1692 3280 Hujus
1715 3214 2001 3281 metropo-

348 3300 422 3359 lis
444 3302 794 3361 erectiouem
828 3316 977 3373 agre
998 3298 1259 3355 tulerunt
1286 3298 1613 3355 Jauuenses
1634 3299 1789 3370 quod
1812 3297 1999 3354 Corsi-

349 3408 528 3452 canos
549 3391 854 3464 episcopos
882 3388 1092 3445 Pisano
1123 3386 1369 3443 antistiti
1400 3387 1697 3458 subjectos
1728 3403 1856 3443 esse
1877 3386 1999 3443 nol-

346 3479 488 3538 lent.
520 3480 593 3534 At
620 3478 759 3534 licet
797 3475 1064 3533 nonnihil
1096 3475 1407 3531 immutata
1437 3474 1515 3531 sit
1544 3475 1665 3531 hac
1713 3476 1995 3548 suifraga-

332 3584 592 3627 _neorum
622 3566 949 3639 dispositio,
984 3564 1144 3622 stetit
1170 3568 1366 3619 tamen
1400 3564 1815 3621 inconcussum
1851 3564 1994 3620 Pisa

347 3655 740 3730 privilegium.

418 3745 524 3801 CX.
556 3745 923 3813 Privilegium
949 3743 1009 3815 S,
1057 3744 1282 3815 Sophia:
1328 3744 1727 3800 Beneventinat’.
1760 3742 1924 3799 Aliud

797 3814 1188 3872 monachorum
1216 3815 1537 3870 Silvaniaci.

413 3906 545 3963 Jam
595 3905 669 3962 ab
718 3903 884 3961 initio
944 3903 1165 3961 mensis
1223 3902 1600 3976 pracedentis
1650 3905 1994 3959 versabatur

341 3995 619 4069 Anagnia
676 3994 966 4060 Urbanus,
1027 3994 1112 4049 uti
1169 3996 1329 4065 patet
1357 4009 1426 4048 ex
1479 3991 1777 4064 privilegio
1835 3993 1990 4065 quod

342 4083 529 4158 pridie
554 4084 613 4140 in
630 4100 698 4140 ea
715 4085 876 4152 urbe,
895 4084 1032 4139 Idus
1054 4080 1245 4138 Martii
1268 4081 1559 4137 concessit
1578 4079 1866 4137 Madelmo
1888 4081 1989 4137 ab-

341 4172 460 4229 bati
492 4172 833 4230 monasterii
864 4172 1087 4228 Sanctae
1118 4169 1345 4242 Sophia
1388 4170 1542 4241 apud
1572 4169 1983 4226 Beneventum.

409 4262 608 4320 Mense
654 4260 833 4334 Aprili
882 4260 1100 4316 ibidem
1132 4259 1290 4314 aliud
1324 4257 1693 4330 privilegium
1741 4257 1990 4314 indulsit

340 4351 645 4408 monachis
676 4367 779 4405 seu
809 4348 1069 4404 eremitis
1100 4346 1456 4418 quibusdam
1483 4346 1738 4417 quiante
1771 4363 1988 4418 paucos

337 4457 543 4507 annos,
569 4439 723 4512 apud
740 4434 1130 4492 Silvaniaoum
1162 4432 1355 4490 locum
1378 4433 1696 4502 desertum,
1729 4434 1787 4490 in
1820 4436 1988 4492 Bitu-

339 4530 533 4602 rigum
564 4526 802 4591 finibus,
854 4521 1277 4578 monasterium
1307 4524 1643 4579 construere
1674 4529 1983 4595 coeperant.

2043 1886 2092 1955 Β

2138 615 2348 665 sancta
2401 613 2664 667 Romanae
2702 610 2958 669 Ecclesiae
3001 627 3147 684 papa
3202 610 3438 680 Urbano,
3471 610 3569 669 sub
3608 627 3791 685 perse-

2137 699 2353 753 cutione
2405 700 2629 755 ilenrici
2681 702 2930 772 tyranni,
2988 701 3247 773 Philippo
3301 702 3365 757 in
3419 702 3653 758 Francia
3702 717 3785 758 re-

2137 791 2358 857 gnante,
2417 787 2646 844 bissexto
2709 790 2988 847 Kalendas
3044 791 3246 859 Martii,
3302 807 3398 863 ego
3452 791 3788 864 Ragnandus

2132 892 2405 946 paganus,
2449 882 2557 932 etc.
2612 879 2908 934 Nonnulla
2938 880 3163 935 confert
3193 879 3435 938 Andreae
3460 882 3639 953 priori
3669 897 3786 938 mo-

2135 965 2437 1022 nachorum
2461 966 2768 1023 Silvaniaci
2807 970 2962 1040 infra
2992 971 3178 1025 lucum
3205 985 3370 1024 suum
3404 970 3544 1042 quod
3564 978 3788 1028 vocatur

2137 1054 2526 1111 Corniliacmn.
2560 1057 2615 1111 Is
2660 1057 2786 1130 ipse
2839 1064 2932 1114 est
2985 1059 3247 1115 Andreas
3303 1057 3501 1115 Sancti
3538 1058 3786 1117 Joannis

2135 1143 2429 1200 Gualberti
2452 1144 3102 1202 Wallumbresanorum
3127 1148 3549 1203 monachorum
3581 1165 3787 1222 paren-

2134 1231 2210 1288 tis
2242 1233 2585 1306 discipulus,
2620 1235 2722 1307 qui
2774 1236 2831 1290 in
2879 1236 3183 1292 Franciam
3217 1255 3251 1292 a
3280 1236 3493 1293 comite
3523 1238 3781 1310 quodam

2132 1320 2520 1392 Cabilonensi,
2546 1328 2610 1379 ut
2632 1324 2815 1395 aiunt,
2831 1325 3142 1392 adductus,
3158 1326 3237 1381 ibi
3259 1326 3517 1398 primum
3541 1327 3777 1397 insedit,

2131 1427 2197 1466 ac
2226 1414 2426 1484 postea
2459 1412 2679 1469 Casalis
2699 1413 2995 1469 Benedicti
3026 1412 3271 1469 celebris
3300 1416 3454 1486 apud
3484 1415 3779 1489 Bituriges

2131 1501 2467 1557 monasterii
2514 1501 2741 1574 primus
2788 1502 2972 1558 abbas
3028 1519 3095 1558 ac
3142 1503 3409 1559 conditor
3450 1503 3577 1560 fuit.
3638 1505 3781 1576 Ejus

2128 1587 2416 1646 memini?
2451 1589 2761 1647 Ordcricus
2821 1590 3019 1647 Vitalis
3072 1591 3182 1648 sub
3232 1594 3408 1648 tinem
3460 1591 3596 1650 libri
3650 1610 3773 1650 vm.

2125 1683 2403 1735 Caterum
2455 1679 2637 1735 abbas
2684 1680 2873 1737 factus
2915 1679 3075 1737 aliud
3121 1680 3516 1755 privilegium,
3571 1686 3636 1740 ut
3664 1700 3775 1741 suo

2126 1767 2253 1824 loco
2285 1768 2570 1836 dicemus,
2615 1786 2769 1824 anno
2800 1769 2941 1825 1099
2988 1769 3061 1824 ab
3111 1769 3343 1826 Urbano
3400 1770 3773 1843 impetravit;

2124 1856 2518 1913 Silvaniacum
2534 1873 2798 1928 vero,seu
2821 1857 3017 1931 potius
3037 1857 3435 1915 Corneliacum
3451 1859 3772 1933 (Cornilly),

2123 1946 2413 2019 hodieque
2459 1947 2569 2002 sub
2616 1947 2909 2018 prioratus
2944 1946 3118 2003 titulo
3149 1947 3429 2005 aCasalis
3475 1949 3773 2006 Benedicti

2120 2035 2358 2092 abbatia
2386 2036 2621 2108 pendet,
2639 2035 2701 2091 in
2726 2036 2943 2093 ducatu
2961 2037 3159 2093 Sancti
3188 2036 3397 2093 Aniani
3415 2038 3495 2110 (S.
3519 2038 3771 2114 Aignan)

2122 2125 2324 2181 situm.

2119 2213 2254 2269 CXI.
2286 2216 2546 2286 Pontifex
2589 2216 2913 2287 Tarraconis
2957 2218 3361 2287 reparationem
3407 2221 3587 2287 urget.
3636 2219 3771 2274 Pri-

2474 2287 2732 2355 vilegium
2773 2286 2828 2342 S.
2861 2286 3146 2343 Laurentii
3175 2288 3407 2344 Aversa.
3488 2286 3491 2287 ⁷
3732 2306 3735 2307 ⁷

2188 2373 2386 2429 Prima
2413 2373 2506 2430 die
2549 2373 2707 2441 Maii,
2741 2391 2865 2443 seu,
2900 2380 2964 2431 ut
3014 2375 3128 2432 alia
3186 2375 3364 2432 editio
3424 2376 3619 2444 habet,
3653 2378 3765 2435 sub

2117 2463 2293 2519 ﬁnem
2340 2462 2577 2536 Aprilis,
2624 2464 2893 2520 Urbanus
2925 2465 2996 2520 ad
3028 2465 3443 2540 Berengarium
3482 2468 3764 2529 Tarraco-

2117 2568 2357 2609 nensem
2376 2551 2881 2625 archiepiscopum
2904 2554 3160 2627 scripsit,
3188 2571 3442 2628 eumque
3458 2556 3773 2630 reprehen-

2095 2641 2220 2708 .dit,
2247 2642 2401 2713 quod
2418 2643 2875 2700 Tarraconensis
2898 2643 3061 2699 urbis
3084 2645 3431 2701 restauratio
3454 2645 3771 2719 negligere-

2115 2735 2230 2796 tur,
2265 2730 2534 2803 quamvis
2563 2730 2617 2787 ei
2666 2748 2821 2786 anno
2879 2732 3227 2804 pracedenti
3280 2732 3393 2789 hac
3438 2734 3771 2793 conditione

2113 2817 2273 2891 pallii
2321 2819 2602 2875 honorem
2632 2818 2995 2889 contulisset,
3044 2826 3111 2877 ut
3154 2826 3274 2878 tam
3304 2821 3428 2894 ipse
3454 2840 3631 2896 quam
3664 2823 3764 2883 alii

2112 2907 2421 2980 provincia
2464 2907 2776 2980 optimates
2825 2908 2963 2964 huic
3010 2909 3172 2982 operi
3221 2910 3574 2973 absolvendo
3623 2912 3765 2968 totis

2112 2996 2340 3052 nisibus
2373 2996 2733 3054 insisterent.
2766 2997 2861 3053 Ha
2895 2997 3099 3055 littera
3130 2999 3276 3055 data
3298 3000 3577 3059 dicuntur
3604 3002 3761 3074 apud

2110 3085 2423 3142 Odoricum
2470 3086 2833 3159 Raynaldum
2883 3105 2959 3143 vn
2988 3087 3113 3144 Kal.
3161 3088 3335 3158 Maii;
3387 3088 3446 3145 in
3487 3090 3762 3148 Conciliis

2107 3191 2242 3231 vero
2282 3174 2573 3247 Hispania
2622 3175 2941 3233 cardinalis
2986 3176 3265 3251 Aiguirii,
3295 3183 3458 3241 temo
3489 3179 3539 3234 ιι
3569 3181 3628 3233 et
3657 3180 3759 3246 III,

2029 3259 2072 3335 ε
2111 3263 2259 3336 ipsis
2285 3262 2561 3320 Kalmidis
2588 3263 2855 3334 ejusdem
2889 3268 3131 3322 mensis.
3153 3265 3261 3321 Sed
3283 3282 3492 3338 parum
3516 3265 3762 3326 interest

2108 3357 2243 3409 utra
2292 3351 2462 3411 lectio
2520 3351 2597 3409 sit
2655 3350 2821 3409 alteri
2878 3354 3254 3425 praferenda.
3312 3354 3559 3415 Easdem
3618 3370 3754 3411 vero

2107 3443 2378 3515 Anagnia
2408 3442 2577 3499 datas
2607 3439 2788 3498 fuisse
2824 3440 2961 3501 inde
2990 3441 3345 3515 colligimus,
3379 3442 3535 3516 quod
3567 3442 3758 3499 adhuc

2107 3531 2165 3587 in
2197 3548 2264 3588 ea
2294 3532 2437 3586 urbe
2467 3534 2593 3586 tum
2629 3531 2887 3603 pontifex
2917 3530 3217 3598 exstiterit,
3252 3532 3468 3603 quippe
3515 3530 3616 3601 qui
3664 3531 3759 3597 die

2105 3619 2358 3692 septima
2374 3619 2644 3691 ejusdem
2665 3616 3128 3690 mensisinsigne
3144 3618 3513 3691 privilegium
3535 3619 3757 3681 ibidem

2103 3707 2395 3763 concessit
2426 3706 2781 3762 monasterio
2812 3705 3008 3762 Sancti
3040 3705 3337 3761 Laurentii
3370 3724 3549 3779 prope
3580 3710 3754 3766 Aver-

2103 3812 2230 3852 sam
2285 3794 2418 3862 site,
2477 3794 2648 3865 cujus
2704 3793 2812 3850 loci
2870 3793 3054 3851 abbas
3084 3798 3144 3851 et
3198 3795 3471 3855 monachi
3527 3813 3663 3854 eum
3692 3798 3754 3856 in

2096 3882 2414 3956 angustiis,
2477 3899 2625 3955 quas
2702 3881 3151 3955 descripsimus,
3206 3883 3465 3956 positum
3523 3885 3755 3960 egregie

2100 3973 2468 4045 adjuverant.
2492 3971 2635 4043 Ejus
2664 3970 2951 4044 privilegii
2982 3971 3316 4045 exemplum
3345 3974 3501 4046 quod
3525 3991 3593 4032 ex
3622 3975 3753 4047 ejus

2099 4062 2207 4119 loci
2230 4059 2505 4117 archiviis
2527 4060 2600 4116 ab
2622 4060 2811 4115 amico
2849 4064 3048 4118 nostro
3071 4062 3139 4117 Β.
3174 4062 3231 4117 Ρ.
3266 4063 3483 4121 domno
3511 4063 3753 4126 Erasmo

2100 4168 2134 4208 a
2163 4151 2359 4207 Caieta
2387 4148 2581 4204 Casini
2630 4149 2850 4205 decano
2880 4150 3233 4223 accepimus,
3266 4167 3374 4237 suo
3403 4150 3529 4213 loco
3559 4152 3749 4225 profe-

2098 4243 2278 4297 retur.

2096 4346 2259 4403 CXII.
2292 4346 2473 4411 Falco,
2532 4345 2699 4401 abbas
2747 4346 3015 4413 Divensis,
3048 4347 3120 4402 ad
3166 4347 3742 4421 Urbanumconfugit.

2167 4436 2333 4491 Circa
2361 4433 2507 4489 illud
2541 4437 2774 4507 tempus
2806 4433 2980 4490 Fulco
3010 4451 3079 4491 ex
3108 4436 3396 4491 monacho
3450 4440 3509 4492 et
3552 4437 3747 4509 priore

2097 4523 2352 4582 Uticensi
2374 4524 2501 4595 jam
2534 4524 2607 4578 ab
2639 4523 2808 4580 annis
2851 4523 3313 4596 vigintiSancta
3336 4526 3538 4581 Maria
3566 4542 3747 4598 supra

338 4617 463 4673 Duo
510 4630 579 4669 ex
624 4611 741 4667 illis
784 4612 855 4667 ad
915 4610 1249 4683 pontiﬁcem
1308 4615 1675 4667 accesserant
1719 4612 1986 4672 tuitionis
2014 4625 2062 4691 Β
2095 4615 2299 4671 Divam
2349 4613 2409 4668 in
2457 4612 2844 4671 Nortmannia
2890 4613 3093 4681 abbas,
3139 4628 3274 4668 cum
3320 4612 3745 4671 monasterium

335 4702 562 4757 litteras
591 4699 665 4754 ab
690 4714 757 4753 eo
786 4698 1177 4770 impetraturi,
1202 4699 1302 4754 sed
1335 4713 1435 4754 eas
1464 4699 1699 4755 nonnisi
1727 4699 1984 4775 interpo-

336 4789 449 4846 sita
473 4785 803 4845 conditione
826 4785 1071 4843 indulsit
1100 4787 1355 4860 prudens
1388 4786 1665 4860 pontifex,
1698 4792 1855 4862 quod
1878 4809 1984 4849 nec

333 4877 549 4948 locum,
575 4892 680 4933 nec
711 4875 1029 4932 monachos
1059 4875 1188 4932 illos
1210 4877 1389 4950 probe
1412 4877 1686 4934 novisset.
1710 4879 1828 4937 Has
1847 4898 1981 4939 vero

333 4965 557 5024 litteras
604 4965 734 5022 ideo
789 4966 860 5022 ad
910 4965 1067 5022 hunc
1116 4983 1358 5035 annum,
1392 4965 1527 5022 licet
1556 4967 1616 5022 in
1647 4969 1982 5042 apographo

334 5057 755 5131 praecedentem
807 5054 1136 5125 exhibeant,
1166 5054 1491 5123 referimus,
1531 5072 1644 5112 non
1686 5057 1877 5113 solum
1907 5060 1980 5115 ob

331 5146 713 5203 indictionem
742 5164 816 5201 xv
846 5145 927 5201 ibi
981 5149 1341 5212 annotatam,
1405 5149 1461 5200 et
1511 5147 1666 5217 quod
1715 5146 1980 5220 Anagnia
2026 5164 2027 5167 ‘

334 5224 480 5292 data
503 5234 640 5303 sint,
673 5253 735 5290 ιιι
768 5236 892 5291 Idus
922 5235 1149 5307 Aprilis,
1185 5234 1281 5289 ubi
1317 5239 1455 5289 tunc
1486 5235 1765 5292 Urbanus
1785 5254 1979 5294 versa-

333 5325 533 5393 batur;
558 5324 658 5380 sed
678 5323 853 5381 etiam
871 5324 1027 5397 quod
1048 5326 1216 5380 vetus
1237 5322 1697 5381 instrumentum
1714 5326 1979 5398 ejusdem

331 5412 443 5469 loci
491 5414 549 5467 in
606 5429 722 5485 quo
777 5412 955 5469 iidem
1004 5413 1245 5469 omnino
1293 5412 1659 5470 characteres
1716 5416 1979 5473 chronici

331 5500 625 5575 leguntur,
677 5502 907 5557 dicatur
953 5503 1236 5576 scriptum
1287 5519 1439 5559 anno
1493 5503 1797 5574 bissextili,
1850 5523 1979 5579 qua

332 5596 469 5648 nota
497 5588 633 5646 huic
663 5607 817 5647 anno
850 5591 988 5646 1092
1035 5609 1151 5649 non
1192 5607 1322 5648 vero
1354 5592 1721 5664 praecedenti,
1751 5610 1979 5669 compe-

332 5685 451 5738 tere
475 5683 685 5755 potest.
710 5679 800 5738 Sic
834 5684 1029 5738 autem
1056 5681 1272 5738 habet:
1314 5684 1472 5737 Anno
1500 5683 1568 5738 ab
1597 5684 1981 5743 lncarnatione

2096 4706 2204 4764 sibi
2224 4702 2635 4772 commissum,
2655 4708 2720 4759 ut
2740 4703 2917 4760 habet
2934 4703 3246 4761 Ordericus
3266 4704 3499 4773 Vitalis,
3516 4704 3666 4761 libro
3684 4723 3742 4773 x,

2091 4796 2269 4868 rigide
2286 4794 2535 4863 rexisset,
2557 4794 2859 4866 multisque
2885 4793 3060 4850 modis
3078 4795 3361 4853 ecclesiam
3385 4796 3741 4868 provewicsel,

2092 4885 2370 4941 invidente
2392 4888 2445 4941 et
2493 4885 2794 4954 instigante
2822 4883 3051 4950 Satana,
3082 4884 3287 4956 injuste
3329 4885 3660 4940 criminatus
3694 4892 3747 4941 et

2090 4974 2383 5048 depositus,
2429 4973 2501 5028 ad
2526 4973 2825 5029 Urbanum
2852 4972 3142 5045 confugit;
3176 4974 3334 5047 quod
3362 4966 3603 5046 quidem
3633 4973 3742 5030 hoc

2090 5080 2243 5119 anno
2274 5060 2590 5135 contigisse
2633 5077 2701 5117 ex
2748 5061 2953 5117 eodem
2986 5066 3227 5117 auctore
3253 5060 3606 5135 colligimus,
3641 5062 3743 5135 qui

2091 5151 2403 5208 Fulconem
2455 5152 2589 5221 post
2637 5165 2823 5205 annos
2864 5153 3084 5221 septem
3117 5150 3329 5218 exsilii,
3379 5151 3742 5225 totidemque

2092 5245 2222 5313 post
2251 5256 2419 5296 suam
2442 5238 2867 5295 restitutionem
2898 5243 3150 5309 exactos,
3185 5257 3339 5298 anno
3372 5241 3530 5309 1106,
3562 5240 3654 5297 die
3675 5258 3738 5298 ιιι

2090 5328 2377 5385 Kalendas
2389 5325 2604 5399 Aprilis
2625 5341 2823 5383 senem
2842 5325 3061 5383 obiisse
3073 5334 3511 5387 eommemomt.
3532 5330 3739 5387 Socius
3820 5378 3825 5382 .

2086 5416 2313 5473 itineris
2345 5415 2396 5471 ei
2430 5432 2464 5471 a
2494 5414 2740 5488 Regcrio
2780 5416 2989 5472 abbate
3020 5416 3279 5475 Uticensi
3326 5419 3501 5476 datus
3551 5419 3742 5475 fuerat

2086 5506 2343 5563 Joannes
2401 5504 2667 5575 ejusdem
2723 5502 2835 5559 loci
2895 5506 3239 5575 monachus,
3287 5507 3375 5562 vir
3420 5506 3637 5580 pietate
3683 5511 3743 5564 et

2088 5593 2352 5652 doctrina
2370 5592 2638 5662 celebris,
2656 5607 2832 5665 quem
2859 5610 3034 5651 suum
3052 5596 3365 5654 Ordericus
3386 5596 3739 5671 magistrum

2086 5688 2144 5741 et
2174 5683 2233 5739 in
2263 5682 2473 5740 litteris
2502 5683 2683 5740 sacris
2707 5681 3103 5742 institutorem
3136 5683 3408 5758 appellat.
3451 5685 3510 5741 Is
3538 5689 3737 5745 tamen
