4000 6178
217 290 303 352 9-;
1825 287 2007 357 Vl’l‘A
2019 340 2031 355 .
2777 354 2785 365 .
3560 294 3639 359 98

220 446 342 484 non
374 426 571 482 solum
592 422 666 482 ob
696 440 835 483 suas
865 422 1052 500 ipsius
1078 422 1390 500 prazclaras
1415 425 1580 483 dotes
1640 427 1876 484 Fulconi
1908 434 1959 497 Α
1991 424 2262 484 homines
2288 429 2472 486 facere
2501 425 2711 499 solent,
2736 427 3047 487 defendere
3066 431 3318 504 perrexit
3350 449 3364 488 :
3389 433 3490 488 sed
3506 434 3636 504 ejus

220 516 690 573 itineris-comes
720 514 1066 589 designatus
1106 516 1256 585 fuit;
1310 532 1514 572 verum
1569 517 1772 584 etiam,
1831 517 1882 573 si

224 604 380 662 bene
409 603 683 677 conjicio,
713 605 871 678 quod
902 604 1103 662 Remis
1133 609 1306 662 natus
1335 609 1394 662 et
1451 622 1482 663 e
1532 605 1883 664 scholastieo

226 693 510 751 Remensi
544 694 1113 763 monachusfactus,
1162 695 1396 751 Urbano
1451 698 1627 751 notus
1685 695 1884 768 procul

234 781 421 840 dubio
451 785 512 839 et
538 787 745 856 gratus
774 799 901 839 esse
930 782 1245 852 sciebatur,
1276 787 1450 855 atque
1475 784 1619 841 adeo
1661 787 1888 856 poterat

230 873 364 943 ejus
394 871 662 927 animum
694 871 755 927 in
784 870 1059 928 Fulconis
1091 871 1345 928 favorem
1375 870 1680 940 inclinare,
1730 873 1881 945 quod

232 977 297 1017 re
326 961 462 1034 ipsa
492 960 711 1017 factum
742 960 926 1018 fuisse
966 960 1335 1032 conjicimus.
1395 961 1543 1017 Nam
1601 961 1700 1018 ille
1756 964 1888 1035 post

224 1049 460 1123 aliquot
509 1066 696 1106 annos
752 1049 813 1105 in
886 1049 1241 1107 monasterio
1314 1050 1616 1108 Casinensi
1690 1054 1889 1107 trans-

224 1144 418 1208 actos,
453 1155 608 1195 anno
639 1139 801 1209 1099,
832 1143 898 1195 ut
925 1138 1004 1195 ibi
1027 1138 1313 1208 dicemus,
1346 1139 1541 1196 locum
1573 1157 1749 1197 suum
1798 1157 1885 1198 re-

224 1229 408 1301 cepit.

231 1335 429 1419 CXI-11..
476 1335 813 1419 Caiatiam“
835 1334 1149 1419 Stam'pense
1195 1337 1256 1390 in
1294 1352 1472 1419 causa
1511 1337 1722 1419 Ivonis.
1780 1338 1887 1393 Pa-

301 1409 545 1480 risiense
563 1423 666 1480 pro
682 1406 738 1462 S.
774 1406 1024 1463 Cornelio
1050 1407 1468 1480 compendiensi.
1502 1410 1756 1467 Remense
1790 1424 1889 1480 pro

298 1480 457 1534 clero
488 1478 830 1534 Flandrensi.
851 1478 1232 1535 Suessumease
1251 1479 1505 1535 adversus
1526 1478 1888 1536 Itoscelinum.

295 1587 397 1643 Ivo
414 1584 734 1642 interea-ex
766 1584 953 1654 Italia,
998 1585 1099 1641 ubi
1146 1585 1220 1641 ab
1283 1586 1513 1642 Urbano
1571 1587 1888 1644 Carnoten-

230 1675 397 1731 sium
424 1675 741 1748 episcopus
769 1674 1080 1730 ordinatus
1112 1673 1324 1741 fuerat,
1358 1677 1559 1747 redux,
1615 1676 1804 1733 multa
1858 1693 1892 1732 a

228 1765 360 1820 suis
388 1762 626 1820 aemulis
655 1763 915 1836 pertulit,
950 1764 1329 1836 potissimum
1359 1782 1395 1819 a
1422 1765 1888 1837 comprovincia-

222 1853 394 1913 libus
423 1852 718 1927 episcopis
747 1852 851 1925 qui
879 1868 1016 1909 eum
1049 1853 1316 1910 Ricberio
1345 1855 1667 1911 Senonensi
1701 1854 1889 1911 archi-

232 1943 512 2016 episcopo
541 1941 698 2014 apud
722 1942 996 2014 Stampas
1014 1958 1355 2009 convenere,
1381 1948 1447 1998 ut
1475 1959 1609 1999 eum
1627 1942 1892 2016 synodali

224 2030 456 2104 judicio
477 2034 960 2087 exauctorarent:
985 2034 1044 2086 a‘t
1064 2030 1161 2086 ille
1186 2031 1578 2105 appellatione
1599 2032 1671 2088 ad
1694 2033 1893 2089 sedem

228 2119 616 2194 apostolicam
646 2119 1016 2192 interposita,
1047 2136 1253 2176 eorum
1292 2127 1561 2191 conatus,
1618 2126 1684 2177 ut
1740 2138 1894 2177 anno

231 2208 587 2282 praecedenti
616 2206 899 2276 diximus,
934 2207 1129 2265 irritos
1160 2209 1315 2266 fecit.
1345 2210 1431 2265 Ad
1457 2210 1617 2266 hunc
1659 2226 1894 2283 quoque

233 2315 462 2355 annum
490 2297 758 2353 Lahbeus
801 2295 1002 2353 laudat
1057 2297 1374 2354 concilium
1431 2299 1779 2365 Parisiense,
1838 2305 1896 2356 et

243 2386 757 2444 conﬁrmationem
791 2387 851 2442 in
882 2403 949 2443 eo
980 2386 1191 2444 factum
1222 2386 1512 2462 privilegii
1543 2389 1728 2444 sancti
1758 2392 1892 2445 Cor-

238 2476 385 2533 nelii
414 2476 937 2550 Compendieusis;
972 2477 1071 2533 sed
1096 2474 1381 2533 chronicis
1420 2480 1589 2543 notae,
1650 2494 1777 2549 quae
1836 2477 1894 2532 in

240 2568 401 2641 regis
429 2565 686 2639 Philippi
712 2564 937 2625 charta.
976 2582 1045 2620 ex
1103 2582 1219 2638 qua
1274 2564 1401 2621 sola
1453 2565 1634 2637 hujus
1689 2566 1897 2638 synodi

243 2655 525 2712 notitiam
554 2654 865 2721 habemus,
899 2654 1252 2722 referuntur,
1286 2654 1438 2710 sicut
1493 2653 1896 2727 episcoporum

244 2744 603 2817 scriptiones
631 2743 713 2799 ibi
744 2743 1046 2816 appositae,
1080 2742 1292 2799 melius
1313 2760 1465 2799 anno
1505 2745 1643 2798 1072
1697 2761 1900 2800 conve«

242 2832 444 2901 niunt,
462 2836 545 2887 ut
565 2832 690 2903 jam
720 2832 1047 2888 observavit
1078 2831 1357 2889 Marlotus
1394 2838 1554 2888 tomo
1584 2832 1632 2888 II
1688 2833 1898 2890 Metro-

242 2920 399 2994 polis
459 2920 829 2989 Remensis;
889 2937 994 2977 nec
1051 2920 1298 2977 dubium
1358 2921 1499 2994 quin
1556 2921 1668 2978 isto
1752 2922 1900 2979 cele-

241 3010 486 3067 bratum
518 3009 695 3066 fuerit
723 3009 832 3066 hoc
852 3009 1165 3066 concilium
1192 3027 1204 3065 :
1239 3027 1421 3082 quare
1449 3011 1765 3068 dicendum
1813 3015 1904 3068 est

243 3103 512 3156 erratum
528 3115 598 3156 ex
619 3100 1000 3156 amanuensis
1022 3099 1330 3155 oscitantia
1344 3100 1699 3171 provenisse.
1723 3100 1900 3157 Aliud

248 3189 408 3245 idem
437 3189 734 3253 Labbeus,
766 3188 919 3244 sicut
947 3193 1004 3244 et
1036 3188 1259 3261 [peritis
1290 3188 1349 3243 in
1379 3188 1662 3246 Chronico
1716 3191 1903 3247 sancti
1934 3161 1977 3228 θ

245 3277 493 3345 Bertini,
517 3276 832 3333 concilium
860 3277 1094 3334 exhibet
1114 3277 1222 3333 hoc
1241 3293 1396 3334 anno
1418 3278 1615 3339 Remis
1637 3279 1904 3335 habitum

245 3365 307 3420 in
322 3381 515 3421 causa
531 3365 766 3420 Roberti
783 3365 1086 3433 Flandrim,
1121 3366 1378 3437 comitis,
1397 3367 1520 3439 qui,
1545 3371 1610 3422 ut
1624 3366 1903 3439 diximus,

249 3455 338 3510 sui
369 3453 623 3509 dominii
651 3453 877 3509 clericis
907 3453 1241 3511 facultatem
1273 3454 1558 3511 condendi
1588 3460 1902 3513 testamen-

251 3548 374 3599 tum
404 3543 640 3600 auferre
667 3543 1042 3600 moliebatur.
1076 3545 1167 3610 At,
1201 3542 1335 3600 licet
1363 3550 1585 3600 certum
1618 3545 1697 3601 sit
1752 3545 1903 3602 hanc

244 3632 541 3704 synodum
558 3632 753 3705 reipsa
780 3634 975 3689 Remis
993 3638 1255 3689 coactam
1291 3632 1492 3699 fuisse,
1526 3633 1681 3689 haud
1708 3639 1901 3691 tamen

246 3720 486 3776 omnino
508 3724 740 3776 constat
767 3739 842 3777 an
874 3722 982 3777 hoc
1022 3727 1126 3777 aut
1170 3722 1437 3795 sequenti
1489 3740 1642 3779 anno
1699 3723 1905 3780 debeat

245 3807 606 3882 consignari.
667 3809 905 3881 Majoris
960 3810 1244 3867 momenti
1303 3811 1412 3866 fuit
1480 3812 1903 3869 Suessionense

246 3896 585 3965 concilium,
618 3899 773 3971 quod
800 3898 1131 3971 Raynaldus
1166 3900 1481 3958 Remorum
1511 3900 1904 3974 metropolita-

250 4004 365 4044 nus
408 3986 522 4043 hoc
570 4005 725 4043 anno
781 3988 1134 4055 convocavit,
1190 3988 1472 4045 adversus
1507 3989 1899 4060 Roscelinum,

248 4078 572 4149 quemdam
620 4077 1147 4150 Compendiensem
1197 4076 1497 4146 clericum,
1548 4078 1650 4151 qui
1723 4096 1903 4137 novos

247 4182 479 4222 errores
510 4165 665 4221 circa
708 4164 1094 4221 sanctissima:
1142 4166 1447 4224 Trinitatis
1503 4184 1782 4240 personas
1835 4186 1904 4226 eo

248 4258 517 4327 tempore
547 4254 998 4311 disseminabat.
1037 4257 1197 4310 Ilunc
1228 4256 1580 4327 posteriores
1638 4262 1904 4315 auctores

248 4342 404 4398 Petri
436 4341 727 4399 Abmlardi
763 4342 1112 4416 magistrum
1142 4343 1529 4417 appellavere,
1567 4346 1690 4403 sive
1747 4348 1903 4419 quod

251 4431 447 4504 reipsa
474 4432 606 4503 ejus
631 4431 1163 4504 discipulus'fuerit
1192 4433 1550 4501 Abzelardus,
1593 4441 1696 4491 aut
1752 4440 1904 4493 certe

1992 522 2237 573 conatus
2268 517 2417 573 irriti
2447 520 2631 576 fuere.

1991 622 2175 700 CXIV.
2213 625 2459 700 Urbanus
2486 626 2736 697 Philippi
2762 628 2908 697 regis
2936 629 3276 684 mlulterinas
3301 629 3525 700 nuptias
3553 629 3642 684 de-

2063 698 2313 751 testatur.
2338 698 2409 752 Iis
2437 700 2646 753 resistit
2664 700 2773 765 Ivo,
2797 704 2848 754 et
2868 701 2993 755 alii.
3051 706 3090 756 Α
3127 716 3231 771 quo
3251 698 3531 757 celebrata
3546 704 3572 756 .9

2067 784 2341 841 Urbanus
2363 802 2519 854 vero,
2542 784 2677 842 licet
2708 787 2906 844 animo
2924 786 3076 843 lenis
3097 792 3155 845 et
3200 789 3363 861 pacis
3421 790 3640 848 studio-

1995 873 2270 929 sissimus
2303 875 2496 943 fuerit,
2529 879 2704 948 atque
2735 876 2794 931 in
2824 878 3056 950 magnis
3085 883 3226 934 tunc
3283 880 3644 936 constitutus

1982 963 2287 1035 angustiis
2318 963 2576 1037 indigere
2604 964 2902 1021 videretur
2933 966 3125 1022 favore
3167 967 3520 1041 principum,
3579 972 3646 1025 ut

1982 1051 2257 1125 seipsum
2286 1053 2566 1109 adversus
2596 1053 2826 1110 Henrici
2858 1055 3104 1128 Augusti
3137 1056 3385 1128 ejusque
3433 1073 3642 1130 sequa-

1990 1141 2153 1197 cium
2168 1141 2432 1213 insidias,
2446 1145 2754 1210 tutaretur,
2771 1143 2925 1198 haud
2946 1149 3143 1199 tamen
3162 1161 3424 1216 unquam
3438 1162 3643 1202 eorum

1995 1230 2141 1286 vitia
2154 1230 2567 1298 dissimulavit,
2600 1234 2702 1286 aut
2731 1232 3045 1287 obsecutus
3075 1236 3166 1287 est
3197 1233 3392 1304 pravis
3437 1249 3643 1290 eorum

1994 1319 2415 1388 voluntatibus,
2442 1324 2509 1375 ut
2536 1320 2649 1376 sibi
2680 1319 2813 1376 illos
2842 1320 3180 1376 devinciret.
3215 1320 3361 1377 Hinc
3379 1320 3645 1396 Philippo

1999 1410 2354 1466 Francorum
2386 1409 2527 1483 regi,
2586 1409 2685 1482 qui
2743 1409 2991 1466 dimissa
3046 1410 3287 1483 propria
3335 1428 3514 1468 uxore
3571 1412 3647 1468 ad

1999 1498 2238 1570 nuptias
2268 1498 2626 1555 adulterinas
2658 1497 2963 1554 convolare
2994 1498 3309 1567 nitebatur,
3340 1516 3646 1572 nunquam

1999 1591 2333 1644 assentatus
2363 1591 2487 1643 est:
2518 1588 2841 1643 econtrario
2871 1588 3055 1642 vetuit
3086 1603 3155 1643 ne
3185 1586 3343 1644 ullus
3382 1605 3644 1661 unquam

2003 1676 2248 1733 antistes
2269 1676 2406 1732 huic
2425 1675 2680 1745 mulieri,
2702 1693 2878 1748 quam
2901 1675 3012 1730 sibi
3040 1693 3136 1731 rex
3154 1675 3428 1748 copulare
3445 1675 3649 1734 illicito

1998 1765 2249 1832 volebat,
2281 1781 2556 1821 coronam
2578 1766 2878 1838 imponere
2909 1766 3140 1831 audeat,
3160 1765 3477 1838 ipsumque
3494 1766 3649 1841 prin-

2001 1855 2190 1928 cipem
2217 1855 2614 1911 comminatus
2645 1858 2753 1921 est,
2787 1858 2933 1909 teste
2964 1854 3089 1927 ipso
3122 1854 3292 1911 Ivone
3330 1856 3502 1928 epist.
3554 1856 3646 1923 28,

2000 1942 2136 2010 sibi,
2169 1943 2282 1999 nisi
2315 1960 2348 1999 a
2379 1941 2533 1999 malo
2564 1943 2863 2015 proposito
2895 1943 3207 2011 recederet,
3241 1944 3426 2001 sacris
3469 1944 3649 2000 inter-

2002 2035 2322 2089 dicturum.
2350 2033 2419 2087 Et
2449 2031 2708 2104 quidem,
2743 2047 2876 2086 cum
2906 2048 3007 2086 rex
3042 2030 3225 2087 nullis
3283 2032 3524 2088 monitis
3583 2048 3651 2088 ac

2002 2122 2272 2195 precibus
2305 2139 2340 2177 a
2365 2119 2543 2177 semel
2562 2127 2839 2193 concepto
2865 2119 3108 2175 consilio
3129 2120 3408 2176 dimoveri
3432 2121 3653 2193 potuis-

2003 2214 2112 2282 set,
2144 2212 2217 2266 ab
2246 2210 2488 2282 Hugone
2518 2207 2707 2283 legato
2746 2209 3087 2282 apostolico,
3130 2209 3287 2281 quod
3346 2210 3653 2283 repudiata

2003 2298 2241 2373 propria
2268 2298 2518 2371 conjuge
2546 2299 2736 2365 Berta,
2769 2298 3036 2362 alteram,
3065 2296 3288 2353 scilicet
3307 2298 3648 2355 Bertradam

2005 2387 2277 2445 Fulcanis
2295 2386 2730 2459 Andegavensis
2753 2386 2986 2441 comitis
3010 2401 3267 2454 uxorem,
3301 2387 3652 2443 assentanti-

2005 2478 2118 2533 bus
2150 2475 2450 2532 nonnullis
2480 2474 2790 2547 episcopis,
2824 2472 3056 2545 publice
3086 2472 3199 2528 sibi
3228 2473 3649 2544 coniunxisset,

2006 2566 2418 2623 communione
2450 2563 2712 2637 privatus
2740 2567 2849 2618 est.
2880 2564 3174 2629 Quantum
3206 2578 3339 2618 vero
3398 2563 3650 2621 desuda-

2005 2655 2154 2710 verit
2182 2653 2493 2727 religiosus
2523 2652 2799 2724 pontifex,
2833 2668 3129 2724 quamque
3150 2649 3437 2707 sollicitus
3458 2651 3650 2722 fuerit,

2007 2749 2075 2800 ut
2104 2760 2297 2816 regem
2329 2759 2363 2798 a
2389 2747 2553 2798 tanto
2582 2742 2856 2808 facinore,
2889 2757 3022 2797 eum
3055 2740 3175 2797 sive
3210 2756 3313 2814 per
3366 2742 3654 2815 seipsum,

2008 2833 2130 2888 sive
2160 2848 2264 2904 per
2293 2830 2460 2898 alios,
2480 2830 2790 2899 monendo,
2814 2830 3174 2886 obsecrando
3190 2834 3249 2886 et
3263 2829 3441 2887 etiam
3461 2831 3655 2888 minas

2008 2921 2351 2979 intentando
2383 2920 2722 2987 deterreret,
2755 2923 2935 2975 testes
2966 2923 3105 2974 sunt
3132 2919 3261 2991 ejus
3287 2918 3545 2992 epistolae
3586 2937 3659 2976 ea

2010 3011 2082 3068 de
2112 3026 2193 3079 re,
2227 3014 2286 3066 et
2312 3007 2690 3066 conciliorum
2710 3008 2941 3064 decreta
2969 3025 3099 3080 qua;
3127 3013 3464 3081 supersunt.
3491 3011 3657 3066 Certe

2010 3100 2311 3156 Urbanum
2330 3099 2401 3154 ad
2434 3115 2637 3155 omnes
2667 3097 2829 3171 regni
2863 3097 3339 3170 archiepiscopos
3363 3101 3421 3154 et
3439 3098 3658 3171 episco-

2009 3207 2117 3262 pos
2147 3205 2352 3262 graves
2383 3188 2453 3243 de
2485 3188 2591 3243 hoc
2617 3187 2847 3267 negotio
2879 3186 3102 3243 litteras
3132 3187 3441 3269 scripsisse
3486 3188 3656 3245 testis
3746 3194 3749 3199 ’

2011 3283 2101 3334 est
2131 3279 2239 3334 hac
2270 3278 2330 3332 in
2364 3293 2424 3332 re
2454 3275 2611 3332 omni
2643 3275 2977 3347 exceptione
3017 3277 3206 3347 major
3235 3277 3328 3331 Ivo
3386 3279 3657 3333 Carnote-

2012 3385 2147 3437 nus,
2181 3366 2278 3438 qui
2314 3383 2435 3431 eas,
2461 3370 2528 3419 ut
2558 3380 2625 3419 ex
2646 3366 2773 3435 ejus
2792 3363 3038 3435 epistola
3065 3366 3135 3418 25
3157 3366 3226 3419 ad
3258 3366 3450 3437 ipsum
3475 3365 3655 3421 Urba-

2012 3473 2156 3512 num
2184 3456 2320 3510 data
2348 3459 2574 3510 eertum
2604 3457 2712 3523 est,
2746 3452 3277 3525 caeterisjepiscopis
3296 3451 3659 3529 distribuen-

2012 3547 2117 3601 das
2173 3547 2486 3617 receperat.
2547 3543 2707 3598 Idem
2772 3546 3024 3597 testatur
3078 3541 3393 3598 0rdericus
3445 3542 3656 3600 Vitalis

2010 3634 2158 3690 libro
2190 3650 2291 3689 vm
2324 3631 2586 3689 Historiae
2617 3630 3044 3701 ecclesiasticae,
3079 3632 3176 3686 ubi
3209 3632 3445 3705 scripsit
3491 3624 3655 3707 pium

2013 3724 2345 3797 pontiﬁcem
2404 3738 2472 3778 ea
2520 3721 2825 3778 occasione
2880 3721 3082 3790 legatos
3148 3722 3454 3792 apostolicae
3515 3723 3659 3780 sedis

2010 3813 2071 3868 in
2093 3812 2331 3867 Galliam
2357 3812 2674 3878 destinasse,
2708 3814 2759 3864 et
2782 3826 2884 3881 per
2910 3811 3163 3881 epistolas
3221 3814 3272 3865 et
3320 3811 3658 3868 sacerdotum

2005 3901 2457 3973 praedicationem
2485 3915 2779 3955 erroneum
2808 3914 2989 3967 regem
3035 3900 3299 3969 arguisse,
3360 3898 3661 3956 obsecrasse

2010 3998 2062 4045 et
2089 3991 2416 4061 increpasse,
2447 3987 2542 4059 qui
2570 3987 2871 4056 legitimam
2917 3986 3208 4056 conjugem
3258 3985 3655 4057 repudiaverit,

2010 4077 2423 4148 adulterumque
2447 4075 2554 4130 sibi
2581 4082 2767 4129 contra
2798 4075 2972 4145 legem
3000 4074 3099 4128 Dei
3115 4075 3423 4130 sociaverit.
3485 4075 3653 4130 Haud

2008 4183 2141 4223 vero
2172 4164 2451 4238 praecipiti
2480 4162 2704 4235 impetu
2727 4179 2817 4218 res
2847 4162 3134 4217 tractabat
3162 4161 3658 4234 prudentissimus

2010 4255 2288 4329 pontifex,
2323 4254 2420 4309 sed
2454 4252 2652 4308 omnia
2676 4256 2903 4307 mature
2926 4252 3305 4324 ponderando
3331 4250 3478 4307 nihil
3495 4252 3662 4308 omit-

2010 4345 2170 4401 tebat
2198 4360 2267 4399 ex
2297 4341 2389 4397 his
2421 4358 2550 4413 qua:
2582 4341 2653 4396 ad
2689 4356 2878 4396 causa:
2922 4341 3313 4413 cognitionem
3338 4340 3662 4398 conducere

2010 4434 2375 4489 videbantur.
2412 4430 2573 4487 Unde
2605 4429 2895 4502 susceptis
2928 4447 2963 4486 a
2995 4430 3206 4486 comite
3255 4429 3661 4504 Andegavensi

253 4521 326 4576 ob
356 4519 587 4576 similes
606 4536 835 4577 errores
866 4526 1116 4593 utroque
1147 4527 1566 4595 propugnatus.
1628 4526 1905 4590 Quaenam
1936 4529 1983 4594 D
2012 4522 2242 4595 legatis,
2275 4519 2376 4593 qui
2410 4520 2748 4575 Bertradam
2779 4519 3137 4593 repetebant,
3169 4520 3391 4592 gradus
3413 4536 3660 4577 consan-

248 4625 388 4665 vero
422 4608 643 4666 fuerint
668 4608 773 4665 illa
798 4610 946 4666 falsa
974 4610 1105 4681 ejus
1135 4611 1433 4683 dogmata,
1483 4613 1720 4685 exponit
1769 4631 1907 4670 san-

252 4703 385 4755 ctus
414 4697 731 4755 Anselmus
757 4698 906 4755 libro
931 4716 993 4771 ιι,
1024 4698 1198 4772 epist.
1231 4701 1295 4756 41
1329 4701 1403 4757 ad
1428 4700 1742 4758 Fulconem
1781 4702 1901 4776 epi-

251 4803 503 4861 scopum
533 4786 1021 4857 Bellovacensem,
1066 4793 1125 4844 et
1178 4788 1238 4845 in
1292 4789 1441 4846 libro
1497 4791 1578 4847 De
1634 4792 1905 4850 Incarna-

256 4876 414 4931 tione
442 4893 618 4949 quem
649 4876 883 4933 Urbano
906 4878 1165 4951 pontiﬁci
1189 4864 1567 4952 nuncupavit.
1590 4880 1648 4935 In
1669 4899 1736 4936 eo
1758 4881 1904 4937 libro

258 4964 574 5021 Anselmus
606 4965 984 5022 Roscelinum
1014 4975 1132 5023 tres
1164 4967 1221 5023 in
1253 4967 1369 5023 Deo
1392 4986 1671 5041 personas
1702 4971 1905 5026 eodem

257 5053 434 5110 modo
462 5059 582 5111 tres
610 5071 705 5112 res
734 5054 1048 5111 esse-sicut
1080 5058 1198 5112 tres
1251 5056 1490 5129 angelos
1547 5064 1904 5115 asserentem

254 5142 511 5213 refellit;
541 5148 671 5200 tum
702 5143 1036 5201 calumnias
1064 5134 1348 5201 adversus
1380 5146 1794 5218 Lanfrancum,
1851 5152 1908 5204 et

250 5233 433 5290 etiam
465 5233 531 5289 in
558 5233 820 5307 seipsum
852 5233 928 5289 ab
956 5250 1023 5291 eo
1056 5232 1345 5291 nebulone
1373 5233 1643 5291 haeretico
1690 5239 1907 5292 temere

247 5322 670 5397 disseminatas
696 5322 984 5380 confutat.
1017 5322 1072 5380 Is
1092 5338 1306 5396 nempe
1323 5322 1694 5395 impudenter
1723 5325 1910 5382 fuerat

249 5412 544 5468 mentitus
591 5416 788 5470 tantos
845 5429 1034 5469 causa:
1086 5429 1204 5468 suae
1262 5412 1654 5484 patrocinatos
1705 5413 1903 5472 fuisse.

251 5502 329 5558 At
359 5501 631 5558 haeresim
661 5518 831 5558 suam
865 5518 1058 5558 coram
1092 5501 1297 5575 synodi
1330 5501 1601 5559 Patribus
1641 5504 1908 5575 abjurare

255 5594 501 5669 coactus
519 5594 629 5659 est,
652 5607 833 5667 quam
849 5595 1044 5650 tamen
1065 5591 1115 5649 si
1147 5591 1304 5650 Ivoni
1322 5592 1632 5650 credamus
1658 5593 1830 5669 epist.
1851 5596 1905 5665 7,

253 5682 317 5747 in
346 5679 711 5743 clandestinis
739 5680 1204 5759 disputationibus
1219 5685 1422 5758 postea
1449 5685 1515 5741 ut
1543 5682 1673 5761 ejus
1712 5683 1911 5746 farina

2014 4609 2321 4684 guinitatis
2350 4624 2543 4665 coram
2569 4622 2633 4662 se
2661 4607 2991 4679 computari
3023 4624 3089 4664 ac
3119 4609 3354 4680 probari
3385 4609 3542 4679 fecit,
3597 4614 3664 4665 ut

2012 4700 2190 4756 refert
2220 4700 2313 4753 Ivo
2343 4697 2515 4770 epist.
2547 4697 2650 4751 211
2680 4684 2749 4751 ad
2784 4696 3102 4753 Radulfum
3153 4697 3659 4770 archiepiscopum

2013 4789 2381 4855 Remensem,
2403 4789 2719 4858 antequam
2740 4784 3064 4858 quidquam
3086 4786 3513 4858 pronuntiaret.
3532 4786 3659 4841 Non

2013 4878 2171 4933 enim
2204 4875 2299 4933 ille
2324 4876 2445 4932 fieri
2506 4875 2831 4947 quidquam
2893 4878 3109 4931 temere
3155 4875 3405 4942 volebat,
3462 4874 3547 4929 ita
3598 4876 3664 4928 ut

2016 4967 2128 5033 Ivo,
2161 4966 2282 5038 ipse
2315 4966 2559 5020 fortasse
2591 4963 2907 5035 aliquando
2956 4963 3272 5020 ferventior
3321 4976 3496 5033 quam
3558 4976 3666 5033 par

2014 5060 2187 5123 esset,
2220 5071 2287 5110 ac
2318 5070 2491 5109 morae
2519 5053 2853 5125 impatiens,
2876 5053 3004 5124 ejus
3021 5052 3130 5107 hac
3160 5052 3219 5105 in
3238 5066 3297 5105 re
3326 5047 3661 5106 tarditatem

2015 5148 2218 5201 notare
2245 5143 2511 5199 videatur
2539 5141 2710 5214 epist.
2742 5142 2831 5197 30.

2084 5233 2247 5289 Idem
2277 5232 2369 5288 Ivo
2399 5248 2433 5287 a
2455 5247 2588 5304 rege
2619 5233 2691 5287 ad
2724 5229 2961 5302 nuptias
2992 5226 3243 5284 Parisios
3263 5226 3544 5285 invitatus
3570 5244 3661 5286 re-

2019 5323 2148 5379 nuit
2175 5321 2274 5376 illo
2304 5321 2408 5387 ire,
2444 5320 2555 5376 nisi
2576 5319 2806 5375 divortii
2838 5334 3014 5373 causa
3029 5321 3199 5373 antea
3228 5318 3436 5375 fuisset
3459 5324 3664 5392 appro-

2018 5413 2155 5468 bata
2185 5412 2257 5467 ab
2288 5409 2575 5483 episcopis
2606 5409 2665 5464 in
2697 5405 2941 5463 concilio
2971 5406 3250 5478 generali,
3299 5412 3363 5463 ut
3417 5408 3666 5481 ipsemet

2020 5500 2266 5575 epistola
2294 5501 2360 5555 l5
2387 5499 2461 5555 ad
2492 5498 2687 5571 ipsum
2719 5511 2914 5569 regem
2935 5495 3077 5552 data
3103 5496 3417 5555 declaravit
3439 5516 3454 5567 ;
3476 5498 3665 5554 imoet

2018 5609 2140 5649 sua)
2169 5589 2429 5665 epistola
2458 5604 2635 5661 quam
2660 5586 2781 5659 regi
2802 5585 3119 5660 scripserat
3151 5586 3485 5663 exemplum
3533 5585 3664 5645 aliis

2016 5682 2308 5766 episcopis
2339 5681 2440 5760 qui
2472 5680 2543 5739 ad
2570 5676 2678 5738 has
2707 5693 2942 5761 quoque
2962 5678 3198 5758 nuptias
3214 5675 3513 5741 convocati
3540 5675 3665 5757 tuo:
