4000 6178
324 237 403 295 99
1626 224 1694 293 Β.
1742 228 1949 297 UBBA

2082 224 2137 293 Ῑῐ
2180 228 2429 293 ΡΑΡᾹΞ.

2040 344 2209 434 ’ρλιιδ
2243 364 2609 437 suﬂ’raganeo
2641 361 2764 418 ﬁeri
2811 379 2925 418 non
2985 357 3399 436 prohibuisset.
3461 366 3546 419 An
3605 366 3728 421 Odo

327 373 460 425 rant
486 364 665 432 misit,
691 376 827 422 cu'm
859 366 989 423 aliis
1021 360 1249 431 litteris,
1283 365 1498 438 quibus
1539 381 1637 418 eos
1696 364 1969 419 monebat

267 464 269 466 ’
323 460 382 512 ut
412 473 482 511 ne
508 456 698 526 ﬁerent
726 456 866 512 sicut
896 471 1056 510 canes
1093 457 1236 510 muti
1280 455 1489 509 latrare
1534 468 1646 506 non
1702 452 1962 518 valentes,

321 544 560 617 scripsit
587 544 762 599 etiam
793 546 865 600 de
894 544 1096 599 eadem
1114 560 1173 598 re
1195 543 1266 597 ad
1291 539 1546 613 Raynold
1559 557 1658 594 um
1681 539 1967 612 archiepi-

319 649 564 705 scOpum
598 633 963 699 Remcasem,
998 632 1089 686 cui
1116 647 1243 685 sese
1274 629 1347 687 ad
1395 628 1504 684 has
1560 629 1797 701 nuptias
1853 645 1966 684 non

320 722 545 779 iturum
576 721 910 794 spopondit,
939 720 1050 776 nisi
1064 717 1302 790 illeipse
1322 734 1421 774 eas
1437 722 1591 774 esset
1641 716 1965 773 celebratu-

321 829 444 879 rus,
477 811 657 884 quod,
689 827 826 866 cum
858 808 1163 865 Bernensis
1214 807 1474 873 Ecclesia,
1535 806 1752 878 inquit,
1806 808 1969 876 regni

319 901 569 957 diadema
602 899 814 965 habeat,
846 897 997 954 nihil
1030 897 1253 968 absque
1279 895 1443 953 illius
1494 894 1775 951 antistitis
1829 912 1963 951 con-

320 1006 501 1057 sensu
514 986 880 1044 deberetﬁeri
891 1029 903 1041 .
921 986 950 1041 J
961 985 1237 1041 actitabat
1253 984 1493 1056 quidem
1510 983 1656 1040 Phili
1664 1001 1817 1056 ppus
1826 1001 1963 1040 cau-

319 1096 446 1135 sam
476 1078 551 1133 ab
581 1076 812 1133 Urbano
831 1092 978 1147 papa
995 1074 1177 1130 fuisse
1197 1073 1527 1138 deﬁnitam,
1551 1075 1962 1146 approbatum-

319 1184 433 1239 que
450 1183 484 1222 a
503 1166 798 1238 Raynoldo
821 1162 1257 1235 archiepiscopo
1288 1163 1534 1234 ejusque
1552 1162 1961 1234 sulfraganeis.

316 1259 390 1313 At
416 1256 512 1311 his
530 1255 700 1311 dictis
722 1270 837 1308 non
862 1252 1136 1308 credebat
1168 1252 1280 1307 Ivo.
1314 1252 1379 1306 Et
1410 1256 1565 1308 certe
1596 1251 1963 1325 Raynoldum

320 1361 625 1416 nunquam
658 1341 911 1414 Philippi
934 1341 1157 1413 nuptiis
1187 1341 1557 1396 consensisse
1595 1340 1733 1413 plus
1784 1358 1961 1412 quam

318 1432 619 1507 probabile
647 1437 753 1488 est.
789 1432 847 1487 Id
882 1447 1023 1487 sane
1055 1435 1276 1485 certum
1309 1433 1417 1496 est,
1466 1429 1573 1485 bas
1628 1430 1866 1501 nuptias
1929 1447 1964 1484 a

320 1522 637 1596 Raynoldo,
661 1521 815 1592 quod
832 1526 1025 1576 tamen
1040 1518 1408 1592 privilegium
1423 1523 1547 1575 erat
1562 1536 1679 1575 sua:
1692 1517 1961 1574 Ecclesiae

319 1611 669 1675 antistitum,
704 1625 1006 1680 nunquam
1048 1608 1231 1663 fuisse
1277 1606 1633 1673 celebratas;
1692 1607 1962 1663 Urbanus

319 1717 448 1757 vero
467 1716 581 1754 non
604 1700 870 1763 obscure,
885 1701 985 1752 aut
1007 1696 1298 1768 privatim,
1319 1696 1418 1751 sed
1443 1696 1636 1767 palam
1655 1695 1705 1751 ei
1724 1696 1959 1752 disertis

317 1789 507 1846 verbis
529 1805 641 1843 non
669 1786 848 1843 semel
878 1802 976 1841 eas
999 1785 1321 1840 detestatus
1341 1790 1449 1852 est,
1484 1789 1547 1839 ut
1576 1801 1645 1840 ex
1676 1785 1804 1856 ejus
1837 1784 1961 1857 epi-

316 1877 465 1934 stola
486 1877 555 1931 ad
580 1876 851 1932 eumdem
872 1872 1235 1946 Raynoldum
1258 1878 1611 1945 crateresque
1654 1872 1958 1945 provincias

317 1967 621 2022 Remensis
645 1965 951 2037 episcopos
980 1964 1114 2018 data
1144 1966 1391 2025 constat,
1424 1961 1485 2017 in
1536 1979 1653 2033 qua
1708 1962 1961 2035 graviter

315 2055 449 2111 illos
478 2053 849 2126 reprehendit
870 2052 1023 2124 quod
1054 2056 1288 2107 tantum
1320 2050 1665 2106 scandalum
1700 2067 1808 2106 sua
1855 2067 1957 2105 au-

314 2144 579 2200 ctoritate
611 2160 725 2198 non
749 2140 1209 2213 impedivissent.
1245 2141 1389 2205 lmo,
1423 2139 1469 2195 si
1488 2140 1760 2195 Orderico
1782 2140 1956 2195 fidem

313 2233 528 2289 habere
559 2232 713 2297 licet,
733 2230 932 2286 nullus
963 2229 1205 2285 antistes
1233 2228 1293 2283 in
1322 2228 1510 2284 Gallia
1530 2229 1683 2300 regis
1699 2228 1956 2299 cupidini

314 2322 584 2378 assensit.
620 2320 767 2387 Quin
801 2324 858 2375 et
879 2319 1030 2375 idem
1065 2323 1416 2390 anctorpost
1444 2318 1619 2373 verba
1635 2335 1761 2390 quae
1785 2316 1957 2389 paulo

314 2411 587 2484 superius
606 2410 1001 2475 laudavimus,
1032 2407 1465 2464 Gallicanorum
1485 2406 1800 2479 praesulum
1827 2405 1957 2460 reli-

312 2501 546 2573 gionem
565 2498 787 2567 laudat,
809 2498 961 2569 quod
982 2498 1191 2565 nullus,
1212 2502 1278 2551 ut
1295 2496 1533 2568 quidem
1552 2496 1676 2568 ipse
1693 2496 1956 2567 putabat,

310 2588 703 2645 exsecrabilem
732 2586 882 2641 hanc
911 2588 1368 2642 conservationem
1385 2584 1646 2654 digna/us
1668 2586 1738 2639 sit
1757 2587 1956 2655 facere.

313 2679 355 2733 li
370 2678 548 2741 enim,
571 2675 653 2731 uti
670 2676 1059 2747 prosequitur,
1081 2677 1139 2728 in
1166 2675 1343 2743 rigore
1362 2678 1567 2728 stantes
1582 2673 1961 2728 ecclesiastica?

310 2765 660 2821 rectitudinis
686 2765 789 2819 Deo
819 2764 993 2833 magis
1051 2779 1216 2833 quam
1273 2762 1583 2817 hominibus
1636 2761 1958 2817 studuerunt

307 2856 563 2927 placere;
592 2862 643 2908 et
667 2868 850 2908 omnes
881 2860 1093 2923 turpem
1135 2852 1387 2922 copulam
1433 2853 1775 2906 unanimiter
1815 2850 1955 2905 dete-

310 2946 443 2999 stati
468 2946 599 2999 sunt
623 2943 753 3014 pari
780 2940 1140 2997 anathemate.
1173 2942 1320 2995 Tum
1352 2939 1656 3012 subjungit
1721 2939 1875 3011 quod
1908 2938 1958 2995 si

314 3034 461 3089 forte
490 3036 631 3087 tunc
660 3030 967 3101 Philippus
997 3030 1055 3084 in
1087 3030 1323 3101 aliquod
1354 3031 1611 3102 oppidum
1643 3031 1722 3085 vel
1769 3029 1959 3084 urbem

3617 222 3730 293 too

2081 453 2384 523 Bajocensi
2409 458 2510 509 aut
2531 451 2863 509 Willelmus
2886 452 3142 525 primum
3164 451 3533 523 interfuerint
3554 472 3730 527 spon-

2084 541 2311 597 salibus
2328 542 2579 615 Philippi
2597 546 2651 597 et
2670 542 2977 609 Bertradae,
3003 558 3254 614 quorum
3276 546 3478 615 postea
3498 542 3736 615 nuptias

2080 630 2539 687 Silvanectensis
2589 631 2900 703 episcopus
2957 630 3340 703 benedixerit,
3419 632 3728 687 incertum.

2076 719 2243 774 Certe
2277 719 2423 776 alios
2452 720 2627 775 etiam
2661 721 2964 793 episcopos
2994 719 3320 793 praestingit
3350 720 3421 776 ob
3463 721 3732 777 eamdem

2076 824 2199 863 rem
2232 809 2397 881 Hugo
2430 808 2903 878 Flaviniacensis,
2929 810 3028 881 qui
3061 809 3269 866 asserit
3289 809 3623 883 Philippum
3668 812 3730 867 in

2079 897 2363 966 episcopis
2387 898 2547 971 regni
2573 897 2663 954 sui
2689 900 2970 955 invenisse
2988 915 3126 973 quos
3139 899 3251 954 sibi
3267 899 3540 965 sociarat,
3564 915 3729 971 quos-

2071 1002 2179 1058 que
2190 989 2337 1043 tanti
2344 991 2506 1044 sacri
2511 988 2603 1060 leg
2613 989 2659 1043 ii
2666 990 2971 1045 minis/ros
2981 987 3479 1061 efﬁceretmempe
3493 989 3733 1059 Philip-

2072 1093 2210 1147 pum
2232 1083 2568 1135 Trecensem
2581 1079 2909 1147 episcopum
2931 1088 2985 1134 et
3011 1078 3337 1134 Walterium
3355 1077 3732 1146 Meldensem,

2071 1169 2168 1223 cui
2184 1167 2256 1223 ob
2283 1168 2386 1222 hoc
2414 1168 2815 1239 episcopatum
2838 1168 3022 1232 dedit,
3073 1171 3133 1221 ut
3185 1167 3511 1223 sacrationi
3565 1168 3733 1238 cujus

2081 1257 2384 1313 Trecemis
2408 1265 2551 1311 esset
2573 1264 2874 1328 operator,
2897 1256 2985 1310 hic
3014 1255 3172 1330 foret
3200 1263 3625 1311 consentaneus
3668 1262 3731 1311 et

2072 1346 2361 1400 minis/er.
2391 1346 2459 1400 Et
2480 1345 2717 1417 quidem
2733 1343 2901 1401 testis
2912 1344 3105 1400 estlvo
3121 1343 3289 1416 epist.
3310 1345 3381 1399 66
3398 1347 3454 1400 et
3476 1360 3726 1417 sequen-

2075 1432 2231 1488 tibus
2262 1432 2594 1505 Philippum
2615 1448 2679 1487 ac
2699 1431 2966 1504 pellicem
2989 1432 3117 1503 ejus
3149 1431 3487 1485 Bertradam
3506 1429 3730 1503 episco-

2072 1526 2243 1595 patus
2275 1527 2329 1577 et
2353 1522 2619 1577 abbatias
2639 1520 2871 1577 venales
2889 1520 3236 1577 reddidisse.
3267 1521 3339 1575 At
3389 1517 3542 1575 idem
3597 1520 3721 1589 Ivo,

2069 1615 2272 1666 auctor
2301 1610 2551 1665 minime
2582 1614 2914 1681 suspectus,
2944 1609 3115 1681 epist.
3150 1610 3218 1663 17
3234 1612 3486 1665 testatur
3506 1607 3725 1664 Walte-

2074 1700 2226 1754 rium
2260 1699 2612 1754 Meldensem
2636 1699 2972 1772 episcopum
2998 1696 3326 1754 adulterino
3349 1696 3486 1754 huic
3516 1698 3722 1770 conju-

2072 1789 2184 1859 gio,
2206 1788 2410 1844 saltem
2430 1788 2772 1860 priusquam
2799 1788 2978 1851 ﬁeret,
3008 1805 3121 1842 non
3145 1788 3535 1844 consensisse.
3558 1786 3724 1845 Unde

2070 1880 2369 1949 Hugonem
2393 1877 2463 1932 de
2493 1877 2585 1933 his
2608 1876 2781 1932 rebus
2816 1894 2927 1932 non
2953 1876 3099 1932 satis
3124 1879 3390 1932 accurate
3414 1875 3722 1949 scripsisse

2068 1965 2414 2021 crediderim
2449 1965 2737 2032 ,maxime
2757 1981 2891 2020 cum
2916 1964 3041 2036 ipse
3063 1963 3333 2020 Urbanus
3376 1963 3437 2019 in
3469 1963 3718 2036 epistola

2060 2056 2182 2126 jam
2220 2072 2333 2109 non
2365 2053 2545 2109 semel
2577 2053 2814 2109 laudata
2845 2054 2917 2109 ad
2950 2053 3312 2125 Raynaldum
3368 2053 3712 2109 Remenscm

2068 2142 2569 2214 archiepiscopum
2600 2143 2843 2214 ejusque
2874 2143 3296 2215 sulfraganeos,
3330 2143 3386 2198 id
3438 2159 3472 2198 a
3526 2141 3709 2198 Silva-

2069 2232 2324 2287 ncctensi
2357 2233 2628 2304 episcopo
2661 2232 2980 2304 praastitum
3024 2232 3207 2287 fuisse
3256 2231 3489 2290 disertis
3519 2231 3712 2287 verbis

2068 2322 2337 2377 a‘lirmet.

2345 2410 2503 2466 CXV.
2537 2409 2832 2465 Dedicalio
2860 2409 3118 2467 ecclesiae
3150 2410 3436 2466 Cavensis.

2073 2543 2076 2546 .
2141 2499 2218 2553 Ex
2243 2499 2446 2554 eadem
2478 2498 2686 2555 Urbani
2713 2498 2979 2570 epistola,
3031 2515 3159 2570 qua:
3218 2515 3419 2555 mense
3476 2496 3711 2555 Octobri

2067 2588 2203 2643 anni
2236 2588 2416 2653 huius
2454 2588 2587 2642 1092
2605 2588 2741 2642 data
2768 2592 2875 2655 est,
2910 2591 3063 2642 certe
3084 2586 3379 2660 colligitur
3399 2586 3711 2642 divortium

2071 2677 2318 2749 Philippi
2354 2693 2487 2731 cum
2522 2680 2689 2731 Berta
2720 2677 2968 2747 conjuge
2993 2675 3099 2732 hoc
3131 2676 3259 2749 ipso
3319 2692 3471 2731 anno
3528 2676 3712 2732 conti-

2069 2766 2246 2838 gisse,
2266 2767 2419 2836 quod
2444 2769 2637 2821 tamen
2661 2765 2757 2820 alii
2780 2765 3000 2837 passim
3016 2771 3279 2821 auctores
3294 2770 3423 2837 post
3445 2764 3711 2822 Chronici

2068 2855 2429 2910 Turonensis
2458 2855 2799 2925 scriptorem
2834 2853 2985 2909 male
3019 2872 3169 2911 anno
3203 2854 3467 2927 sequenti
3519 2854 3710 2910 consi-

2067 2943 2667 3016 gnarunt.Conscntit
2696 2942 2922 2998 Clarius
2964 2949 3166 2999 auctor
3222 2942 3480 3016 aaqualis.
3541 2943 3595 2998 Is
3652 2941 3713 2997 in

2065 3031 2348 3087 Chronico
2381 3031 2575 3087 Sancti
2596 3031 2743 3086 Petri
2777 3031 3274 3088 ViviSenonensis
3303 3031 3516 3087 diserte
3532 3030 3714 3085 tradit

312 3123 630 3189 advenisset,
671 3120 910 3176 cessabat
965 3121 1140 3174 omnis
1188 3119 1414 3188 clangor
1458 3136 1854 3190 campanarum
1909 3122 1959 3174 et
1990 3108 2031 3173 C
2070 3120 2405 3193 Philippum
2424 3137 2575 3175 anno
2598 3121 3013 3189 1092,dimissa
3032 3138 3208 3177 uxore
3239 3138 3344 3176 sua
3365 3120 3552 3185 Berta,
3577 3120 3709 3174 Ber-

311 3212 587 3281 generalis
615 3218 807 3265 cantus
845 3209 1189 3273 clericorum,
1226 3200 1380 3279 quod
1402 3209 1554 3280 apud
1579 3208 1838 3264 Senonas
1856 3224 1957 3279 per

313 3301 438 3359 dies
462 3300 579 3355 fere
609 3297 945 3372 quindecim
982 3297 1197 3352 factum
1224 3297 1405 3353 fuisse
1432 3302 1627 3353 narrat
1652 3298 1816 3370 [Iugo
1840 3297 1958 3352 Fla-

313 3388 683 3456 viniacensis,
717 3387 814 3443 sed
850 3385 943 3441 hic
965 3389 1167 3441 auctor
1196 3402 1264 3441 ea
1293 3403 1419 3459 quae
1450 3391 1586 3442 ante
1615 3391 1673 3442 et
1700 3391 1832 3458 post
1853 3390 1957 3441 Uro

314 3478 450 3534 baui
473 3476 697 3533 obitum
716 3475 1027 3547 contigere,
1054 3473 1232 3530 simul
1254 3475 1578 3531 confundit.
1606 3475 1720 3531 Hoc
1742 3475 1960 3547 quippe

314 3568 534 3622 tactum
564 3569 654 3621 est
678 3580 810 3619 cum
832 3563 1138 3636 Philippus
1158 3569 1387 3621 mortuo
1414 3564 1663 3632 Urbano,
1688 3564 1760 3619 ad
1781 3564 1961 3620 vomi-

315 3660 442 3711 tum
473 3671 647 3710 suum
682 3669 968 3721 reversus,
1002 3670 1036 3707 a
1064 3651 1271 3725 legatis
1322 3652 1620 3708 Paschalis
1679 3668 1841 3723 papa:
1898 3651 1957 3704 in

316 3742 561 3800 concilio
593 3741 915 3797 Pictavensi
947 3741 1129 3798 sacris
1160 3741 1507 3797 interdictus
1534 3740 1758 3796 fuisset.
1804 3739 1958 3794 Nihil

317 3838 516 3889 tamen
546 3830 790 3904 impedit
811 3830 1131 3902 quominus
1163 3829 1220 3884 id
1251 3830 1361 3885 sub
1395 3835 1641 3900 utroque
1690 3828 1961 3900 pontiﬁce

318 3921 593 3977 evenerit.
622 3920 768 3975 Nam
804 3919 1135 3975 Willelmus
1159 3917 1698 3973 Malmesburiensis
1719 3917 1869 3972 lib.v
1890 3917 1961 3971 de

323 4010 563 4067 Henrico
596 4027 748 4083 rege,
772 4010 856 4064 ait
873 4009 1029 4081 quod
1053 4024 1185 4062 cum
1212 4005 1514 4078 Philippus
1541 4006 1612 4061 ab
1633 4004 1961 4077 Apostolico

318 4100 860 4156 excommunicatus
879 4099 1103 4162 fuisset,
1126 4098 1183 4150 in
1215 4112 1629 4167 quamcunque
1650 4095 1844 4151 villam
1866 4112 1958 4150 ve-

319 4178 490 4253 niret,
526 4187 669 4244 nihil
704 4187 781 4242 ibi
814 4188 978 4242 ﬁeret
1006 4185 1185 4240 divini
1216 4184 1454 4240 servitii.

388 4282 548 4334 Certe
580 4274 889 4333 0rdericus
907 4273 1030 4328 loco
1055 4272 1289 4327 laudato
1310 4271 1567 4328 Odonem
1589 4273 1961 4343 Bajocensem

320 4367 658 4440 episcopum
689 4360 1177 4436 praevaricationis
1203 4366 1458 4426 accusat,
1505 4362 1661 4433 quod
1710 4363 1963 4434 acceptis

2066 3210 2293 3265 tradam
2325 3210 2639 3282 accepisse,
2660 3216 2836 3282 quam
2862 3210 3184 3283 Philippus,
3206 3210 3287 3265 uti
3305 3209 3545 3265 tradunt
3565 3224 3707 3263 non-

2068 3298 2234 3367 nulli,
2268 3299 2461 3371 rapuit
2482 3299 2542 3353 in
2573 3298 2817 3355 ecclesia
2876 3300 3071 3355 Sancti
3123 3299 3388 3367 Joannis,
3439 3313 3569 3353 cum
3630 3294 3712 3351 ibi

2068 3387 2534 3444 canoniciSancti
2568 3388 2801 3445 Martini
2831 3389 3017 3444 fontes
3057 3405 3256 3444 sacros
3308 3386 3369 3442 in
3414 3383 3713 3458 pervigilio

2070 3479 2433 3533 Pentecostes
2455 3478 2895 3544 benedicerent;
2939 3477 3090 3549 quod
3126 3475 3362 3547 quidem
3393 3474 3502 3529 hoc
3560 3488 3714 3528 anno

2070 3567 2286 3622 factum
2321 3567 2520 3632 fuisse,
2553 3571 2828 3637 praeterea
2860 3582 2986 3636 quae
3033 3563 3308 3629 diximus,
3365 3560 3481 3616 alia
3537 3560 3713 3617 etiam

2070 3659 2449 3709 monumenta
2475 3655 2739 3724 probant.

2140 3742 2393 3798 Celebris
2429 3742 2536 3796 luit
2567 3741 2675 3797 hoc
2708 3758 2860 3796 anno
2893 3740 3182 3796 dedicatio
3204 3737 3459 3795 ecclesias
3510 3755 3711 3793 mona-

2070 3830 2523 3887 steriiCavensis
2556 3830 2628 3884 ab
2659 3829 2785 3902 ipso
2808 3829 3039 3885 Urbano
3085 3830 3258 3884 facta.
3309 3829 3510 3883 Exstat
3556 3825 3713 3882 haud

2072 3918 2270 3993 procul
2303 3937 2335 3974 a
2365 3919 2603 3975 Salerno
2625 3919 2966 3986 oratorium,
2987 3917 3085 3973 ubi
3106 3918 3364 3991 pontifex
3378 3915 3715 3972 substitisse

2071 4009 2305 4075 dicitur,
2337 4025 2471 4064 cum
2503 4008 2713 4063 Cavam
2747 4006 2951 4063 adiret.
2975 4008 3116 4078 Ejus
3161 4006 3272 4061 loci
3331 4005 3715 4062 dedicationis

2070 4098 2377 4155 historiam
2410 4098 2565 4169 quod
2584 4096 2835 4151 multum
2869 4096 2940 4151 ad
2955 4096 3218 4166 ejusdem
3235 4095 3527 4167 pontificis
3543 4097 3717 4149 Gesta

2070 4187 2422 4243 illustranda
2438 4187 2700 4242 conferat
2722 4186 3008 4259 integram
3028 4186 3085 4240 in
3109 4183 3441 4257 Appendice
3460 4183 3717 4257 proferre

2071 4278 2261 4332 visum
2293 4281 2382 4332 est
2410 4293 2478 4330 ex
2509 4274 2750 4348 Ughello
2783 4279 2941 4331 tomo
2971 4274 3069 4330 VII
3111 4272 3289 4330 Italiae
3321 4288 3517 4339 sacrae,
3565 4276 3621 4327 et
3649 4287 3717 4326 ex

2072 4365 2281 4422 Martio
2309 4364 2712 4428 Bollandiano,
2758 4363 2855 4419 ubi
2920 4362 3170 4419 habetur
3226 4379 3295 4416 ex
3350 4360 3546 4416 codice
3604 4374 3714 4414 ms.

322 4458 381 4512 in
409 4453 898 4527 compensationem
923 4451 1158 4520 infausti
1170 4449 1471 4519 famulatus
1486 4449 1739 4506 Madenti
1764 4451 1960 4523 oppidi
1993 4473 2039 4537 D
2072 4455 2337 4527 ejusdem
2370 4452 2478 4510 loci
2502 4453 2800 4525 descripta
2829 4452 2901 4507 ad
2927 4450 3147 4507 calcem
3182 4450 3322 4504 Vitae
3345 4458 3404 4505 δ.
3426 4448 3599 4516 Petri,
3623 4447 3723 4520 qui

319 4544 602 4609 ecclesiis,
632 4538 1019 4593 exsecrandum
1052 4538 1196 4593 hanc
1218 4536 1470 4610 Philippi
1504 4539 1658 4611 regis
1714 4544 1771 4594 et
1827 4540 1963 4595 Ber—

319 4633 498 4689 tradaa
518 4627 1007 4699 desponsationem,
1032 4627 1186 4698 quod
1220 4620 1406 4683 facere
1436 4628 1755 4684 renuebant
1788 4629 1967 4685 Fran-

320 4721 421 4776 cia
454 4716 766 4781 antistites,
800 4714 1191 4771 celebraverit.
1228 4718 1399 4771 Hoca
1424 4716 1721 4773 Willelmo
1775 4718 1965 4774 archi-

320 4807 592 4880 episcopo
616 4804 1024 4878 Rotomagensi
1052 4805 1272 4860 factum
1297 4805 1478 4861 fuisse
1506 4805 1684 4862 tradit
1705 4807 1970 4863 Malmes—

323 4894 616 4951 buriensis
640 4894 811 4949 modo
846 4893 1138 4959 laudatus,
1160 4895 1232 4949 ob
1262 4893 1438 4965 idque
1467 4911 1600 4949 eum
1634 4894 1707 4949 ab
1738 4895 1967 4951 Urbano

323 4983 506 5039 sacris
532 4983 902 5039 interdictum
935 4998 999 5037 ac
1032 4982 1265 5037 nonnisi
1307 4987 1441 5053 post
1486 4982 1704 5039 multos
1760 5000 1965 5049 annos,

321 5073 713 5129 intercedente
742 5072 910 5127 beato
939 5069 1237 5140 Ansclmo,
1257 5070 1593 5127 absolutum
1624 5070 1807 5127 fuisse
1824 5073 1964 5127 scri-

324 5162 427 5218 bit.
463 5161 528 5216 Et
558 5160 795 5232 quidem
827 5164 1049 5216 certum
1081 5166 1171 5216 est
1202 5160 1308 5215 has
1340 5161 1576 5233 nuptias
1607 5178 1641 5216 a
1670 5161 1967 5235 Raynoldo

326 5249 599 5306 Remensi
630 5248 1088 5321 archiepiscopo,
1118 5249 1189 5304 ad
1220 5265 1396 5321 quem
1427 5265 1496 5305 ex
1526 5250 1769 5322 antiqua
1810 5250 1968 5307 sedis

324 5356 442 5396 suae
484 5336 863 5410 praerogativa
884 5338 941 5393 id
966 5337 1246 5406 muneris,
1279 5343 1345 5393 ut
1374 5337 1548 5395 habet
1569 5339 1684 5405 Ivo,
1716 5339 1970 5412 pertine-

324 5429 442 5494 bat,
476 5424 794 5482 celebratas
825 5442 940 5482 non
968 5426 1170 5483 fuisse.
1197 5427 1588 5501 Reprehendit
1608 5432 1804 5484 tamen
1822 5428 1968 5500 Bay-

2073 4550 2211 4599 tunc
2241 4542 2383 4598 illud
2420 4541 2838 4597 monasterium
2871 4540 3128 4614 regebat.
3162 4539 3387 4595 Visitur
3437 4538 3725 4609 hodieque

2075 4633 2135 4687 in
2167 4632 2275 4687 hac
2305 4631 2433 4704 ipsa
2454 4630 2695 4686 basilica
2715 4629 3016 4702 inscriptio
3049 4628 3233 4685 incisa
3249 4627 3449 4700 lapidi,
3471 4626 3529 4681 in
3548 4630 3722 4682 tanta:

2076 4720 2464 4777 solemnitatis
2494 4719 2839 4775 memoriam
2872 4718 3081 4790 posita,
3116 4734 3241 4790 quae
3283 4717 3342 4771 in
3398 4713 3725 4770 Annalibus

2077 4809 2331 4876 Baronii,
2366 4812 2422 4864 et
2452 4808 2605 4880 apud
2640 4806 2953 4862 Lhesnium
2981 4805 3041 4861 in
3074 4804 3416 4878 pontiﬁcum
3448 4803 3598 4858 Vitis
3638 4801 3724 4858 sic

2076 4900 2326 4954 habetur
2350 4915 2363 4952 :

2148 4988 2379 5044 CRUCEM
2437 5002 2545 5042 HOC
2597 5003 2650 5041 1s
2708 5002 2906 5040 LAPIDE
2965 5000 3261 5040 SCULP’I‘AM
3319 4998 3481 5047 QUAM
3522 4996 3723 5038 CEBNIS

2148 5091 2551 5131 ssxcrissmus
2635 5073 2962 5129 URBANUS
3048 5088 3348 5129 secuunus
3447 5072 3722 5127 Romanus

2149 5181 2421 5219 pos'nrsx
2470 5179 2529 5217 IN
2591 5178 2772 5218 saces
2850 5177 3036 5217 ausus
3119 5161 3409 5217 Ecetnsm:
3494 5175 3723 5214 DEDICA-

2145 5268 2314 5309 TIONB
2371 5267 2638 5306 PROPRIIS
2696 5266 2944 5305 MANIBUS
3000 5267 3058 5306 IN
3115 5266 3309 5306 SACBE
3365 5265 3458 5305 REI
3505 5261 3725 5304 SIGNUM

2148 5357 2288 5397 OLEO
2344 5355 2550 5395 LINIVIT
2578 5354 2730 5393 ANNO
2785 5354 3015 5395 SALUTIS
3073 5356 3232 5395 mxcn
3266 5338 3447 5394 Nonus
3477 5337 3730 5394 SEPTEM-

2150 5446 2280 5485 BRIS
2312 5444 2637 5483 INDICTIONE
2668 5444 2760 5481 XV.

326 5514 567 5577 uoldum
604 5513 894 5590 Urbanus,
920 5516 1157 5593 quodid
1187 5533 1222 5575 a
1249 5516 1666 5579 Silvanectensi
1700 5515 1972 5592 episcopo
2079 5518 2268 5593 Hujus
2297 5514 2682 5582 dedicationis
2728 5518 3077 5591 memoriam
3137 5521 3346 5595 preter
3399 5513 3728 5582 Chronicon
