4000 6178
236 297 351 365 101

1846 298 2050 373 νινΑ.

3542 308 3654 375 402

234 437 412 494 breve
443 440 716 496 Cavensis
749 436 1084 497 monasterii
1117 427 1189 497 ad
1220 439 1411 514 cyclos
1443 439 1768 507 Paschales,
1794 458 1889 497 ce-
1923 447 1970 510 Α
2009 442 2149 497 Hinc
2179 440 2376 497 mirari
2409 444 2585 511 subit,
2621 432 2939 515 Urbanum,
2974 438 3022 499 si
3075 438 3312 515 quidem
3358 446 3484 516 ejus
3534 462 3651 502 res-

228 525 468 584 lebrant
501 530 632 584 fasti
696 528 1051 586 Benedictiui
1107 532 1179 586 ad
1238 531 1392 586 diem
1436 532 1472 585 5
1511 531 1895 604 Ξοιήοηλιὺνὶε,

230 615 394 672 sicut
424 626 483 674 et
512 619 811 675 Ferrarius
853 620 909 674 iu
955 620 1228 693 Catalogo
1268 619 1523 693 generali
1556 625 1893 676 sanctorum

232 706 336 777 qui
368 723 487 762 non
518 709 741 764 suntin
776 709 1182 782 Martyrologio
1213 710 1656 764 Romano.ldem
1695 711 1892 766 Ferra-

232 793 361 851 rius
388 795 451 851 in
482 797 960 853 adnotationibus
991 798 1061 853 ad
1086 798 1353 853 eamdem
1377 797 1530 853 diem
1564 798 1762 853 laudat
1780 799 1896 854 duo

236 882 457 940 Urbani
478 885 804 958 diplomata
832 887 894 942 in
936 887 1097 942 illius
1138 887 1407 943 Ecclesiae
1445 887 1697 959 gratiam
1731 904 1896 941 occa-

236 972 405 1029 sione
428 973 818 1031 dedicationis
838 976 966 1048 ejus
979 977 1383 1039 concessa,sed
1404 977 1680 1031 mendose
1694 992 1896 1031 eorum

236 1066 412 1118 notas
443 1062 751 1120 chronicas
772 1064 967 1121 refert.
992 1065 1315 1138 Utrumque
1346 1083 1462 1138 prie
1496 1066 1766 1121 manibus
1799 1065 1899 1120 ha-

234 1151 477 1207 bemus.
509 1151 774 1208 Primum
827 1152 1147 1227 ipsummet
1194 1158 1283 1210 est
1310 1153 1701 1227 privilegium,
1744 1155 1896 1226 quod

232 1237 537 1307 Urbanus,
569 1246 805 1313 peracta
856 1242 1239 1312 dedicatione,
1273 1242 1584 1299 Salernum
1632 1260 1900 1299 reversus

230 1330 603 1386 concessisse
628 1330 765 1387 huic
796 1331 922 1388 loco
953 1332 1189 1403 dicitur,
1212 1333 1284 1388 ab
1305 1349 1372 1389 eo
1403 1332 1747 1406 caaterisque
1777 1333 1895 1404 cpi-

231 1418 436 1490 scopis
467 1423 526 1475 et
560 1419 981 1489 cardinalibus,
1014 1421 1115 1493 qui
1147 1420 1342 1494 ipsum
1357 1420 1618 1477 comitati
1647 1421 1898 1488 fuerant,

232 1506 669 1580 subscriptum.
702 1509 916 1565 Datum
949 1512 1038 1565 est
1082 1510 1193 1566 hoc
1223 1527 1376 1567 anno
1425 1528 1566 1567 xvm
1612 1510 1902 1567 Kalendas

232 1594 532 1667 Octobris,
567 1597 885 1655 indictione
906 1616 997 1668 xv,
1024 1599 1399 1672 pontiﬁcatus
1426 1617 1576 1656 anno
1590 1613 1645 1665 ν,
1671 1604 1729 1656 et
1760 1600 1817 1655 in
1835 1616 1901 1655 eo

236 1684 507 1742 Pontifex
536 1685 842 1761 privilegia
865 1690 989 1760 jam
1022 1687 1159 1743 huic
1191 1690 1544 1745 monasterio
1574 1707 1607 1745 a
1626 1689 1902 1762 Gregorio

236 1773 343 1829 VII
368 1790 653 1830 concessa
701 1778 1011 1832 conﬁrmat
1071 1794 1205 1835 cum
1260 1777 1431 1834 bonis
1467 1779 1742 1835 omnibus
1772 1795 1903 1851 quas

242 1861 539 1935 Rogerius
568 1863 687 1919 dux
713 1862 931 1937 aliique
979 1866 1081 1920 viri
1119 1865 1341 1922 nobiles
1380 1866 1571 1923 eidem
1619 1865 1745 1923 loco
1777 1883 1908 1923 con-

240 1949 803 2008 tulerunt.Alterum
822 1953 1035 2009 Urbani
1051 1952 1495 2027 diploma,quod
1518 1955 1722 2010 eadem
1735 1971 1905 2011 occa-

238 2040 407 2096 sione
464 2040 764 2097 indultum
821 2041 996 2116 vulgo
1055 2043 1493 2112 circumfertur,
1538 2044 1762 2100 editum
1820 2047 1911 2100 est

238 2134 403 2185 tome
457 2128 756 2185 IBullarii
805 2130 1174 2199 Casinensis;
1210 2137 1418 2204 estque
1462 2131 1641 2187 veluti
1696 2132 1909 2204 prioris

238 2216 717 2286 Breviarum,aut
738 2222 889 2276 certe
919 2219 1083 2292 prius
1101 2219 1247 2276 nihil
1275 2219 1435 2276 aliud
1449 2225 1537 2276 est
1553 2237 1731 2293 quam
1751 2220 1907 2276 istud

238 2306 774 2378 ampliﬁcatum.At
805 2313 952 2364 note
983 2308 1430 2383 chronologicae,
1476 2326 1603 2382 quae
1636 2310 1694 2364 in
1727 2309 1907 2382 priori
1969 2361 1972 2365 .

238 2397 411 2451 bona;
436 2396 669 2463 sunt,in
702 2397 813 2453 isto
844 2414 947 2453 nec
995 2397 1107 2453 sibi
1140 2403 1553 2466 constant,nec
1581 2398 1719 2454 huic
1754 2414 1907 2453 anno

240 2483 624 2541 conveniunt.
655 2485 869 2542 Datum
915 2485 1130 2543 dicitur
1156 2485 1379 2542 Salerni
1418 2486 1527 2543 hoc
1558 2503 1712 2543 anno
1748 2487 1905 2555 1092,

240 2574 336 2629 die
370 2590 428 2628 ix
461 2572 591 2629 Kal.
643 2574 963 2644 Februarii,
1006 2574 1325 2631 indictione
1384 2592 1478 2642 xv,
1533 2576 1909 2648 pontiﬁcatus

245 2661 467 2718 Urbani
492 2679 646 2718 anno
665 2680 845 2735 v,quo
877 2667 1376 2738 tempore,nempe
1410 2681 1611 2720 mense
1630 2663 1910 2720 Januario

246 2754 349 2805 aut
377 2750 696 2806 Februario
731 2752 910 2821 hujus
940 2752 1101 2819 anni,
1134 2752 1403 2808 dedicata
1428 2754 1691 2809 nondum
1727 2754 1913 2809 fuerat

249 2839 503 2896 basilica
528 2838 893 2895 Cavensis.Si
923 2845 1121 2897 tamen
1152 2840 1241 2896 his
1281 2846 1429 2897 nota:
1462 2843 1534 2898 ad
1568 2858 1787 2898 annum
1820 2859 1909 2898 se-

243 2933 528 3000 quentem
558 2928 905 2997 referantur,
940 2930 1275 3002 repetendo,
1300 2934 1368 2986 ut
1399 2929 1463 2985 ﬁt
1492 2931 1741 3003 passim,
1773 2930 1910 2986 anni

244 3015 487 3071 initium
509 3033 544 3072 a
563 3016 830 3089 paschali
863 3017 1436 3086 solemnitate,modo
1467 3023 1694 3075 constet
1723 3019 1913 3075 Urba-

248 3121 392 3160 num
421 3109 569 3160 tunc
597 3104 823 3161 Salerni
850 3110 1076 3161 exstare
1106 3106 1389 3178 potuisse,
1415 3106 1561 3162 nihil
1593 3106 1652 3162 in
1684 3107 1777 3163 his
1806 3125 1909 3163 no-

2005 531 2372 604 rripto,quod
2406 533 2663 605 vulgavit
2694 552 2761 589 ea
2806 535 2876 590 de
2921 552 2979 589 re
3024 534 3327 606 Ughcllus,
3361 536 3652 603 credatur,

2005 621 2114 674 sub
2148 637 2264 674 sua:
2295 620 2420 675 vitaz
2457 622 2651 684 ﬁnem,
2682 622 2800 677 hinc
2824 624 3094 678 Cavensis
3119 623 3455 680 monasterii
3480 624 3652 696 privi-

2005 707 2155 779 legia
2187 710 2514 776 rescidisse,
2549 717 2649 763 aut
2701 711 2902 765 salten'
2960 712 3327 767 restrinxisse
3374 711 3431 766 in
3465 712 3656 768 Alfani

2007 794 2428 869 archiepisc0pi
2457 796 2801 852 Salcrnitani
2836 799 3330 870 gratium.’l‘amen
3364 817 3500 855 cum
3531 817 3660 875 age-

2007 888 2167 937 retur
2195 885 2265 937 dc
2296 885 2684 941 concodcndis
2709 887 2926 941 nostris
2948 888 3320 945 Casinatibus
3353 890 3656 961 pontiﬁca-

2006 971 2162 1025 libus
2180 973 2871 1039 ornamentis,laudatum
2907 976 3056 1030 hanc
3088 978 3143 1030 in
3180 994 3297 1031 rem
3344 980 3453 1033 fuit
3483 979 3657 1050 privi-

2009 1059 2223 1131 legium
2257 1062 2512 1117 Cavensc
2545 1063 2600 1116 in
2636 1066 3079 1133 congregatione
3102 1066 3487 1122 cardinalium
3521 1086 3658 1124 con-

2009 1150 2122 1203 cilii
2155 1150 2478 1204 Tridentini
2506 1152 2973 1223 lniPPpi‘PltllllJll
3000 1155 3659 1212 testatur'l‘amburinus

2009 1240 2080 1294 de
2107 1240 2241 1309 jure
2273 1240 2553 1295 abbatum
2575 1240 3032 1312 disp.23.qumst.
3069 1259 3105 1296 ῐ.
3136 1251 3252 1297 imo
3284 1244 3661 1315 quotiescun-

2010 1346 2122 1399 quo
2156 1329 2301 1383 illud
2338 1330 2489 1383 idem
2543 1329 2908 1400 privilegium
2955 1330 3284 1400 impetitum
3320 1332 3448 1398 fuit,
3501 1334 3663 1389 stetit

2011 1434 2244 1491 Sutllpt‘t‘
2274 1422 2504 1489 statque
2532 1418 2702 1473 etiam
2744 1436 2892 1471 nunc
2933 1418 3349 1475 inconcussum
3382 1437 3447 1476 ac
3478 1421 3658 1478 invio-

2012 1506 2216 1571 latum,
2254 1513 2315 1561 ut
2345 1514 2495 1579 patet
2529 1525 2592 1561 ex
2628 1507 2801 1560 variis
2830 1508 3239 1563 iusti-uuwntis
3287 1509 3659 1579 authenticis,

2012 1613 2137 1667 qua:
2152 1613 2282 1651 cum
2301 1597 2589 1668 pontificis
2606 1597 3022 1667 diplomatibus
3038 1614 3101 1649 τιτι
3116 1600 3662 1670 congregationum,

2012 1702 2113 1740 seu
2148 1686 2683 1739 commissariormu
2744 1686 2985 1738 :lnrrciis
3020 1686 3075 1738 in
3123 1687 3383 1755 ejusdem
3430 1689 3534 1743 loci
3570 1707 3666 1743 ar-

2013 1774 2183 1829 chivo
2213 1774 3029 1843 conservantur.ltrsrriptum
3064 1791 3195 1829 vero
3220 1774 3665 1846 Urbani,qnale-

2016 1879 2248 1934 cunque
2278 1862 2512 1918 tandem
2548 1861 2692 1917 illud
2745 1863 2838 1926 sit,
2869 1880 2972 1917 suo
3004 1863 3203 1917 ordine
3236 1863 3373 1918 olim
3408 1865 3663 1930 dabitur,

2014 1968 2086 2006 ne
2118 1950 2341 2023 aliquid
2374 1951 2434 2006 in
2466 1955 2800 2006 nostrorum
2850 1954 3101 2023 gratiam
3145 1952 3553 2009 dissimulasse
3585 1954 3664 2009 vi-

2015 2040 2278 2095 deamur.

2017 2145 2234 2201 CXVII.
2272 2147 2481 2203 Urbani
2499 2147 2777 2219 judicium
2807 2147 2873 2202 de
2899 2147 3138 2203 Ecclesia
3172 2147 3507 2205 Crciloncnsi
3550 2154 3666 2207 Ma-

2658 2222 2831 2273 teram
2860 2220 3025 2273 venit.

2090 2306 2390 2362 Urbanum
2419 2321 2553 2361 vero
2575 2305 2683 2361 hoc
2716 2323 2914 2362 mense
2932 2311 2987 2361 et
3017 2307 3281 2379 sequenti
3314 2306 3370 2362 in
3404 2308 3672 2363 Calabria

2019 2393 2311 2451 exstitisse
2343 2395 2592 2467 probant
2636 2395 2917 2450 nonnulla
2965 2395 3357 2451 instrumenta
3405 2396 3668 2468 antiqua.

2021 2484 2122 2539 His
2154 2483 2449 2540 accenseri
2481 2483 2652 2539 debet
2663 2484 2791 2553 ejus
2805 2484 3286 2555 decretum,quod
3306 2488 3437 2557 post
3453 2484 3672 2542 multas

2021 2572 2329 2644 utriusque
2360 2571 2544 2645 partis
2592 2571 2997 2628 altercationes
3046 2572 3294 2628 sancivit
3348 2572 3408 2628 in
3438 2574 3673 2647 negotio

2021 2661 2445 2717 monachorum
2496 2659 3015 2717 Vindocinensium
3064 2666 3120 2717 et
3162 2661 3675 2736 Andegavensium

2020 2749 2219 2807 Sancti
2242 2749 2469 2815 Albani,
2503 2749 2603 2822 qui
2635 2766 2739 2822 pro
2768 2749 3121 2806 Credonensi
3146 2751 3340 2806 Sancti
3362 2751 3675 2808 Clementis

2022 2839 2269 2895 ecclesia
2290 2839 2645 2910 jamdudum
2690 2838 2973 2894 interesse
3019 2838 3347 2910 litigabunt.
3374 2840 3451 2896 Ea
3497 2841 3568 2895 de
3613 2857 3675 2896 re

2013 2929 2141 3000 jam
2165 2928 2515 2984 sententiam
2532 2927 3469 3002 tuleratAmatusBurdegalensis
3492 2929 3677 2985 archi-

2022 3015 2332 3090 episcopus
2381 3016 2596 3071 Urbani
2648 3016 2907 3085 nomine,
2957 3019 3127 3088 cujus
3176 3016 3407 3091 legatus
3459 3020 3675 3074 eratin

2020 3105 2354 3178 Aquitania,
2388 3106 2488 3161 sed
2520 3121 2656 3161 cum
2687 3107 2816 3176 ejus
2839 3105 3064 3178 judicio
3113 3106 3345 3179 utrique
3388 3111 3542 3164 stare
3572 3124 3673 3163 no-

250 3194 475 3264 tis,imo
506 3193 567 3248 in
590 3198 713 3248 toto
746 3193 846 3249 illo
876 3176 1266 3250 instrumento
1295 3200 1503 3267 praeter
1532 3195 1909 3252 indictionem
1942 3176 1985 3242 α
2022 3176 2290 3261 luissent,
2325 3211 2504 3250 causa
2533 3195 2606 3250 ad
2666 3176 2861 3266 ipsum
2920 3176 3268 3267 pontiﬁcem
3306 3195 3501 3252 delata
3542 3197 3672 3266 fuit,

251 3282 694 3338 emendandum
727 3283 999 3339 occurrit.
1035 3283 1103 3338 Et
1131 3284 1392 3356 quidem,
1425 3284 1473 3340 si
1519 3284 1664 3341 bene
1685 3286 1912 3363 judico,

256 3372 409 3427 istud
446 3374 815 3443 postremum
840 3371 1314 3443 probabiliorem,
1348 3389 1525 3444 quam
1558 3374 1911 3446 praecedens,

256 3459 565 3515 sinceritas
586 3459 845 3532 speciem
875 3460 1140 3532 praefert;
1173 3465 1275 3516 aut
1304 3466 1477 3529 certe,
1512 3461 1561 3517 si
1595 3465 1914 3535 utrumque

258 3548 789 3619 admittatur,istud
821 3548 931 3604 fuit
961 3548 1174 3622 prioris
1210 3549 1495 3623 privilegii
1526 3549 1735 3606 iisdem
1766 3566 1913 3623 pene

256 3637 465 3705 verbis,
502 3641 568 3692 ut
593 3653 1018 3709 nonnunquam
1057 3636 1203 3693 alias
1225 3638 1443 3693 factum
1467 3642 1576 3709 est,
1608 3639 1746 3694 data
1775 3655 1911 3696 con-

253 3726 531 3790 ﬁrmatio,
560 3741 742 3797 quare
775 3726 1034 3797 primum
1064 3726 1173 3781 hoc
1203 3742 1379 3791 anno,
1413 3727 1739 3783 secundum
1771 3745 1909 3784 vero

250 3831 403 3869 anno
434 3814 578 3868 4093
596 3831 729 3869 cum
762 3812 888 3869 aliae
906 3815 1037 3885 ejus
1056 3818 1204 3870 notae
1227 3814 1514 3873 chronica
1536 3816 1907 3886 conveniunt,

250 3904 453 3957 datum
494 3901 873 3957 fuerit.Porro
888 3902 1047 3958 illius
1064 3904 1332 3959 secundae
1352 3903 1525 3959 bullae
1543 3904 1700 3960 aliud
1726 3922 1915 3961 exem-

248 3991 411 4063 plum
445 4008 636 4063 nuper
665 3990 994 4063 accepimus
1027 4009 1095 4047 cx
1125 3993 1359 4048 archivo
1398 3992 1658 4061 Cavensi,
1703 3993 1761 4048 in
1793 4011 1909 4066 quo

248 4074 412 4134 nulla
442 4078 556 4134 loci
588 4084 688 4133 aut
720 4080 999 4152 temporis
1031 4084 1168 4136 nota
1199 4080 1479 4149 habetur;
1511 4083 1667 4137 unde
1698 4082 1909 4153 conjici

247 4173 643 4241 potest,uotas
671 4165 802 4223 illas
835 4185 960 4240 qua:
992 4168 1047 4223 in
1083 4168 1337 4225 laudatis
1353 4166 1786 4243 exemplaribus
1805 4171 1908 4226 ha-

251 4256 726 4326 bentur,additas
757 4260 861 4311 aut
890 4256 1118 4313 vitiatas
1152 4258 1224 4312 ab
1257 4257 1452 4330 aliquo
1498 4259 1698 4316 fuisse.
1731 4261 1907 4316 Caete-

249 4364 382 4400 rum
414 4350 630 4418 praeter
655 4346 802 4400 duas
835 4344 927 4401 hic
961 4352 1312 4403 memoratas
1345 4347 1553 4414 bullas,
1587 4364 1764 4404 unam
1810 4367 1907 4405 su-

251 4452 354 4506 pra
390 4434 848 4489 memoravimus
880 4452 1011 4490 cum
1046 4436 1274 4491 decreto
1298 4436 1511 4491 Urbani
1546 4437 1603 4491 in
1657 4438 1907 4509 gratiam

2024 3283 2309 3354 missique
2340 3299 2410 3338 ex
2439 3286 2687 3353 utraque
2719 3285 2881 3353 parte
2930 3282 3100 3354 legati
3135 3284 3233 3354 qui
3265 3300 3399 3337 cum
3441 3287 3503 3338 in
3548 3301 3677 3356 pro-

2022 3373 2204 3427 vincia
2226 3371 2495 3426 Catabriae
2514 3369 2659 3441 apud
2679 3372 3073 3424 monasterium
3092 3372 3301 3425 Sanctre
3324 3372 3515 3427 Mam}?
3550 3387 3677 3445 qua:

2020 3459 2864 3528 diciturdelllalina,conveneru
2877 3458 3195 3531 nt.Agitata
3212 3458 3464 3514 multum
3482 3460 3561 3514 ibi
3583 3460 3675 3516 die

2021 3549 2210 3622 primo
2229 3548 2349 3603 haec
2381 3564 2558 3603 causa
2587 3548 2695 3602 fuit
2742 3564 2934 3602 coram
2974 3548 3266 3621 pontiﬁce,
3298 3548 3399 3605 sed
3433 3548 3677 3606 minime

2022 3637 2317 3694 absoluta:
2352 3637 2504 3692 idem
2541 3637 2759 3692 factum
2795 3637 2887 3692 die
2919 3638 3205 3709 sequenti.
3231 3640 3303 3692 At
3351 3637 3443 3693 die
3482 3638 3673 3700 tertia.

2023 3744 2152 3799 quae
2185 3731 2309 3782 erat
2330 3744 2403 3781 xv
2435 3724 2720 3781 Kalendas
2747 3725 3105 3795 Decembris,
3126 3742 3182 3782 re
3207 3726 3304 3782 diu
3332 3728 3678 3800 multumque

2020 3818 2308 3887 inquisita,
2342 3815 2637 3871 residente
2686 3814 2960 3886 pontiﬁce
3020 3814 3078 3869 in
3128 3814 3387 3886 Anglone
3446 3816 3677 3872 civitate

2018 3904 2239 3977 Apuliae
2273 3919 2406 3958 cum
2440 3902 2643 3957 multis
2675 3902 3411 3974 episcopis,cardinalibus,
3445 3904 3674 3959 comiti-

2019 3994 2130 4049 bus
2158 3997 2214 4047 et
2236 3991 2366 4047 aliis
2385 3996 2503 4046 tam
2525 3989 2937 4047 ecclesiasticis
2956 4007 3131 4061 quam
3152 3991 3673 4064 saecularibusper-

2018 4082 2600 4149 sonis,controversia
2622 4079 2722 4135 illa
2741 4080 2926 4134 amice
2944 4080 3175 4135 tandem
3197 4078 3519 4150 composita
3544 4079 3672 4148 fuit;

2018 4186 2085 4224 eo
2115 4174 2305 4239 pacto,
2339 4173 2405 4223 ut
2443 4167 2639 4223 Sancti
2664 4166 2978 4223 Clementis
3010 4165 3257 4221 ecclesia
3285 4165 3673 4225 Credonensis

2017 4274 2196 4329 penes
2243 4256 2707 4313 Vindocinensos
2755 4255 3074 4311 monachos
3131 4258 3475 4322 remaneret,
3534 4273 3670 4312 cum

2018 4362 2191 4402 onere
2223 4362 2399 4402 unam
2430 4362 2460 4401 e
2486 4345 2676 4401 tribus
2709 4345 3008 4402 ecclesiam
3045 4345 3101 4399 in
3135 4345 3671 4416 compensationem

2017 4435 2344 4509 Albinianis
2361 4435 2701 4490 cedendi.Et
2722 4435 2914 4507 reipsa
2935 4452 2968 4490 a
2984 4433 3516 4490 Vindocinensibus
3538 4435 3676 4491 data

251 4522 628 4592 Cavensium,
660 4539 789 4595 quae
836 4524 952 4579 duo
984 4523 1378 4579 instrumenta
1407 4524 1592 4580 multo
1625 4526 1907 4597 melioris,
1940 4546 1985 4609 Ι)
2019 4531 2106 4581 est
2136 4526 2389 4581 adversaa
2422 4523 2572 4596 parti
2604 4523 2848 4579 ecclesm
2880 4524 3075 4579 Sancti
3099 4524 3346 4579 Joannis
3370 4540 3552 4597 supra
3582 4523 3672 4579 Li-

250 4614 369 4667 imo
401 4611 745 4667 certissimae
779 4617 923 4668 notae
959 4612 1248 4669 videntur.

386 4699 579 4755 CXVI.
606 4702 952 4772 Rescriptura
975 4718 1076 4773 pro
1108 4702 1399 4758 Carthusia
1434 4702 1769 4760 Calabrensz'.

319 4786 593 4845 Tradunt
648 4784 915 4862 plerique
972 4795 1241 4847 auctores
1299 4791 1514 4864 vulgati
1573 4793 1908 4850 Brunonem

250 4878 624 4935 Carthasiani
656 4879 881 4935 ordinis
912 4878 1307 4936 institutorem
1341 4897 1495 4935 anno
1531 4882 1669 4936 1092
1699 4883 1771 4936 ab
1804 4883 1905 4937 Ur-

255 4967 408 5023 bano
431 4968 490 5023 in
526 4967 751 5022 Italiam
768 4968 1115 5024 accersitum
1140 4969 1499 5042 fuissezquod
1529 4969 1714 5026 multo
1737 4977 1907 5026 antea

254 5056 573 5129 contigisse
610 5056 883 5129 superius
931 5057 1398 5113 demonstratum
1429 5062 1537 5113 est.
1571 5058 1640 5113 Et
1670 5059 1906 5130 quidem

251 5144 515 5217 pontifex
542 5144 651 5201 hoc
683 5162 999 5214 anno,cum
1023 5146 1081 5200 in
1104 5145 1369 5202 Calabria
1389 5147 1911 5217 esset,donationes

251 5251 287 5287 a
334 5232 583 5307 Rogerio
630 5233 845 5289 comite
870 5234 1148 5302 Brunoni,
1181 5234 1284 5306 qui
1316 5238 1455 5292 tunc
1487 5236 1910 5293 monasterium

248 5320 455 5378 Turris
488 5322 546 5377 in
578 5320 968 5394 Squillacensi
1012 5323 1244 5379 dioecesi
1276 5322 1585 5391 incolebat,
1620 5325 1824 5395 factas,
1856 5330 1914 5381 et

248 5427 285 5466 a
312 5410 621 5467 Theodoro
647 5409 923 5483 episcopo
944 5413 1295 5485 approbatas
1318 5414 1752 5471 conﬁrmavitet
1780 5414 1912 5470 lau-

249 5497 661 5572 davit,additis
693 5500 996 5557 nonnullis
1044 5501 1362 5577 privilegiis
1412 5519 1538 5576 quae
1567 5502 1627 5558 in
1672 5504 1800 5575 ejus
1832 5520 1916 5560 re-

248 5589 472 5668 scripto
506 5604 575 5648 ea
603 5587 674 5647 de
735 5602 798 5659 re
827 5604 868 5646 ιι
911 5589 1050 5649 ldus
1097 5589 1363 5695 Octobris
1393 5591 1526 5657 dato
1561 5592 1911 5658 referuntur.

2017 4614 2405 4685 gerim,quam
2438 4612 2724 4684 hodieque
2742 4612 3033 4668 Albiniani
3060 4612 3328 4668 monachi
3349 4614 3670 4685 possident.

2018 4702 2230 4756 Mirum
2257 4708 2345 4757 est
2375 4702 2719 4769 Coifridum,
2748 4703 2847 4773 qui
2900 4700 3072 4774 paulo
3106 4706 3236 4773 post
3261 4719 3328 4757 ea
3358 4702 3671 4758 Vindocini

2018 4791 2199 4846 abbas
2231 4790 2570 4860 fuit,contra
2601 4790 2750 4845 hanc
2791 4794 2910 4845 tam
2944 4790 3264 4846 solemnem
3297 4792 3671 4847 concordiam

2019 4879 2385 4934 reclamasse.
2421 4879 2479 4933 Id
2514 4884 2709 4933 tamen
2770 4880 2841 4933 ab
2883 4896 2948 4934 eo
2994 4880 3211 4934 factum
3258 4895 3387 4936 esse
3416 4884 3575 4952 patet
3602 4895 3673 4935 ex

2017 4967 2171 5023 illius
2201 4967 2448 5040 cpistola
2480 4969 2549 5023 ad
2584 4967 2921 5024 Paschalcm
2956 4968 3156 5040 lI,quzn
3192 4972 3391 5024 octava
3419 4972 3509 5025 est
3536 4967 3672 5024 libri

2017 5057 2121 5117 i.in
2155 5074 2272 5129 qua
2302 5058 2383 5112 ait
2412 5057 2712 5113 Urbanum
2743 5057 2814 5112 ab
2847 5056 3172 5111 Albinianis
3207 5056 3313 5111 hoc
3348 5056 3404 5110 in
3438 5055 3670 5128 negotio

2019 5146 2325 5218 deceptum
2345 5146 2526 5201 fuisse
2549 5164 2562 5213 ;
2589 5150 2713 5201 tum
2730 5144 3186 5217 additjudicium
3200 5149 3370 5201 antea
3389 5144 3575 5201 latum
3596 5146 3670 5202 ab

2019 5235 2223 5291 eodem
2271 5236 2564 5307 pontiﬁce,
2592 5235 2733 5291 visis
2761 5233 3289 5291 Vindocinensibus
3329 5233 3666 5307 privilegiis,

2020 5328 2372 5380 retractatum
2384 5323 2758 5380 fuisse.Stetit
2777 5323 3162 5380 nihilominus
3174 5323 3432 5396 primum
3450 5323 3668 5380 Urbani

2020 5415 2339 5480 decretum,
2381 5414 2537 5486 quod
2581 5411 2879 5469 Paschalis
2922 5414 3050 5484 ejus
3100 5430 3406 5469 successor
3451 5411 3670 5469 habitis

2022 5502 2264 5574 insuper
2292 5501 2585 5558 Godel’ridi
2626 5499 2899 5575 querelis,
2952 5518 3097 5556 novo
3153 5501 3467 5574 diplomate
3514 5517 3668 5558 anno

2021 5591 2162 5651 4115
2191 5590 2578 5663 conﬁrmavit,
2640 5593 2706 5651 ut
2758 5587 2953 5649 videre
3005 5593 3095 5651 est
3152 5590 3306 5671 apud
3366 5589 3667 5662 Batulum
