4000 6178
372 229 488 291 103

1656 222 1727 291 Β.
1773 219 2064 293 URBANI
2106 224 2157 289 II
2203 228 2449 291 PAPxE.

3657 226 3686 290 '1
3695 232 3774 293 04

369 369 529 421 tomo
563 364 607 419 ll
630 360 1263 431 Miscellaneorum,ubi
1285 361 1429 419 illud
1448 362 1708 435 diploma
1724 380 1857 418 cum
1881 362 2012 418 aliis
2042 365 2096 430 Α
2127 365 2427 436 proprium
2452 364 2683 420 tandem
2705 362 3043 437 episcopum
3072 362 3597 420 obtinuere.Multa
3620 363 3773 420 ultro

369 454 635 526 ejusdem
656 452 1061 508 controversia
1074 452 1218 508 actis
1232 450 1823 523 profertur.\°idenda
1842 452 2019 506 etiam

370 544 442 601 de
473 543 581 598 hoc
613 541 843 613 negotio
873 540 1127 612 epistolae
1175 540 1436 608 Gotfridi,
1488 539 1709 596 scilicet
1753 541 1787 591 8
1817 539 1947 595 libri
1979 556 2019 608 ι,

368 636 427 690 et
454 634 522 688 44
569 631 706 687 libri
736 646 815 699 ιν,
869 647 1002 686 cum
1062 629 1355 685 Sirmondi
1413 627 1587 683 notis.
1645 629 1858 684 Prater
1901 629 2021 684 hac

368 721 660 777 habemus
702 718 900 775 Amati
949 716 1124 790 legati
1172 716 1475 789 apostolici
1515 717 1829 788 judicium,
1863 718 2018 790 quod

369 809 607 868 nomine
637 807 1195 877 Urbani.antequam
1221 806 1481 878 pontifex
1506 806 1827 879 quidquam
1860 823 1927 863 ea
1950 807 2020 863 de

368 916 430 956 re
461 892 1164 968 decrevisset,Burdigala
1194 893 1361 949 initio
1384 894 1564 966 hujus
1596 894 1754 964 anni,
1787 899 1853 950 ut
1877 895 2022 951 dixi-

368 984 825 1059 mus,prolatum
858 984 1043 1038 est.At
1074 982 1261 1055 ipsius
1293 982 1509 1038 Urbani
1532 983 1832 1040 decretum
1864 985 2018 1057 quod

367 1076 650 1133 referetur
703 1074 858 1128 inter
914 1073 1044 1143 ejus
1099 1070 1399 1143 epistolas,
1460 1071 1693 1128 Tarenti
1750 1089 1852 1127 vm
1904 1077 2020 1129 Ka-

364 1162 568 1219 lendas
599 1160 1023 1224 Decembris,in
1057 1158 1366 1216 nonnullis
1389 1160 1841 1233 exemplaribus,
1865 1178 2019 1218 anno

366 1252 546 1320 4092;
581 1252 640 1305 in
672 1250 802 1306 aliis
849 1265 982 1305 vero
1014 1265 1165 1305 anno
1216 1249 1482 1321 sequenti
1535 1250 1735 1305 datum
1782 1251 2017 1319 dicitur,

368 1342 467 1397 sed
529 1339 769 1413 perinde
827 1343 916 1393 est
964 1338 1497 1410 quomodocunque
1554 1338 1732 1413 legas.
1786 1341 2019 1397 Certum

367 1431 582 1503 quippe
615 1432 702 1484 est
733 1443 801 1483 ex
832 1443 983 1482 anno
1014 1426 1395 1499 pontiﬁcatus
1427 1426 1776 1499 Urbani,qui
1810 1430 1865 1484 in
1902 1446 2022 1486 om-

367 1520 543 1576 nibus
573 1516 854 1589 exemplis
879 1515 1490 1588 indicatur,quinto,et
1521 1534 1587 1571 ex
1610 1534 1805 1573 rerum
1828 1524 2021 1592 gesta-

368 1625 496 1665 rum
528 1605 843 1673 serie,illud
880 1621 1033 1660 anno
1068 1605 1207 1659 1092
1238 1605 1705 1677 consignandum
1736 1623 1885 1677 esse,
1918 1607 2019 1680 qui

2131 454 2391 526 citroque
2420 471 2487 510 ea
2514 454 2584 508 de
2616 471 2676 510 re
2727 452 2954 525 scripta
2998 453 3235 508 fuerunt
3278 452 3555 525 epistola,
3589 453 3775 511 habiti

2130 547 2269 598 sunt
2298 543 2472 598 etiam
2504 559 2574 598 ea
2600 543 2902 598 occasione
2944 547 3070 597 tum
3117 542 3315 597 Remis
3353 558 3487 597 cum
3519 542 3776 597 Atrebati

2128 633 2272 687 varii
2305 637 2644 699 conventus,
2673 632 2792 687 imo
2825 635 2881 687 et
2903 630 3187 687 nonnulla
3216 631 3463 686 concilia
3490 630 3779 687 celebrata

2129 722 2385 791 fuerunt,
2416 720 2852 794 legationesque
2903 720 3145 775 Romam
3192 719 3408 787 missa,
3441 737 3511 776 ex
3559 720 3777 793 quibus

2127 810 2404 867 omnibus
2435 825 2502 866 ea
2532 826 2656 881 qua
2709 810 2780 864 ad
2812 813 3081 864 nostrum
3127 806 3466 865 institutum
3510 812 3778 881 spectant

2128 900 2255 957 suis
2278 899 2423 956 locis
2454 898 2789 954 referemus.
2815 898 2924 955 Sed
2958 897 3057 965 qui
3092 895 3261 969 plura
3282 913 3352 953 ea
3379 897 3451 953 de
3482 914 3565 964 re,
3596 914 3774 970 quam

2128 1005 2254 1061 qua
2286 1006 2319 1044 a
2348 986 2518 1043 nobis
2549 990 2652 1042 aut
2680 1004 2715 1041 a
2744 984 2963 1053 Locrio,
2997 984 3241 1042 Acherio
3265 990 3463 1042 nostro
3495 991 3596 1043 aut
3619 990 3775 1043 certe

2128 1095 2163 1133 a
2189 1077 2419 1133 Labbeo
2446 1076 2799 1141 referuntur,
2832 1074 3189 1148 cupit,adeat
3205 1078 3433 1130 tomum
3463 1074 3513 1128 V
3544 1074 3774 1133 Miscel-

2126 1167 2430 1223 laneorum
2456 1165 3034 1232 Baluzianorum,ubi
3051 1168 3382 1220 accuratam
3395 1164 3575 1221 totius
3595 1157 3776 1236 hujus

2127 1257 2343 1331 negotii
2376 1255 2767 1311 narrationem
2780 1253 3064 1322 inveniet,
3098 1252 3276 1309 simul
3307 1270 3442 1310 cum
3478 1253 3773 1311 variorum

2127 1344 2393 1419 epistolis
2422 1349 2479 1401 et
2508 1344 2640 1399 aliis
2671 1342 3089 1410 monumentis,
3123 1359 3250 1415 qua
3273 1341 3472 1398 omnia
3499 1359 3569 1398 ex
3594 1342 3776 1398 veteri

2129 1436 2323 1492 codice
2350 1451 2462 1491 ms.
2496 1432 2764 1490 Ecclesia
2797 1431 3193 1488 Atrebatensis
3223 1431 3310 1486 vir
3336 1432 3605 1487 eruditus
3642 1431 3777 1487 des-

2130 1524 2353 1596 cripsit.

2200 1613 2469 1669 Urbanus
2480 1611 2974 1683 itaque,suscepta
2986 1608 3387 1664 Atrebatensiu
3398 1625 3451 1664 m
3467 1608 3775 1682 legatione,

366 1700 563 1753 tamen
594 1698 749 1803 recte
780 1693 838 1747 in
872 1691 970 1748 illo
1013 1693 1404 1793 instrumento
1455 1694 1615 1793 1993.
1642 1695 1756 1751 dici
1809 1697 2016 1767 potuit,
2048 1737 2097 1803 B
2132 1701 2366 1774 scripsit
2396 1701 2594 1756 statim
2626 1700 2696 1756 ad
2732 1700 2859 1769 ejus
2891 1698 3141 1754 civitatis
3164 1697 3385 1753 clerum
3407 1702 3466 1754 et
3495 1697 3779 1771 populum

360 1786 528 1843 more
554 1783 965 1856 plerorumque
996 1782 1123 1853 ejus
1154 1782 1252 1837 avi
1302 1787 1358 1838 et
1399 1784 1653 1856 regionis
1684 1789 2011 1855 auctorum,

368 1874 563 1948 qui,ut
584 1874 711 1943 jam
745 1888 856 1927 non
891 1870 1072 1927 semel
1106 1870 1561 1939 observavimus,
1586 1890 1805 1929 annum
1838 1874 2015 1930 simul

367 1980 501 2019 cum
532 1961 848 2017 indictione
878 1978 912 2016 a
941 1976 1143 2016 mense
1173 1960 1504 2032 Septembri
1535 1961 1593 2016 in
1622 1961 1736 2017 illis
1778 1962 2015 2020 ulterio-

369 2053 532 2108 ribus
560 2050 736 2106 Italia
768 2048 956 2122 plagis
988 2048 1359 2104 inchoabant.

437 2142 517 2196 Eo
543 2138 787 2205 calculo,
821 2138 903 2193 uti
935 2155 1002 2193 ex
1033 2137 1164 2192 aliis
1186 2138 1331 2193 locis
1352 2142 1683 2210 patet,usus
1702 2144 1793 2196 est
1819 2141 2031 2215 Lupus

368 2231 730 2302 Protospata,
755 2243 889 2284 cum
922 2226 1160 2299 scripsit
1191 2243 1203 2281 :
1237 2228 1392 2283 Anno
1442 2228 1599 2297 1093,
1644 2230 1945 2286 indictione
1973 2249 2012 2299 ι,

367 2320 501 2375 obiit
522 2319 767 2389 Eugenio
804 2316 1081 2372 abbatissa
1129 2317 1317 2371 Sancti
1361 2318 1640 2375 Benedicti
1694 2322 2018 2376 monasterii

366 2409 722 2472 Materiensis,
751 2421 933 2461 mense
965 2404 1203 2460 Octobris
1234 2423 1252 2459 :
1287 2408 1335 2460 et
1380 2406 1565 2462 eodem
1609 2424 1796 2464 mense
1844 2409 2012 2466 Urba-

366 2515 471 2553 nus
498 2514 643 2570 papa
674 2496 818 2551 venit
848 2497 906 2549 in
936 2494 1220 2561 Materam,
1244 2502 1294 2550 et
1324 2496 1590 2567 applicuit
1610 2497 1682 2551 ad
1708 2500 2014 2554 ca'nobium

367 2588 555 2642 Sancti
583 2584 861 2640 Eustachii
890 2600 1014 2638 cum
1042 2583 1243 2653 grandi
1284 2584 1438 2655 plebe
1465 2584 1768 2640 hominum.
1811 2586 1891 2641 De
1919 2586 2012 2642 his

367 2672 739 2730 monasteriis
768 2688 954 2744 pauca
1002 2676 1340 2744 supersunt,
1366 2677 1431 2727 ut
1480 2673 1674 2729 videre
1730 2677 1820 2730 est
1855 2675 2009 2746 apud

365 2761 678 2838 Ughellum
727 2766 886 2816 tomo
926 2759 1024 2815 VII
1072 2759 1249 2815 Italia
1278 2765 1561 2829 sacra,et
1609 2763 1900 2818 Lubinum
1951 2765 2009 2819 in

364 2851 590 2909 Notizia
638 2849 1007 2906 abbatiarum
1055 2848 1230 2904 Italia
1268 2867 1281 2917 ;
1315 2850 1737 2907 Materanensis
1783 2869 1916 2908 vero
1955 2858 2013 2908 et

364 2940 765 2997 Acberuntina
794 2938 1062 2994 dimcesis
1094 2938 1500 3009 simuljuncta
1527 2941 1766 2996 unicum
1793 2941 2011 2998 habent

361 3029 618 3104 archiep.
1529 3028 1559 3062 ⁵

360 3181 598 3238 CXVIII.
632 3182 1007 3236 Atrabatensis
1062 3180 1304 3306 Ecctlcsia
1352 3198 1384 3235 a
1432 3180 1810 3239 Cameracensi
1862 3202 2017 3257 sepa-

1088 3268 1153 3306 ra
1181 3268 1267 3306 ur.

1088 3268 1267 3306 ratur.

430 3388 710 3444 Defuncto
760 3402 822 3441 In
874 3385 1010 3441 Idus
1056 3385 1303 3457 Augusti
1347 3384 1524 3457 hujus
1572 3388 1709 3442 anni
1757 3388 2013 3445 Gerardo

359 3475 868 3534 Cameracensium
892 3474 1183 3546 episcopo,
1209 3476 1620 3532 Atrebatenses
1668 3477 1737 3531 de
1770 3478 2015 3536 ecclesia

360 3583 488 3633 sua,
520 3562 953 3636 qua,Atrebato
983 3560 2013 3631 aWandalisdiruto,Cameracensis

342 3653 878 3729 _antistitis,utpote
909 3649 1391 3716 vicinioris,cura
1423 3652 1774 3709 demandata
1803 3656 2008 3722 fuerat,

358 3742 417 3797 in
450 3740 758 3815 pristinam
792 3738 1116 3795 libertatem
1148 3738 1514 3795 restituenda
1559 3741 1909 3814 cogitarunt.
1942 3745 2013 3800 Et

359 3831 622 3904 quidem,
680 3827 816 3884 licet
854 3844 946 3883 res
994 3827 1258 3883 difficilis
1303 3828 1617 3896 videretur,
1684 3837 2012 3904 opportuna

356 3925 555 3975 tamen
585 3917 798 3983 tunc,si
834 3933 1095 3989 unquam
1129 3916 1321 3984 fuerit,
1336 3917 1408 3971 ad
1439 3916 1496 3973 id
1520 3919 1856 3975 audendum
1889 3927 2011 3976 erat

357 4008 605 4075 occasio,
638 4007 869 4063 Urbano
914 4022 1143 4075 nempe,
1176 4005 1278 4079 qui
1309 4005 1369 4061 in
1404 4006 1680 4063 Remensi
1712 4008 2010 4080 provincia

358 4101 531 4153 natus
560 4102 619 4153 et
647 4097 933 4152 educatus
964 4095 1175 4161 fuerat,
1222 4094 1400 4168 probe
1446 4100 1582 4151 nota
1612 4100 1737 4151 erat
1766 4097 2010 4169 antiqua

355 4186 752 4242 Atrebatensis
783 4183 1047 4240 Ecclesia
1077 4188 1134 4239 et
1157 4183 1327 4239 Urbis
1348 4184 1622 4257 dignitas,
1647 4202 1751 4241 nec
1780 4184 2008 4258 ignora-

356 4276 457 4330 bat
488 4278 771 4346 quantum
803 4272 1215 4329 Atrebatenses
1248 4291 1283 4328 a
1309 4273 2005 4339 Cameracensibus,Hen-

357 4364 477 4419 rico
509 4361 977 4436 imperatori,qui
1013 4361 1103 4418 sui
1136 4362 1325 4434 ipsius
1357 4362 1542 4418 hostis
1573 4363 1837 4418 infensus
1860 4368 2003 4433 erat,

2129 1796 2215 1859 ut,
2255 1788 2761 1847 Cameracensium
2807 1804 3049 1843 excusso
3083 1788 3250 1860 jugo,
3302 1787 3414 1844 sibi
3472 1787 3778 1861 proprium

2124 1879 2462 1952 episcopum
2496 1876 2735 1950 eligant,
2777 1875 3145 1948 electumque
3187 1874 3635 1948 metrOpolitano
3666 1893 3779 1933 suo

2124 1968 2583 2024 consecrandum
2617 1969 2945 2037 prasentet.
2989 1964 3070 2020 Ne
3114 1980 3249 2019 vero
3279 1964 3405 2036 ipse
3435 1964 3780 2037 metropoli-

2123 2061 2298 2112 tanus
2330 2053 2673 2110 difﬁcultate
2704 2052 2901 2124 aliqua
2932 2053 3004 2106 ab
3050 2052 3161 2107 hac
3204 2052 3574 2111 ordinatione
3623 2052 3777 2109 cele-

2124 2145 2348 2200 branda
2376 2144 2786 2212 dimoveretur,
2821 2141 2891 2196 ad
2938 2156 3070 2196 eum
3104 2140 3340 2213 pariter,
3374 2141 3424 2196 is
3466 2146 3608 2197 tunc
3646 2146 3777 2198 erat

2124 2232 2457 2306 Raynaldue
2492 2232 2807 2287 Remorum
2836 2228 3101 2286 Ecclesia
3122 2230 3555 2302 postManassis
3576 2245 3786 2288 exauc-

2122 2322 2470 2379 torationem
2510 2320 2836 2393 prafectus,
2889 2319 3144 2392 pontifex
3192 2319 3430 2392 scripsit
3482 2318 3649 2388 velle,
3708 2324 3778 2376 ut

2123 2413 2389 2468 restituto
2428 2408 2696 2465 Ecclesia
2753 2409 3118 2464 Atrebatensi
3168 2408 3402 2482 proprio
3459 2425 3567 2465 suo
3621 2409 3780 2482 epis-

2120 2518 2264 2574 copo
2296 2498 2603 2556 Remensis
2635 2496 2976 2570 metropolis
3025 2497 3084 2552 in
3115 2498 3418 2570 antiquam
3451 2515 3621 2555 suam
3651 2498 3778 2571 dig-

2120 2592 2361 2646 nitatem
2382 2588 2907 2660 redintegraretur;
2941 2586 2997 2642 id
3023 2591 3112 2643 est
3144 2592 3209 2643 ut
3229 2587 3541 2643 duodecim
3563 2586 3782 2659 episco-

2116 2680 2349 2753 palium
2381 2678 2609 2733 sedium
2643 2693 2888 2732 numero
2919 2681 3217 2742 exornata,
3249 2676 3310 2731 in
3343 2676 3777 2748 ferendisjudi-

2120 2770 2224 2824 ciis
2256 2765 2552 2823 canonicis
2565 2765 2635 2819 ad
2652 2764 2911 2837 provinci
2922 2782 2987 2820 as
3001 2770 3308 2822 extraneas
3322 2782 3617 2822 recurrere
3628 2782 3779 2838 opus

2119 2875 2234 2914 non
2266 2854 2757 2921 haberet.Qua,ut
2780 2854 2905 2925 jam
2946 2853 3225 2923 diximus,
3247 2852 3430 2911 solius
3471 2853 3779 2912 Remensis

2117 2945 2423 3020 provincia
2451 2943 2512 2999 in
2543 2943 2743 2998 Galliis
2768 2942 3144 3015 praerogativa
3181 2944 3320 2999 olim
3343 2943 3611 3016 specialis
3641 2943 3778 3012 fuit,

2121 3036 2207 3091 uti
2238 3034 2429 3090 videre
2460 3036 2549 3088 est
2578 3033 2636 3087 in
2697 3031 3129 3104 antiquioribus
3160 3032 3406 3089 notitiis.
3447 3032 3624 3089 Binas
3664 3031 3776 3088 hac

2040 3104 2084 3169 Ε
2122 3125 2194 3180 de
2224 3141 2284 3180 re
2306 3123 2531 3179 litteras
2546 3120 2781 3193 scripsit
2809 3120 3165 3191 Urbanus,in
3188 3122 3403 3193 quibus
3424 3119 3557 3176 licet
3581 3136 3776 3177 annus

2124 3214 2341 3269 diserte
2372 3227 2487 3266 non
2521 3210 2832 3272 indicetur,
2870 3208 3033 3265 facile
3064 3215 3259 3265 tamen
3303 3226 3371 3265 ex
3395 3225 3591 3264 rerum
3624 3207 3776 3263 serie

2124 3300 2369 3373 intelligi
2397 3298 2762 3372 potest.0uin
2795 3302 2849 3353 et
2881 3296 3074 3353 nullas
3104 3298 3213 3355 loci
3246 3302 3346 3354 aut
3364 3298 3645 3369 temporis
3676 3312 3774 3352 no-

2123 3397 2215 3447 tas
2244 3391 2417 3446 habet
2446 3406 2514 3444 ea
2544 3404 2669 3459 qua
2700 3386 2996 3458 Raynaldo
3027 3387 3463 3460 archiepiscopo
3494 3385 3776 3458 inscripta

2122 3484 2240 3547 est;
2275 3478 2455 3535 altera
2480 3493 2638 3543 vero,
2666 3492 2792 3547 qua
2822 3479 2911 3530 est
2950 3476 3018 3530 ad
3062 3477 3488 3541 Atrebatenses,
3534 3476 3593 3529 in
3627 3491 3772 3529 non-

2123 3567 2301 3623 nullis
2330 3566 2629 3620 codicibus
2676 3562 2910 3630 dicitur,
2956 3563 3083 3619 data
3132 3581 3188 3619 ιν
3232 3565 3410 3618 Nonas
3438 3562 3772 3633 Decembris,

2123 3657 2343 3729 absque
2376 3655 2573 3725 aliqua
2593 3652 2699 3707 loci
2714 3649 3129 3722 designatione.
3141 3650 3357 3706 Tamen
3376 3654 3544 3706 vetus
3566 3651 3766 3719 codex,

2120 3762 2294 3818 quem
2329 3742 2614 3798 habemus
2646 3756 2759 3811 pra
2792 3736 3067 3793 manibus
3090 3736 3283 3794 locum
3304 3738 3503 3811 ipsum
3523 3737 3764 3806 indicat,

2121 3848 2330 3904 nempe
2389 3830 2710 3895 Castraneti,
2734 3826 2830 3882 alii
2886 3843 3028 3882 mss.
3063 3831 3121 3881 et
3149 3827 3287 3882 editi
3316 3827 3536 3884 habent
3564 3830 3765 3885 Romae.

2120 3922 2386 3977 Fortasse
2417 3920 2819 3974 Castranetum
2846 3914 3009 3970 locus
3047 3920 3170 3971 erat
3199 3933 3378 3989 prope
3410 3917 3675 3983 Romam,
3707 3916 3767 3973 in

2118 4026 2234 4082 quo
2265 4015 2405 4064 tunc
2429 4006 2772 4063 versabatur
2799 4003 3074 4076 pontifex,
3094 4022 3227 4060 cum
3254 4005 3516 4061 nondum
3547 4005 3597 4061 ei
3629 4005 3768 4062 lice-

2118 4103 2204 4153 ret
2232 4098 2305 4154 ob
2361 4094 2623 4153 Guiberti
2669 4094 2949 4150 factiones
2993 4092 3205 4149 Urbem
3255 4094 3504 4167 ingredi.
3538 4093 3764 4150 Etenim

2120 4186 2367 4243 Urbanus
2394 4183 2648 4256 papa,uti
2680 4182 2884 4239 scribit
2913 4181 3239 4249 Bertoldus,
3262 4182 3371 4240 hoc
3397 4199 3549 4239 anno
3575 4182 3769 4238 Natale

2114 4276 2335 4330 Domini
2362 4278 2521 4329 extra
2549 4275 2849 4329 Romanam
2897 4273 2955 4325 in
3004 4275 3149 4326 terra
3195 4272 3385 4328 Sancti
3432 4272 3590 4327 Petri
3626 4271 3765 4329 cele-

2115 4364 2314 4432 bravit,
2333 4379 2393 4419 eo
2425 4362 2565 4435 quod
2592 4361 2835 4417 nondum
2866 4362 3089 4417 Romam
3117 4361 3314 4432 absque
3349 4368 3563 4417 armata
3591 4376 3765 4417 manu

357 4452 607 4509 addictis
622 4452 778 4524 passi
796 4452 1321 4507 fuissent.Favebat
1334 4450 1800 4507 Atrebatensium
1816 4468 2003 4508 causa
2035 4473 2081 4538 Ι)
2113 4454 2323 4508 intrare
2350 4452 2548 4524 potuit,
2584 4450 2925 4507 Guibertistis
2959 4450 3177 4522 quidem
3204 4458 3254 4507 et
3278 4450 3765 4506 cxcommunicatis

356 4540 709 4598 miserabilis
726 4539 993 4597 Ecclesia
1015 4540 1450 4597 Cameracensis
1476 4544 1686 4608 status,
1720 4557 1847 4612 qua
1878 4545 2004 4598 tum
2113 4542 2351 4597 multum
2380 4542 2557 4597 adhuc
2596 4540 2676 4595 ibi
2713 4539 3164 4612 pravalentibus,
3212 4555 3310 4595 nec
3356 4540 3523 4611 facile
3567 4538 3767 4609 absque

356 4630 416 4686 in
446 4630 638 4686 varias
669 4632 951 4686 factiones
981 4629 1167 4685 divisa
1213 4633 1337 4684 erat
1367 4630 1440 4683 ob
1468 4629 1824 4684 successoris
1854 4629 2001 4687 elec-

356 4719 595 4776 tionem.
629 4720 746 4775 Has
801 4720 1007 4775 turbas
1037 4718 1289 4791 augebat
1319 4716 1620 4785 Henricus,
1655 4732 2002 4789 persuasum

356 4809 580 4866 habens
611 4825 720 4864 sua
754 4806 1005 4863 multum
1041 4806 1342 4866 interesse.
1386 4811 1450 4861 ut
1479 4804 1693 4878 aliquis
1742 4808 1834 4862 cui
1880 4811 2005 4863 tuto

355 4898 534 4954 ﬁdere
564 4900 764 4969 posset
794 4913 861 4951 ea
888 4896 946 4950 in
979 4896 1116 4950 sede
1148 4893 1456 4949 locaretur.
1492 4896 1558 4949 Et
1589 4896 1823 4966 quidem
1847 4899 2002 4952 Atre-

356 4987 628 5043 batenses
659 5002 768 5042 sua
799 4985 1061 5057 ipsorum
1093 5000 1207 5038 non
1249 4982 1453 5039 fefellit
1498 4983 1677 5040 semel
1726 4989 2005 5057 concepta

356 5075 855 5147 opinio.Urbanus
888 5089 1096 5145 nempe
1118 5072 1270 5128 hanc
1300 5073 1662 5129 occasionem
1687 5072 2005 5130 relevanda

358 5162 709 5235 pristina,ut
739 5164 1070 5235 frequenter
1094 5162 1152 5217 in
1187 5162 1312 5218 suis
1342 5160 1605 5233 epistolis
1634 5167 1880 5219 testatus
1896 5168 2003 5231 est,

358 5250 674 5307 Remorum
706 5253 974 5310 Ecclesia
1005 5250 1329 5324 dignitatis,
1363 5256 1591 5320 nactus,
1623 5252 1877 5325 exceptis
1908 5253 2005 5328 be.-

358 5340 534 5413 nigne
562 5341 1036 5397 Atrebatensium
1071 5340 1443 5408 missis,nihil
1476 5342 1673 5397 omisit
1710 5347 1773 5397 ut
1804 5359 2004 5398 eorum

356 5428 644 5486 desiderio
660 5429 1159 5497 satisfaceret.Qui
1184 5429 1374 5503 reipsa
1398 5434 1529 5503 post
1550 5429 1768 5486 multas
1791 5430 1927 5487 hinc
1950 5434 2008 5487 et

356 5519 496 5578 inde
523 5518 1001 5589 concertationes,
1044 5524 1177 5615 post
1223 5519 1413 5576 varios
1443 5517 1671 5575 labores
1716 5522 1772 5577 et
1810 5535 2002 5590 curas,

2111 4632 2373 4687 violentia
2396 4631 2521 4686 inde
2550 4630 2748 4701 repelli
2752 4628 3210 4701 permittentibus.

2193 4720 2375 4776 CXIX.
2411 4720 2842 4774 Constantienses
2866 4717 3377 4790 pseudoepiscopum
3407 4717 3689 4787 rejiciunt.

2185 4809 2362 4865 Paulo
2416 4812 2607 4864 autem
2658 4810 2791 4863 ante
2838 4806 2984 4861 illud
3034 4806 3251 4862 festum
3301 4804 3627 4873 Udalricus,
3660 4805 3765 4877 qui

2112 4898 2391 4970 Aquileia
2413 4897 2815 4969 episcopatum
2839 4896 2911 4951 ab
2936 4894 3181 4951 Henrico
3202 4897 3555 4967 imperatore
3584 4892 3764 4950 simul

2114 5004 2246 5043 cum
2288 4985 2522 5042 abbatia
2568 4989 2624 5041 S.
2678 4984 2827 5042 Galli
2865 4986 2993 5056 jam
3044 4986 3345 5056 acceperat
3387 4985 3632 5039 conatus
3674 4987 3765 5038 est

2114 5077 2291 5132 etiam
2331 5074 2732 5147 episcopatum
2774 5073 3299 5140 Constantiensem,
3357 5070 3599 5144 expulso
3654 5074 3763 5126 Ge-

2114 5165 2352 5230 beardo,
2385 5182 2487 5237 per
2515 5163 2829 5236 quemdam
2862 5179 2893 5218 e
2922 5161 3047 5218 suis
3074 5162 3380 5218 monachis
3411 5160 3524 5218 sibi
3564 5160 3763 5217 addic-

2114 5259 2263 5322 tum,
2310 5253 2547 5309 nomine
2600 5251 2947 5321 Arnoldum,
2996 5268 3311 5325 occupare;
3346 5255 3405 5308 at
3451 5249 3764 5324 utriusque

2114 5347 2356 5399 conatus
2393 5341 2551 5396 fuere
2594 5340 2999 5397 irriti.Etenim
3030 5341 3382 5399 Constantia
3412 5339 3565 5397 cives
3595 5340 3763 5396 inva-

2114 5447 2305 5487 sorem
2336 5429 2526 5497 illum,
2552 5428 2685 5485 licet
2719 5430 2845 5502 jam
2870 5430 2942 5486 ab
2976 5430 3322 5504 imperatore
3350 5428 3763 5486 investituram

2114 5517 2703 5598 recepisset,turpiter
2723 5536 2858 5581 cum
2888 5522 3017 5597 ejus
3040 5520 3326 5598 sooio,qui
3354 5518 3495 5579 illuc
3525 5534 3766 5596 posses-
