3970 6188
118 352 243 416 105

1737 356 1944 422 νΙΤΑ.

3425 356 3544 421 ωδ

110 490 309 558 ,εἰοεὶε
338 484 615 545 ineundae
642 504 821 545 causa
850 488 1029 545 simul
1085 488 1458 561 advenerant,
1491 507 1523 548 e
1551 491 1783 551 civitate
1809 496 1868 560 Α
1894 507 2333 564 nius,maguam
2366 493 2624 564 pecunias
2654 506 2953 551 summam
2983 492 3414 550 contulitﬂerte
3436 491 3547 548 hoc

119 576 301 650 paulo
332 581 472 633 ante
498 575 764 633 Natalem
796 578 1025 633 Domini
1048 578 1366 648 ejecerunt.

146 666 307 722 CXX.
338 668 560 736 Hagom'
588 665 943 738 Lugdunensi
970 666 1181 723 reddita
1210 669 1512 740 apostolica
1541 669 1754 739 legatio.

187 755 411 810 Eodem
442 771 601 810 anno
624 754 1057 824 desinente,aut
1086 760 1241 812 certe
1273 756 1574 829 sequentis
1595 754 1781 822 initio,

120 844 294 900 lvone
323 844 749 911 Carnoteno,ut
764 860 833 900 ex
864 845 992 917 ejus
1021 844 1270 917 epistola
1300 848 1367 901 12
1387 846 1459 901 ad
1483 845 1784 901 Urbanum

116 938 175 988 et
204 932 308 987 109
324 933 402 988 ad
448 931 795 989 Paschalem
842 933 973 1006 ejus
1023 948 1421 990 successorem
1469 933 1782 1008 colligitur,

113 1018 542 1087 intercedente,
570 1021 798 1078 reddita
829 1026 920 1078 est
965 1021 1194 1096 Hugoni
1236 1023 1645 1096 Lugdunensis
1691 1039 1784 1079 ar-

114 1109 499 1183 chiepiscopo
532 1108 833 1181 apostolici
862 1109 921 1164 in
950 1109 1150 1166 Galliis
1174 1110 1347 1185 legati
1380 1110 1637 1185 dignitas
1668 1128 1785 1184 qua

112 1199 209 1255 diu
238 1201 541 1255 caruerat.
573 1198 702 1254 Haec
749 1199 801 1254 ei
834 1198 1029 1255 ablata
1077 1199 1267 1255 fuerat
1297 1206 1559 1272 tempore
1588 1201 1784 1256 Victo-

111 1287 185 1343 ris
204 1287 479 1359 lll,quod
502 1291 634 1360 post
652 1287 960 1359 probatam
982 1292 1040 1344 et
1058 1288 1360 1344 laudatam
1393 1306 1530 1345 cum
1559 1288 1784 1345 caeteris

108 1376 407 1450 episcopis
439 1375 747 1432 catholicis
778 1377 1044 1447 ejusdem
1076 1377 1372 1451 pontificis
1412 1377 1779 1446 electionem,

108 1482 231 1521 eam
264 1469 478 1521 tamen
512 1470 715 1538 postea
736 1465 1027 1521 Richardo
1057 1465 1253 1523 abbati
1280 1466 1631 1524 Massiliensi
1649 1467 1784 1538 jun-

107 1559 231 1610 ctus
259 1553 506 1610 irritam
541 1553 727 1610 facere
778 1558 1025 1611 conatus
1057 1554 1284 1622 fuisset,
1320 1555 1437 1611 imo
1468 1559 1525 1612 et
1554 1556 1626 1611 ab
1653 1555 1781 1627 ejus

110 1642 452 1699 obedientia
484 1643 845 1715 recessisset.
872 1642 1060 1707 Quare
1082 1642 1262 1699 simul
1291 1644 1782 1701 excommunicati

108 1731 505 1806 etapostolica
518 1729 809 1804 legatione
823 1730 1030 1802 privati
1051 1731 1110 1787 in
1125 1732 1286 1787 conci
1297 1731 1781 1789 lioBeneventano

108 1821 174 1877 ab
196 1821 415 1919 eodem
435 1819 767 1923 Victpredll
788 1819 1397 1923 fuerant.V'erum‘etsi
1420 1825 1586 1923 tanta
1605 1821 1783 1923 fuerit
1811 1857 1860 1923 Β

107 1910 423 1981 utriusque
477 1907 746 1975 audacia,
782 1925 963 1981 quam
1021 1910 1195 1966 etiam
1244 1909 1410 1983 Hugo
1462 1908 1675 1966 litteris
1706 1910 1778 1967 ad

108 1998 457 2054 Matbildem
490 1997 647 2053 datis
690 1999 1018 2070 approbare
1048 2000 1294 2057 conatus
1324 1999 1534 2070 fuerat,
1567 2003 1631 2054 ut
1650 2000 1777 2071 jam

108 2104 210 2143 suo
238 2086 373 2143 loco
421 2086 709 2154 diximus,
742 2091 949 2142 neuter
995 2090 1194 2144 tamen
1248 2087 1317 2143 ad
1372 2087 1780 2144 schismaticos

109 2176 347 2244 defecit;
375 2175 483 2231 sed
504 2173 681 2248 paulo
702 2180 855 2248 post,
876 2175 1109 2233 Urbano
1131 2182 1265 2248 post
1280 2175 1528 2232 Victoris
1552 2177 1778 2233 obitum

108 2266 157 2320 in
182 2264 539 2338 pontificem
568 2268 900 2337 assumpto,
930 2264 1345 2321 inviolabiliter
1373 2266 1425 2321 ei
1456 2264 1774 2322 adhmsere.

108 2354 443 2427 Hugoni,ob
476 2353 754 2409 restituta
777 2353 890 2410 sibi
907 2355 980 2410 ab
1004 2353 1237 2410 Urbano
1254 2352 1627 2426 legationem,
1651 2372 1778 2427 gra-

104 2443 325 2499 tulatur
357 2442 459 2499 Ivo
493 2441 748 2515 epistola
771 2443 841 2497 24
878 2444 948 2498 ad
979 2458 1115 2499 eum
1146 2443 1317 2511 data;
1342 2443 1442 2500 ubi
1466 2443 1679 2512 eidem,
1703 2444 1776 2499 ob

110 2540 452 2606 temporum
488 2531 868 2588 difﬁcultates
915 2531 1069 2588 hanc
1100 2531 1449 2606 dignitatem
1483 2532 1780 2605 suscipere

106 2620 381 2677 nonnihil
400 2620 1105 2693 repugnanti,parendum
1127 2636 1255 2676 esse
1267 2621 1528 2693 pontifici
1545 2621 1774 2695 probat,

111 2711 375 2783 Tempus
392 2715 597 2766 autem
615 2722 730 2781 quo
752 2710 810 2765 id
833 2710 1051 2765 factum
1072 2710 1180 2765 fuit
1218 2710 1440 2765 indicat
1482 2710 1640 2766 idem
1658 2711 1776 2777 Ivo,

110 2815 235 2855 cum
268 2800 359 2855 ait
391 2802 536 2855 tunc
570 2799 629 2853 in
662 2797 831 2854 Italia
860 2800 1096 2857 alterum
1126 2799 1327 2866 Achab,
1364 2798 1422 2854 id
1456 2802 1543 2855 est
1575 2798 1776 2855 Henri-

115 2906 263 2958 cum,
286 2892 351 2945 et
380 2887 447 2943 in
480 2886 687 2965 Galliis
716 2903 915 2944 novam
940 2888 1272 2955 Jembelem,
1303 2904 1514 2961 nempe
1545 2888 1779 2944 Bertra-

118 2978 267 3046 dam,
302 2981 378 3033 ut
407 2992 543 3033 eam
574 2977 753 3034 etiam
795 2976 1050 3050 appellat
1089 2977 1254 3050 Hugo
1305 2976 1775 3047 Flaviniacensis,

120 3067 471 3124 surrexisse.
505 3066 665 3122 Hanc
694 3068 892 3123 autem
920 3065 1230 3140 epistolam
1263 3066 1373 3122 sub
1409 3066 1546 3121 anni
1577 3067 1776 3137 finem,

120 3162 209 3211 aut
236 3154 559 3228 sequentis
608 3153 776 3210 initio
832 3154 1110 3227 scriptam
1169 3153 1355 3211 fuisse
1412 3171 1480 3211 ex
1525 3171 1592 3211 eo
1621 3158 1781 3229 patet

121 3246 263 3316 quod
294 3223 363 3299 in
397 3260 474 3300 ea
500 3243 806 3319 Hugonem
839 3223 1004 3316 rogat
1034 3243 1129 3299 lvo
1161 3247 1225 3298 ut
1255 3244 1306 3300 ei
1341 3223 1642 3317 signiticet
1661 3261 1777 3316 quo
1807 3223 1851 3292 α

122 3332 234 3389 loco
282 3348 428 3390 eum
486 3330 641 3388 circa
688 3332 1158 3405 Quadragesimae
1207 3330 1441 3388 initium
1474 3332 1781 3388 convenire

124 3423 429 3479 commode
463 3421 671 3494 possit.

124 3528 308 3585 CXXI.
342 3528 640 3585 Guibertus
679 3529 739 3584 in
768 3528 1164 3600 Longobardia.
1196 3529 1374 3584 Rom
1412 3546 1485 3583 an
1533 3527 1781 3586 Urbanus

217 3601 551 3657 concesserit
575 3599 833 3673 privileg.
861 3598 1087 3672 Figiaci.
1118 3598 1382 3672 Privileg.
1418 3599 1671 3659 Catienae.

187 3689 293 3745 His
326 3687 723 3761 temporibus,
763 3691 829 3743 ut
886 3690 1086 3745 narrat
1139 3687 1461 3757 Bertoldus,
1492 3688 1783 3744 Guibertus

124 3796 237 3834 cum
276 3780 618 3850 imperatore
663 3793 762 3833 suo
802 3778 1055 3832 Heinrico
1104 3778 1167 3832 in
1194 3778 1569 3849 Longobardia
1598 3794 1780 3833 mora-

127 3869 303 3936 batur,
327 3871 380 3922 et
432 3865 697 3939 quidquid
713 3868 893 3938 potuit
923 3883 1046 3922 cum
1066 3868 1184 3939 ipso
1204 3870 1395 3922 contra
1442 3866 1783 3938 Welphonem

125 3968 165 4012 et
193 3958 320 4030 ejus
349 3971 583 4011 uxorem
609 3950 957 4024 Mathildam,
984 3957 1163 4011 sancti
1194 3958 1350 4011 Petri
1366 3956 1544 4026 ﬁliam
1572 3955 1781 4011 machi-

124 4048 460 4111 nabatur,ut
484 4044 755 4117 pluribus
781 4048 981 4100 narrat
1000 4044 1488 4116 Domnizo,cujus
1516 4049 1785 4117 excerpta

126 4134 179 4190 in
205 4133 551 4207 Appendice
576 4132 1231 4189 refe‘rentur.Consentit
1258 4132 1533 4206 Sigonius
1568 4133 1712 4207 libro
1729 4151 1784 4189 1x

127 4228 200 4279 De
228 4239 416 4296 regno
442 4220 643 4292 Italia,
676 4223 777 4277 ubi
810 4238 907 4278 res
934 4220 1116 4293 hujus
1146 4222 1428 4295 temporis
1458 4239 1527 4279 ex
1555 4222 1648 4277 bis
1679 4238 1783 4277 au-

126 4313 388 4369 ctoribus
421 4310 752 4384 descripsit.

196 4401 474 4459 Urbanus
504 4416 637 4456 vero
663 4399 855 4456 adhuc
878 4399 1074 4456 Romaa
1113 4404 1236 4457 erat
1252 4416 1454 4456 mense
1474 4400 1786 4456 Februario

127 4508 278 4546 anno
310 4489 474 4556 1093,
494 4490 547 4544 si
577 4488 906 4561 legitimum
937 4489 1015 4544 sit
1038 4488 1373 4561 Figiacense
1394 4487 1787 4562 privilegium,

1895 579 2156 652 diploma
2183 580 2374 637 dubiae
2406 582 2645 641 omnino
2698 582 2835 639 ﬁdei
2885 583 3115 640 videtur
3144 598 3307 651 esse;
3339 581 3405 637 in
3432 596 3549 654 quo

1895 685 2125 741 nempe,
2159 671 2368 741 praeter
2395 686 2463 725 ea
2492 682 2619 741 quae
2642 670 2902 727 continet
2925 670 3018 728 his
3048 669 3418 744 temporibus
3445 684 3549 742 per

1892 773 2024 815 rurn
2058 762 2468 825 consentanea,
2497 756 2751 815 maxime
2779 758 3052 831 displicet
3076 761 3236 833 quod
3254 757 3549 831 Stephano

1893 846 2161 917 episcopo
2192 845 2720 911 Caduroensi,alias
2751 846 2987 919 penitus
3017 848 3238 920 ignoto,
3265 847 3550 905 inscriba-

1892 938 2008 990 tur.
2041 934 2216 991 Plura
2245 936 2316 990 de
2348 951 2415 990 eo
2458 935 2635 991 refert
2679 934 2933 992 Cruceus
2954 936 3014 991 in
3035 936 3293 993 Historia
3316 936 3547 1010 episco-

1892 1039 2101 1095 porum
2143 1023 2646 1091 Caduroensium;
2682 1040 2881 1096 quem,
2932 1024 2981 1081 si
3030 1022 3217 1092 lubet,
3248 1025 3542 1081 consulas.

1890 1111 2068 1168 Paulo
2090 1112 2333 1183 majoris
2358 1116 2447 1167 est
2487 1111 2848 1168 auctoritatis
2876 1111 3246 1185 privilegium
3267 1114 3540 1169 Cavense.

1891 1201 1962 1257 de
1980 1218 2095 1274 quo
2117 1201 2189 1257 ad
2212 1217 2434 1257 annum
2472 1200 2892 1275 praecedentem
2924 1200 3175 1274 egimus,
3204 1200 3405 1259 datum
3439 1201 3543 1263 Sa-

1889 1289 2033 1346 lerni
2066 1307 2163 1345 xxx
2194 1288 2483 1345 Kalendas
2526 1289 2824 1345 Februarii
2875 1307 3028 1347 anno
3056 1307 3092 1345 v
3119 1288 3362 1356 Urbani,
3392 1288 3544 1345 indi-

1890 1378 2079 1434 ctione
2106 1394 2321 1445 v,anno
2360 1379 2514 1445 1092,
2548 1378 2817 1450 quamvis
2847 1378 2959 1435 loci
2988 1382 3045 1436 et
3074 1380 3409 1451 temporum
3440 1390 3545 1433 nos

1888 1471 1959 1522 ιω
1986 1467 2141 1522 haud
2176 1467 2287 1522 sibi
2308 1471 2647 1522 constantes
2664 1466 2897 1522 admitti
2923 1484 3039 1524 non
3060 1466 3549 1540 possint.Utrum-

1890 1571 2003 1627 que
2032 1555 2313 1612 lectorum
2365 1555 2734 1612 eruditorum
2759 1555 2983 1627 judicio
3008 1560 3066 1613 et
3120 1570 3381 1613 censurae
3412 1572 3549 1629 per-

1890 1644 2203 1700 mittimus.

1960 1733 2136 1789 Porro
2166 1732 2275 1788 etsi
2304 1736 2424 1789 toto
2456 1750 2523 1790 eo
2553 1736 2816 1807 tempore
2865 1750 2979 1807 quo
3026 1732 3419 1791 Lateranense
3442 1748 3546 1807 pa-

1889 1821 2119 1889 latium,
2153 1822 2251 1877 ubi
2286 1822 2582 1896 praecipua
2610 1826 2735 1879 erat
2771 1823 3115 1896 pontificum
3146 1823 3546 1881 Romanorum
3600 1814 3605 1821 ’

1889 1912 2077 1979 sedes,
2109 1910 2169 1967 in
2201 1911 2681 1968 Guibertinorum
2741 1916 3030 1985 potestate
3069 1911 3201 1982 fuit,
3235 1922 3547 1987 nunquam

1887 1999 2119 2055 licuerit
2139 1999 2372 2055 Urbano
2388 1999 2543 2055 intra
2565 2000 2839 2056 Romanis
2858 2001 3023 2059 urbis
3042 1999 3501 2074 moeniaingredi
3526 2015 3541 2057 :

1887 2106 2021 2145 cum
2054 2095 2249 2145 tamen
2278 2089 2339 2144 in
2362 2090 2740 2159 suburbanis,
2766 2091 2909 2163 sive,
2930 2095 2999 2147 ut
3027 2090 3251 2164 passim
3280 2090 3555 2163 loquitur‘
3614 2103 3640 2118 ⁴

1888 2177 2214 2244 Bertoldus,
2249 2179 2307 2233 in
2366 2186 2515 2233 terra
2570 2179 2764 2235 Sancti
2814 2180 2971 2236 Petri
3022 2180 3357 2253 frequenter
3400 2182 3544 2236 tunc

1887 2266 2591 2335 moraretur,censebatur
2612 2267 2805 2324 Romae
2821 2284 3083 2341 praesens
3104 2268 3329 2326 adesse.
3353 2268 3544 2333 Quare

1887 2355 1970 2411 nil
1999 2355 2217 2411 mirum
2240 2360 2331 2410 est
2356 2355 2405 2411 si
2424 2357 2692 2428 quaedam
2712 2357 2840 2427 ejus
2862 2357 3066 2414 litteris
3095 2356 3318 2430 passim
3338 2368 3541 2413 occur-

1886 2449 2021 2501 rant
2050 2461 2178 2517 qua:
2227 2447 2415 2502 Romae
2470 2444 2566 2500 his
2621 2446 2990 2518 temporibus
3042 2446 3192 2505 datae
3243 2444 3540 2511 dicuntur,

1887 2533 2389 2606 quemadmodum
2419 2532 2683 2606 plerique
2703 2534 2833 2606 ejus
2855 2534 2958 2590 aevi
2991 2537 3260 2591 auctores
3276 2532 3544 2597 scribunt

1887 2623 2190 2695 episcopos
2222 2625 2281 2677 et
2303 2621 2545 2678 abbates
2570 2621 2816 2693 Romam
2838 2627 2980 2678 tunc
2996 2621 3232 2690 adiisse,
3263 2624 3331 2677 ut
3358 2619 3542 2683 Urba-

1888 2728 2031 2766 num
2065 2713 2165 2766 aut
2196 2709 2595 2782 apostolorum
2625 2710 2833 2766 limina
2860 2709 3194 2767 inviserent.

1887 2818 2095 2874 CXXII.
2126 2818 2287 2873 Falco
2346 2818 2765 2961 Bellovac’gnsist
2798 2819 3077 2890 cpiscopus
3132 2818 3198 2874 in
3242 2810 3366 2874 sedc
3410 2832 3540 2874 con-

2617 2905 2739 2944 r-ma
2766 2906 2850 2946 us.

2617 2896 2850 2946 matus.

1960 2979 2258 3051 Ejusmodi
2295 2978 2530 3034 fuerunt
2585 2976 2789 3034 litteras
2846 2977 3065 3035 Urbani
3117 2978 3189 3035 ad
3220 2978 3536 3035 Fulconem

1890 3069 2229 3141 episcopum
2284 3067 2769 3135 Bellovacensem,
2802 3070 2861 3123 et
2916 3066 3043 3124 alia
3097 3068 3169 3123 ad
3217 3066 3439 3127 clerum
3478 3068 3538 3123 et

1888 3156 2171 3229 pOpulnm
2192 3156 2458 3227 ejusdem
2479 3156 2664 3223 urbis,
2697 3172 2825 3228 quae
2864 3158 3043 3212 Rom
3073 3172 3132 3212 v1
3163 3160 3265 3213 aut
3282 3170 3398 3225 XVI,
3428 3156 3536 3213 Ka-

1889 3245 2077 3301 lendas
2106 3245 2300 3300 Martii
2322 3244 2469 3299 datae
2518 3244 2814 3298 dicuntur.
2858 3244 2959 3299 His
2989 3243 3199 3300 litteris
3228 3244 3541 3301 confirmat

1890 3339 2061 3391 antea
2089 3332 2347 3407 pontifex
2376 3349 2409 3386 a
2437 3331 2713 3404 Gregorio
2740 3326 2847 3387 VII'
2871 3331 3049 3387 latam
3080 3331 3434 3387 sententiam
3465 3332 3540 3387 de

1889 3421 2241 3480 Castellania
2268 3418 2680 3486 Bellovacensi,
2726 3435 2875 3493 quas
2931 3419 3169 3492 quidem
3225 3419 3333 3476 hoc
3386 3433 3542 3475 anno

1890 3511 2140 3585 scriptas
2158 3510 2339 3566 fuisse
2352 3509 2561 3582 probat
2572 3524 2768 3566 rerum
2786 3511 3086 3582 gestarum
3103 3506 3540 3566 series.Etenim
3572 3556 3591 3577 χ

1892 3600 2089 3670 Fulco,
2117 3600 2188 3655 de
2219 3616 2334 3671 quo
2354 3599 2481 3670 jam
2512 3614 2694 3671 supra
2749 3598 3003 3671 egimus,
3050 3598 3207 3671 apud
3234 3596 3540 3659 Urbanum

1890 3693 2200 3745 accusatus
2213 3688 2368 3759 quod
2383 3685 2535 3742 male
2546 3703 2638 3743 res
2649 3686 2741 3743 sui
2758 3684 3129 3760 episcopatus
3141 3686 3547 3745 administras-

1891 3777 2277 3849 set,quodque
2290 3775 2751 3831 facinorosorum
2772 3773 2998 3846 aliquot
3019 3773 3328 3832 hominum
3348 3774 3544 3832 crimi-

1892 3866 2066 3922 nibus
2097 3881 2226 3921 sese
2242 3862 2919 3931 immiscuisset,litteras
2947 3862 3081 3918 illas
3097 3864 3320 3936 accepit
3338 3874 3541 3921 mense
3585 3884 3595 3893 ·

1893 3953 2226 4011 Februario.
2257 3952 2585 4024 Statimque
2616 3952 2862 4007 Romam
2892 3950 3038 4006 adiit
3066 3966 3237 4006 suam
3259 3953 3543 4023 approba-

1890 4048 2061 4100 turus
2089 4058 2286 4098 coram
2318 4039 2590 4114 pontiﬁce
2632 4039 3048 4109 innocentiam,
3081 4042 3140 4094 et
3187 4054 3540 4113 quocunque

1894 4133 2066 4189 modo
2093 4147 2269 4186 causa
2287 4128 2762 4197 verteret,sedem
2783 4143 2950 4183 suam
2964 4125 3259 4183 dimittere
3274 4128 3537 4199 paratus.

1891 4222 1962 4277 Et
1992 4220 2231 4293 quidem
2261 4234 2331 4274 ea
2370 4220 2493 4273 erat
2523 4215 2709 4272 sancti
2758 4214 3040 4284 Anselmi,
3068 4215 3198 4287 ejus
3243 4212 3383 4272 olim
3412 4232 3539 4273 ma-

1894 4308 2061 4384 gistri
2085 4311 2145 4364 et
2172 4306 2404 4364 abbatis
2432 4306 2588 4378 apud
2622 4304 2892 4371 Beccum,
2922 4305 3423 4378 sententia,qu
3453 4305 3540 4363 fa-

1894 4396 2002 4454 cile
2030 4415 2101 4453 ex
2128 4397 2257 4469 ejus
2287 4394 2535 4468 epistola
2559 4394 2629 4450 34
2659 4392 2795 4449 libri
2826 4410 2867 4448 ιι
2898 4393 2971 4449 ad
3011 4392 3209 4466 ipsum
3238 4394 3543 4452 Urbanum

1895 4486 2133 4559 scripta,
2182 4483 2549 4558 intelligitur,
2584 4481 2849 4557 quamvis
2896 4480 3070 4555 paulo
3110 4486 3300 4554 antea,
3333 4496 3546 4557 nempe

126 4580 281 4652 quod
305 4596 341 4635 a
370 4581 589 4634 Cruceo
620 4578 870 4634 relatum
888 4583 977 4635 est
1005 4578 1067 4633 in
1099 4578 1351 4637 Historia
1378 4577 1785 4651 episcoporum
1817 4592 1862 4659 Ι)
1885 4575 2141 4648 epistola
2168 4571 2534 4646 praecedenti,
2565 4588 2701 4628 eum
2734 4570 2995 4643 pontiﬁci
3044 4574 3541 4632 commendasset.

124 4668 595 4735 Caturcensium,
627 4672 685 4723 et
714 4666 916 4723 nullus
966 4684 1129 4723 error
1184 4667 1482 4740 irrepserit
1524 4668 1582 4722 in
1614 4672 1785 4723 notas

127 4759 256 4830 ejus
282 4757 613 4813 chronicas.
640 4757 853 4813 Datum
882 4773 1089 4830 nempe
1119 4756 1336 4812 dicitur
1363 4758 1647 4812 Lateranis
1675 4756 1785 4813 hoc

128 4864 282 4903 anno
312 4845 479 4913 1093,
514 4845 889 4918 pontiﬁcatus
942 4845 1155 4903 Urbani
1206 4844 1430 4917 quinto,
1457 4844 1551 4901 die
1579 4863 1615 4901 v
1646 4845 1787 4901 ldus

128 4933 454 4991 Februarii.
475 4935 610 5002 Sed,
635 4934 746 4991 etsi
775 4933 887 4989 illa:
918 4938 1067 4991 notae
1099 4934 1266 4990 bones
1296 4933 1435 5005 sint,
1468 4932 1632 4990 locus
1662 4933 1784 4989 dati

130 5022 421 5096 privilegii
446 5022 696 5079 vitiosus
724 5027 833 5087 est,
870 5039 1002 5079 cum
1052 5022 1314 5078 nondum
1345 5026 1486 5077 tunc
1520 5021 1786 5077 Urbanus

132 5112 522 5167 Lateranense
552 5110 838 5184 palatium
868 5111 1213 5177 obtinuerit,
1243 5115 1500 5179 coactus,
1520 5113 1584 5165 ut
1613 5111 1786 5166 modo

131 5216 195 5256 ex
212 5198 491 5257 Bertoldo
503 5198 1164 5268 dicebamus,Natalium
1187 5198 1397 5255 Christi
1418 5198 1790 5255 festivitatem

131 5295 293 5346 extra
314 5289 523 5345 urbem
541 5288 855 5357 celebrare,
880 5289 1098 5363 quippe
1125 5288 1461 5361 quiabsque
1484 5287 1790 5361 sanguinis

131 5379 439 5446 eti'nsione,
472 5378 627 5453 quod
650 5394 884 5451 semper
927 5376 1235 5434 abhorruit
1266 5375 1400 5450 pius
1420 5376 1697 5449 pontifex,
1726 5376 1788 5432 in

132 5483 259 5525 eam
292 5466 523 5541 ingredi
555 5483 670 5524 non
700 5466 1010 5541 potuisset.
1044 5467 1114 5523 Et
1161 5465 1400 5540 quidem
1434 5465 1789 5523 Lateranum

132 5556 367 5614 nonnisi
416 5572 571 5613 anno
614 5555 885 5631 sequenti
936 5555 1299 5631 recuperavit
1356 5554 1651 5621 Urbanus,
1683 5571 1791 5629 ope

132 5638 355 5709 (ἔθη-ἰἁὶ
402 5643 855 5703 Vindocinensis
881 5644 1132 5716 abbatis,
1164 5644 1266 5721 qui
1298 5645 1370 5704 ad
1409 5644 1491 5719 id,
1520 5643 1607 5705 uti
1636 5643 1789 5706 dice~

206 5734 213 5747 .
459 5771 723 5841 PATROL.
770 5771 915 5839 CLI.

1896 4664 2055 4720 Idem
2082 4662 2393 4719 Anselmus
2426 4662 2613 4717 factus
2632 4665 2765 4732 post
2793 4661 3035 4716 modum
3066 4661 3549 4737 archiepiscopus

1892 4751 2238 4821 Cantuariis,
2271 4751 2483 4805 iterum
2511 4749 2743 4820 supplex
2772 4764 2876 4821 pro
2902 4747 3153 4807 Fulcone
3181 4752 3361 4811 oravit
3387 4751 3542 4824 apud

1894 4841 2249 4914 pontiﬁcem,
2273 4838 2422 4894 libro
2442 4854 2527 4907 111,
2546 4837 2715 4909 epist.
2740 4838 2831 4909 37,
2864 4841 2930 4893 ut
2956 4837 3008 4893 ei
3030 4844 3352 4907 succurrat,
3378 4846 3546 4910 prout

1893 4932 2023 5002 ejus
2023 4928 2297 5002 judicabit
2318 4926 2634 4999 prudentia.
2654 4926 2769 4982 Nec
2784 4942 2934 4983 vana
2952 4926 3064 4984 fuit
3077 4926 3223 4985 tanti
3242 4926 3354 4982 viri
3382 4941 3542 4985 com-

1894 5016 2486 5075 mendatio.Urbanus
2508 5014 2724 5087 quippe
2752 5018 3057 5088 perspecta
3088 5014 3543 5071 Fulconisinno-

1894 5108 2108 5173 centia,
2138 5122 2253 5161 non
2286 5105 2478 5161 ferens
2507 5104 2848 5177 episcopum
2878 5103 3099 5176 injuste
3125 5101 3543 5175 opprimi,enm

1899 5195 2229 5252 Simoniaca
2258 5192 2484 5259 haeresi,
2517 5209 2644 5266 quae
2669 5192 2783 5265 ipsi
2813 5209 2848 5249 a
2891 5189 3190 5248 nonnullis
3219 5189 3545 5264 afﬁngeba.

1896 5290 2015 5354 tur,
2029 5287 2361 5365 purgatum
2393 5282 2453 5338 in
2487 5283 2624 5338 sede
2653 5278 3041 5339 Bellovacensi
3072 5278 3457 5349 conﬁrmavit,
3477 5299 3547 5340 ac

1897 5389 2197 5435 remanere
2218 5371 2421 5446 jussit.
2454 5372 2574 5429 Imo
2599 5386 2734 5428 cum
2765 5370 2921 5426 idem
2952 5367 3198 5426 antistes
3229 5369 3289 5427 in
3327 5369 3548 5430 Gallias

1898 5479 2165 5521 reversus
2193 5478 2347 5521 anno
2379 5460 2697 5535 sequentia
2715 5456 3301 5529 comprovincialibus
3329 5460 3554 5533 cpiam.

1897 5551 1991 5626 pis
2018 5551 2078 5607 in
2103 5550 2396 5624 judicium
2419 5565 2487 5606 ea
2515 5549 2587 5604 de
2616 5563 2678 5603 re
2700 5551 2941 5604 vocatus
2958 5545 3330 5620 fuisset,illos
3357 5549 3555 5623 objur-

1897 5639 2054 5717 gavit
2082 5638 2364 5717 pontifex,
2380 5636 2537 5715 quod
2557 5652 2800 5699 causam
2820 5652 2856 5697 a
2883 5636 3020 5697 sede
3048 5635 3369 5714 apostolica
3386 5637 3554 5719 judig

3191 5765 3232 5837 4
