4000 6178
439 334 555 398 ΙΟἿ

1740 339 1813 406 Β.
1860 338 2152 409 UBBANI
2193 337 2247 409 Il
2289 343 2543 408 ΡΑΡΑΞ.

3724 332 3845 405 108

435 472 625 527 catam
652 469 780 527 ausi
810 470 1062 531 fuissent
1079 477 1410 533 retractare.
1443 477 1642 534 Exstat
1681 494 1750 535 ea
1778 479 1850 534 de
1879 494 1940 535 re
1969 478 2077 536 Ur-
2103 477 2160 547 Α
2186 476 2523 535 institutum
2552 477 3048 551 amplectendam,
3077 472 3316 536 excitari
3374 490 3548 548 posse
3591 474 3844 533 arbitra-

431 559 569 616 bani
616 559 862 632 epistola
890 562 962 619 ad
993 563 1360 638 Haynoldum
1391 564 1896 640 archiepiscopum
1927 569 2078 639 ejus-

425 664 541 720 que
573 648 1297 725 sulfraganeos,qua.cum
1331 654 1470 710 anni
1493 656 1627 711 1094
1657 655 1823 712 initio
1845 657 2075 723 Maii,ut

421 753 531 795 suo
561 736 688 796 loco
719 739 1280 811 demonstrabimus,
1314 744 1534 817 scripta
1566 746 1664 812 sit,
1690 744 1903 801 invicte
1934 763 2072 817 pro-

420 826 521 884 bat
548 828 717 886 binas
747 828 855 887 has
884 830 1132 902 litteras,
1161 833 1233 889 de
1274 834 1488 905 quibus
1540 833 1635 889 hic
1693 834 1903 906 agitur,
1935 851 2070 890 cum

418 915 693 975 Fulconis
722 920 1069 993 purgatione
1094 922 1289 978 Romae
1336 926 1586 994 peracta,
1620 923 1690 979 ad
1723 929 2068 995 praesentem

418 1022 641 1065 annum
673 1008 813 1064 1113
842 1009 1053 1068 debere
1083 1011 1357 1068 revocari.

630 1132 866 1189 CXXIII.
902 1135 1210 1190 Concilium
1240 1136 1549 1208 Trojanum.
1585 1135 1851 1192 Canones.

487 1238 634 1295 Vere
662 1238 900 1294 ineunte
931 1238 1111 1311 hujus
1143 1240 1302 1309 anni,
1328 1242 1590 1297 Dominus
1620 1259 1761 1315 papa
1794 1243 2065 1308 Urbanus,

417 1326 672 1382 Bertoldi
718 1329 894 1384 verba
920 1328 1050 1400 ipsa
1070 1329 1274 1399 refero,
1308 1333 1616 1399 generalem
1645 1331 1913 1404 synodum
1940 1348 2064 1387 cen-

417 1423 533 1471 tum
550 1432 687 1489 pene
720 1420 1095 1490 episcoporum
1142 1420 1202 1474 in
1248 1419 1675 1491 Quadragesima
1723 1438 1791 1476 ea:
1838 1420 2067 1476 diversis

417 1507 716 1578 provinciis
727 1509 787 1561 in
798 1508 999 1579 Apulia
1010 1523 1273 1578 congrega
1282 1510 1357 1563 vit
1366 1516 1433 1578 ,et
1443 1509 1675 1565 diversis
1691 1511 2066 1564 Ecclesiarum

414 1596 824 1652 necessitatibus
843 1595 1106 1667 synodali
1119 1600 1429 1669 provisione
1466 1601 1824 1670 competenter
1844 1615 2062 1653 succur-

415 1699 535 1741 rere
553 1686 781 1741 curavit.
808 1685 968 1741 Hanc
990 1687 1277 1760 synodum
1299 1688 1449 1759 apud
1464 1688 1719 1758 Trojam,
1749 1704 1877 1760 quae
1906 1690 2063 1761 Apu-

414 1771 505 1830 lia:
535 1772 739 1830 civitas
767 1776 857 1831 est
914 1774 1577 1848 episcopalis,habitam
1636 1775 1817 1832 fuisse
1856 1776 2062 1832 scribit

2185 568 2376 623 batur.

2236 684 2440 739 CXXV.
2473 684 2761 741 Conradus
2794 684 3144 767 imperatoris
3169 683 3349 755 patris
3378 683 3468 737 sui
3501 684 3686 755 partes
3715 680 3807 738 de-

2925 764 3081 811 serit.

2254 864 2480 919 Interea
2505 861 2736 917 Henrici
2767 861 3017 934 Augusti
3049 861 3281 935 negotia
3297 860 3359 916 in
3381 860 3550 932 pejus
3575 859 3839 931 abibant,

2179 949 2471 1023 plerisque
2499 950 2559 1005 in
2591 950 2716 1006 dies
2748 952 2820 1006 ab
2850 952 2979 1022 ejus
3027 954 3085 1007 et
3134 950 3394 1006 Guiberti
3445 948 3836 1022 pseudopapa:

2177 1038 2509 1094 obedientia
2556 1038 2987 1095 deﬁcientibus.
3038 1039 3201 1095 Tunc
3260 1037 3497 1111 quippe,
3550 1036 3841 1093 referente

2176 1128 2465 1194 Bertoldo,
2502 1129 2562 1182 in
2584 1128 2959 1199 Longobardia
2991 1126 3407 1200 prudentissimi
3423 1126 3629 1182 milites
3649 1125 3840 1181 Sancti

2174 1218 2327 1271 Petri
2350 1217 2562 1287 ll'elpho
2584 1216 2719 1283 dux,
2752 1224 2957 1272 etuxor
2986 1217 3102 1288 ejus
3135 1214 3430 1281 Mathilda,
3443 1215 3565 1286 jam
3594 1216 3838 1270 triennio

2174 1309 2363 1359 contra
2392 1303 2762 1361 srhismaticos
2782 1306 3026 1360 viriliter
3062 1304 3406 1370 dimicantes,
3440 1304 3660 1360 tandem
3687 1304 3834 1359 mul-

2176 1398 2291 1448 tum
2337 1402 2527 1448 contra
2584 1395 2747 1465 ipsos,
2777 1395 2880 1449 Deo
2938 1394 3263 1465 opitulante,
3317 1392 3638 1462 conﬁrmati
3682 1397 3833 1450 sunt.

2173 1482 2282 1536 Sed
2316 1482 2459 1536 nihil
2492 1483 2633 1537 adeo
2664 1481 3084 1538 catholicorum
3135 1487 3331 1555 partes
3392 1480 3624 1555 adjuvit
3652 1498 3832 1553 quam

2174 1571 2441 1637 Conradi,
2476 1572 2665 1644 ipsius
2716 1570 2944 1639 Henriei
2999 1570 3129 1637 filii,
3164 1588 3198 1627 a
3247 1575 3411 1644 patre
3471 1570 3717 1627 defectio
3763 1570 3840 1627 ad

2172 1660 2558 1733 Welphonem
2592 1660 2921 1728 ducem,cui
2956 1660 3231 1734 deinceps
3254 1658 3536 1717 inviolate
3574 1660 3841 1716 adhaesit.

2171 1749 2404 1805 Nullam
2435 1754 2554 1805 tam
2615 1750 2923 1821 insperatae
2977 1749 3322 1806 mutationis
3380 1766 3632 1805 causam
3674 1749 3844 1805 affert

416 1836 1197 1920 RomualdusSalerhitadus
1236 1864 1715 1937 archiepiscopus
1738 1866 1796 1919 in
1816 1864 2064 1921 Chroni-
2092 1854 2141 1920 B
2172 1839 2478 1937 §ert0‘f{“3
2500 1858 2523 1937 ἦ
2540 1844 2599 1937 θζί
2619 1855 2690 1937 Ϋξ
2708 1838 3350 1937 ξ)⁰δθ⁰δί⁰⁰,ξ³ίῗ⁰ίξξ³⁰⁸
3377 1851 3507 1937 θειξι
3538 1836 3841 1936 omasi?”

413 1949 1259 2025 co,cuiconsentiuntplerique
1290 1955 1622 2021 omnes;sed
1643 1969 1771 2009 eam
1794 1953 2063 2009 nonnulli

413 2038 764 2097 recentiores
792 2041 1112 2098 secundam
1162 2046 1600 2115 nuncuparunt,
1633 2044 1787 2115 quod
1819 2042 2061 2099 alteram

413 2128 616 2185 eadem
647 2127 707 2184 iu
739 2129 883 2185 urbe
907 2130 980 2185 ab
1018 2130 1250 2187 Urbano
1299 2135 1711 2205 congregatum
1742 2149 1893 2188 anno
1929 2132 2064 2187 1089

414 2215 855 2274 admiserint.At
871 2219 1105 2275 unicam
1125 2220 1514 2289 solummodo,
1540 2224 1603 2276 ut
1621 2223 1749 2293 jam
1781 2221 2058 2288 diximus,

414 2306 488 2362 ad
510 2323 732 2363 annum
757 2307 898 2363 4089
926 2314 1252 2382 agnoscunt
1292 2313 1513 2366 veteres
1564 2314 1848 2377 auctores,
1884 2326 2061 2382 quam

416 2411 569 2451 anno
602 2396 738 2451 1093
758 2396 1107 2453 celebratam
1131 2398 1310 2454 fuisse
1337 2414 1405 2454 ex
1424 2397 1678 2455 Bertoldi
1700 2400 2058 2467 testimonio,

415 2484 665 2558 aliisque
694 2486 867 2543 certis
896 2490 954 2542 et
983 2486 1334 2542 indubitatis
1367 2488 1766 2544 monumentis
1796 2491 2063 2543 constare

416 2572 607 2629 debet.
638 2573 774 2645 Ejus
818 2574 1048 2630 concilii
1106 2575 1345 2630 titulum
1399 2593 1467 2631 ex
1513 2576 1812 2631 codicibus
1861 2593 2063 2631 manu-

414 2661 652 2734 scriptis
681 2662 1039 2735 descriptum
1081 2664 1315 2720 exhibet
1359 2664 1622 2721 Labbeus
1656 2670 1813 2720 tomo
1846 2665 1890 2719 X
1921 2664 2063 2720 Con-

415 2748 682 2806 ciliorum
714 2750 807 2806 bis
834 2751 1061 2807 verbis:
1117 2754 1271 2807 Anno
1310 2754 1607 2809 Dominicae
1658 2754 2061 2809 lncarnationis

414 2837 573 2908 1093,
604 2855 641 2894 ν
668 2838 792 2896 Idus
840 2841 1027 2896 Martii
1072 2844 1323 2898 convenit
1376 2843 1541 2915 Trojm
1585 2844 1646 2897 in
1695 2843 1896 2915 Apulia
1935 2858 2059 2898 con-

410 2928 605 2983 cilium
631 2930 1001 3000 episcoporum
1052 2932 1167 3001 fere
1194 2931 1284 2999 75,
1343 2931 1604 2986 abbatum
1658 2934 1737 2986 I2.
1792 2931 2059 2987 Totidem

410 3014 713 3090 episcopos
731 3020 787 3073 et
807 3018 1047 3074 abbates
1064 3018 1116 3075 ei
1164 3019 1498 3075 interfuisse
1535 3019 1747 3093 legitur
1770 3020 1923 3093 apud
1946 3021 2063 3076 Ivo-

410 3121 544 3160 nem
576 3104 637 3161 in
680 3106 853 3162 editis
894 3106 1347 3179 exemplaribus,
1383 3108 1651 3180 quamvis
1709 3109 1995 3181 scriptum
2026 3126 2061 3164 a

411 3193 642 3299 Labbeo
656 3193 978 3299 laudatu‘n‘r
993 3198 1263 3299 octoginta
1301 3196 1581 3299 praeferat.
1616 3198 1894 3299 Eamdem
1928 3215 2060 3299 syn-
2087 3221 2130 3289 ρ

410 3281 589 3338 odum
619 3286 907 3339 memorat
935 3282 1140 3339 Petrus
1170 3285 1461 3341 Diaconus
1510 3285 1657 3342 libro
1711 3302 1762 3342 IV
1790 3286 2056 3342 Chronici

407 3370 741 3427 Casinensis
758 3372 952 3443 cap.7;
977 3376 1037 3428 at
1061 3388 1373 3429 numerum
1397 3375 1740 3446 pontificum
1765 3378 1866 3430 aut
1881 3375 2059 3431 abba-

408 3460 661 3532 tum,qui
694 3461 765 3517 ad
798 3476 927 3516 eam
957 3467 1674 3535 convenerant,nusquam
1707 3462 1901 3520 habet.
1932 3464 2057 3520 Duo

410 3551 729 3620 supersunt
756 3549 934 3619 hujus
963 3550 1193 3606 concilii
1225 3567 1496 3620 canones,
1517 3569 1664 3623 quos
1687 3556 1819 3624 post
1840 3552 2057 3608 Urbani

409 3636 686 3709 epistolas
710 3637 963 3710 proferet
991 3639 1426 3710 pontiﬁciarum
1476 3640 1855 3712 epistolarum
1884 3640 2055 3697 colle-

407 3728 551 3782 ctor.
574 3726 827 3796 Primus,
864 3726 964 3799 qui
987 3727 1057 3783 de
1078 3727 1467 3784 dissolvendis
1496 3729 1652 3784 intra
1679 3734 1894 3785 certam
1927 3746 2059 3786 con-

404 3812 821 3885 sanguinitatis
877 3813 1094 3871 lineam
1146 3815 1308 3871 initis
1370 3816 1761 3874 matrimoniis
1809 3817 1947 3891 agit,
1982 3819 2055 3874 ab

403 3904 574 3957 Ivone
604 3901 948 3973 Carnoteno,
974 3903 1274 3973 Gratiano,
1310 3904 1588 3978 Magistro
1620 3906 2055 3963 Sententiarum

402 3994 460 4046 et
484 3989 616 4047 aliis
644 3992 867 4063 passim
899 3992 1237 4048 auctoribus
1281 3992 1554 4049 laudatur
1584 3999 1641 4050 et
1668 3995 2053 4064 refertur;al-

401 4083 493 4136 ter
518 4095 676 4152 vero,
708 4081 1012 4138 occasione
1044 4082 1244 4137 Trevize
1271 4082 1563 4152 conditus,
1597 4084 1725 4155 ejus
1779 4084 2051 4140 infracto-

401 4185 497 4225 res
527 4170 1127 4237 excommunicatione
1156 4170 1492 4229 multandos
1524 4173 1799 4229 decernit.

510 4292 747 4350 CXXIV.
786 4295 1034 4370 Urbanus
1064 4299 1306 4354 concedit
1330 4300 1684 4370 privilegium
1704 4300 1948 4356 ecclesia:

894 4368 950 4423 S.
981 4370 1151 4424 Pauli
1174 4368 1561 4427 Narbonensis.

474 4468 674 4529 Soluto
706 4473 1248 4543 concilio,Urbanus
1270 4477 1516 4533 Romam
1537 4492 1804 4532 reversus
1832 4480 1941 4542 est,
1966 4477 2051 4532 uti

2172 1928 2464 1994 Praxedis,
2495 1925 2833 1982 Adelaidem
2891 1926 3151 2000 appellat
3202 1925 3299 1981 ille
3354 1929 3582 1992 auctor,
3619 1926 3835 1997 reginae

2171 2017 2370 2071 uxoris
2395 2014 2623 2071 Henrici
2656 2014 3175 2087 contigisse;quam
3207 2030 3273 2070 eo
3305 2030 3494 2086 usque
3522 2012 3662 2070 odio
3691 2020 3836 2069 tunc

2171 2104 2451 2160 habuisse
2482 2104 2801 2175 imperator
2830 2104 3140 2171 dieitur,ut
3160 2118 3287 2159 eam
3312 2102 3520 2159 aulicis
3548 2102 3826 2171 suis,imo

2172 2198 2229 2249 et
2258 2193 2371 2265 ipsi
2392 2192 3185 2259 Conrado,dehonestandam
3210 2192 3554 2265 prodiderit.
3574 2192 3832 2248 Tantum

2173 2281 2400 2337 facinus
2421 2281 2721 2337 exhorruit
2749 2281 2883 2352 pius
2924 2281 3217 2353 princeps,
3250 2281 3383 2353 qui,
3413 2285 3479 2336 ut
3538 2281 3620 2336 ait
3675 2280 3835 2336 idem

2170 2376 2391 2439 auctor,
2423 2372 2614 2425 eratin
2646 2371 2798 2425 omni
2828 2372 3065 2426 bonitate
3096 2374 3150 2426 et
3174 2370 3450 2441 probitate
3481 2371 3827 2442 conspicuus,

2169 2461 2397 2515 humilis
2426 2468 2477 2514 et
2503 2459 2880 2515 modestus.At
2910 2459 3018 2515 hac
3051 2459 3286 2531 repulsa
3330 2463 3661 2516 commotus
3692 2459 3839 2515 furi-

2170 2549 2328 2604 bund
2340 2565 2407 2604 us
2438 2548 2708 2619 pater,ita
2740 2549 3022 2604 adversus
3040 2564 3114 2604 eu
3127 2565 3181 2603 m
3209 2549 3611 2614 excanduit,ut
3629 2547 3839 2604 exinde

2170 2653 2306 2692 eum
2333 2654 2435 2709 pro
2468 2637 2585 2691 ﬁlio
2609 2637 2822 2693 habere
2872 2637 3262 2706 recusaverit,
3296 2654 3360 2693 se
3416 2654 3684 2694 asserens
3715 2653 3837 2693 non

2170 2742 2300 2782 esse
2328 2726 2488 2781 illius
2510 2726 2925 2798 patrem.Tunc
2946 2726 3270 2792 Conradus,
3295 2726 3495 2782 relicto
3528 2731 3711 2799 patre,
3747 2726 3826 2781 ad

2169 2815 2503 2887 pontiﬁcios
2526 2831 2662 2870 cum
2694 2814 2767 2869 iis
2797 2814 2897 2884 qui
2929 2814 3041 2870 sibi
3073 2814 3289 2871 addicti
3320 2820 3489 2871 erant
3532 2814 3815 2888 confugit.

2168 2902 2317 2969 Quin
2349 2907 2407 2958 et
2428 2902 2600 2958 multi
2635 2902 2848 2971 alii,uti
2869 2902 3044 2958 habet
3072 2902 3510 2971 Domnizo,tam
3544 2902 3825 2960 immanis

2168 2990 2404 3047 sceleris
2434 2992 2674 3047 horrore
2703 2990 2977 3063 perculsi,
3005 2991 3195 3064 primo
3248 2992 3562 3048 Henricum
3592 2996 3649 3048 et
3680 2991 3829 3048 Gui-

2168 3082 2399 3137 bertum
2432 3097 2723 3153 spernere,
2758 3084 2886 3135 tum
2915 3080 3090 3136 etiam
3122 3080 3361 3136 omnino
3395 3081 3660 3137 deserere
3691 3081 3827 3151 ejus

2168 3173 2365 3240 partes
2396 3169 2846 3238 constituerunt,
2880 3186 2999 3241 qua
3029 3169 3330 3226 occasione
3386 3169 3825 3225 Catholicorum

2166 3258 2319 3314 vires
2363 3258 2571 3331 ingens
2627 3258 3055 3314 incrementum
3088 3258 3380 3331 accepisse
3437 3261 3825 3314 memoratur.

2167 3346 2361 3402 Testis
2371 3352 2460 3402 est
2474 3346 2779 3402 Bertoldus
2792 3347 3111 3403 nobiliores
3124 3348 3317 3421 Longo
3325 3346 3542 3404 bardiaa
3558 3345 3829 3402 civitates

2168 3434 2565 3491 Mediolanum
2596 3439 2963 3506 Cremonam,
2996 3436 3253 3492 Laudam
3282 3439 3339 3492 et
3369 3433 3723 3491 Placentiam
3752 3450 3826 3491 eo

2165 3528 2427 3597 tempore
2450 3528 2639 3580 eontra
2661 3526 2959 3580 Henricum
2979 3526 3040 3579 in
3064 3526 3265 3594 viginti
3282 3540 3454 3579 annos
3465 3524 3827 3593 conjurasse;

2166 3628 2283 3683 quo
2313 3616 2479 3682 pacto
2531 3611 2835 3673 Catholici,
2886 3611 3186 3683 occupatis
3240 3610 3474 3682 Alpium
3525 3610 3823 3680 faucibus,

2164 3699 2595 3771 impediverunt
2625 3716 2697 3754 ne
2759 3698 2986 3753 Henrici
3040 3700 3299 3754 fautores
3356 3716 3386 3754 e
3416 3700 3729 3757 Germania
3757 3701 3825 3757 in

2166 3787 2628 3860 Langobardiam
2653 3788 2724 3843 ad
2750 3804 2883 3843 eum
2904 3787 3459 3851 accederent.Quare
3486 3789 3824 3861 Augusten-

2165 3893 2278 3942 ses,
2312 3876 2638 3931 vicinarum
2689 3875 2927 3931 urbium
2984 3874 3250 3948 exemplo
3298 3876 3552 3945 excitati,
3588 3877 3821 3949 abjecto

2163 3963 2684 4036 pseudoepiscopo,
2743 3980 2919 4037 quem
2978 3965 3062 4020 eis
3122 3964 3408 4021 Henricus
3463 3965 3824 4038 praefecerat,

2161 4052 2493 4109 catholicum
2523 4052 2635 4108 sibi
2660 4060 2937 4125 pastorem
2968 4052 3287 4126 elegerunt.

2438 4177 2670 4234 CXXVI.
2709 4178 3032 4251 Lotharingi
3074 4179 3285 4236 Urbano
3315 4179 3539 4236 addicti.

2233 4293 2400 4350 Haud
2432 4293 2644 4350 minori
2676 4295 2870 4352 studio
2906 4294 3202 4351 Urbanum
3224 4294 3494 4351 colebant
3518 4292 3830 4350 Lotharin-

2160 4383 2267 4456 giae
2298 4383 2535 4439 urbium
2567 4384 3086 4456 populi,Metenses
3116 4382 3402 4453 videlicet,
3424 4381 3731 4438 Tullenses
3761 4386 3824 4438 et

2159 4472 2582 4541 Virdunenses,
2635 4474 2736 4544 qui
2780 4472 3073 4545 Egilberto
3131 4472 3503 4528 Trevirorum
3558 4469 3824 4543 pontifici

406 4558 738 4656 cplligimus
768 4579 837 4620 ex
878 4563 1178 4638 privilegio
1230 4566 1382 4638 quod
1418 4564 1498 4620 ibi
1555 4565 1919 4621 Narbonensi
1951 4565 2053 4621 Ec-
2082 4589 2129 4656 D
2161 4561 2469 4635 provinciae
2499 4579 2618 4618 suis
2652 4560 3096 4634 metropolitano
3123 4560 3515 4656 obedientiam
3546 4563 3824 4632 praestare

406 4647 592 4705 clesize
610 4652 796 4707 sancti
817 4652 979 4709 Pauli
1012 4654 1302 4710 concessit
1340 4653 1448 4709 hoc
1474 4670 1647 4724 anno,
1680 4654 2054 4725 pontificatus
2082 4647 2122 4656 ”
2163 4651 2403 4707 omnino
2434 4651 2785 4719 abnuerunt,
2813 4650 2968 4721 quod
3004 4650 3102 4706 ille
3129 4648 3521 4706 schismaticis
3552 4664 3820 4703 commu-

406 4736 622 4795 Urbani
652 4756 727 4807 v1,
764 4741 855 4797 die
897 4756 992 4798 xlv
1048 4742 1340 4797 Kalendas
1396 4740 1631 4815 Aprilis,
1665 4741 1981 4799 indictione
2011 4761 2050 4813 ι,

404 4843 530 4899 quae
562 4832 711 4885 notae
739 4830 963 4888 nullam
994 4831 1213 4888 habent
1243 4831 1670 4887 difficultatem.
1695 4836 1759 4887 In
1786 4848 1851 4888 eo
1872 4832 2053 4905 diplo-

404 4921 577 4987 mate,
602 4921 912 4976 canonicos
934 4920 1131 4976 Sancti
1157 4920 1314 4976 Pauli
1340 4919 1542 4975 laudat
1570 4922 1828 4992 pontifex
1855 4923 1926 4977 ob
1960 4940 2052 4977 re-

400 5004 662 5078 gularem
712 5010 937 5066 vivendi
998 5009 1269 5073 formam,
1313 5026 1490 5080 quam
1541 5026 1744 5066 recens
1798 5010 2049 5082 amplexi

401 5093 650 5152 fuerant.
679 5098 841 5163 Quod
863 5098 1100 5169 quidem
1135 5097 1262 5152 vita?
1294 5113 1479 5168 genus
1517 5100 1802 5165 suscitare,
1837 5098 2048 5170 inquit,

401 5199 512 5238 non
540 5188 749 5243 minori
798 5202 937 5259 pene
993 5185 1381 5239 aestimandum
1438 5191 1517 5241 est
1564 5189 1861 5243 meriti.....
1890 5203 2057 5258 quam

403 5273 688 5344 ﬂorentem
716 5273 1109 5331 monachorum
1147 5274 1475 5343 religionem
1507 5275 1794 5332 custodire.
1829 5275 2056 5333 Similia

406 5362 629 5434 passim
650 5363 839 5436 elogia
857 5367 1173 5420 occurrunt
1201 5364 1261 5418 in
1285 5361 1417 5419 aliis
1446 5363 1858 5420 canonicorum
1880 5381 2058 5438 regu-

409 5448 626 5507 larium
651 5450 970 5523 privilegiis
1001 5452 1074 5509 ab
1104 5452 1336 5510 Urbano
1362 5450 1630 5521 indultis,
1661 5452 1762 5524 qui
1800 5469 1865 5510 eo
1892 5458 2059 5526 pacto

415 5538 602 5596 bonos
633 5539 691 5594 in
707 5541 1004 5612 proposito
1022 5542 1323 5599 retinendo
1345 5541 1677 5597 confirmari
1702 5560 1715 5609 ;
1741 5542 1886 5599 alios
1903 5561 2057 5614 vero,

420 5644 670 5716 quorum
700 5627 817 5689 vita
846 5646 962 5692 non
992 5632 1137 5694 adeo
1167 5629 1379 5709 regulo:
1400 5628 1638 5693 astricta
1663 5632 1884 5717 erat,ad
1904 5632 2061 5694 idem

2164 4740 2718 4811 nionejungcretur.
2749 4738 2886 4795 Plus
2918 4740 3046 4795 ausi
3077 4743 3217 4796 sunt
3247 4738 3557 4805 Metenses,
3592 4737 3693 4809 qui
3725 4752 3822 4793 re-

2153 4830 2308 4899 jecto
2340 4826 2458 4894 illo,
2489 4827 2689 4899 procul
2721 4827 2901 4884 dubio
2922 4827 3401 4895 Adalberone,sic
3437 4828 3655 4899 quippe
3677 4842 3815 4881 eum

2161 4916 2506 4971 Menrissius
2560 4917 2618 4971 in
2654 4916 2908 4973 Historia
2936 4916 3286 4973 Metensium
3317 4915 3727 4988 epi300porum
3758 4918 3820 4971 et

2159 5005 2257 5061 alii
2288 5004 2715 5077 appellant,seu
2744 5005 3141 5074 Albertum,ut
3162 5005 3427 5061 dicemus
3456 5004 3816 5075 infra,quem

2158 5094 2244 5149 eis
2279 5093 2490 5165 praeﬁci
2521 5093 2749 5150 volebat
2774 5094 3110 5166 imperator,
3144 5097 3484 5166 Popponem
3525 5109 3596 5149 ex
3625 5090 3824 5148 archi-

2163 5183 2410 5239 diacono
2439 5182 2785 5251 Trevirensi,
2816 5183 3006 5238 virum
3037 5181 3391 5239 catholicum
3440 5186 3497 5238 et
3526 5182 3649 5237 sedi
3681 5196 3826 5252 apo-

2164 5271 2380 5328 stolica:
2413 5271 2885 5328 addictissimum
2907 5270 2968 5326 in
2999 5270 3333 5328 antistitum
3357 5271 3470 5328 sibi
3499 5269 3822 5343 elegerunt,

2166 5376 2439 5433 eumque,
2464 5360 2548 5414 uti
2586 5358 2886 5416 Bertoldus
2918 5358 3115 5431 habet,
3147 5378 3181 5416 a
3212 5359 3517 5418 Gebehardo
3547 5361 3823 5417 Constan-

2166 5451 2331 5507 tiensi
2383 5449 2648 5520 episcopo,
2698 5447 2839 5504 sedis
2891 5449 3204 5522 apostolicae
3253 5450 3451 5519 legato,
3508 5450 3823 5506 consecrari

2167 5540 2411 5615 fecerunt
2437 5545 2587 5595 sexto
2612 5537 2884 5597 Kalendas
2912 5539 3117 5618 Aprilis
3170 5541 3230 5598 in
3277 5537 3454 5598 medio
3507 5537 3823 5617 Quadrupe-

2170 5629 2349 5690 simae.
