4000 6178
128 392 365 455 w109

351 522 767 582 CXXVII-VIII.
826 525 1103 583 Conradus
1132 530 1193 600 ﬁt
1243 545 1346 585 rex
1374 530 1787 601 Longobardim.

316 613 444 669 Una
476 618 672 670 tamen
695 615 924 671 occasio
955 616 1257 690 inopinata
1288 623 1373 674 tot
1403 636 1714 692 prosperos
1736 636 1903 674 even-

235 707 341 756 tus
367 702 554 757 ferme
602 702 986 773 labefactavit,
1029 707 1337 778 captivitas
1384 725 1595 780 nempe
1653 707 1900 763 Conradi

236 790 550 863 principis,
587 808 764 863 quem
786 794 1066 850 Henricus
1089 794 1220 851 dolo
1238 797 1703 852 circumventum
1736 812 1898 868 cepe-

238 885 348 934 rat.
367 882 445 935 At
470 879 573 936 ille
595 880 767 952 paulo
798 886 951 954 post,
988 888 1052 938 ut
1082 884 1387 965 Berto’ldus
1419 884 1643 948 scribit,
1682 886 1897 939 miseri-

234 968 428 1023 cordia
459 971 570 1024 Dei
599 975 855 1043 ereptus,
889 971 1111 1027 luctum
1135 972 1303 1029 illum
1326 974 1383 1028 in
1403 974 1687 1046 gaudium
1707 973 1893 1028 vertit.

233 1056 420 1112 Paulo
451 1063 605 1129 post,
630 1064 926 1116 annuente
946 1060 1273 1133 Welphone
1296 1063 1443 1117 duce
1464 1061 1663 1127 Italiae,
1688 1078 1751 1116 ac
1773 1062 1899 1116 Ma-

230 1144 430 1201 thilda
458 1146 589 1218 ejus
618 1148 888 1221 conjuge,
919 1147 1180 1205 elevatus
1201 1151 1255 1204 in
1278 1166 1497 1221 regem,
1518 1153 1898 1204 concurrente

228 1234 308 1288 ad
339 1234 467 1290 haec
506 1234 935 1292 solemnitatem
969 1254 1184 1311 magna
1219 1237 1483 1294 ﬁdelium
1516 1237 1712 1294 Sancti
1743 1238 1896 1293 Petri

226 1322 594 1394 frequentia,
627 1340 661 1378 a
691 1324 1112 1382 Mediolanensi
1135 1326 1409 1400 episcopo
1428 1326 1770 1382 solemniter
1800 1343 1894 1382 co-

226 1416 485 1467 ronatus
504 1412 631 1467 fuit.
654 1416 878 1469 Interea
890 1414 1139 1487 Welpho
1160 1416 1438 1487 Bajoariaz
1461 1415 1651 1471 duxin
1676 1416 1894 1488 Lango-

225 1500 509 1556 hardiam
532 1501 784 1571 advenit,
818 1503 917 1558 ubi
952 1520 1084 1558 cum
1118 1520 1246 1560 sese
1276 1505 1494 1560 Urbani
1526 1504 1768 1560 asseclis
1799 1506 1895 1560 ad-

215 1590 548 1659 junxisset,
592 1590 672 1644 ita
724 1592 1028 1662 repentino
1062 1591 1159 1647 illo
1191 1609 1329 1648 casu
1362 1592 1595 1651 Henrici
1627 1592 1889 1648 animum

223 1678 466 1747 dejecit,
500 1682 565 1733 ut
612 1680 670 1732 in
728 1680 1025 1749 quamdam
1084 1684 1472 1748 munitionem,
1530 1681 1707 1736 verba
1753 1686 1892 1737 sunt

224 1765 509 1833 Bertoldi,
541 1782 600 1823 se
616 1769 930 1838 contulerit,
962 1769 1062 1824 ubi
1079 1770 1179 1825 diu
1204 1770 1404 1842 absque
1435 1771 1587 1840 regia
1616 1769 1890 1838 dignitate

223 1863 497 1923 moratus,
528 1858 809 1928 nimioque
837 1856 1022 1915 dolore
1044 1859 1293 1930 affectus,
1316 1876 1374 1914 se
1398 1862 1598 1931 ipsum,
1622 1862 1682 1914 ut
1707 1859 1884 1926 aiunt,

226 1948 395 2001 morti
423 1946 643 2001 tradere
670 1948 937 2009 voluerit;
966 1948 1078 2017 sed,
1110 1966 1145 2004 a
1172 1950 1292 2004 suis
1307 1953 1639 2020 praeventus,
1671 1947 1742 2003 ad
1772 1948 1891 2019 effe-

194 2042 373 2088 ‘ctum
401 2036 596 2090 venire
623 2049 735 2089 non
761 2037 964 2107 potuit.
1011 2036 1157 2091 Eum
1190 2042 1331 2092 tunc
1379 2038 1619 2092 Veronae
1651 2035 1886 2107 aliquod

225 2126 465 2195 tempus
484 2123 747 2196 exegisse
769 2124 1052 2181 discimus
1077 2142 1146 2180 ex
1168 2125 1507 2181 Udalscalco
1530 2126 1588 2180 in
1608 2125 1740 2179 Vita
1760 2124 1888 2197 Egi-

224 2212 399 2269 nonis
430 2213 590 2285 apud
611 2212 912 2273 Canisium
937 2219 1095 2271 tomo
1125 2216 1172 2270 II
1206 2215 1473 2271 lectionis
1503 2215 1887 2286 antiquae,sed

218 2302 280 2356 in
308 2302 499 2357 tantis
530 2302 842 2375 angustiis,
866 2307 931 2358 ut
948 2304 1000 2359 ei
1024 2321 1092 2359 ex
1124 2305 1283 2360 omni
1308 2309 1471 2376 parte
1493 2303 1885 2360 circumvento

221 2407 328 2446 nec
341 2391 817 2464 Langobardiam
844 2392 1090 2465 ingredi,
1107 2394 1351 2449 obstante
1364 2394 1573 2448 damna
1596 2392 1882 2461 Mathilde,

202 2480 448 2546 liceret,
486 2496 592 2536 nec
616 2480 786 2536 Italia
813 2482 1112 2548 excedere,
1145 2483 1301 2553 quod
1335 2481 1636 2538 Teutonici
1669 2480 1883 2553 princi-

219 2586 323 2641 pes
339 2569 393 2624 ei
418 2569 481 2623 in
504 2569 878 2625 Germaniam
897 2570 1150 2626 reditum
1170 2571 1409 2625 omnino
1426 2569 1881 2642 prmclusissent.

216 2657 387 2712 Haud
423 2658 588 2712 enim
620 2659 817 2713 minus
849 2658 907 2714 in
941 2658 1056 2714 illis
1107 2660 1376 2730 partibus
1421 2675 1598 2731 quam
1630 2659 1689 2714 in
1721 2658 1886 2715 Italia

214 2744 661 2801 Catholicorum
696 2763 790 2803 res
821 2749 1261 2819 prosperabant.

284 2834 527 2890 CXXIX.
568 2834 782 2907 Welpho
795 2844 958 2907 pater
986 2837 1047 2907 ﬁt
1076 2838 1255 2893 miles.
1290 2836 1594 2892 Conventus
1620 2838 1807 2894 Ulm.

284 2921 475 2979 Paulo
507 2928 642 2996 post
686 2923 1074 2996 Welphonem
1120 2930 1345 2997 patrem
1398 2926 1458 2981 in
1509 2925 1882 2981 Germaniam

212 3012 938 3078 reversum,Gebebardus
961 3014 1226 3082 antistes,
1246 3014 1330 3068 uti
1346 3018 1543 3070 narrat
1554 3014 1880 3085 Bertoldus,

205 3118 310 3173 per
338 3118 583 3156 manum
612 3103 671 3156 in
701 3103 936 3159 militem
964 3105 1189 3175 accepit,
1213 3104 1357 3158 sicut
1377 3108 1430 3158 et
1453 3105 1744 3174 proprium
1770 3106 1885 3174 fra-

208 3200 353 3246 trem
403 3190 769 3247 Bertholdum
797 3192 987 3247 ducem
1013 3193 1361 3249 Alemanniaz
1381 3191 1715 3263 jamdudum
1737 3193 1878 3262 fece-

1850 392 2059 463 VITA.

1927 532 1983 598 Α
2014 530 2159 599 loco,
2191 547 2305 602 quo
2336 531 2639 586 Danubius
2664 534 2722 586 et
2747 527 2912 587 llaris
2934 545 3139 587 omnes
3168 528 3228 586 in
3243 544 3430 587 unum
3452 542 3658 586 conve-

3514 389 3661 459 ’110

2012 620 2201 675 niunt.
2236 621 2359 684 Quo
2407 618 2547 674 item
2607 623 2867 690 tempore
2912 620 3149 675 tertium
3198 619 3355 675 haud
3396 617 3663 695 procula

2012 708 2360 780 praecedenti
2393 708 2667 763 dissitum
2701 709 2811 764 sub
2844 708 3028 764 sancti
3061 708 3291 780 Georgii
3322 708 3558 764 nomine
3587 707 3663 763 ab

2010 798 2211 853 eodem
2233 796 2503 868 pontiﬁce
2526 800 2928 852 consecratum
2962 801 3074 867 est,
3105 797 3165 852 in
3198 813 3312 869 quo
3342 796 3495 853 sicut
3523 796 3660 853 etin

2009 885 2354 957 praecedenti
2414 886 2545 941 Otto
2605 886 2801 941 Sancti
2861 884 3039 942 Blasii
3089 887 3273 942 abbas
3332 885 3661 959 regularem

2009 974 2381 1047 disciplinam
2414 974 2688 1030 instituit.
2713 974 2925 1030 Praeter
2953 991 3021 1030 ea
3043 975 3368 1047 Sigefridus
3400 974 3662 1047 Scaphu-

2009 1082 2083 1119 sze
2116 1064 2318 1131 abbas,
2351 1063 2571 1119 veritus
2604 1080 2674 1118 ne
2706 1068 2941 1136 prOpter
2970 1063 3484 1120 schismaticorum
3505 1062 3660 1120 infc-

2007 1152 2288 1208 stationes
2305 1152 2429 1208 loco
2451 1153 2652 1207 cedere
2663 1156 2987 1225 cogeretur,
3012 1152 3351 1225 impetravit
3371 1152 3480 1209 hoc
3500 1168 3655 1209 anno

2006 1259 2038 1295 a
2063 1241 2348 1296 Richardo
2371 1241 2721 1296 Massiliensi
2740 1241 2936 1297 Sancti
2950 1241 3194 1298 Victoris
3215 1242 3425 1298 abbate
3446 1240 3654 1297 cellam

2004 1330 2371 1385 Nobiliacum
2395 1329 2633 1396 dictam,
2668 1329 2766 1385 ubi
2801 1347 2935 1386 cum
2969 1331 3115 1399 suis,
3141 1330 3189 1386 si
3222 1328 3538 1401 aliquando
3568 1329 3655 1384 in-

2004 1423 2184 1474 staret
2213 1418 2554 1475 monasterii
2586 1419 2676 1474 sui
2700 1419 3005 1475 deserendi
3039 1419 3376 1486 necessitas,
3402 1416 3652 1491 perfugii

2002 1506 2194 1563 locum
2217 1507 2476 1563 haberet.
2509 1507 2580 1562 Et
2601 1507 2816 1563 idcirco
2840 1507 2991 1563 hanc
3015 1508 3256 1563 domum
3278 1507 3554 1563 omnibus
3575 1507 3650 1563 ad

2004 1595 2329 1669 regularem
2391 1594 2761 1667 disciplinam
2824 1596 3247 1653 observandam
3305 1595 3652 1653 necessariis

1999 1685 2296 1740 instruxit.

2070 1791 2294 1847 CXXXI.
2348 1789 2655 1846 Concilium
2698 1792 2879 1873 Remis
2920 1788 2987 1845 de
3028 1789 3384 1848 restaurando
3427 1789 3648 1847 Atreba-

2740 1870 2897 1918 (ensi.

2071 1951 2135 2006 In
2165 1949 2365 2005 Galliis
2386 1950 2802 2007 Atrebatenses
2823 1953 3063 2022 accepta
3088 1949 3159 2006 ab
3192 1950 3422 2006 Urbano
3454 1949 3649 2022 ponti-

1996 2040 2123 2106 ﬁce,
2157 2040 2240 2094 uti
2273 2056 2426 2095 anno
2458 2039 2757 2111 superiore
2805 2039 3086 2105 diximus,
3134 2038 3390 2113 eligendi
3426 2037 3648 2111 proprii

1996 2128 2252 2200 episcopi
2277 2128 2571 2195 facultate,
2607 2129 2679 2183 ad
2713 2127 3080 2201 Raynaldum
3112 2127 3420 2200 provinciae
3438 2131 3650 2193 metro-

1996 2216 2324 2288 politanum
2343 2218 2721 2288 scripsere,ut
2735 2217 2992 2290 aliquem
3013 2217 3269 2273 cleritum
3286 2216 3580 2273 discretum
3596 2224 3647 2274 et

1993 2307 2261 2375 nobilem,
2290 2322 2386 2362 seu
2419 2306 2666 2361 abbatem
2686 2323 2716 2361 e
2738 2322 2844 2362 suo
2864 2306 3043 2362 latere
3060 2307 3402 2362 Atrebatum
3425 2306 3641 2373 mittat,

1996 2396 2098 2467 qui
2130 2394 2397 2449 electioni
2447 2393 2807 2450 celebrandae
2839 2412 2943 2466 pro
2996 2411 3057 2450 se
3100 2396 3342 2450 vicarius
3388 2393 3642 2450 intersit.

1991 2485 2063 2538 At
2092 2482 2189 2538 ille
2219 2482 2520 2554 rescripsit
2550 2498 2612 2537 se
2643 2481 3183 2550 Cameracensibus,
3216 2481 3317 2554 qui
3346 2481 3499 2537 hanc
3528 2479 3644 2537 ele-

1992 2571 2245 2628 ctionem
2279 2571 2563 2642 impedire
2594 2571 2977 2637 conabantur,
3003 2571 3076 2626 ad
3100 2570 3464 2627 Dominicam
3488 2570 3647 2627 Oculi

1992 2663 2101 2717 mei
2126 2677 2357 2732 semper,
2388 2659 2447 2714 id
2479 2664 2569 2715 est
2598 2658 2830 2716 tertiam
2861 2659 3355 2732 Quadragesimaa,
3384 2675 3516 2732 quae
3534 2659 3645 2717 hoc

1993 2767 2145 2805 anno
2179 2749 2239 2803 in
2271 2748 2423 2804 diem
2455 2749 2524 2803 20
2547 2748 2739 2804 Martii
2770 2748 3084 2817 incidebat,
3118 2748 3274 2805 diem
3306 2748 3545 2816 dixisse,
3578 2751 3646 2804 ut

1990 2839 2051 2894 in
2082 2836 2327 2894 concilio
2350 2838 2529 2893 totius
2547 2836 2877 2909 provincias,
2903 2838 3056 2909 quod
3079 2854 3144 2893 eo
3165 2840 3428 2909 tempore
3447 2836 3646 2894 Remis

1991 2927 2404 2983 celebrandum
2430 2926 2745 2995 indixerat,
2771 2926 3213 2983 intercessionis
3236 2942 3354 2982 suae
3385 2925 3644 2981 rationes

1991 3016 2333 3088 proferrent.
2359 3016 2634 3086 Adeoque
2656 3014 2765 3070 hac
2786 3014 2962 3071 etiam
2983 3015 3289 3071 occasione
3306 3014 3645 3070 Atrebaten-

1991 3121 2083 3160 ses
2115 3108 2313 3160 monet
2343 3108 2408 3158 ut
2425 3107 2483 3159 et
2508 3103 2621 3175 ipsi
2639 3120 2872 3176 quoque
2903 3104 2974 3159 ad
2998 3103 3214 3159 dictam
3237 3102 3391 3158 diem
3421 3100 3638 3171 adsint,

1989 3210 2227 3249 causam
2244 3209 2410 3248 suam
2426 3208 2619 3249 coram
2634 3191 3142 3248 conciliiPatribus
3155 3190 3640 3270 adversusCame-

208 3286 329 3347 rat;
360 3284 502 3335 tum
535 3279 716 3335 Ulmaz
751 3280 810 3335 in
842 3280 1131 3353 frequenti
1158 3261 1513 3336 Alemannis:
1544 3261 1876 3353 principum
1907 3261 1951 3328 Ο
1989 3280 2318 3336 racensium
2341 3284 2584 3335 conatus
2614 3279 3059 3352 propugnaturi.
3082 3263 3410 3335 Adfuerunt
3438 3279 3637 3351 itaque

207 3373 536 3433 conventu,
571 3368 673 3424 ubi
720 3369 876 3427 idem
930 3368 1176 3426 antistes
1232 3386 1365 3425 cum
1416 3368 1726 3425 Bertholdo
1772 3384 1878 3423 suo

208 3456 393 3511 fratre
409 3461 471 3512 et
483 3457 691 3512 eodem
713 3456 1039 3529 Welphone
1057 3473 1313 3530 praesens
1335 3458 1556 3525 aderat,
1580 3455 1878 3512 communi

215 3544 491 3600 omnium
521 3560 772 3600 assensu
803 3546 1099 3601 decretum
1136 3546 1265 3612 fuit,
1301 3550 1359 3600 ot
1390 3562 1594 3601 omnes
1638 3544 1878 3600 omnino

214 3633 569 3689 Gebebardo
610 3633 843 3705 praesuli
882 3634 1192 3691 omnimode
1222 3635 1521 3690 secundum
1547 3638 1753 3690 statuta
1781 3650 1878 3688 ca-

216 3738 447 3790 nonum,
477 3721 794 3778 Bertholdo
824 3738 957 3779 vero
988 3723 1123 3779 duci
1154 3728 1210 3779 et
1240 3723 1557 3779 comitibus
1583 3721 1878 3777 secundum

214 3812 391 3882 legem
418 3812 859 3868 Alemannorum
905 3812 1140 3867 obedire
1169 3816 1525 3868 tenerentur.
1563 3809 1780 3876 Deinde,
1815 3813 1881 3866 ut

216 3900 372 3954 idem
406 3904 621 3955 auctor
648 3900 1045 3972 prosequitur,
1088 3901 1311 3970 ﬁrmam
1349 3916 1539 3971 pacem
1564 3903 1675 3953 tam
1720 3897 1877 3953 duces

217 4005 385 4058 quam
405 3990 656 4055 comites,
681 3992 795 4043 tam
814 3992 1049 4061 majores
1078 4005 1246 4060 quam
1274 3990 1533 4054 minores,
1558 4003 1613 4042 se
1632 3987 1876 4041 observa-

218 4087 368 4132 turos
398 4095 433 4131 α
461 4080 690 4148 septimo
716 4077 983 4133 Kalendas
1024 4078 1330 4133 Decembris
1356 4092 1524 4147 usque
1553 4079 1614 4130 in
1641 4074 1877 4142 Pascha,

217 4175 267 4220 et
293 4183 329 4220 a
361 4165 580 4244 Pascba
613 4166 668 4221 in
695 4165 828 4221 duos
857 4182 1029 4220 annos
1046 4168 1397 4238 juraverunt.
1427 4164 1499 4220 Ut
1527 4180 1658 4220 vero
1685 4162 1877 4219 omnis

220 4255 617 4327 infringendis
643 4254 802 4309 illius
825 4255 1144 4311 concordia
1172 4254 1347 4310 timor
1367 4270 1400 4307 a
1419 4252 1679 4309 ﬁdelium
1714 4268 1876 4308 men-

217 4342 378 4398 tibus
400 4344 753 4409 auferretur,
784 4343 1100 4416 principes,
1122 4343 1221 4414 qui
1257 4340 1569 4398 conventui
1586 4340 1672 4395 illi
1698 4341 1875 4396 inter-

217 4430 469 4497 fuerant,
508 4431 581 4485 ad
616 4431 850 4502 prepria
879 4431 1114 4498 reversi,
1165 4446 1372 4502 pacem
1416 4430 1568 4485 hanc
1600 4428 1875 4484 omnibus

223 4521 440 4591 quique
475 4520 589 4575 sub
622 4537 730 4576 sua
762 4524 1046 4591 potestate
1077 4520 1414 4577 constitutis
1452 4520 1663 4575 viritim
1682 4520 1878 4591 jurare

214 4611 482 4678 fecerunt.

392 4695 608 4751 CXXX.
652 4697 980 4754 Monasteria
1012 4700 1074 4752 in
1102 4699 1429 4754 Alcman-nia
1460 4696 1694 4753 condita.

286 4784 585 4841 Nonnulla
616 4784 791 4840 etiam
824 4785 917 4842 his
960 4787 1325 4859 temporibus
1354 4787 1425 4841 de
1457 4802 1600 4840 novo
1631 4783 1875 4840 excitata

219 4876 362 4928 sunt
390 4874 453 4928 in
486 4872 581 4928 his
612 4873 949 4946 regionibus
984 4875 1359 4942 monasteria,
1383 4891 1529 4946 quae,
1555 4873 1637 4928 uti
1664 4871 1876 4927 Bertol-

221 4962 337 5016 dus
354 4962 597 5027 refert,a
618 4962 961 5018 Gebebardo
984 4964 1313 5035 apostolicae
1336 4963 1491 5019 sedis
1506 4963 1696 5030 legato
1721 4960 1877 5016 dedi-

218 5056 357 5105 cata
388 5050 643 5105 fuerunt.
666 5051 930 5107 Primum
958 5052 1017 5107 in
1042 5052 1196 5108 Silva
1219 5052 1396 5125 Nigra
1422 5069 1456 5106 a
1478 5049 1876 5106 fundamentis

216 5137 403 5195 erexit
423 5140 690 5211 ejusdem
717 5140 1001 5197 antistitis
1016 5141 1196 5197 frater
1208 5142 1326 5196 dux
1337 5139 1704 5205 Bertholdus,
1720 5138 1875 5210 quod

218 5226 502 5284 abbatiali
521 5229 805 5301 dignitate
828 5234 1156 5301 auctum,et
1169 5230 1279 5286 sub
1294 5228 1534 5302 speciali
1548 5227 1876 5300 apostolicae

218 5317 377 5372 sedis
408 5315 657 5373 tuitione
687 5318 1075 5375 constitutum
1108 5319 1395 5376 dedicavit
1423 5319 1551 5391 ipse
1580 5316 1878 5373 Gebebar-

216 5406 329 5461 dus
357 5405 473 5461 hoc
502 5422 678 5474 anno,
712 5406 807 5463 die
838 5407 1031 5479 prima
1056 5408 1328 5482 Augusti.
1376 5408 1577 5463 Mense
1607 5404 1878 5478 sequenti

214 5494 372 5550 idem
420 5494 732 5568 episcopus
778 5495 1029 5553 alterum
1080 5496 1440 5553 consecravit
1486 5495 1546 5550 in
1595 5494 1877 5550 honorem

214 5584 405 5640 sancti
440 5583 697 5655 Martini,
748 5586 906 5658 quod
949 5586 1350 5643 Hartmannus
1389 5602 1585 5641 comes
1615 5588 1672 5641 et
1702 5583 1879 5638 frater

214 5672 342 5755 ejus
392 5672 519 5747 Odp
567 5674 626 5733 in
670 5676 907 5754 proprio
956 5675 1169 5738 allodio
1209 5675 1615 5748 condiderant,
1650 5689 1718 5735 eo
1747 5671 1876 5751 ipso

1906 4628 1954 4692 Ι)

1943 3401 1953 3410 -
1984 3369 2075 3426 die
2098 3368 2362 3425 condicto
2386 3368 2696 3439 utriusque
2709 3366 3453 3439 EcclesiaalegatiPrimum
3470 3367 3639 3421 Atre-

1982 3456 2520 3514 batenseslaudatis
2540 3456 2796 3528 antiquis
2820 3454 3014 3511 Galliae
3038 3454 3469 3528 provinciarum
3490 3452 3638 3509 noti-

1982 3548 2103 3611 tiis,
2128 3545 2487 3619 prolatisque
2501 3543 2704 3601 multis
2716 3548 2978 3601 veterum
2993 3543 3368 3611 testimoniis,
3391 3541 3628 3615 potissi-

1984 3652 2148 3690 mum
2166 3633 2367 3689 exVita
2384 3637 2439 3688 et
2458 3638 2802 3689 testamento
2816 3633 3003 3689 sancti
3016 3631 3263 3705 Remigii
3277 3631 3627 3704 desumptis,

1984 3726 2360 3779 asseruerunt
2390 3739 2558 3778 suam
2581 3723 2808 3787 urbem,
2832 3740 3010 3778 unam
3032 3721 3170 3779 olim
3195 3738 3226 3778 e
3246 3719 3632 3778 nobilioribus

1984 3811 2225 3884 Belgicae
2267 3812 2533 3867 secundae
2566 3810 2922 3879 civitatibus,
2955 3812 3258 3884 proprium
3289 3810 3632 3884 episcopum

1984 3898 2281 3969 quondam
2322 3898 2601 3953 habuisse
2627 3902 2804 3970 atque
2834 3899 2976 3955 adeo
3001 3899 3171 3969 juxta
3198 3886 3544 3971 pontificum
3576 3900 3635 3954 et

1984 3985 2362 4042 conciliorum
2414 3986 2662 4053 decreta,
2704 3986 2814 4042 hoc
2836 3988 2960 4057 jus,
2992 3987 3040 4041 ei
3067 3987 3194 4057 jam
3223 3987 3283 4041 in
3313 3985 3633 4058 pristinum

1984 4075 2355 4147 splendorem
2374 4078 2673 4141 revocatas,
2698 4075 2905 4131 debere
2926 4074 3175 4143 restitui,
3198 4074 3452 4130 maxime
3473 4073 3633 4144 quod

1982 4164 2040 4220 id
2068 4164 2260 4236 ipsum
2299 4162 2569 4217 Urbanus
2598 4163 2857 4234 pontifex
2885 4163 3037 4219 datis
3057 4162 3267 4218 litteris
3298 4161 3425 4218 ﬁeri
3443 4161 3636 4217 decre-

1981 4253 2179 4309 visset.
2214 4250 2367 4305 Nihil
2389 4252 2461 4306 ad
2495 4263 2565 4306 ea
2593 4251 3084 4323 respondentibus
3109 4249 3631 4307 Cameracensibus

1983 4340 2212 4414 legatis,
2247 4356 2351 4394 nec
2399 4339 2723 4411 quidquam
2754 4339 2814 4395 in
2854 4357 2972 4396 suae
3003 4356 3190 4395 caussa
3239 4337 3632 4412 patrocinium

1984 4427 2433 4502 proferentibus,
2495 4428 2972 4501 archiepiscopus
3044 4428 3209 4507 dixit
3253 4445 3381 4484 eam
3438 4428 3633 4500 reipsa

1984 4516 2386 4573 Atrebatensis
2414 4518 2784 4589 episcopatus
2832 4518 3263 4574 restitutionem
3295 4534 3330 4574 a
3358 4516 3633 4590 pontiﬁce

1983 4606 2164 4662 fuisse
2195 4606 2565 4678 imperatam.
2590 4607 2918 4679 Statimque
2932 4607 3158 4663 litteras
3174 4606 3390 4663 Urbani
3407 4610 3536 4662 tum
3556 4605 3631 4661 ad

1985 4712 2066 4760 se,
2101 4699 2226 4749 tum
2262 4695 2333 4748 ad
2364 4695 2773 4751 Atrebatenses
2803 4713 2870 4751 ea
2900 4697 2971 4751 de
3017 4713 3195 4753 causa
3219 4683 3467 4769 scriptas
3497 4710 3633 4767 pro-

1988 4784 2121 4838 ferri
2144 4783 2325 4854 jussit
2342 4782 2399 4837 in
2432 4782 2709 4850 medium,
2732 4801 2860 4857 qua;
2881 4786 3079 4841 omnia
3099 4786 3181 4840 ita
3197 4801 3325 4841 esse
3346 4783 3633 4839 Burchar—

1984 4872 2095 4926 dus
2117 4871 2313 4926 Sancti
2348 4869 2540 4927 Basoli
2564 4873 2747 4928 abbas
2767 4878 2825 4928 et
2853 4874 3017 4929 Dudo
3040 4872 3399 4946 capellanus,
3431 4884 3632 4927 recens

1985 4975 2015 5014 e
2046 4959 2209 5015 curia
2232 4959 2495 5015 Romana
2526 4961 2758 5029 reversi,
2782 4962 2975 5033 palam
2996 4961 3191 5018 testati
3223 4963 3378 5016 sunt.
3413 4957 3634 5014 Deinde

1988 5047 2482 5120 archiepiscopus,
2512 5050 2733 5121 rogatis
2749 5051 3155 5123 episcoporum
3172 5052 3229 5104 et
3257 5045 3635 5117 aliorum,qui

1987 5136 2068 5192 ibi
2082 5142 2399 5208 praesentes
2422 5136 3243 5210 aderant,consiliis,quamvis
3265 5133 3347 5188 illi
3365 5133 3636 5208 inducias

1986 5224 2374 5297 postularent,
2395 5227 2866 5284 Atrebatensium
2884 5226 3030 5282 votis
3052 5240 3358 5281 assensum
3381 5223 3637 5296 praebere

1986 5317 2228 5386 paratus
2252 5318 2536 5383 erat,cum
2560 5316 3339 5387 Cameracenses,desperata
3359 5312 3637 5379 causa,ad

1988 5401 2372 5476 apostolicam
2397 5405 2593 5461 sedem
2610 5404 2997 5477 appellarunt.
3012 5403 3173 5459 Hanc
3184 5401 3637 5475 appellationem

1986 5491 2212 5556 statim,
2238 5498 2534 5550 annuente
2575 5494 2844 5549 universo
2875 5491 3142 5562 concilio,
3175 5492 3413 5549 admisit
3441 5489 3638 5548 archi-

1986 5581 2320 5653 episcopus,
2353 5599 2417 5638 ac
2476 5584 2710 5654 utrique
2739 5582 2893 5656 parti
2942 5582 3099 5639 diem
3146 5582 3312 5653 dixit,
3362 5581 3436 5638 ad
3478 5580 3635 5636 diem

1985 5669 2353 5733 Dominicam
2383 5675 2517 5740 ante
2540 5671 2979 5753 Ascensionem,
3004 5676 3106 5741 aut
3120 5675 3272 5734 certe
3293 5670 3367 5731 ad
3391 5682 3636 5749 sequens
