4000 6178
397 312 510 377 111

1692 318 1761 382 B.
1809 318 2106 417 URBANI
2149 317 2204 383 II
2245 318 2498 384 pars.

3679 322 3797 387 112

382 422 515 506 ¹ίθιῑι
565 449 1013 526 hebdomadam,
1064 469 1182 527 qua
1227 472 1428 515 coram
1454 456 1725 530 pontiﬁce
1754 456 2035 525 Romano,
2064 457 2122 525 Α
2147 458 2397 513 claritate
2425 456 2819 527 interdicimus,
2862 474 2932 515 ne
2979 459 3289 532 impositam
3331 457 3441 535 sibi
3481 458 3798 516 electionem

397 538 492 596 cui
521 545 589 597 ea
620 539 690 603 de
721 558 782 599 re
809 541 1032 601 litteras
1054 544 1385 617 scripturus
1410 549 1584 617 esset,
1607 562 1848 604 causam
1869 563 2038 604 suam

394 636 854 706 propugnarent,
885 634 1170 707 atqueita
1189 633 1501 691 concilium
1533 634 1791 692 solutum
1824 640 1953 693 est-

571 721 831 781 CXXXII.
864 724 965 780 Res
992 740 1177 782 coram
1203 725 1460 797 pontiﬁce
1488 727 1675 795 agitur
1697 728 1860 797 episc.

466 810 602 868 Post
621 812 747 870 dies
776 830 996 886 paucos
1014 814 1270 871 Joannes
1301 818 1359 871 et
1387 814 1575 888 Drogo
1599 816 1671 871 ab
1702 815 2039 871 Atrebaten-

395 899 560 959 sibus
582 900 654 959 ad
676 919 848 959 suam
870 919 1073 960 eorum
1099 920 1339 961 causam
1357 920 1554 960 coram
1584 904 1859 977 pontiﬁce
1875 921 2045 977 agen-

396 990 533 1049 dam
564 990 731 1049 electi
770 992 1016 1051 Romam
1049 993 1521 1068 proﬁciscuntur,
1575 1010 1723 1066 quos
1774 993 2043 1049 Urbanus

394 1081 646 1157 benigne
659 1084 1302 1157 exceptos,exspectatis
1317 1082 2045 1141 frustraCameracensinm

396 1171 620 1246 legatis,
638 1176 769 1245 post
790 1172 1056 1245 elapsum
1078 1190 1112 1230 a
1132 1172 1377 1231 concilio
1399 1174 1670 1230 Remensi
1693 1173 2046 1246 praeﬁnitum

396 1262 728 1336 tempus,ad
753 1262 1120 1335 Raynaldum
1143 1263 2046 1336 archiepiSCOpumremisit,eum

394 1349 628 1423 litteris,
658 1351 873 1424 quibus
902 1351 953 1407 ei
984 1351 1356 1426 praecipiebat
1387 1358 1451 1409 ut
1489 1352 1740 1409 electum
1780 1353 1851 1409 ab
1882 1355 2046 1408 Atre-

396 1438 739 1500 batensibus
772 1440 1112 1515 episcopum
1144 1448 1510 1499 consecraret
1539 1461 1551 1512 ;
1586 1446 1687 1500 aut
1725 1447 1878 1498 certe
1909 1443 1958 1498 si
1988 1442 2046 1497 id

397 1530 600 1604 nollet,
632 1531 830 1605 ipsum
860 1532 930 1588 ad
960 1531 1341 1607 apostolicam
1373 1532 1572 1589 sedem
1601 1532 2045 1601 transmitteret,

400 1638 434 1677 a
462 1637 549 1691 se,
580 1619 737 1678 salvo
761 1621 1066 1678 Remensis
1091 1619 1359 1679 Ecclesiae
1386 1622 1537 1694 jure,
1563 1621 2044 1679 consecrandum.

400 1709 496 1769 Hm
525 1708 751 1778 litterae,
771 1710 922 1766 sicut
942 1713 999 1767 et
1021 1709 1168 1780 alia,
1194 1728 1341 1784 quas
1363 1711 1567 1767 eadem
1588 1710 1888 1768 occasione
1910 1725 2049 1783 pon-

401 1798 543 1898 tifex
570 1798 644 1856 ad
669 1799 1096 1898 _Atrebatenses
1127 1798 1383 1898 scripsit,
1415 1799 1856 1898 nullas‘habent
1881 1797 2048 1855 ehro-
2080 1832 2128 1898 B

403 1888 564 1946 nicas
586 1891 755 1946 notas
774 1907 788 1959 ;
804 1893 865 1946 at
876 1889 1131 1947 exrebus
1151 1890 1333 1963 gestis
1356 1889 1524 1946 facile
1545 1888 2052 1963 eolligitur,utras-

404 1994 517 2052 que
547 1996 667 2036 una
696 1982 797 2037 aut
826 1978 1008 2037 altera
1037 1980 1130 2036 die
1160 1984 1294 2053 post
1322 1980 1682 2035 Dominieam
1715 1979 1867 2035 infra
1895 1983 2050 2035 octa-

404 2076 537 2125 vam
547 2068 1009 2140 Ascensionis,id
1031 2073 1121 2126 est
1142 2068 1352 2125 ultima
1365 2072 1469 2125 aut
1490 2067 1814 2141 penultima
1831 2068 2049 2126 mensis

404 2157 542 2215 Maii
572 2159 740 2216 datas
771 2158 973 2216 fuisse.
1005 2158 1200 2232 Legati
1232 2157 1429 2230 itaque
1452 2158 1512 2212 in
1555 2157 1771 2215 Gallias
1816 2157 2049 2225 reversi,

403 2248 616 2305 Remos
628 2248 829 2306 statim
850 2247 1121 2305 adierunt
1131 2246 1422 2320 pontificis
1438 2246 1662 2305 litteras
1688 2248 1760 2304 ad
1772 2246 2054 2321 archiepi-

400 2353 646 2411 scopum
677 2337 949 2411 deleturi,
983 2338 1199 2410 quibus
1232 2336 1326 2393 ille
1357 2336 1631 2409 acceptis,
1663 2336 1874 2411 legatis
1904 2336 2051 2411 ipsis

400 2426 697 2485 consuluit
726 2431 809 2497 ut,
833 2426 996 2484 nulla
1015 2426 1358 2500 interposita
1386 2444 1571 2495 mora,
1598 2428 1938 2484 Atrebatum
1961 2443 2051 2484 re-

399 2514 552 2572 versi
582 2515 925 2573 electionem
958 2520 1263 2589 urgerent;
1287 2517 1390 2573 sed
1421 2514 1668 2584 litteras,
1694 2534 1841 2589 quas
1860 2515 1945 2572 illi
1977 2517 2049 2574 ab

402 2620 469 2683 eo
481 2604 981 2683 efﬁagitabant,ad
995 2605 1216 2661 clerum
1229 2610 1289 2662 et
1299 2622 1411 2679 pop
1418 2604 1517 2661 ulu
1525 2606 2049 2673 mAtrebatensem,

402 2692 625 2759 veritus
654 2693 854 2766 procul
885 2694 1063 2750 dubio
1095 2711 1166 2751 ne
1211 2694 1320 2751 hoc
1360 2694 1511 2751 facto
1543 2695 2050 2753 Cameracensium

407 2782 638 2840 animos
686 2782 746 2839 in
793 2799 857 2841 se
904 2787 1315 2852 commoveret,
1365 2784 1615 2839 scribere
1645 2784 1952 2852 recusavit,
1984 2802 2053 2842 ea

407 2871 601 2947 specie
630 2872 787 2946 quod
814 2873 1179 2929 necessarium
1207 2890 1322 2929 non
1354 2876 1527 2942 esset,
1552 2889 1657 2929 nec
1678 2873 1953 2941 idoneum,
1987 2878 2052 2930 ut

406 2965 609 3022 litteris
631 2977 801 3037 papae
830 2961 1172 3020 electionem
1204 2961 1336 3018 novi
1362 2961 1619 3034 episcopi
1642 2962 1769 3033 jam
1791 2962 1971 3019 semel
1992 2968 2051 3020 et

404 3051 618 3121 iterum
633 3052 1100 3126 praecipientibus,
1116 3067 1254 3106 suas
1268 3050 1680 3123 quoque,quod
1693 3054 1889 3109 tamen
1903 3069 2047 3124 prae-

402 3147 635 3215 ceperat
661 3141 937 3214 pontifex,
970 3138 1246 3214 epistolas
1276 3139 1641 3212 adjungeret.

2146 544 2586 604 dissimulatione
2616 547 2804 619 aliqua
2846 548 3011 619 hujus
3059 563 3217 607 novae
3262 546 3625 606 ordinationis
3661 550 3802 605 sub-

2148 637 2441 707 terfugiat:
2475 654 2541 694 ac
2589 638 2674 696 sic
2723 654 2927 696 omnes
2977 637 3247 696 electioni
3287 638 3452 695 factas
3495 638 3802 713 acquieve-

2155 731 2311 781 runt.

2222 815 2519 888 Scriptum
2551 816 2752 873 statim
2780 821 2871 875 est
2900 818 2970 874 ad
3006 816 3372 891 Raynaldum
3402 816 3801 891 metropolita-

2154 922 2317 974 num,
2342 910 2409 961 ut
2437 906 2593 962 diem
2615 923 2731 979 qua
2747 910 2901 964 esset
2920 907 3055 965 novi
3084 906 3343 982 episcopi
3365 905 3634 964 facienda
3663 924 3803 964 con-

2154 995 2401 1051 secratio
2428 995 2711 1052 indicaret
2735 1015 2748 1065 ;
2773 1000 2832 1053 at
2854 996 2973 1066 ille,
3008 995 3173 1054 nulla
3192 996 3286 1053 die
3302 999 3543 1065 statuta,
3572 1012 3809 1069 respon-

2155 1083 2243 1140 dit
2273 1101 2331 1139 se
2364 1101 2485 1141 rem
2518 1100 2651 1140 eum
2674 1085 2897 1142 ezsteris
2918 1083 3510 1157 comprovincialibus
3542 1100 3807 1143 commu-

2157 1172 2491 1228 nicaturum
2524 1175 2583 1229 in
2611 1191 2809 1246 magno
2840 1177 3217 1247 episcoporum
3242 1181 3294 1230 et
3322 1175 3651 1231 clericorum
3679 1192 3809 1232 con-

2156 1271 2336 1328 ventu,
2360 1280 2518 1333 quem
2538 1265 2597 1318 in
2614 1266 2746 1335 festo
2765 1268 2972 1321 sancta:
2996 1264 3208 1331 Mariae,
3230 1263 3505 1321 mediante
3541 1267 3808 1339 Augusto,

2157 1352 2333 1407 Remis
2365 1352 2608 1408 haberet.
2641 1352 2858 1409 Verum
2902 1372 3036 1410 eum
3067 1354 3161 1410 die
3192 1353 3410 1423 indicto
3456 1354 3811 1411 Atrebaten-

2157 1441 2312 1496 sium
2346 1442 2518 1514 legati
2552 1442 3023 1515 comparuissent
3051 1459 3119 1499 ea
3141 1443 3213 1499 de
3242 1460 3304 1499 re
3332 1442 3619 1516 rogaturi,
3640 1443 3811 1500 indu-

2158 1532 2277 1586 cias
2294 1532 2504 1587 iterum
2526 1532 2842 1605 postulavit
2862 1532 3343 1605 archiepiscopus
3355 1534 3427 1588 ad
3448 1532 3664 1589 festum
3686 1548 3813 1589 om-

2159 1620 2323 1676 nium
2344 1626 2711 1678 Sanctorum.
2736 1622 2841 1678 Tot
2861 1621 3303 1678 cunctationum
3321 1622 3548 1695 portasi
3566 1622 3816 1679 Atreba-

2156 1715 2372 1777 tenses,
2406 1710 2626 1784 legatos
2648 1711 2776 1782 jam
2822 1713 2995 1768 tertia
3030 1711 3152 1768 vice
3182 1712 3429 1768 Romam
3462 1712 3706 1769 mittunt
3736 1712 3814 1768 ad

2160 1799 2483 1869 Urbanum,
2526 1799 2786 1857 Odonem
2834 1800 3055 1857 scilicet
3084 1804 3404 1870 cautorem,
3436 1804 3494 1859 et
3520 1804 3813 1858 Joannem

2162 1890 2495 1959 diaconum,
2524 1888 2626 1961 qui
2657 1890 2920 1963 pontiﬁci
2966 1906 3163 1946 rerum
3209 1890 3478 1947 omnium
3522 1891 3813 1949 rationem

2162 1979 2490 2045 redderent,
2517 1981 2765 2051 ejusque
2787 1996 2955 2051 opem
2978 1979 3190 2035 iterum
3211 1978 3593 2051 implorarent
3613 1980 3813 2037 adver-

2162 2085 2265 2124 sus
2279 2067 2913 2141 archiepiscopum,qui
2925 2069 3214 2139 ejusmodi
3228 2068 3810 2141 tergiversationibus

2161 2158 2442 2213 mandata
2470 2155 2788 2230 apostolica
2805 2156 2949 2214 velle
2969 2156 3202 2214 eludere
3230 2157 3558 2215 videbatur.
3584 2158 3814 2215 Litteris

2162 2263 2309 2320 quas
2341 2263 2409 2302 ea
2435 2246 2740 2303 occasione
2768 2246 3181 2305 Atrebatenses
3202 2247 3274 2304 ad
3300 2247 3639 2319 pontiﬁcem
3669 2247 3817 2304 scri-

2161 2340 2424 2409 pserunt,
2456 2336 2756 2392 dabuntur
2785 2353 2892 2393 suo
2923 2340 3202 2410 tempore,
3237 2335 3392 2393 sicut
3437 2341 3495 2393 et
3525 2336 3636 2394 illis
3664 2354 3816 2410 quas

2159 2425 2285 2499 ipse
2314 2424 2590 2497 pontifex,
2625 2425 2879 2498 exceptis
2908 2425 3179 2499 benigne,
3214 2430 3278 2482 ut
3308 2424 3553 2496 solebat,
3578 2427 3820 2485 Atreba-

2161 2515 2417 2571 tensium
2447 2514 2677 2588 legatis,
2731 2514 2805 2569 ad
2854 2513 3221 2587 Raynaldum
3252 2532 3321 2571 ea
3358 2515 3431 2571 de
3460 2532 3521 2571 re
3553 2516 3813 2588 scripsit,

2161 2605 2378 2677 quibus
2399 2604 2483 2659 illi
2515 2604 2887 2677 praecipiebat
2920 2608 2983 2660 ut
3012 2606 3161 2675 infra
3191 2605 3421 2677 triginta
3449 2606 3666 2662 dierum
3690 2621 3816 2677 spa-

2160 2697 2319 2761 tium,
2353 2699 2665 2767 postquam
2698 2710 2837 2751 suas
2881 2692 3070 2766 ipsius
3111 2693 3336 2750 litteras
3373 2692 3675 2766 receperit,
3706 2698 3813 2751 aut

2162 2784 2300 2840 Lam
2310 2784 2535 2840 bertum
2565 2783 2690 2854 ipse
2708 2786 3091 2852 consecraret,
3113 2787 3215 2839 aut
3229 2786 3383 2840 certe
3401 2798 3537 2839 eum
3560 2783 3809 2841 Romam

2160 2873 2584 2930 transmitteret
2614 2871 2674 2926 in
2707 2872 2971 2928 Romana
2998 2872 3161 2929 curia
3188 2872 3672 2930 consecrandum.
3695 2872 3807 2928 Ea-

2159 2964 2292 3020 dem
2322 2963 2504 3019 ferme
2552 2961 2759 3034 repetit
2789 2961 2849 3016 in
2881 2960 2997 3017 alia
3051 2960 3320 3034 epistola,
3371 2978 3547 3034 quam
3595 2961 3802 3018 eadem

2157 3050 2583 3123 occasioneipsi
2601 3051 2912 3107 Lamberto
2932 3048 3114 3108 electo
3130 3050 3493 3124 conscripsit,
3517 3067 3645 3122 que
3662 3067 3802 3108 cum

2156 3161 2192 3198 v
2218 3142 2343 3199 Idus
2376 3141 2617 3198 Octobris
2647 3141 2785 3196 data
2813 3139 3062 3208 dicatur,
3086 3139 3222 3196 inde
3266 3138 3598 3211 colligimus
3646 3156 3803 3211 prae-
3838 3198 3845 3199 ,

396 3205 685 3308 ex-xxm:
714 3205 1034 3307 Lambertu;
1055 3249 1302 3318 eligitur.
1327 3205 1772 3318 archiepiscopus
1808 3251 2037 3307 Romen-
2071 3205 2115 3273 (ἶ
2154 3233 2621 3303 eedentem,quas
2643 3228 2865 3286 nullam
2886 3205 3119 3302 praefert
3133 3232 3352 3297 notam,
3375 3205 3541 3284 initio
3562 3205 3801 3301 quoque

817 3323 893 3375 sis
926 3320 1111 3391 diﬁ'ert
1138 3320 1610 3376 consecrationem.

457 3409 608 3468 Solis
639 3410 839 3481 itaque
869 3406 1087 3464 Urbani
1117 3407 1326 3464 litteris
1357 3408 1610 3464 contenti
1661 3408 1835 3481 legati
1873 3411 2034 3467 Atre-

384 3499 593 3556 batum
608 3498 927 3565 redierunt,
943 3496 1263 3568 statimque
1290 3496 1508 3552 indicta
1528 3501 1617 3552 est
1637 3496 1935 3555 electionis
1957 3498 2037 3555 fa-

384 3586 602 3643 ciendis
631 3586 753 3644 dies
775 3586 848 3644 ad
869 3602 922 3643 va
945 3586 1084 3641 Idus
1102 3583 1264 3653 Julii,
1299 3601 1426 3656 quae
1449 3584 1750 3643 Dominica
1771 3590 1912 3643 erat.
1945 3588 2032 3644 Ad

383 3692 564 3749 quam
588 3692 706 3732 non
735 3675 908 3732 modo
937 3673 1357 3743 Atrebatensis,
1387 3674 1485 3731 sed
1514 3674 1690 3731 etiam
1707 3675 2031 3734 vicinarum

385 3765 609 3839 aliquot
638 3764 1026 3823 Eeelesiarum
1058 3763 1269 3833 clerici,
1305 3771 1478 3836 atque
1502 3764 1655 3820 inter
1682 3764 1828 3822 alios
1858 3767 2030 3823 Insu-

383 3853 570 3911 lensis
599 3853 869 3911 Ecclesia
890 3852 1203 3926 eollegiatae
1224 3852 1507 3921 canonici,
1529 3852 1617 3911 vel
1640 3854 1712 3910 ob
1744 3855 2028 3927 majorem

382 3942 841 4012 solemnitatem,
864 3942 952 4000 vel
978 3943 1050 3999 ob
1074 3942 1373 4014 antiquam
1398 3943 1903 4012 consuetudinem,
1928 3950 2029 4001 aut

378 4032 531 4090 inter
554 4036 836 4105 utrosque
866 4031 1199 4088 societatem
1230 4030 1524 4087 convocati
1556 4036 1711 4087 sunt.
1747 4032 2027 4091 Convenit

380 4137 449 4185 ea
477 4120 663 4201 dieiin
694 4122 979 4193 majorem
1000 4121 1226 4177 Sanctae
1253 4120 1443 4176 Maria:
1466 4119 1770 4179 ecclesiam
1794 4122 2026 4181 inﬁnita

378 4210 805 4283 propemodum
843 4209 1187 4267 clericorum
1233 4213 1291 4265 et
1346 4209 1628 4266 laicorum
1682 4209 2019 4281 multitudo,

2036 3366 2051 3375 .
2148 3320 2415 3379 Octobris
2438 3319 2719 3391 scriptam
2745 3318 2945 3375 fuisse.

2215 3408 2704 3481 Archiepiscopus
2727 3406 2944 3480 itaque,
2978 3406 3225 3479 receptis
3274 3406 3429 3463 circa
3454 3405 3801 3463 Novembris

2144 3500 2405 3557 medium
2427 3498 2646 3555 Urbani
2664 3496 2893 3562 litteris,
2912 3496 3219 3553 Lamberto
3236 3495 3799 3553 electoAtrebatensi

2143 3586 2398 3662 scripsit,
2428 3592 2494 3644 ut
2527 3587 2599 3643 ad
2624 3602 2686 3643 se
2706 3588 2945 3658 legatum
2965 3584 3219 3656 aliquem
3244 3586 3397 3655 infra
3426 3586 3639 3640 octavas
3667 3600 3799 3640 san-

2140 3681 2213 3736 cti
2239 3678 2463 3735 Andreae
2495 3677 2766 3743 mitteret,
2799 3690 2905 3747 per
2934 3690 3109 3745 quem
3135 3672 3277 3745 quid
3309 3673 3381 3728 dc
3411 3671 3572 3729 illius
3593 3689 3800 3730 conse-

2139 3766 2396 3825 cratione
2425 3782 2558 3823 eum
2589 3764 2720 3820 aliis
2750 3761 3059 3836 provinciae
3091 3779 3209 3818 sua:
3248 3762 3637 3835 suil‘raganeis
3667 3767 3794 3818 sta.-

2139 3857 2318 3914 tuerit
2345 3856 2397 3913 ei
2429 3853 2870 3910 renuntiaturus
2902 3855 3075 3908 esset.
3109 3851 3180 3907 Et
3208 3850 3448 3924 quidem
3489 3851 3792 3924 assignato

2137 3950 2397 4017 tempore
2418 3942 2729 3998 adfuerunt
2758 3928 2933 4012 legati
2948 3938 3444 4008 Atrebatensium,
3471 3939 3573 3995 sed
3595 3954 3790 4011 neque

2134 4039 2274 4091 tunc
2304 4036 2529 4089 certum
2569 4045 2917 4102 responsum
2963 4028 3035 4084 ab
3085 4027 3522 4102 archiepiscopo
3568 4027 3788 4085 habere

2134 4126 2468 4197 potuerunt.
2501 4122 2687 4186 Quare
2710 4119 3143 4186 Atrebatenses,
3165 4120 3252 4173 tot
3275 4133 3574 4173 morarum
3593 4116 3785 4189 impa-

2130 4213 2365 4279 tientes,
2391 4209 2642 4267 electum
2673 4208 2869 4280 ipsum
2903 4208 3117 4265 Remos
3146 4205 3381 4263 tandem
3425 4205 3782 4263 mittendum

373 4298 574 4371 ibique
594 4298 903 4355 celebratis
929 4298 1244 4355 missarum
1277 4297 1601 4367 solemniis,
1633 4316 1698 4355 ac
1719 4300 2024 4372 praemissa
2130 4318 2259 4359 esse
2275 4301 2631 4357 censuerunt
2649 4297 2723 4354 ad
2740 4296 3268 4370 archiepiscopum,
3293 4299 3360 4351 ut
3377 4311 3513 4352 eum
3531 4299 3635 4352 aut
3652 4293 3783 4368 ipse

375 4386 563 4443 sancti
590 4387 843 4460 Spiritus
870 4387 1253 4456 invocatione,
1287 4386 1518 4461 publice
1544 4404 1575 4443 e
1605 4386 1831 4460 pulpito
1860 4388 2019 4446 lectae
2129 4391 2359 4464 praeﬁxo
2392 4406 2495 4462 per
2515 4388 2710 4461 ipsum
2733 4385 3066 4459 pontiﬁcem
3096 4391 3356 4458 tempore
3384 4389 3779 4452 consecraret,

371 4479 513 4532 sunt
541 4475 758 4532 Urbani
784 4475 1074 4549 pontiﬁcis
1095 4475 1297 4532 littera:
1314 4476 1383 4532 de
1404 4476 1767 4533 restituenda
1785 4477 2021 4535 Atreba-
2129 4486 2195 4537 ut
2217 4482 2338 4553 jam
2370 4478 2585 4551 saepius
2611 4477 2682 4533 ab
2713 4493 2779 4533 eo
2807 4476 3287 4549 efﬂagitaverant,
3321 4478 3425 4530 aut
3455 4479 3608 4530 certe
3637 4489 3777 4529 cum

364 4563 549 4621 tensis
601 4563 867 4621 Ecclesia
908 4565 1214 4638 dignitate,
1245 4568 1302 4621 et
1329 4563 1607 4622 electione
1636 4565 1894 4639 episcopi
1924 4566 2008 4622 fa-
2038 4576 2086 4641 1)
2116 4570 2326 4628 litteris
2357 4565 2852 4624 commendatitiis
2891 4564 3139 4621 Romam
3172 4564 3347 4635 juxta
3385 4560 3779 4635 apostolicum

364 4651 590 4710 cienda.
642 4653 907 4726 Cumque
936 4672 971 4711 a
1020 4653 1333 4711 Gualberto
1367 4654 1696 4727 praeposito,
1731 4655 2008 4712 Guiberto
2119 4661 2464 4718 mandatum
2496 4657 2771 4723 mitteret,
2797 4654 2897 4710 ubi
2924 4653 2998 4709 ab
3028 4652 3155 4725 ipso
3177 4651 3451 4725 pontifice
3472 4667 3781 4706 consecra-

362 4741 581 4799 deeano
628 4742 965 4815 caeterisque
1012 4742 1289 4799 omnibus
1338 4743 1633 4800 canonicis
1662 4742 1721 4799 in
1752 4744 2008 4817 capitulo
2118 4756 2297 4807 retur.
2333 4746 2682 4802 Lambertus
2712 4744 2908 4814 itaque
2949 4742 3161 4798 Remos
3191 4740 3508 4813 profectus,
3541 4738 3776 4794 ibi'die

360 4848 477 4895 uno
499 4848 791 4889 consensu
806 4832 1150 4889 Lambertus
1172 4830 1497 4890 Insulensis
1518 4831 1784 4889 Ecclesia:
1806 4838 2011 4892 cantor
2118 4836 2440 4902 Dominica,
2473 4850 2600 4905 quae
2632 4849 2704 4887 xv
2739 4848 2842 4888 seu
2873 4831 3069 4903 potius
3097 4847 3171 4888 xv
3201 4828 3498 4886 Kalendas
3529 4828 3775 4884 Decem-

358 4920 419 4977 in
449 4922 791 4995 episcopum
814 4922 1157 4995 designatus
1177 4921 1405 4990 fuisset,
1428 4922 1627 4979 statim
1649 4923 1709 4977 in
1723 4927 2008 4995 conspectu
2117 4928 2238 4984 bris
2271 4928 2411 4989 erat,
2445 4928 2503 4978 et
2542 4921 2790 4977 ultimus
2823 4919 3093 4992 praeﬁniti
3124 4937 3161 4976 a
3185 4918 3456 4991 pontiﬁce
3505 4917 3775 4974 Romano

356 5011 520 5066 totius
565 5012 806 5069 ecclesia
834 5013 1217 5083 manifestatus
1245 5019 1341 5078 est,
1378 5028 1443 5067 ac
1469 5012 1546 5067 sic
1576 5030 1609 5066 a
1639 5012 1784 5068 clero
1808 5014 2008 5069 electus
2117 5018 2187 5072 ad
2218 5017 2347 5085 ejus
2393 5010 2892 5068 consecrationem
2949 5009 3234 5081 temporis
3294 5007 3606 5074 terminus,
3657 5021 3770 5062 suo

356 5102 407 5154 ct
437 5103 595 5157 tertio
624 5103 961 5158 acclamatus
988 5118 1051 5157 ac
1072 5101 1331 5157 laudatus
1351 5118 1385 5157 a
1412 5102 1631 5172 populo,
1661 5103 1784 5157 licet
1802 5102 2008 5157 invitas
2112 5101 2509 5161 Atrebatensis
2530 5100 2666 5157 eleri
2690 5117 2753 5155 ac
2767 5098 2967 5171 populi
2993 5098 3228 5155 nomine
3244 5097 3471 5153 litteras
3488 5092 3774 5166 archiepi-

354 5185 596 5257 eligitur,
638 5193 875 5261 capitur,
909 5195 958 5245 et
994 5194 1051 5245 in
1075 5189 1196 5245 sede
1220 5189 1531 5262 pontiﬁcali
1571 5189 1997 5247 inthronizatur.
2109 5211 2284 5266 scopo
2307 5192 2680 5264 praesentavit,
2701 5188 2916 5261 quibus
2934 5186 3124 5256 illum,
3148 5192 3214 5243 ut
3243 5188 3483 5243 tandem
3508 5184 3647 5240 huic
3667 5198 3772 5239 ne—

351 5273 484 5347 Ipso
515 5292 670 5345 vero,
705 5296 839 5335 eum
872 5279 1004 5336 aliis
1039 5278 1326 5336 Insulanae
1374 5279 1640 5335 Ecclesiae
1680 5280 1996 5349 canonicis,
2106 5282 2262 5356 gotio
2294 5279 2571 5337 alterutro
2623 5278 2817 5345 modo,
2851 5281 2916 5332 ut
2954 5276 3215 5350 pontifex
3242 5276 3552 5341 statuerat,
3587 5274 3771 5329 finem

347 5362 448 5435 qui
478 5367 708 5421 tantum
735 5367 926 5424 virum
958 5368 1070 5426 sibi
1117 5368 1264 5440 eripi
1315 5383 1464 5440 aegre
1496 5368 1775 5437 ferebant,
1815 5369 1995 5426 recla-
2106 5372 2462 5442 imponeret:
2483 5391 2511 5418 ‹‹
2532 5366 2770 5435 Vestrae,
2796 5366 3075 5438 inquiunt
3094 5367 3155 5423 in
3175 5366 3285 5422 hoc
3302 5359 3765 5437 supplieilibello

344 5457 563 5523 mante,
597 5455 828 5528 publice
849 5457 1000 5516 lecta
1020 5462 1110 5516 est
1136 5457 1354 5516 Urbani
1387 5458 1680 5514 sententia
1706 5474 1775 5515 ex
1805 5459 1996 5531 prima
2102 5459 2533 5523 Atrebatenses,
2566 5454 2914 5513 excellentia:
2960 5455 3232 5531 dignitati
3281 5450 3640 5525 multiplices
3674 5465 3769 5506 re-

338 5542 468 5614 ejus
494 5542 764 5616 epistola,
795 5564 923 5620 quae
956 5548 1040 5605 sic
1070 5548 1276 5606 habet:
1305 5548 1373 5604 Ei
1399 5562 1543 5616 vero,
1595 5563 1691 5619 qui
1732 5550 1993 5609 canonico
2102 5547 2346 5609 ferimus
2375 5546 2618 5621 gratias,
2650 5545 2791 5619 quia
2821 5550 3108 5605 hactenus
3134 5545 3433 5619 gratanter
3463 5539 3657 5611 nobis,
3689 5543 3768 5599 ut

330 5624 600 5699 .90an
645 5635 781 5702 cieri
808 5645 859 5701 et
885 5639 1083 5718 populi
1111 5638 1311 5703 electus
1336 5638 1527 5716 fuerit,
1558 5638 1855 5713 apostolica
1882 5655 1991 5699 au-
2108 5638 2242 5719 plus
2302 5640 2469 5716 pater
2512 5636 2793 5713 juvamen
2849 5635 3310 5699 exhibuistis.....
3362 5633 3465 5694 sed
3502 5629 3781 5712 paterni-.
