3970 6188
165 375 292 446 ιω

1783 375 1994 450 νιτΑ.

3476 382 3594 452 ΙΙΙ

165 518 357 576 tatem
381 518 642 574 vestram
674 512 963 574 miramur
991 511 1316 592 plurimum
1354 513 1414 573 in
1447 513 1602 574 calce
1634 517 1819 574 nostri
1848 522 1904 588 Α
1935 514 2459 594 praedecessoribus
2475 519 2601 593 jam
2642 519 2988 588 habuerant,
3022 520 3092 594 ab
3127 534 3192 578 eo
3223 519 3589 594 impetraret.

169 607 396 682 negotii
427 605 835 682 infrigidatam
865 606 1130 674 exiStere,
1163 623 1296 664 cum
1331 605 1486 664 infra
1513 601 1834 665 terminum

169 699 244 754 ab
302 697 630 771 apostolico
677 700 883 754 vestrae
935 696 1387 770 magniﬁcentiae
1437 697 1600 754 electi
1649 699 1834 754 nostri

163 787 638 844 consecrationis
687 785 1042 858 injunctum,
1089 803 1195 842 nec
1239 786 1578 842 solemniter
1626 786 1836 842 litteris

156 877 484 942 vestris,ut
507 875 1043 945 arbitrabamur,ad
1063 876 1560 931 consecrationem
1583 875 1834 931 electum

161 968 440 1021 nostrum
457 963 712 1021 vocastis
735 982 749 1032 ;
769 981 875 1020 nec
907 965 1059 1019 diem
1095 969 1317 1020 certum
1340 965 1492 1020 infra
1513 965 1834 1020 terminum

174 1053 742 1127 designastis.Nunc
776 1057 971 1110 autem
1001 1070 1137 1109 cum
1170 1055 1528 1110 consecratio
1559 1055 1834 1126 deinceps

163 1143 324 1214 infra
339 1142 698 1199 triennalem
722 1146 940 1199 metam
969 1142 1174 1215 nequit
1193 1143 1341 1208 ﬁeri,
1375 1143 1583 1198 saltem
1609 1143 1833 1199 litteras
1875 1181 1882 1196 .

159 1239 373 1290 vestra:
425 1231 794 1288 auctoritatis
843 1249 970 1304 quas
1026 1231 1344 1304 apostolico
1376 1232 1733 1298 deferantur,
1768 1237 1832 1286 ut

159 1324 286 1396 ipse
313 1321 520 1392 jussit.
557 1339 661 1393 pro
711 1321 1149 1377 consecratione
1207 1321 1390 1376 nostri
1441 1321 1609 1377 electi
1661 1321 1829 1376 nobis

159 1412 302 1468 dare
329 1409 532 1466 velitis
567 1410 823 1481 plurima
851 1425 992 1483 pace
1024 1426 1350 1482 precamur.
1390 1432 1417 1458 »
1457 1413 1598 1464 Cum
1634 1410 1829 1482 itaque

163 1501 374 1556 nullus
407 1504 746 1571 superesset
776 1499 1445 1572 subterfugiendilocus,
1467 1498 1823 1572 Raynaldus,

161 1590 485 1646 Lamberto
503 1588 709 1653 electo,
746 1588 991 1644 Romam
1014 1589 1264 1644 adeundi
1289 1593 1637 1660 potestatem
1669 1589 1822 1659 fecit,

159 1677 315 1735 datis
341 1680 396 1733 ei
421 1679 494 1734 ad
519 1678 823 1734 Urbanum
856 1677 1088 1743 litteris,
1111 1677 1327 1750 quibus
1350 1677 1444 1732 ille
1466 1678 1737 1750 acceptis,
1764 1678 1821 1732 in

156 1770 288 1841 ipso
315 1767 555 1824 Natalis
583 1767 794 1822 Christi
832 1767 1132 1840 pervigilio
1164 1767 1360 1823 Remis
1390 1783 1664 1840 egressus
1696 1770 1818 1832 est;

157 1875 218 1914 ac
241 1862 378 1929 post
410 1857 579 1912 varia
611 1856 872 1928 pericula
899 1861 957 1912 et
984 1856 1213 1912 itineris
1243 1856 1644 1922 difficultates,
1679 1855 1816 1912 anni

157 1946 463 2018 sequentis
496 1945 687 2012 initio,
722 1950 787 2000 ut
815 1945 896 2001 ibi
929 1945 1214 2015 dicemus,
1253 1946 1499 2001 Romam
1534 1945 1818 2017 pervenit.

160 2036 388 2092 Litterae
415 2051 571 2107 quas
603 2033 940 2107 Raynaldus
971 2035 1045 2091 ad
1072 2035 1450 2091 Lambertum
1483 2035 1818 2106 scripserat,

161 2129 218 2182 et
235 2124 351 2180 illae
376 2141 536 2196 quas
559 2125 799 2180 tandem
822 2123 930 2179 hac
951 2124 1254 2180 occasione
1288 2125 1358 2179 ad
1390 2124 1689 2180 Urbanum
1723 2125 1820 2179 de-

155 2214 596 2282 ferendas,tum
619 2213 776 2268 idem
797 2213 1291 2286 archiepiscopus,
1311 2230 1443 2268 cum
1475 2214 1822 2269 Atrebaten-

159 2306 238 2360 sis
268 2301 546 2359 Ecclesia
569 2301 939 2374 scripsere,iu
973 2302 1407 2374 pontificiarum
1441 2301 1820 2375 epistolarum

156 2393 511 2451 collectione
534 2392 881 2460 referentur,
912 2397 1046 2464 post
1075 2408 1174 2448 eas
1204 2409 1351 2464 quas
1377 2391 1648 2449 Urbanus
1674 2392 1820 2464 ipse,

157 2489 218 2541 ut
251 2499 398 2538 mox
423 2482 792 2550 dicebamus,
825 2480 1093 2553 utrisque
1114 2481 1288 2553 paulo
1311 2484 1445 2536 ante
1466 2481 1822 2553 conscripse-

157 2578 261 2628 rat.
303 2573 393 2628 Ex
441 2571 538 2626 his
591 2587 765 2642 porro
814 2587 962 2643 quas
1011 2569 1220 2626 ultimo
1246 2569 1372 2625 loco
1417 2571 1486 2625 ad
1521 2571 1820 2625 Urbanum

162 2660 516 2734 llaynaldus
540 2676 642 2732 per
658 2659 1100 2715 Atrebatensem
1123 2659 1370 2715 electum
1395 2659 1649 2731 scripsit,
1670 2659 1823 2715 sicut

157 2755 212 2807 et
227 2767 302 2808 ex
313 2749 707 2822 responsione
720 2747 1429 2821 pontiﬁcis,intelligimus
1442 2765 1556 2819 quo
1575 2748 1820 2805 concilio

156 2840 204 2896 is
231 2839 494 2895 antistes
525 2839 655 2893 novi
676 2837 945 2911 episcopi
986 2837 1483 2892 consecrationem
1543 2841 1667 2892 tam
1721 2837 1820 2892 diu

162 2927 505 2993 distulerat,
530 2942 728 2997 quasve
747 2943 927 2982 causa
944 2925 1120 2982 fuerit
1135 2930 1222 2981 tot
1242 2923 1820 2998 ejus'tergiversatio-

163 3034 302 3074 num
325 3033 340 3072 :
357 3015 523 3088 quod
546 3015 772 3071 scilicet
783 3018 1038 3071 vereretu
1048 3015 1247 3084 r,ne,si
1263 3014 1662 3070 Atrebatensis
1675 3014 1824 3086 epis-

162 3110 410 3179 copatus
457 3104 818 3160 restitutioni
860 3103 1089 3159 facilem
1131 3104 1819 3175 przebuissetassensum,

1943 610 2287 684 Apostolicaa
2320 610 2475 667 sedis
2528 611 2950 685 protectionem
2991 612 3272 684 adversus
3303 611 3591 668 bonorum

1946 700 2212 756 Ecclesiae
2243 701 2540 757 invasores
2589 701 2742 757 ultro
2793 702 3082 758 concessit
3111 701 3406 769 Urbanus,
3441 700 3592 757 datis

1945 807 2013 846 ea
2043 791 2112 846 de
2133 808 2194 846 re
2223 791 2435 847 litteris
2466 791 2537 846 ad
2568 790 2891 863 principem
2923 796 2981 846 et
3011 791 3296 863 populum
3326 789 3594 846 Dolensis

1946 879 2110 934 urbis
2153 899 2165 947 ;
2201 885 2259 935 at
2289 880 2348 934 in
2387 881 2757 936 concedendo
2777 879 2940 952 pallii
2987 897 3122 947 usu,
3154 880 3308 951 quod
3342 880 3594 936 maxime

1943 968 2300 1042 efﬂagitabat
2341 969 2682 1037 Rollandus,
2717 969 2817 1040 qui
2845 972 2999 1041 se,ut
3031 969 3122 1023 sui
3149 969 3221 1024 ab
3255 969 3426 1025 annis
3457 969 3592 1041 plus

1943 1073 2120 1129 quam
2143 1059 2411 1114 ducentis
2433 1057 3424 1130 praedecessores,archiepiscopum
3443 1075 3594 1115 nun-

1942 1148 2212 1218 cupabat,
2247 1165 2307 1204 se
2340 1148 2726 1204 difﬁciliorem
2775 1147 3040 1203 exhibuit
3063 1162 3077 1201 :
3103 1147 3412 1201 verebatur
3429 1145 3587 1202 enim

1940 1251 2142 1307 aequus
2186 1237 2464 1308 pontifex,
2511 1255 2582 1291 ne
2627 1237 2686 1291 id
2745 1236 3196 1306 faciendo,jura
3226 1234 3587 1291 Turonensis

1939 1324 2406 1397 Ecclesize,quam
2439 1327 2672 1381 unicam
2701 1325 3014 1398 provinciaa
3038 1324 3449 1397 Lugdunensis
3479 1328 3589 1380 ter-

1936 1413 2029 1468 tiae
2053 1431 2247 1470 veram
2280 1419 2338 1470 et
2389 1416 2694 1487 antiquam
2750 1431 2879 1471 esse
2929 1413 3298 1486 metropolim
3343 1413 3582 1483 sciebat,

1937 1502 2317 1559 convelleret:
2353 1521 2458 1559 nec
2503 1504 2825 1577 quidquam
2872 1504 3188 1575 impetrare
3235 1502 3424 1574 potuit
3451 1501 3584 1558 Rol-

1932 1591 2165 1660 landus,
2187 1593 2389 1662 donec,
2439 1593 2682 1666 prolatis
2701 1592 2964 1665 Gregorii
2989 1592 3087 1647 VII
3107 1592 3336 1658 litteris,
3370 1592 3583 1664 proba-

1931 1681 2114 1736 visset
2143 1699 2314 1736 usum
2348 1682 2510 1754 pallii
2543 1699 2607 1738 ac
2641 1683 3031 1754 provisionem
3072 1679 3584 1756 archiepiscopalis

1921 1770 2077 1840 juris
2129 1770 2189 1824 in
2222 1771 2523 1826 Britannia
2552 1771 2763 1827 minori
2809 1771 2972 1827 Ireno
3023 1769 3432 1843 pradecessori
3477 1786 3584 1826 suo

1930 1859 2112 1914 fuisse
2143 1877 2502 1916 concessam.
2552 1862 2664 1916 Sed
2697 1860 2836 1933 quia
2883 1859 3148 1932 exempla
3176 1859 3582 1916 tantummodo

1931 1948 2142 2004 harum
2163 1949 2491 2006 litterarum
2515 1951 2865 2022 proferebat,
2899 1950 2970 2005 ab
3004 1965 3070 2004 eo
3100 1948 3373 2004 Urbanus
3405 1947 3583 2021 exigit

1932 2041 1997 2092 ut
2024 2043 2386 2094 sacramento
2417 2040 2674 2110 prmstito
2713 2040 2938 2110 juraret
2975 2037 3122 2093 nihil
3182 2036 3435 2110 amplius
3481 2041 3584 2093 aut

1933 2127 2128 2182 minus
2151 2129 2208 2182 in
2257 2129 2518 2200 Gregorii
2549 2127 2934 2201 autographis
2971 2126 3181 2183 litteris
3215 2143 3392 2200 quam
3425 2126 3578 2199 quod

1930 2217 2056 2289 ipse
2075 2218 2506 2290 protestabatur
2535 2217 2851 2272 continere.
2886 2218 3010 2281 Quo
3033 2216 3184 2271 facto
3229 2214 3487 2288 pontifex
3506 2213 3578 2283 ei,

1932 2304 2452 2378 salvojmetropolis
2473 2305 2834 2362 Turonensis
2852 2303 3176 2377 jure,pallii
3197 2304 3479 2359 honorem
3511 2319 3577 2360 ac

1933 2394 2454 2467 archiepiscopales
2485 2395 2756 2461 honores,
2788 2393 2941 2449 sicut
2977 2392 3289 2464 Gregorius
3319 2391 3578 2462 pontifex

1931 2485 2099 2541 Ireno
2117 2484 2351 2552 fecerat,
2387 2483 2650 2554 indulsit,
2681 2482 2835 2539 datis
2864 2499 2931 2538 ea
2974 2482 3045 2537 de
3062 2498 3122 2536 re
3141 2479 3370 2550 litteris,
3405 2496 3573 2552 quas,

1932 2574 2067 2630 licet
2095 2572 2319 2629 nullam
2351 2572 2606 2628 habeant
2643 2571 2978 2628 chronicam
3011 2573 3232 2639 notam,
3284 2586 3352 2625 ex
3384 2568 3458 2625 iis
3487 2572 3575 2626 ta-

1932 2681 2089 2731 men,
2144 2679 2269 2735 quae
2311 2679 2464 2719 anno
2519 2662 2789 2735 sequenti
2843 2661 2913 2716 de
2942 2662 3146 2716 eadem
3183 2657 3577 2716 controversia

1931 2754 2079 2810 datae
2102 2756 2262 2824 sunt,
2296 2757 2517 2809 certum
2551 2756 2640 2808 est
2656 2751 2727 2808 ad
2758 2751 2913 2806 hunc
2935 2766 3156 2807 annum
3191 2747 3446 2805 revocari
3477 2748 3576 2805 de-

1930 2844 2086 2899 bere.

2039 2946 2317 3003 CXXXVI.
2353 2947 2621 3018 Radulfus
2668 2949 2948 3018 episcopus
2972 2946 3242 3018 ,Turonem
3288 2951 3477 3002 contra

2360 3017 2633 3073 Dolenses.
2666 3017 2912 3073 Pallium
2931 3017 3153 3073 obtinet.

2005 3105 2203 3162 Adhuc
2223 3106 2281 3161 in
2313 3107 2606 3179 pontificis
2630 3106 2910 3163 comitatu
2929 3109 3053 3162 erat
3073 3103 3415 3176 Rollandus,
3448 3120 3584 3160 cum

163 3195 292 3251 inde
327 3211 546 3251 ansam
579 3191 901 3265 arriperent
929 3193 1398 3257 Cameracenses,
1443 3193 1545 3264 qui
1577 3191 1821 3247 Henrico
1933 3195 2220 3252 Radulfus
2252 3197 2556 3251 Turonum
2590 3194 3299 3268 archiepiscopus,contra
3327 3209 3462 3250 eum
3493 3193 3584 3248 in-

164 3283 510 3357 imperatori
547 3281 925 3340 schismatico
953 3281 1252 3353 parebant,
1281 3299 1313 3336 a
1345 3298 1453 3336 sua
1483 3285 1539 3336 et
1557 3280 1821 3336 Ecclesiae
1855 3269 1898 3337 C
1939 3287 2302 3341 tercessurus
2326 3285 2718 3339 Beneventum
2741 3284 2990 3350 advenit,
3024 3282 3126 3336 ubi
3156 3287 3297 3338 tunc
3329 3281 3588 3355 pontifex

166 3374 479 3430 Remensis
510 3371 840 3427 obedientia
870 3371 1204 3427 discedere:
1245 3387 1425 3442 quare
1457 3369 1664 3426 maluit
1693 3386 1822 3425 eam

169 3464 604 3520 ordinationem
631 3478 665 3516 a
694 3460 966 3533 pontifice
997 3477 1174 3532 quam
1218 3477 1251 3514 a
1282 3459 1490 3530 seipso
1520 3459 1821 3524 celebrari,

165 3559 227 3609 nt
254 3551 430 3609 nulla
462 3549 836 3623 querelarum
860 3549 1086 3606 occasio
1108 3550 1388 3605 adversus
1413 3565 1474 3604 se
1507 3552 1608 3602 aut
1637 3548 1826 3604 Eccle-

165 3643 310 3698 siam
344 3656 524 3697 suam
579 3639 1098 3696 Cameracensibus
1128 3638 1502 3710 prieberetur.
1539 3637 1662 3692 Huc
1695 3653 1826 3709 spe-

168 3735 326 3787 stant
359 3728 494 3784 aliis
525 3727 852 3800 peculiares
884 3729 1012 3799 ejus
1043 3728 1246 3783 litteris
1278 3727 1350 3782 ad
1383 3727 1738 3798 pontiﬁcem,
1758 3726 1830 3781 de

169 3821 348 3876 rebus
362 3817 903 3885 Cameracensibus,
920 3817 992 3872 ad
1013 3825 1161 3886 quas
1177 3814 1466 3883 Urbanus,
1488 3819 1552 3871 ut
1568 3815 1831 3870 dicemus

172 3925 340 3964 num.
363 3909 491 3971 145,
515 3905 835 3978 respondit.

205 3995 498 4053 CXXXIV.
510 3994 776 4050 Geminus
794 3996 856 4050 in
873 3995 1141 4066 episcopio
1155 3993 1506 4048 Ambianensi
1526 3993 1796 4063 ﬁrmatus.

248 4085 390 4141 Jam
423 4100 627 4155 supra,
665 4083 698 4156 §
741 4084 864 4151 104,
915 4083 1145 4155 egimus
1177 4084 1248 4138 de
1277 4082 1524 4138 Gervino
1564 4082 1836 4153 episcopo

179 4172 597 4237 Ambianensi,
656 4171 755 4242 qui
807 4171 881 4226 ab
927 4171 1160 4227 Urbano
1190 4170 1434 4241 insuper
1463 4170 1680 4227 habitis
1709 4171 1838 4242 ejus

184 4261 540 4318 aemulorum
583 4258 1076 4324 accusationibus,
1109 4260 1167 4314 in
1210 4259 1422 4314 throno
1463 4259 1838 4314 Ambianensi

185 4352 575 4406 conﬁrmatus
617 4348 746 4404 fuit.
778 4351 850 4404 At
870 4352 1070 4420 postea
1087 4366 1120 4404 a
1141 4348 1266 4404 suis
1286 4347 1499 4404 iterum
1513 4347 1842 4420 exagitatus

185 4440 527 4512 pontiﬁcem
582 4455 786 4494 rursus
831 4437 990 4493 adire
1023 4443 1258 4493 coactus
1294 4441 1403 4506 est,
1436 4454 1469 4492 a
1501 4453 1634 4508 quo,
1665 4436 1840 4493 etiam

181 4529 296 4585 hac
323 4528 454 4583 vice
485 4527 736 4601 benigne
769 4532 1064 4599 exceptus,
1109 4526 1398 4583 secundas
1439 4525 1664 4581 litteras
1696 4525 1843 4581 obti-

1932 3374 2293 3430 versabatur.
2338 3373 2523 3428 Multa
2567 3372 2645 3425 ibi
2697 3372 2976 3426 adversus
3024 3368 3308 3426 Dolenses
3340 3367 3584 3442 protulit

1933 3479 2128 3520 coram
2163 3462 2436 3536 pontifice
2483 3459 2787 3529 Radulfus,
2822 3463 2888 3518 ut
2917 3457 3182 3515 Ecclesia:
3205 3474 3327 3514 suae
3352 3459 3489 3530 jura
3517 3457 3577 3514 in

1933 3551 2236 3608 Dolensem
2285 3554 2339 3606 et
2389 3550 2534 3606 alias
2585 3548 2894 3604 Britanniae
2943 3546 3229 3604 Ecclesiae
3269 3545 3576 3614 stabiliret,

1935 3642 2151 3714 quibus
2166 3657 2296 3695 cum
2319 3639 2638 3695 Rollandus
2660 3637 2808 3694 nihil
2823 3637 2979 3694 aliud
3003 3637 3386 3711 responderet
3405 3651 3583 3709 quam

1937 3748 2000 3788 se
2022 3747 2126 3786 non
2171 3729 2444 3800 agendum
2473 3730 2700 3796 venisse,
2736 3727 3006 3800 quamvis
3045 3730 3276 3799 paratus
3303 3733 3437 3782 esset
3467 3741 3590 3782 cum

1938 3821 2201 3893 episcoms
2228 3819 2532 3890 provinciae
2551 3832 2670 3874 sua?
2713 3833 2952 3888 congruo
2976 3823 3213 3889 tempore
3252 3814 3592 3887 respondere,

1941 3909 2210 3965 Urbanus
2270 3923 2338 3963 ex
2381 3906 2635 3980 partium
2705 3921 2994 3962 consensu
3045 3909 3280 3976 tempus
3329 3903 3599 3976 utrisque

1944 3996 2247 4054 constituit
2271 3996 2340 4050 ad
2359 3995 2616 4049 medium
2637 3993 3104 4066 Quadragesimae
3126 3991 3449 4064 sequentis,
3483 4007 3598 4063 quo

1946 4102 2038 4141 res
2062 4084 2347 4140 ﬁniretur.
2386 4085 2512 4138 Haec
2566 4084 2693 4137 fuse
2739 4081 2915 4136 refert
2953 4080 3080 4152 ipse
3101 4079 3363 4152 pontifex
3384 4074 3445 4133 in
3468 4094 3602 4134 sen-

1947 4175 2130 4231 tentia
2148 4189 2326 4244 quam
2347 4173 2625 4228 adversus
2641 4169 2918 4226 Dolenses
2939 4181 3091 4226 anno
3115 4167 3407 4241 sequenti,
3432 4171 3500 4222 ut
3519 4166 3600 4222 ibi

1949 4262 2234 4330 dicemus,
2267 4260 2422 4316 tulit.

2025 4353 2099 4407 Eo
2130 4351 2187 4406 in
2221 4351 2426 4406 itinere
2450 4347 2696 4404 Radulfo
2731 4347 2994 4420 contigit,
3031 4348 3186 4420 quod
3209 4347 3281 4403 de
3301 4362 3367 4403 eo
3387 4345 3603 4420 legitur

1955 4442 2012 4496 in
2071 4440 2264 4496 Gestis
2312 4440 2716 4512 episcoporum
2764 4436 3194 4494 Turonensium
3227 4440 3284 4493 et
3321 4437 3600 4494 abbatum

1955 4528 2571 4602 Majoris-Monasterii.
2607 4528 2817 4582 Narrat
2835 4527 3047 4582 horum
3061 4526 3370 4583 Gestorum
3402 4529 3605 4588 auctor

187 4617 345 4682 nuit,
377 4617 534 4673 clero
564 4621 622 4672 et
643 4616 858 4690 populo
887 4615 1289 4706 Ambianensi,
1322 4615 1407 4670 uti
1427 4615 1642 4706 primae
1660 4619 1843 4682 erant,
1875 4641 1922 4706 D
1957 4618 2244 4676 Radulfus
2267 4618 2338 4672 ab
2363 4617 2592 4673 Urbano
2613 4614 2858 4706 pallium
2887 4614 3041 4706 quod
3063 4613 3226 4706 cuiae
3248 4614 3604 4706 postulabat,

187 4706 533 4778 inscriptas,
559 4705 774 4778 quibus
806 4705 1065 4778 praecipit
1088 4703 1337 4761 utillum
1370 4703 1677 4760 aSimonia
1707 4721 1843 4776 pur-

186 4800 394 4869 gatum
428 4811 532 4868 pro
561 4811 694 4851 vero
723 4798 779 4850 et
828 4794 1088 4867 legitimo
1137 4797 1372 4865 pastore
1416 4793 1840 4848 Ambianenses

184 4885 498 4940 haberent.
533 4883 688 4940 Data:
705 4888 846 4940 sunt
879 4881 1234 4940 xvKalenda-s
1248 4883 1498 4953 Augusti,
1534 4881 1644 4937 hoc
1664 4898 1837 4950 anno,

189 4973 244 5030 si
271 4973 425 5032 bene
455 4973 724 5045 conjicio,
757 4989 938 5044 quare
967 4989 1069 5029 eas
1099 4989 1133 5028 a
1153 4971 1226 5028 cl.
1259 4971 1380 5027 viro
1413 4971 1706 5043 Stephano
1738 4972 1840 5026 Ba-

185 5062 251 5119 ιι]
260 5063 352 5117 zio
370 5067 637 5135 acceptas
656 5064 866 5118 referet
879 5061 1312 5134 pontificiarum
1326 5059 1708 5132 epistolarum
1731 5061 1856 5117 colr

189 5152 402 5210 lector.

335 5241 586 5296 CXXXV.
611 5242 855 5298 Dolensis
878 5239 1423 5312 episcopus‘paltium
1451 5239 1726 5309 impetrat.

261 5329 433 5386 Circa
459 5329 727 5402 ejusdem
759 5328 1009 5396 anni,uti
1038 5329 1288 5397 videtur,
1323 5327 1582 5382 medium
1608 5328 1854 5384 accessit

190 5419 264 5474 ad
282 5418 588 5474 Urbanum
609 5418 930 5476 Rollandus
945 5417 1212 5474 Dolensis
1235 5417 1294 5472 in
1319 5415 1534 5472 minori
1554 5415 1855 5472 Britannia

189 5508 464 5576 antistes,
487 5509 785 5581 pontiﬁcis
797 5525 964 5580 opem
989 5508 1270 5563 adversus
1293 5505 1607 5561 Dolensem
1638 5506 1852 5578 princi-

189 5613 346 5671 pem,
378 5598 482 5669 qui
514 5597 644 5669 ejus
688 5596 956 5654 Ecclesiae
978 5597 1132 5652 bona
1163 5595 1476 5662 invaserat,
1507 5593 1854 5666 imploratu-

195 5705 334 5757 ms;
369 5693 500 5744 tum
521 5687 719 5757 etiam,
755 5692 820 5743 ut
845 5686 1113 5759 pallium,
1141 5685 1296 5758 quod
1330 5682 1601 5742 nonnulli
1636 5699 1705 5742 ex
1731 5687 1855 5744 suis

1956 4723 2260 4779 nunquam
2279 4706 2590 4778 impetrare
2611 4703 2895 4776 potuisse,
2926 4703 3067 4775 quin
3091 4702 3255 4777 prius
3272 4702 3346 4758 ab
3365 4702 3604 4760 infesta-

1955 4797 2112 4854 tione
2134 4795 2373 4866 Majoris
2397 4793 2730 4850 Monasterii
2781 4809 2845 4848 se
2874 4796 3268 4860 cessaturum,
3303 4790 3606 4865 privilegio

1951 4885 2213 4957 ejusdem
2263 4881 2372 4937 loci
2423 4895 2872 4946 consensurum,
2924 4882 2983 4934 et
3046 4878 3309 4950 pontifici
3361 4893 3603 4950 prorsus

1952 4973 2326 5031 obediturum
2351 4967 2951 5043 spopondisset.Quod
2975 4981 3109 5023 cum
3131 4982 3324 5023 coram
3338 4965 3605 5036 ejusdem

1951 5061 2295 5119 monasterii
2327 5059 2550 5131 aliquot
2590 5057 2918 5125 monachis,
2963 5055 3064 5128 qui
3097 5053 3316 5109 ibidem
3345 5052 3606 5119 aderant,

1957 5151 2346 5225 praestitisset,
2402 5146 2563 5220 pallii
2613 5146 2802 5202 honor
2833 5162 2866 5200 a
2896 5143 3172 5218 pontiﬁce
3211 5140 3466 5198 donatus
3496 5143 3606 5196 est.

1959 5241 2123 5297 Haud
2154 5244 2351 5295 tamen
2383 5236 2544 5292 stetit
2574 5233 2880 5306 promissis
2911 5231 3058 5299 suis,
3090 5245 3196 5285 nec
3222 5228 3448 5286 destitit
3476 5245 3609 5285 mo-

1959 5330 2181 5387 nachos
2211 5321 2820 5400 Majoris-Monasterii
2863 5319 3156 5395 persequi,
3209 5321 3274 5374 ut
3311 5317 3436 5376 suis
3464 5318 3608 5377 locis

1961 5421 2245 5476 dicemus.

2139 5503 2442 5562 CXXXVII.
2475 5502 2770 5559 Pausensis
2787 5500 3110 5556 monasterii
3137 5498 3428 5557 dedicatio.

2035 5595 2317 5669 Ughellus
2366 5598 2524 5650 tomo
2557 5592 2652 5648 VII
2699 5589 2873 5646 Italiae
2906 5607 3106 5659 sacrae,
3138 5591 3198 5646 in
3224 5588 3488 5663 catalogo
3518 5605 3610 5644 ar-

1966 5685 2469 5760 chiepiscoporum
2521 5680 3053 5738 Acheruntinorum
3098 5681 3171 5738 ad
3199 5679 3359 5736 hunc
3387 5692 3607 5735 annum
