4000 6178
339 355 464 429 ιιι

1636 357 1709 426 Β.
1754 357 2056 428 URBANI
2096 357 2156 426 ῙῙ
2192 358 2445 427 ΡΑΡιΕ.

3628 358 3776 467 ne

335 498 556 572 profert
583 499 767 573 vetus,
800 503 866 557 ut
910 496 1034 575 ipse
1064 503 1248 575 putat,
1283 499 1744 558 instrumentum
1776 498 1848 554 de
1876 498 1974 554 de-
2005 498 2063 566 Α
2090 496 2285 555 closiis
2344 498 2631 556 concessit
2682 496 2970 557 Urbanus.
3033 495 3228 554 Unum
3274 512 3341 554 ex
3380 496 3473 555 his
3511 502 3601 554 est
3638 517 3744 573 pro

337 586 631 647 dicatione
666 589 922 648 ecclesiae
993 590 1329 647 monasterii
1396 589 1606 644 Sancta
1675 588 1867 645 Maria?
1919 587 1984 643 de

335 679 536 747 Pauso,
558 680 862 749 uulgariter
880 682 1180 752 nuncupati
1202 682 1552 744 Deventuum,
1584 694 1759 749 quem
1790 676 1985 733 locum

335 767 463 841 ipse
488 768 767 840 pontifex,
806 770 856 825 si
886 770 1023 823 huic
1060 770 1448 823 instrumento
1481 766 1680 838 aliqua
1708 767 1787 823 sit
1816 766 1982 833 ﬁdes,

337 855 515 929 paulo
546 862 680 913 ante
710 861 1168 924 consecraverat,
1222 856 1572 928 magnisque
1604 853 1986 927 indulgentiis

339 945 758 1012 cumulaverat,
803 950 977 1017 atque
1025 947 1146 1002 haec
1196 946 1393 1001 omnia
1424 944 1771 1000 conﬁrmata
1803 944 1986 999 fuisse

340 1034 618 1089 dicuntur
637 1033 799 1089 bulla
839 1033 1157 1106 pontiﬁcia,
1192 1035 1301 1089 hoc
1337 1048 1641 1089 annoxvm
1668 1031 1791 1087 Kal.
1817 1032 1985 1087 Octo-

340 1122 464 1177 bris
496 1122 649 1195 apud
671 1122 977 1179 Salernum
1002 1124 1155 1179 data.
1191 1124 1301 1178 Sed
1329 1122 1470 1186 haec,
1503 1127 1567 1176 ut
1581 1122 1707 1193 jam
1731 1120 1986 1176 diximus

341 1210 415 1267 ad
447 1227 669 1267 annum
696 1212 850 1278 1088,
900 1211 1125 1267 nullius
1156 1217 1295 1267 sunt
1338 1209 1720 1281 auctoritatis,
1756 1226 1882 1281 quae
1913 1210 1985 1263 ob

342 1299 402 1355 id
435 1299 627 1356 solum
648 1300 743 1356 hic
766 1317 1164 1357 memoramus
1181 1306 1247 1356 ut
1277 1300 1421 1356 nulli
1448 1300 1643 1355 fucum
1678 1299 1912 1354 faciant.

342 1388 676 1446 CXXXVIII.
726 1391 973 1447 Urbanus
1014 1392 1264 1463 collectas
1306 1393 1430 1462 ﬁeri
1468 1398 1623 1459 rogat
1683 1388 1984 1444 Concilium

960 1463 1373 1531 Burdigalense.

416 1550 582 1607 Circa
609 1550 729 1607 hac
757 1554 1023 1624 tempora
1069 1568 1203 1607 cum
1261 1550 1667 1623 recuperandae
1716 1550 1986 1604 Romane

344 1639 511 1696 urbis
560 1657 695 1712 spes
742 1640 940 1713 aliqua
961 1640 1287 1713 effulgeret,
1321 1640 1476 1712 quod
1509 1638 1817 1711 sanguinis
1844 1637 1987 1692 cffu-

344 1727 510 1784 sione
521 1744 825 1800 nunquam
842 1730 965 1785 ﬁeri
989 1728 1254 1785 voluerat
1270 1727 1788 1784 mansuetissimus
1804 1724 1991 1797 ponti-

342 1816 502 1885 tifex,
536 1817 784 1889 pecunia
827 1822 884 1873 et
905 1818 1249 1873 muneribus
1276 1818 1333 1872 id
1367 1834 1430 1873 se
1459 1815 1695 1888 assequi
1726 1831 1896 1887 posse
1928 1814 1986 1867 in

344 1905 609 1961 animum
627 1906 875 1962 induxit.
908 1908 1093 1973 Quare
1111 1905 1346 1978 scriptis
1369 1906 1426 1959 in
1444 1904 1635 1960 varias
1659 1902 1987 1976 provincias

342 1992 555 2050 litteris
596 1994 899 2067 episcopos
949 1999 1007 2051 et
1052 1993 1592 2063 abbatesinvitavit,
1627 1998 1692 2048 ut
1712 1993 1986 2049 Romanae

342 2081 613 2149 Ecclesiae
641 2082 765 2139 suis
786 2083 955 2139 bonis
985 2100 1053 2139 ea
1082 2083 1385 2140 occasione
1416 2083 1717 2155 suppetias
1759 2081 1988 2153 aliquas

342 2170 492 2227 ferre
512 2188 629 2227 non
662 2173 1005 2229 abnuerent.
1033 2173 1208 2228 Binas
1232 2189 1299 2229 ea
1319 2173 1390 2228 de
1412 2189 1472 2227 re
1502 2171 1779 2244 epistolas
1810 2170 1987 2225 habe-

343 2274 500 2329 mus,
534 2276 783 2333 quarum
807 2262 966 2334 prior
984 2261 1076 2317 die
1096 2279 1153 2317 IV
1176 2262 1371 2318 Nonas
1400 2260 1741 2316 Novembris
1771 2264 1827 2315 et
1858 2259 1988 2330 qui-

345 2347 479 2404 dem
509 2349 619 2406 hoc
676 2367 851 2418 anno,
900 2354 964 2406 ut
1014 2352 1221 2423 probat
1268 2366 1461 2405 rerum
1501 2348 1701 2417 series,
1735 2349 1871 2403 data
1899 2352 1989 2404 est

343 2439 607 2510 episcopis
648 2447 700 2496 et
743 2441 1028 2496 abbatibus
1069 2456 1169 2512 per
1212 2440 1585 2512 Aquitaniam,
1631 2438 1991 2494 Guasconiam

344 2535 396 2582 et
439 2518 759 2599 inferiorem
804 2529 1184 2601 Burgundiam
1223 2530 1569 2589 constitutis;
1620 2525 1805 2582 altera
1855 2543 1987 2581 vero

343 2613 643 2688 Raynaldo
694 2616 890 2671 abbati
940 2618 1136 2673 Sancti
1172 2617 1441 2689 Cypriani
1491 2632 1667 2687 prope
1698 2615 1983 2681 Pictavos,

342 2718 521 2775 quem
565 2703 825 2776 pontifex
877 2706 949 2759 ad
998 2706 1288 2774 ejusmodi
1320 2704 1599 2777 pecunias
1631 2703 1987 2775 colligendas

342 2808 479 2847 cum
522 2792 794 2849 Gervasio
835 2793 1030 2848 Sancti
1082 2793 1272 2848 Savini
1325 2794 1535 2848 abbate
1573 2792 1981 2849 destinaverat.

340 2880 508 2937 Forte
522 2880 624 2953 buj
635 2897 702 2937 us
727 2880 1084 2937 collectionis
1105 2881 1407 2937 occasione
1436 2880 1701 2937 habitum
1732 2884 1823 2938 est
1847 2898 1984 2936 con-

340 2967 542 3025 cilium
570 2969 894 3042 Burdigalaa
918 2970 990 3025 ab
1002 2972 1228 3038 Amato,
1246 2970 1511 3041 ejusdem
1525 2970 1689 3025 urbis
1703 2969 1985 3041 archiepi-

340 3073 515 3129 scopo
540 3061 599 3115 et
626 3057 956 3131 apostolicae
1006 3059 1164 3115 sedis
1210 3058 1424 3132 legato,
1467 3062 1867 3127 convocatum,
1912 3058 1984 3115 de

341 3163 457 3220 quo
488 3147 547 3202 in
579 3147 865 3204 Chronico
897 3146 1261 3203 Malleacensi
1292 3148 1573 3221 leguntur
1602 3147 1724 3203 haec
1761 3148 1938 3203 verba
1966 3166 1979 3203 :

342 3237 497 3293 Anno
527 3237 732 3292 1093...
766 3238 1064 3293 concilium
1110 3236 1409 3307 Burdigala
1453 3238 1581 3306 fuit.
1616 3235 1789 3291 Plura
1820 3237 1890 3292 de
1922 3252 1986 3292 eo
2018 3239 2061 3306 ρ

343 3323 588 3381 concilio
609 3325 920 3390 habentur,
953 3326 1012 3380 in
1034 3325 1333 3381 Chartario
1376 3324 1576 3380 Sancti
1598 3325 1751 3381 Petri
1775 3325 1845 3379 de
1880 3325 1990 3380 Re-

346 3414 503 3488 gula,
539 3414 596 3469 in
629 3431 744 3487 quo
775 3414 1080 3471 exhibetur
1109 3414 1569 3470 instrumentum
1603 3413 1990 3469 restitutionis

347 3504 581 3560 ccenobii
628 3504 814 3559 Sancti
861 3505 1111 3575 Caprasii
1156 3504 1414 3558 Pontonis
1461 3503 1814 3558 monasterio
1858 3501 1990 3557 Flo-

335 3591 606 3661 riacensi,
657 3609 692 3647 a
743 3609 858 3665 quo
893 3591 1217 3664 Regulense
1247 3591 1480 3663 pendet,
1514 3590 1571 3644 in
1604 3590 1713 3645 hoc
1745 3590 1987 3647 consilio

333 3681 500 3737 facta:
518 3697 620 3754 per
640 3681 1001 3736 Bernardum
1035 3680 1374 3752 episcopum
1402 3681 1756 3751 Aquensem,
1781 3684 1987 3751 agente

333 3769 573 3842 Osgerio
595 3769 806 3843 priore.
828 3768 1175 3842 Complures
1196 3768 1500 3841 episcopos
1523 3768 1828 3825 etabbates
1849 3768 1985 3824 huic

330 3857 573 3917 concilio
623 3857 959 3914 interfuisse
1009 3874 1078 3913 ex
1128 3857 1238 3913 hac
1268 3857 1470 3913 charta
1500 3856 1814 3925 discimus;
1847 3857 1984 3913 huic

298 3966 301 3973 '
329 3947 546 4021 quippe
572 3946 973 4021 subscripsere
994 3948 1241 4002 Amatus
1270 3945 1747 4018 archiepiscopus
1776 3945 1981 4001 Burdi-

324 4027 468 4111 gala:
496 4040 554 4093 et
584 4036 740 4094 sedis
789 4035 1122 4110 apostolicae
1168 4035 1439 4102 vicarius,
1482 4034 1815 4091 Willelmus
1844 4035 1980 4090 Ber-

325 4127 496 4185 nardi
553 4125 864 4184 Auxiensis
906 4145 918 4193 ;
971 4124 1250 4198 episcopi,
1303 4123 1503 4179 Simon
1546 4124 1787 4197 Agenni,
1832 4123 1977 4195 Rey-

326 4214 542 4272 naldus
587 4213 984 4286 Petragoricze,
1035 4213 1361 4269 Ademarus
1432 4212 1757 4285 Egolismzr,
1812 4212 1975 4267 Hodo

324 4305 593 4377 Bigorraa,
640 4303 942 4359 Berandus
990 4305 1417 4369 Convenarum,
1478 4302 1683 4356 Petrus
1744 4301 1974 4369 Adurae,

325 4392 623 4466 Stphanus
666 4390 951 4447 Vasatum
1002 4394 1059 4445 et
1108 4390 1439 4446 Bernardus
1468 4389 1779 4461 Aquensis.
1825 4388 1974 4453 Quid

270 4500 277 4503 ·
322 4496 459 4536 vero
495 4497 564 4535 ex
581 4479 675 4535 his
711 4478 970 4535 collectis
1017 4479 1321 4551 profecerit
1371 4478 1659 4545 Urbanus,
1701 4494 1816 4533 non
1847 4481 1969 4533 tra-

2095 589 2451 645 monasterio
2476 605 2620 646 novo
2642 587 3010 657 Pictaviensi,
3027 606 3142 662 quo
3163 585 3533 661 privilegium
3554 587 3744 647 eidem

2092 675 2216 732 loco
2265 694 2298 733 a
2347 678 2623 751 Gregorio
2662 679 2784 743 VII,
2813 678 3109 734 indultum
3140 678 3524 735 conﬁrmatur
3565 678 3765 736 simul

2095 782 2228 821 cum
2246 765 2492 823 ecclesia
2526 768 2716 823 Sancti
2744 767 2983 835 Nicolai,
3011 784 3160 839 quas,
3190 766 3379 839 pulsis
3414 768 3622 824 exinde
3648 785 3744 825 ca-

2094 855 2322 911 nonicis
2381 856 2531 912 male
2585 857 2935 923 viventibus,
2998 858 3055 912 in
3107 856 3353 913 consilio
3401 856 3741 929 provinciali

2093 943 2282 999 eidem
2314 947 2669 1001 monasterio
2719 947 2911 1001 fuerat
2967 946 3267 1002 attributa.
3330 946 3458 1001 Haec
3483 946 3647 1002 bulla
3674 964 3745 1003 ex

2095 1033 2328 1089 archivo
2382 1035 2648 1105 ejusdem
2691 1034 2799 1089 loci
2859 1034 3176 1107 descripta,
3236 1034 3374 1090 data
3413 1038 3502 1090 est
3528 1035 3622 1091 die
3650 1053 3745 1091 xv:

2095 1120 2486 1178 Kalendarum
2524 1122 2962 1189 Novembrium,
2996 1123 3295 1196 Ceperani,
3329 1123 3427 1195 qui
3456 1123 3621 1180 locus
3653 1128 3745 1181 est

2095 1209 2153 1264 in
2178 1209 2313 1265 latio
2340 1211 2624 1268 dioecoesis
2664 1211 2967 1267 Verulana:
2989 1212 3062 1267 ad
3105 1211 3299 1284 Lyrim
3345 1210 3610 1267 fluvium.
3641 1214 3742 1266 Ce-

2095 1315 2311 1370 perano
2334 1300 2636 1371 digressus
2658 1300 2913 1372 pontifex
2936 1301 3262 1373 Anagniam
3290 1299 3573 1366 venit,ubi
3602 1317 3737 1355 cum

2096 1387 2335 1458 aliquod
2375 1392 2607 1461 tempus
2633 1389 2823 1461 egisse
2856 1405 2925 1444 ex
2943 1388 3119 1445 variis
3138 1387 3557 1461 diplomatibus
3571 1388 3740 1445 colli-

2095 1476 2309 1548 gimus.
2343 1477 2605 1533 Primum
2637 1494 2707 1533 ex
2726 1478 2820 1534 his
2840 1478 3058 1534 datum
3081 1482 3170 1533 est
3197 1476 3256 1532 in
3285 1477 3529 1550 gratiam
3564 1495 3743 1533 cano-

2096 1564 2358 1620 nicorum
2391 1565 2746 1638 regularium
2781 1567 2977 1623 Sancti
3007 1565 3267 1632 Quintini
3331 1582 3507 1638 prope
3556 1566 3741 1623 Bello-

2094 1670 2325 1721 vacum,
2375 1654 2468 1710 die
2513 1673 2573 1711 ιιι
2628 1656 2763 1711 Idus
2811 1654 3152 1711 Novembris
3199 1674 3211 1723 ;
3268 1654 3518 1710 alterum
3551 1653 3643 1710 die
3672 1657 3745 1710 2O

2094 1743 2360 1816 ejusdem
2411 1744 2632 1800 mensis
2681 1761 2785 1815 pro
2819 1744 3173 1800 monasterio
3205 1742 3577 1816 Burguliensi
3606 1744 3745 1800 dice-

2097 1832 2246 1887 ccsis
2274 1832 2731 1904 Andegavensis,
2763 1833 2857 1889 cui
2893 1832 3019 1887 loco
3052 1836 3192 1888 tunc
3225 1836 3469 1905 praeerat
3498 1832 3743 1889 celebris

2098 1918 2629 1993 Baldricus,postea
2658 1920 2922 1978 Dolensis
2952 1921 3225 1989 antistes;
3286 1921 3522 1977 tertium
3557 1921 3744 1995 Roge-
3836 1912 3845 1925 ’

2098 2006 2185 2062 rio
2243 2012 2619 2080 Syracusana:
2666 2009 2932 2065 Ecclesia:
2984 2009 3044 2065 in
3102 2008 3300 2065 Sicilia
3350 2009 3622 2083 episcopo
3653 2011 3745 2065 in-

2099 2097 2405 2169 scriptum,
2426 2100 2519 2153 cui
2542 2116 2576 2154 a
2597 2115 2656 2154 se
2674 2115 2876 2155 recens
2900 2102 3235 2155 consecrato
3255 2098 3527 2155 Urbanus
3545 2100 3746 2155 omnia

2098 2185 2337 2241 omnino
2367 2186 2676 2241 conﬁrmat
2723 2202 2849 2258 quae
2903 2184 3185 2257 Rogerius
3243 2200 3440 2241 comes
3478 2185 3743 2241 Ecclesia

2097 2272 2474 2346 Syracusanae
2506 2273 2849 2330 contulerat.
2910 2275 3083 2329 Error
3138 2274 3371 2345 irrepsit
3413 2274 3568 2346 apud
3600 2275 3744 2331 Roc-
3792 2324 3793 2327 η

2099 2362 2276 2417 chum
2293 2363 2579 2435 Pyrrhum
2607 2363 2661 2417 in
2680 2361 2879 2418 Sicilia
2898 2378 3085 2428 sacra,
3118 2361 3218 2417 ubi
3268 2361 3387 2417 haec
3431 2362 3590 2419 bulla
3609 2364 3747 2419 data

2098 2451 2313 2506 dicitur
2354 2451 2667 2507 indictione
2716 2469 2820 2519 xv;
2861 2468 2999 2507 nam
3026 2454 3241 2507 caetera
3274 2455 3424 2506 notae
3455 2451 3742 2509 chronica)

2097 2540 2367 2611 praesenti
2382 2557 2556 2608 anno,
2584 2558 2760 2613 quem
2784 2541 3001 2596 diserte
3022 2540 3471 2611 reipsaindicat,
3504 2541 3742 2599 omnino

2097 2628 2467 2685 conveniunt.
2505 2630 2571 2684 Et
2616 2629 2854 2701 quidem
2889 2628 3172 2701 Rogerius
3203 2632 3341 2684 tunc
3368 2630 3427 2683 in
3449 2635 3743 2702 conquestu
3774 2684 3779 2689 .

2060 2717 2302 2773 ’Sicilia’
2322 2720 2647 2790 episcopales
2684 2719 2937 2773 ecclesias
2956 2718 3252 2785 ordinavit,
3286 2720 3351 2772 ut
3369 2716 3469 2773 ille
3497 2718 3743 2790 ipsemet

2093 2810 2346 2861 testatur
2370 2807 2427 2861 in
2452 2807 2681 2862 duabus
2703 2806 2926 2862 chartis
2972 2806 3239 2878 ejusdem
3269 2804 3516 2874 anni,ab
3537 2808 3739 2863 eodem

2094 2895 2323 2952 Roccho
2354 2896 2531 2969 Pyrro
2585 2896 2806 2965 relatis,
2858 2911 3111 2968 quarum
3162 2911 3282 2950 una
3336 2912 3440 2967 pro
3487 2896 3743 2953 Ecclesia

2090 2984 2490 3057 Agrigentina,
2523 2985 2705 3042 altera
2732 3002 2835 3058 pro
2868 2983 3124 3041 Ecclesia
3145 2983 3512 3051 Mazaricnsi,
3538 3001 3739 3042 mense

2094 3073 2325 3130 Octobri
2352 3074 2631 3130 datatuit.

2100 3180 2253 3236 CXL.
2289 3181 2598 3238 Christiani
2644 3183 2707 3236 in
2747 3182 3013 3253 Hispania
3038 3182 3362 3253 praevalent.
3405 3182 3741 3252 Rescriptum

2592 3269 2695 3324 pro
2717 3252 2912 3309 Sancto
2926 3252 3244 3309 Saturnino.

2172 3359 2333 3425 Quod
2389 3359 2670 3433 Rogerius
2700 3360 2758 3415 in
2790 3360 3011 3428 Sicilia,
3041 3360 3151 3416 hoc
3181 3360 3376 3432 ipsum
3406 3357 3550 3415 varii
3582 3358 3741 3431 prin-
3796 3396 3801 3399 -

2102 3448 2258 3521 cipes
2288 3447 2598 3505 Christiani
2631 3450 2785 3522 apud
2830 3448 3142 3522 Hispanias
3182 3449 3243 3505 in
3288 3448 3585 3505 catholica;
3618 3445 3747 3504 reli-

2098 3537 2291 3608 gionis
2337 3543 2720 3610 augmentum
2766 3538 3140 3610 praestabant,
3188 3552 3255 3592 eo
3287 3535 3511 3591 scilicet
3538 3536 3747 3593 intenti

2099 3629 2182 3691 ut,
2215 3627 2433 3681 Mauris
2463 3626 2676 3699 pulsis,
2709 3626 2887 3683 simul
2931 3642 3063 3681 cum
3092 3641 3269 3697 regno
3309 3628 3537 3681 terreno
3567 3624 3745 3681 etiam

2096 3714 2306 3770 Christi
2331 3715 2644 3787 imperium
2668 3716 2725 3769 in
2750 3714 2842 3771 his
2859 3714 3197 3787 regionibus
3226 3712 3742 3785 redintegraretur.

2093 3803 2281 3859 Testis
2302 3807 2392 3858 est
2433 3804 2562 3874 ejus
2589 3803 2669 3858 rei
2706 3802 2986 3875 locuples,
3022 3800 3327 3858 Bertoldus
3352 3801 3422 3857 ad
3457 3800 3616 3858 hunc
3647 3819 3746 3858 an-
3798 3838 3805 3845 ς

2094 3908 2257 3957 num,
2281 3894 2377 3963 qui
2395 3892 2588 3948 scribit
2612 3891 3018 3959 Aldefonsum,
3052 3906 3245 3963 regem
3290 3890 3549 3947 Castellae
3580 3894 3636 3947 et
3665 3890 3743 3947 le-
3798 3928 3803 3931 -

2090 3979 2300 4053 gionis,
2336 3997 2511 4052 quem
2558 3978 2655 4036 ille
2705 3987 2909 4037 auctor
2958 3980 3332 4036 Cluniacensis
3372 3980 3584 4035 abbatis
3614 3981 3742 4036 obe-

2087 4069 2448 4124 dientiarium
2499 4069 2773 4142 appellat,
2819 4069 3067 4143 paganis
3098 4084 3251 4140 saepe
3310 4067 3618 4140 prostratis
3684 4073 3742 4125 et

2086 4157 2322 4229 fugatis,
2356 4156 2575 4213 multas
2604 4157 2903 4225 ecclesias,
2929 4173 3057 4229 quae
3087 4157 3160 4213 ab
3192 4155 3310 4212 illis
3342 4156 3609 4213 barbaris
3640 4157 3739 4213 de-

2086 4250 2321 4302 structae
2353 4247 2601 4315 fuerant,
2660 4246 2748 4302 his
2803 4246 3135 4318 temporibus
3193 4261 3519 4318 reparasse.
3571 4246 3738 4302 Haud

2085 4335 2297 4390 minori
2319 4335 2515 4391 animo
2540 4336 2749 4409 agebat
2770 4335 2830 4391 in
2858 4335 3094 4391 Mauros
3123 4334 3371 4391 Saucius
3401 4336 3738 4406 Aragonen-

2084 4422 2237 4479 sium
2283 4441 2400 4491 rex,
2434 4440 2611 4496 quem
2644 4424 2913 4481 Urbanus
2956 4425 3014 4479 in
3047 4423 3329 4496 rescripto
3360 4423 3431 4479 ad
3464 4423 3736 4479 abbatem

2081 4512 2278 4568 Sancti
2293 4514 2543 4570 Joannis
2560 4514 2632 4570 de
2653 4514 2869 4584 Penna,
2892 4514 3280 4569 charissimam
3295 4513 3538 4568 amicum
3558 4529 3734 4569 suum

325 4569 474 4625 dunt
492 4571 778 4636 auctores,
812 4567 927 4624 nisi
968 4567 1083 4623 huc
1127 4568 1428 4634 referatur,
1462 4567 1617 4639 quod
1652 4566 1760 4622 sub
1794 4567 1970 4623 ﬁnem

324 4657 503 4730 hujus
533 4657 671 4715 anni
700 4656 945 4713 Romam
993 4656 1297 4729 ingressus
1344 4660 1454 4722 est,
1504 4658 1571 4711 ut
1598 4672 1733 4711 mox
1762 4656 1973 4711 dicturi

321 4763 558 4816 sumus;
578 4748 635 4803 et
654 4746 807 4820 quod
837 4745 1133 4813 Gofridus,
1167 4745 1275 4801 hoc
1306 4744 1434 4817 ipso
1478 4762 1631 4800 anno
1665 4744 1971 4801 institutus

321 4836 505 4893 abbas
541 4834 873 4905 Vindocini,
926 4836 1027 4908 qui
1073 4834 1467 4907 quatriduana
1509 4834 1668 4889 febre
1698 4834 1972 4891 detentus

321 4926 584 4982 nondum
601 4926 874 4984 accedere
900 4924 973 4981 ad
996 4922 1331 4995 pontificem
1350 4926 1638 4995 potuerat,
1655 4929 1711 4978 ut
1746 4940 1814 4979 ex
1843 4924 1971 4994 ejus

318 5012 567 5087 epistola
586 5017 637 5084 1,
669 5014 773 5070 lib.
798 5032 816 5069 1
838 5013 910 5069 ad
928 5012 1127 5085 ipsum
1170 5011 1471 5069 Urbanum
1511 5014 1646 5069 data
1667 5016 1844 5084 patet,
1877 5012 1971 5067 his

320 5100 551 5172 litteris,
586 5107 651 5160 ut
687 5103 916 5160 videtur
957 5099 1242 5157 excitatus
1274 5101 1385 5155 sub
1415 5100 1594 5171 hujus
1620 5101 1757 5157 anni
1793 5101 1971 5156 ﬁnem

320 5194 422 5248 aut
447 5191 615 5246 initio
666 5188 964 5263 sequentis
1013 5206 1146 5245 cum
1195 5205 1408 5261 magna
1435 5190 1692 5260 pecuniae
1735 5205 1971 5244 summa

322 5279 570 5336 Romam
601 5279 917 5347 advenerit,
971 5277 1251 5350 pontifici,
1285 5281 1351 5333 ut
1398 5277 1660 5333 dicemus
1694 5294 1843 5333 anno
1877 5295 1969 5334 se-

321 5367 545 5439 quenti,
579 5382 793 5438 magno
813 5368 1153 5439 adjumento
1182 5366 1434 5421 futurus.

322 5454 600 5528 CXXXIX.
630 5456 968 5528 APrivilegia
1028 5472 1130 5528 pro
1181 5456 1528 5511 monasteriis
1592 5471 1743 5528 novo,
1784 5456 1966 5511 Picta-
2151 5508 2311 5528 "ml
2356 5454 2756 5528 ςεξςξίςςςίῖ

390 5508 1077 5597 ieci,'s.;amaanz'
1104 5508 1972 5597 iniciatis;negatam
2150 5508 2314 5564 Πειυά
2346 5508 2620 5567 dissimili
2651 5512 2873 5568 ratione
2930 5514 3001 5570 ad
3034 5513 3190 5569 hunc
3223 5529 3456 5586 quoque
3504 5529 3729 5569 annum
3800 5518 3808 5529 '

391 5597 629 5653 Ecclesia
668 5596 1032 5668 Syracusana.
1654 5596 1663 5597 7
2077 5598 2332 5654 revocari
2353 5602 2543 5671 potest
2556 5599 2863 5657 decretalis
2885 5600 3103 5659 Urbani
3124 5602 3369 5675 epistola
3387 5603 3459 5658 ad
3475 5602 3732 5659 Domini-

390 5684 681 5742 Nonnulla
702 5684 1000 5759 privilegia
1019 5686 1127 5743 hoc
1151 5704 1301 5745 anno
1328 5686 1559 5745 labente
1584 5686 1826 5744 diversis
1857 5687 1967 5744 Ec-
2079 5700 2213 5743 cum
2240 5687 2597 5748 Gradensem
2622 5690 3038 5763 patriarcham,
3071 5693 3135 5749 de
3155 5691 3507 5748 excludendis
3537 5708 3571 5747 a
3598 5704 3726 5746 διιο-
3788 5704 3799 5711 ’

2001 4605 2047 4671 1)
2078 4600 2353 4674 appellat.
2409 4602 2531 4667 Quo
2581 4607 2776 4660 autem
2820 4608 3079 4677 tempore
3138 4602 3340 4657 datum
3400 4601 3578 4657 fuerit
3624 4601 3736 4658 hoc

2082 4690 2435 4763 rescriptum
2448 4691 2604 4747 haud
2629 4691 2815 4765 liquet
2840 4710 2852 4760 ;
2878 4696 2936 4747 at
2956 4708 3090 4748 cum
3112 4707 3267 4747 anno
3286 4690 3557 4763 sequenti
3587 4690 3739 4747 San-

2082 4780 2209 4837 cius
2229 4797 2346 4848 rex,
2382 4798 2556 4853 quem
2583 4780 2853 4837 Urbanus
2883 4781 2940 4835 in
2963 4797 3030 4838 co
3062 4781 3277 4852 scripto
3295 4778 3518 4836 salvere
3540 4781 3733 4852 jubet,

2080 4867 2247 4925 initio
2274 4870 2496 4926 mensis
2538 4869 2700 4926 Junii
2750 4870 3087 4927 occubuerit
3116 4870 3177 4925 in
3199 4870 3357 4926 Osca:
3389 4868 3556 4925 urbis
3582 4869 3736 4926 obsi-

2081 4957 2273 5027 dione,
2305 4958 2398 5014 vix
2428 4959 2585 5015 ultra
2614 4963 2965 5033 praesentem
3012 4975 3235 5016 annum
3268 4962 3462 5031 potest
3490 4957 3730 5014 ditferri.

2083 5046 2143 5103 In
2200 5064 2266 5103 eo
2310 5050 2582 5105 abbatem
2643 5050 2998 5106 Pinnensem
3046 5048 3420 5122 reprehendit
3450 5049 3728 5122 pontifex,

2081 5138 2235 5207 quod
2286 5138 2545 5195 decimas
2589 5138 2844 5195 ecclesia:
2873 5138 3067 5194 Sancti
3112 5137 3413 5195 Saturnini
3462 5136 3732 5194 Tolosani
3793 5172 3801 5176 -

2080 5226 2379 5283 canonicis
2396 5228 2621 5283 debitas
2652 5227 2982 5284 invasisset.

2187 5332 2705 5417 CXngbecretalis
2748 5333 3203 5417 adpominicuni
3243 5335 3626 5417 patriarcha»:

2362 5404 2707 5460 Gradensem.
2739 5406 3107 5476 Privilegium
3134 5404 3442 5463 Lirinense.
