  <div class='ocr_page' id='page_1' title='image "/cluster/home/n/w/nwhite01/storage/ocr_20150623/151/hvd.32044054760095/064.png"; bbox 0 0 4000 6178; ppageno 0'>
   <div class='ocr_carea' id='block_1_1' title="bbox 176 321 315 393">
    <p class='ocr_par' dir='ltr' id='par_1_1' title="bbox 176 321 315 393">
     <span class='ocr_line' id='line_1_1' title="bbox 176 321 315 393; baseline 0.014 -2"><span class='ocrx_word' id='word_1_1' title='bbox 176 321 315 393; x_wconf 63' lang='grc' dir='ltr'><strong>ιη</strong></span> 
     </span>
    </p>
   </div>
   <div class='ocr_carea' id='block_1_2' title="bbox 1736 328 2006 402">
    <p class='ocr_par' dir='ltr' id='par_1_2' title="bbox 1736 328 2006 402">
     <span class='ocr_line' id='line_1_2' title="bbox 1736 328 2006 402; baseline 0.026 -9"><span class='ocrx_word' id='word_1_2' title='bbox 1736 384 1745 393; x_wconf 91' lang='grc'>.</span> <span class='ocrx_word' id='word_1_3' title='bbox 1787 328 2006 402; x_wconf 70' lang='grc' dir='ltr'><strong>νιειιΑ.</strong></span> 
     </span>
    </p>
   </div>
   <div class='ocr_carea' id='block_1_3' title="bbox 3479 324 3633 401">
    <p class='ocr_par' dir='ltr' id='par_1_3' title="bbox 3479 324 3633 401">
     <span class='ocr_line' id='line_1_3' title="bbox 3479 324 3633 401; baseline -0.058 1"><span class='ocrx_word' id='word_1_4' title='bbox 3479 324 3633 401; x_wconf 70' lang='lat' dir='ltr'><strong>H8.</strong></span> 
     </span>
    </p>
   </div>
   <div class='ocr_carea' id='block_1_4' title="bbox 177 460 3592 548">
    <p class='ocr_par' dir='ltr' id='par_1_4' title="bbox 177 460 3592 548">
     <span class='ocr_line' id='line_1_4' title="bbox 177 460 3592 548; baseline 0.003 -29"><span class='ocrx_word' id='word_1_5' title='bbox 177 460 608 535; x_wconf 71' lang='lat' dir='ltr'><strong>mgmduum</strong></span> <span class='ocrx_word' id='word_1_6' title='bbox 636 462 902 538; x_wconf 76' lang='lat' dir='ltr'><strong>dignitate</strong></span> <span class='ocrx_word' id='word_1_7' title='bbox 924 461 1270 526; x_wconf 77' lang='lat' dir='ltr'><strong>subdiaconis</strong></span> <span class='ocrx_word' id='word_1_8' title='bbox 1296 469 1351 526; x_wconf 84' lang='lat' dir='ltr'><strong>si</strong></span> <span class='ocrx_word' id='word_1_9' title='bbox 1368 468 1703 528; x_wconf 78' lang='lat' dir='ltr'><strong>continentes</strong></span> <span class='ocrx_word' id='word_1_10' title='bbox 1725 486 1837 527; x_wconf 81' lang='lat' dir='ltr'><strong>esse</strong></span> <span class='ocrx_word' id='word_1_11' title='bbox 1863 472 1920 538; x_wconf 81' lang='grc' dir='ltr'><strong>Α</strong></span> <span class='ocrx_word' id='word_1_12' title='bbox 1949 489 2017 528; x_wconf 83' lang='lat' dir='ltr'><strong>ex</strong></span> <span class='ocrx_word' id='word_1_13' title='bbox 2068 467 2336 528; x_wconf 89' lang='lat' dir='ltr'><strong>Bertoldo</strong></span> <span class='ocrx_word' id='word_1_14' title='bbox 2386 474 2621 530; x_wconf 82' lang='lat' dir='ltr'><strong>auctore</strong></span> <span class='ocrx_word' id='word_1_15' title='bbox 2668 470 2878 548; x_wconf 83' lang='lat' dir='ltr'><strong>aequali</strong></span> <span class='ocrx_word' id='word_1_16' title='bbox 2927 474 2984 532; x_wconf 88' lang='lat' dir='ltr'><strong>et</strong></span> <span class='ocrx_word' id='word_1_17' title='bbox 3028 471 3294 532; x_wconf 87' lang='lat' dir='ltr'><strong>accurato</strong></span> <span class='ocrx_word' id='word_1_18' title='bbox 3344 472 3592 541; x_wconf 81' lang='lat' dir='ltr'><strong>constat,</strong></span> 
     </span>
    </p>
   </div>
   <div class='ocr_carea' id='block_1_5' title="bbox 183 552 1849 632">
    <p class='ocr_par' dir='ltr' id='par_1_5' title="bbox 183 552 1849 632">
     <span class='ocr_line' id='line_1_5' title="bbox 183 552 1849 632; baseline 0.003 -23"><span class='ocrx_word' id='word_1_19' title='bbox 183 552 558 627; x_wconf 58' lang='lat' dir='ltr'><strong>noluntﬁjus</strong></span> <span class='ocrx_word' id='word_1_20' title='bbox 588 554 846 628; x_wconf 64' lang='lat' dir='ltr'><strong>epistola</strong></span> <span class='ocrx_word' id='word_1_21' title='bbox 876 557 1274 632; x_wconf 76' lang='lat' dir='ltr'><strong>fragmentum</strong></span> <span class='ocrx_word' id='word_1_22' title='bbox 1305 559 1619 617; x_wconf 82' lang='lat' dir='ltr'><strong>Gratianus</strong></span> <span class='ocrx_word' id='word_1_23' title='bbox 1649 559 1849 616; x_wconf 88' lang='lat' dir='ltr'><strong>retulit</strong></span> 
     </span>
    </p>
   </div>
   <div class='ocr_carea' id='block_1_6' title="bbox 181 640 1845 721">
    <p class='ocr_par' dir='ltr' id='par_1_6' title="bbox 181 640 1845 721">
     <span class='ocr_line' id='line_1_6' title="bbox 181 640 1845 721; baseline 0.004 -22"><span class='ocrx_word' id='word_1_24' title='bbox 181 640 247 699; x_wconf 84' lang='lat' dir='ltr'><strong>in</strong></span> <span class='ocrx_word' id='word_1_25' title='bbox 276 642 515 700; x_wconf 86' lang='lat' dir='ltr'><strong>decreto</strong></span> <span class='ocrx_word' id='word_1_26' title='bbox 539 644 677 701; x_wconf 88' lang='lat' dir='ltr'><strong>dist.</strong></span> <span class='ocrx_word' id='word_1_27' title='bbox 707 647 796 713; x_wconf 89' lang='lat'><strong>32,</strong></span> <span class='ocrx_word' id='word_1_28' title='bbox 830 663 957 721; x_wconf 86' lang='lat' dir='ltr'><strong>cap.</strong></span> <span class='ocrx_word' id='word_1_29' title='bbox 992 664 1056 717; x_wconf 84' lang='grc' dir='ltr'><strong>ιι,</strong></span> <span class='ocrx_word' id='word_1_30' title='bbox 1086 649 1440 706; x_wconf 76' lang='lat' dir='ltr'><strong>Erubescant.</strong></span> <span class='ocrx_word' id='word_1_31' title='bbox 1472 649 1845 706; x_wconf 91' lang='lat' dir='ltr'><strong>Dominicum</strong></span> 
     </span>
    </p>
   </div>
   <div class='ocr_carea' id='block_1_7' title="bbox 184 732 1846 810">
    <p class='ocr_par' dir='ltr' id='par_1_7' title="bbox 184 732 1846 810">
     <span class='ocr_line' id='line_1_7' title="bbox 184 732 1846 810; baseline 0.002 -21"><span class='ocrx_word' id='word_1_32' title='bbox 184 732 511 801; x_wconf 81' lang='lat' dir='ltr'><strong>autem,cui</strong></span> <span class='ocrx_word' id='word_1_33' title='bbox 545 733 888 791; x_wconf 82' lang='lat' dir='ltr'><strong>inscribitur</strong></span> <span class='ocrx_word' id='word_1_34' title='bbox 919 737 1040 793; x_wconf 68' lang='lat' dir='ltr'><strong>haec</strong></span> <span class='ocrx_word' id='word_1_35' title='bbox 1071 738 1338 810; x_wconf 89' lang='lat' dir='ltr'><strong>epistola,</strong></span> <span class='ocrx_word' id='word_1_36' title='bbox 1356 739 1465 794; x_wconf 88' lang='lat' dir='ltr'><strong>sub</strong></span> <span class='ocrx_word' id='word_1_37' title='bbox 1496 739 1678 810; x_wconf 80' lang='lat' dir='ltr'><strong>hujus</strong></span> <span class='ocrx_word' id='word_1_38' title='bbox 1708 738 1846 795; x_wconf 91' lang='lat' dir='ltr'><strong>anni</strong></span> 
     </span>
    </p>
   </div>
   <div class='ocr_carea' id='block_1_8' title="bbox 186 822 1845 901">
    <p class='ocr_par' dir='ltr' id='par_1_8' title="bbox 186 822 1845 901">
     <span class='ocr_line' id='line_1_8' title="bbox 186 822 1845 901; baseline 0.004 -24"><span class='ocrx_word' id='word_1_39' title='bbox 186 822 389 889; x_wconf 84' lang='lat' dir='ltr'><strong>ﬁnem,</strong></span> <span class='ocrx_word' id='word_1_40' title='bbox 424 828 529 879; x_wconf 88' lang='lat' dir='ltr'><strong>aut</strong></span> <span class='ocrx_word' id='word_1_41' title='bbox 557 824 725 881; x_wconf 89' lang='lat' dir='ltr'><strong>initio</strong></span> <span class='ocrx_word' id='word_1_42' title='bbox 756 826 1053 898; x_wconf 81' lang='lat' dir='ltr'><strong>sequentis</strong></span> <span class='ocrx_word' id='word_1_43' title='bbox 1085 826 1301 883; x_wconf 91' lang='lat' dir='ltr'><strong>obiisse</strong></span> <span class='ocrx_word' id='word_1_44' title='bbox 1326 826 1660 901; x_wconf 84' lang='lat' dir='ltr'><strong>colligimus</strong></span> <span class='ocrx_word' id='word_1_45' title='bbox 1681 844 1749 884; x_wconf 85' lang='lat' dir='ltr'><strong>ex</strong></span> <span class='ocrx_word' id='word_1_46' title='bbox 1778 843 1845 884; x_wconf 92' lang='lat' dir='ltr'><strong>eo</strong></span> 
     </span>
    </p>
   </div>
   <div class='ocr_carea' id='block_1_9' title="bbox 187 912 1845 986">
    <p class='ocr_par' dir='ltr' id='par_1_9' title="bbox 187 912 1845 986">
     <span class='ocr_line' id='line_1_9' title="bbox 187 912 1845 986; baseline 0.004 -19"><span class='ocrx_word' id='word_1_47' title='bbox 187 912 367 984; x_wconf 90' lang='lat' dir='ltr'><strong>quod,</strong></span> <span class='ocrx_word' id='word_1_48' title='bbox 394 916 551 969; x_wconf 90' lang='lat' dir='ltr'><strong>teste</strong></span> <span class='ocrx_word' id='word_1_49' title='bbox 581 912 822 986; x_wconf 90' lang='lat' dir='ltr'><strong>Ughello</strong></span> <span class='ocrx_word' id='word_1_50' title='bbox 853 915 913 970; x_wconf 91' lang='lat' dir='ltr'><strong>in</strong></span> <span class='ocrx_word' id='word_1_51' title='bbox 946 915 1115 971; x_wconf 90' lang='lat' dir='ltr'><strong>Italia</strong></span> <span class='ocrx_word' id='word_1_52' title='bbox 1152 933 1336 973; x_wconf 87' lang='lat' dir='ltr'><strong>sacra.</strong></span> <span class='ocrx_word' id='word_1_53' title='bbox 1367 918 1621 973; x_wconf 81' lang='lat' dir='ltr'><strong>Joannes</strong></span> <span class='ocrx_word' id='word_1_54' title='bbox 1651 921 1709 972; x_wconf 90' lang='lat' dir='ltr'><strong>et</strong></span> <span class='ocrx_word' id='word_1_55' title='bbox 1737 917 1845 973; x_wconf 91' lang='lat' dir='ltr'><strong>Pe-</strong></span> 
     </span>
    </p>
   </div>
   <div class='ocr_carea' id='block_1_10' title="bbox 183 1002 1845 1074">
    <p class='ocr_par' dir='ltr' id='par_1_10' title="bbox 183 1002 1845 1074">
     <span class='ocr_line' id='line_1_10' title="bbox 183 1002 1845 1074; baseline 0.004 -18"><span class='ocrx_word' id='word_1_56' title='bbox 183 1004 336 1065; x_wconf 82' lang='lat' dir='ltr'><strong>trus,</strong></span> <span class='ocrx_word' id='word_1_57' title='bbox 368 1018 534 1057; x_wconf 89' lang='lat' dir='ltr'><strong>unus</strong></span> <span class='ocrx_word' id='word_1_58' title='bbox 566 1006 699 1074; x_wconf 84' lang='lat' dir='ltr'><strong>post</strong></span> <span class='ocrx_word' id='word_1_59' title='bbox 730 1002 985 1059; x_wconf 88' lang='lat' dir='ltr'><strong>alterum</strong></span> <span class='ocrx_word' id='word_1_60' title='bbox 1030 1004 1083 1059; x_wconf 90' lang='lat' dir='ltr'><strong>ei</strong></span> <span class='ocrx_word' id='word_1_61' title='bbox 1113 1021 1267 1061; x_wconf 90' lang='lat' dir='ltr'><strong>anno</strong></span> <span class='ocrx_word' id='word_1_62' title='bbox 1299 1007 1436 1062; x_wconf 85' lang='grc'>1094</span> <span class='ocrx_word' id='word_1_63' title='bbox 1469 1006 1529 1062; x_wconf 91' lang='lat' dir='ltr'><strong>in</strong></span> <span class='ocrx_word' id='word_1_64' title='bbox 1561 1006 1845 1062; x_wconf 88' lang='lat' dir='ltr'><strong>Gradensi</strong></span> 
     </span>
    </p>
   </div>
   <div class='ocr_carea' id='block_1_11' title="bbox 186 1088 1844 1166">
    <p class='ocr_par' dir='ltr' id='par_1_11' title="bbox 186 1088 1844 1166">
     <span class='ocr_line' id='line_1_11' title="bbox 186 1088 1844 1166; baseline 0.004 -21"><span class='ocrx_word' id='word_1_65' title='bbox 186 1088 454 1146; x_wconf 84' lang='lat' dir='ltr'><strong>Ecclesia</strong></span> <span class='ocrx_word' id='word_1_66' title='bbox 479 1092 895 1147; x_wconf 85' lang='lat' dir='ltr'><strong>successerint.</strong></span> <span class='ocrx_word' id='word_1_67' title='bbox 923 1092 1185 1166; x_wconf 87' lang='lat' dir='ltr'><strong>Denique</strong></span> <span class='ocrx_word' id='word_1_68' title='bbox 1210 1094 1282 1150; x_wconf 90' lang='lat' dir='ltr'><strong>ad</strong></span> <span class='ocrx_word' id='word_1_69' title='bbox 1314 1093 1471 1150; x_wconf 90' lang='lat' dir='ltr'><strong>hunc</strong></span> <span class='ocrx_word' id='word_1_70' title='bbox 1501 1112 1721 1151; x_wconf 90' lang='lat' dir='ltr'><strong>annum</strong></span> <span class='ocrx_word' id='word_1_71' title='bbox 1757 1112 1844 1152; x_wconf 89' lang='lat' dir='ltr'><strong>re-</strong></span> 
     </span>
    </p>
   </div>
   <div class='ocr_carea' id='block_1_12' title="bbox 182 1177 1845 1253">
    <p class='ocr_par' dir='ltr' id='par_1_12' title="bbox 182 1177 1845 1253">
     <span class='ocr_line' id='line_1_12' title="bbox 182 1177 1845 1253; baseline 0.005 -21"><span class='ocrx_word' id='word_1_72' title='bbox 182 1177 435 1235; x_wconf 77' lang='lat' dir='ltr'><strong>ferimus</strong></span> <span class='ocrx_word' id='word_1_73' title='bbox 464 1179 839 1253; x_wconf 82' lang='lat' dir='ltr'><strong>privilegium</strong></span> <span class='ocrx_word' id='word_1_74' title='bbox 856 1183 1199 1239; x_wconf 83' lang='lat' dir='ltr'><strong>monasterii</strong></span> <span class='ocrx_word' id='word_1_75' title='bbox 1211 1182 1529 1241; x_wconf 83' lang='lat' dir='ltr'><strong>Lirinensis</strong></span> <span class='ocrx_word' id='word_1_76' title='bbox 1540 1185 1845 1241; x_wconf 87' lang='lat' dir='ltr'><strong>Aldeberto</strong></span> 
     </span>
    </p>
   </div>
   <div class='ocr_carea' id='block_1_13' title="bbox 183 1267 1844 1346">
    <p class='ocr_par' dir='ltr' id='par_1_13' title="bbox 183 1267 1844 1346">
     <span class='ocr_line' id='line_1_13' title="bbox 183 1267 1844 1346; baseline 0.004 -24"><span class='ocrx_word' id='word_1_77' title='bbox 183 1267 383 1323; x_wconf 78' lang='lat' dir='ltr'><strong>abbati</strong></span> <span class='ocrx_word' id='word_1_78' title='bbox 418 1267 799 1342; x_wconf 89' lang='lat' dir='ltr'><strong>inscriptum,</strong></span> <span class='ocrx_word' id='word_1_79' title='bbox 829 1271 1004 1342; x_wconf 89' lang='lat' dir='ltr'><strong>quod,</strong></span> <span class='ocrx_word' id='word_1_80' title='bbox 1036 1272 1145 1328; x_wconf 85' lang='lat' dir='ltr'><strong>etsi</strong></span> <span class='ocrx_word' id='word_1_81' title='bbox 1190 1273 1249 1327; x_wconf 91' lang='lat' dir='ltr'><strong>in</strong></span> <span class='ocrx_word' id='word_1_82' title='bbox 1280 1272 1532 1346; x_wconf 85' lang='lat' dir='ltr'><strong>vulgatis</strong></span> <span class='ocrx_word' id='word_1_83' title='bbox 1565 1273 1844 1345; x_wconf 83' lang='lat' dir='ltr'><strong>exemplis</strong></span> 
     </span>
    </p>
   </div>
   <div class='ocr_carea' id='block_1_14' title="bbox 185 1352 1887 1433">
    <p class='ocr_par' dir='ltr' id='par_1_14' title="bbox 185 1352 1887 1433">
     <span class='ocr_line' id='line_1_14' title="bbox 185 1352 1887 1433; baseline 0.004 -23"><span class='ocrx_word' id='word_1_84' title='bbox 185 1355 416 1412; x_wconf 86' lang='lat' dir='ltr'><strong>nullam</strong></span> <span class='ocrx_word' id='word_1_85' title='bbox 451 1357 840 1432; x_wconf 75' lang='lat' dir='ltr'><strong>cbronologiaa</strong></span> <span class='ocrx_word' id='word_1_86' title='bbox 872 1363 1072 1416; x_wconf 87' lang='lat' dir='ltr'><strong>notam</strong></span> <span class='ocrx_word' id='word_1_87' title='bbox 1101 1362 1389 1433; x_wconf 68' lang='lat' dir='ltr'><strong>praeferat,</strong></span> <span class='ocrx_word' id='word_1_88' title='bbox 1423 1379 1459 1417; x_wconf 89' lang='lat' dir='ltr'><strong>a</strong></span> <span class='ocrx_word' id='word_1_89' title='bbox 1505 1361 1726 1418; x_wconf 89' lang='lat' dir='ltr'><strong>Barrali</strong></span> <span class='ocrx_word' id='word_1_90' title='bbox 1764 1368 1848 1417; x_wconf 87' lang='lat' dir='ltr'><strong>ta-</strong></span> <span class='ocrx_word' id='word_1_91' title='bbox 1885 1352 1887 1354; x_wconf 48' lang='grc'><strong><em>’</em></strong></span> 
     </span>
    </p>
   </div>
   <div class='ocr_carea' id='block_1_15' title="bbox 181 1446 1844 1517">
    <p class='ocr_par' dir='ltr' id='par_1_15' title="bbox 181 1446 1844 1517">
     <span class='ocr_line' id='line_1_15' title="bbox 181 1446 1844 1517; baseline 0.005 -18"><span class='ocrx_word' id='word_1_92' title='bbox 181 1461 342 1511; x_wconf 86' lang='lat' dir='ltr'><strong>men,</strong></span> <span class='ocrx_word' id='word_1_93' title='bbox 377 1446 483 1516; x_wconf 86' lang='lat' dir='ltr'><strong>qui</strong></span> <span class='ocrx_word' id='word_1_94' title='bbox 514 1450 708 1502; x_wconf 84' lang='lat' dir='ltr'><strong>vetera</strong></span> <span class='ocrx_word' id='word_1_95' title='bbox 739 1448 867 1517; x_wconf 88' lang='lat' dir='ltr'><strong>ejus</strong></span> <span class='ocrx_word' id='word_1_96' title='bbox 901 1450 1244 1505; x_wconf 81' lang='lat' dir='ltr'><strong>monasterii</strong></span> <span class='ocrx_word' id='word_1_97' title='bbox 1282 1450 1680 1507; x_wconf 88' lang='lat' dir='ltr'><strong>instrumenta</strong></span> <span class='ocrx_word' id='word_1_98' title='bbox 1709 1469 1844 1506; x_wconf 91' lang='lat' dir='ltr'><strong>con-</strong></span> 
     </span>
    </p>
   </div>
   <div class='ocr_carea' id='block_1_16' title="bbox 183 1534 1847 1613">
    <p class='ocr_par' dir='ltr' id='par_1_16' title="bbox 183 1534 1847 1613">
     <span class='ocr_line' id='line_1_16' title="bbox 183 1534 1847 1613; baseline 0.004 -25"><span class='ocrx_word' id='word_1_99' title='bbox 183 1538 480 1607; x_wconf 80' lang='lat' dir='ltr'><strong>spexerat,</strong></span> <span class='ocrx_word' id='word_1_100' title='bbox 541 1534 651 1591; x_wconf 91' lang='lat' dir='ltr'><strong>hoc</strong></span> <span class='ocrx_word' id='word_1_101' title='bbox 707 1553 860 1592; x_wconf 90' lang='lat' dir='ltr'><strong>anno</strong></span> <span class='ocrx_word' id='word_1_102' title='bbox 923 1537 1300 1611; x_wconf 89' lang='lat' dir='ltr'><strong>consignetur</strong></span> <span class='ocrx_word' id='word_1_103' title='bbox 1356 1539 1413 1593; x_wconf 92' lang='lat' dir='ltr'><strong>in</strong></span> <span class='ocrx_word' id='word_1_104' title='bbox 1473 1539 1847 1613; x_wconf 88' lang='lat' dir='ltr'><strong>chronologia</strong></span> 
     </span>
    </p>
   </div>
   <div class='ocr_carea' id='block_1_17' title="bbox 184 1623 1846 1701">
    <p class='ocr_par' dir='ltr' id='par_1_17' title="bbox 184 1623 1846 1701">
     <span class='ocr_line' id='line_1_17' title="bbox 184 1623 1846 1701; baseline 0.003 -22"><span class='ocrx_word' id='word_1_105' title='bbox 184 1623 499 1680; x_wconf 80' lang='lat' dir='ltr'><strong>Lirinensi.</strong></span> <span class='ocrx_word' id='word_1_106' title='bbox 530 1625 619 1680; x_wconf 86' lang='lat' dir='ltr'><strong>Ad</strong></span> <span class='ocrx_word' id='word_1_107' title='bbox 669 1626 945 1683; x_wconf 90' lang='lat' dir='ltr'><strong>eumdem</strong></span> <span class='ocrx_word' id='word_1_108' title='bbox 997 1644 1241 1695; x_wconf 90' lang='lat' dir='ltr'><strong>annum,</strong></span> <span class='ocrx_word' id='word_1_109' title='bbox 1279 1628 1329 1683; x_wconf 87' lang='lat' dir='ltr'><strong>si</strong></span> <span class='ocrx_word' id='word_1_110' title='bbox 1380 1629 1526 1684; x_wconf 90' lang='lat' dir='ltr'><strong>bene</strong></span> <span class='ocrx_word' id='word_1_111' title='bbox 1577 1629 1846 1701; x_wconf 86' lang='lat' dir='ltr'><strong>conjicio,</strong></span> 
     </span>
    </p>
   </div>
   <div class='ocr_carea' id='block_1_18' title="bbox 182 1712 1846 1788">
    <p class='ocr_par' dir='ltr' id='par_1_18' title="bbox 182 1712 1846 1788">
     <span class='ocr_line' id='line_1_18' title="bbox 182 1712 1846 1788; baseline 0.002 -18"><span class='ocrx_word' id='word_1_112' title='bbox 182 1712 445 1770; x_wconf 85' lang='lat' dir='ltr'><strong>revocari</strong></span> <span class='ocrx_word' id='word_1_113' title='bbox 474 1714 647 1770; x_wconf 81' lang='lat' dir='ltr'><strong>debet</strong></span> <span class='ocrx_word' id='word_1_114' title='bbox 679 1714 842 1771; x_wconf 89' lang='lat' dir='ltr'><strong>bulla</strong></span> <span class='ocrx_word' id='word_1_115' title='bbox 868 1732 973 1787; x_wconf 86' lang='lat' dir='ltr'><strong>pro</strong></span> <span class='ocrx_word' id='word_1_116' title='bbox 1000 1716 1362 1788; x_wconf 87' lang='lat' dir='ltr'><strong>parthenone</strong></span> <span class='ocrx_word' id='word_1_117' title='bbox 1398 1718 1621 1774; x_wconf 69' lang='lat' dir='ltr'><strong>Sanctae</strong></span> <span class='ocrx_word' id='word_1_118' title='bbox 1653 1718 1846 1774; x_wconf 65' lang='lat' dir='ltr'><strong>Mariae</strong></span> 
     </span>
    </p>
   </div>
   <div class='ocr_carea' id='block_1_19' title="bbox 183 1801 1845 1879">
    <p class='ocr_par' dir='ltr' id='par_1_19' title="bbox 183 1801 1845 1879">
     <span class='ocr_line' id='line_1_19' title="bbox 183 1801 1845 1879; baseline 0.004 -23"><span class='ocrx_word' id='word_1_119' title='bbox 183 1801 243 1857; x_wconf 88' lang='lat' dir='ltr'><strong>in</strong></span> <span class='ocrx_word' id='word_1_120' title='bbox 265 1801 496 1875; x_wconf 85' lang='lat' dir='ltr'><strong>Campo</strong></span> <span class='ocrx_word' id='word_1_121' title='bbox 534 1803 743 1859; x_wconf 85' lang='lat' dir='ltr'><strong>Martio</strong></span> <span class='ocrx_word' id='word_1_122' title='bbox 792 1804 1017 1861; x_wconf 88' lang='lat' dir='ltr'><strong>ordinis</strong></span> <span class='ocrx_word' id='word_1_123' title='bbox 1064 1805 1424 1862; x_wconf 89' lang='lat' dir='ltr'><strong>Benedictini</strong></span> <span class='ocrx_word' id='word_1_124' title='bbox 1475 1807 1697 1875; x_wconf 64' lang='lat' dir='ltr'><strong>Romae,</strong></span> <span class='ocrx_word' id='word_1_125' title='bbox 1731 1824 1845 1879; x_wconf 88' lang='lat' dir='ltr'><strong>qua</strong></span> 
     </span>
    </p>
   </div>
   <div class='ocr_carea' id='block_1_20' title="bbox 184 1889 1844 1951">
    <p class='ocr_par' dir='ltr' id='par_1_20' title="bbox 184 1889 1844 1951">
     <span class='ocr_line' id='line_1_20' title="bbox 184 1889 1844 1951; baseline 0.004 -6"><span class='ocrx_word' id='word_1_126' title='bbox 184 1889 459 1946; x_wconf 82' lang='lat' dir='ltr'><strong>Urbanus</strong></span> <span class='ocrx_word' id='word_1_127' title='bbox 500 1892 651 1948; x_wconf 90' lang='lat' dir='ltr'><strong>duos</strong></span> <span class='ocrx_word' id='word_1_128' title='bbox 702 1892 945 1949; x_wconf 88' lang='lat' dir='ltr'><strong>abbates</strong></span> <span class='ocrx_word' id='word_1_129' title='bbox 990 1894 1286 1951; x_wconf 83' lang='lat' dir='ltr'><strong>Romanos</strong></span> <span class='ocrx_word' id='word_1_130' title='bbox 1328 1900 1384 1950; x_wconf 91' lang='lat' dir='ltr'><strong>et</strong></span> <span class='ocrx_word' id='word_1_131' title='bbox 1417 1912 1602 1951; x_wconf 90' lang='lat' dir='ltr'><strong>unum</strong></span> <span class='ocrx_word' id='word_1_132' title='bbox 1633 1895 1844 1951; x_wconf 87' lang='lat' dir='ltr'><strong>Arimi-</strong></span> 
     </span>
    </p>
   </div>
   <div class='ocr_carea' id='block_1_21' title="bbox 184 1983 1842 2057">
    <p class='ocr_par' dir='ltr' id='par_1_21' title="bbox 184 1983 1842 2057">
     <span class='ocr_line' id='line_1_21' title="bbox 184 1983 1842 2057; baseline 0.004 -22"><span class='ocrx_word' id='word_1_133' title='bbox 184 1996 432 2037; x_wconf 84' lang='lat' dir='ltr'><strong>nensem</strong></span> <span class='ocrx_word' id='word_1_134' title='bbox 460 1985 906 2039; x_wconf 81' lang='lat' dir='ltr'><strong>conservatores</strong></span> <span class='ocrx_word' id='word_1_135' title='bbox 936 1983 1064 2053; x_wconf 87' lang='lat' dir='ltr'><strong>ejus</strong></span> <span class='ocrx_word' id='word_1_136' title='bbox 1112 1983 1223 2040; x_wconf 89' lang='lat' dir='ltr'><strong>loci</strong></span> <span class='ocrx_word' id='word_1_137' title='bbox 1264 1985 1713 2057; x_wconf 86' lang='lat' dir='ltr'><strong>possessionum</strong></span> <span class='ocrx_word' id='word_1_138' title='bbox 1745 1986 1842 2041; x_wconf 92' lang='lat' dir='ltr'><strong>de-</strong></span> 
     </span>
    </p>
   </div>
   <div class='ocr_carea' id='block_1_22' title="bbox 185 2068 1851 2145">
    <p class='ocr_par' dir='ltr' id='par_1_22' title="bbox 185 2068 1851 2145">
     <span class='ocr_line' id='line_1_22' title="bbox 185 2068 1851 2145; baseline 0.002 -20"><span class='ocrx_word' id='word_1_139' title='bbox 185 2070 483 2142; x_wconf 88' lang='lat' dir='ltr'><strong>signat,ut</strong></span> <span class='ocrx_word' id='word_1_140' title='bbox 511 2068 691 2126; x_wconf 84' lang='lat' dir='ltr'><strong>habet</strong></span> <span class='ocrx_word' id='word_1_141' title='bbox 719 2070 1040 2127; x_wconf 89' lang='lat' dir='ltr'><strong>Chronicon</strong></span> <span class='ocrx_word' id='word_1_142' title='bbox 1070 2073 1200 2143; x_wconf 90' lang='lat' dir='ltr'><strong>ejus</strong></span> <span class='ocrx_word' id='word_1_143' title='bbox 1229 2072 1340 2129; x_wconf 93' lang='lat' dir='ltr'><strong>loci</strong></span> <span class='ocrx_word' id='word_1_144' title='bbox 1367 2074 1523 2145; x_wconf 91' lang='lat' dir='ltr'><strong>apud</strong></span> <span class='ocrx_word' id='word_1_145' title='bbox 1556 2074 1851 2129; x_wconf 82' lang='lat' dir='ltr'><strong>Martinel-</strong></span> 
     </span>
    </p>
   </div>
   <div class='ocr_carea' id='block_1_23' title="bbox 181 2157 1848 2233">
    <p class='ocr_par' dir='ltr' id='par_1_23' title="bbox 181 2157 1848 2233">
     <span class='ocr_line' id='line_1_23' title="bbox 181 2157 1848 2233; baseline 0.004 -20"><span class='ocrx_word' id='word_1_146' title='bbox 181 2157 330 2214; x_wconf 87' lang='lat' dir='ltr'><strong>lum.</strong></span> <span class='ocrx_word' id='word_1_147' title='bbox 360 2158 522 2215; x_wconf 88' lang='lat' dir='ltr'><strong>Data</strong></span> <span class='ocrx_word' id='word_1_148' title='bbox 552 2158 773 2214; x_wconf 88' lang='lat' dir='ltr'><strong>dicitur</strong></span> <span class='ocrx_word' id='word_1_149' title='bbox 815 2160 970 2233; x_wconf 88' lang='lat' dir='ltr'><strong>apud</strong></span> <span class='ocrx_word' id='word_1_150' title='bbox 1015 2165 1285 2217; x_wconf 89' lang='lat' dir='ltr'><strong>sanctum</strong></span> <span class='ocrx_word' id='word_1_151' title='bbox 1335 2162 1569 2218; x_wconf 87' lang='lat' dir='ltr'><strong>Petrum</strong></span> <span class='ocrx_word' id='word_1_152' title='bbox 1614 2164 1685 2217; x_wconf 85' lang='lat'><strong>28</strong></span> <span class='ocrx_word' id='word_1_153' title='bbox 1733 2163 1848 2219; x_wconf 86' lang='lat' dir='ltr'><strong>No-</strong></span> 
     </span>
    </p>
   </div>
   <div class='ocr_carea' id='block_1_24' title="bbox 182 2247 1849 2323">
    <p class='ocr_par' dir='ltr' id='par_1_24' title="bbox 182 2247 1849 2323">
     <span class='ocr_line' id='line_1_24' title="bbox 182 2247 1849 2323; baseline 0.004 -22"><span class='ocrx_word' id='word_1_154' title='bbox 182 2247 473 2313; x_wconf 82' lang='lat' dir='ltr'><strong>vembris,</strong></span> <span class='ocrx_word' id='word_1_155' title='bbox 508 2263 662 2303; x_wconf 91' lang='lat' dir='ltr'><strong>anno</strong></span> <span class='ocrx_word' id='word_1_156' title='bbox 692 2265 749 2303; x_wconf 71' lang='grc' dir='ltr'><strong>γι</strong></span> <span class='ocrx_word' id='word_1_157' title='bbox 779 2249 1155 2321; x_wconf 81' lang='lat' dir='ltr'><strong>pontiﬁcatus</strong></span> <span class='ocrx_word' id='word_1_158' title='bbox 1189 2250 1428 2320; x_wconf 85' lang='lat' dir='ltr'><strong>Urbani,</strong></span> <span class='ocrx_word' id='word_1_159' title='bbox 1472 2267 1645 2323; x_wconf 87' lang='lat' dir='ltr'><strong>quem</strong></span> <span class='ocrx_word' id='word_1_160' title='bbox 1696 2252 1849 2309; x_wconf 87' lang='lat' dir='ltr'><strong>male</strong></span> 
     </span>
    </p>
   </div>
   <div class='ocr_carea' id='block_1_25' title="bbox 182 2336 1847 2412">
    <p class='ocr_par' dir='ltr' id='par_1_25' title="bbox 182 2336 1847 2412">
     <span class='ocr_line' id='line_1_25' title="bbox 182 2336 1847 2412; baseline 0.002 -20"><span class='ocrx_word' id='word_1_161' title='bbox 182 2336 614 2409; x_wconf 83' lang='lat' dir='ltr'><strong>interpretatur</strong></span> <span class='ocrx_word' id='word_1_162' title='bbox 665 2354 886 2393; x_wconf 90' lang='lat' dir='ltr'><strong>annum</strong></span> <span class='ocrx_word' id='word_1_163' title='bbox 938 2338 1076 2393; x_wconf 82' lang='grc'>1094</span> <span class='ocrx_word' id='word_1_164' title='bbox 1125 2338 1486 2412; x_wconf 84' lang='lat' dir='ltr'><strong>Hiacynthus</strong></span> <span class='ocrx_word' id='word_1_165' title='bbox 1538 2341 1610 2396; x_wconf 90' lang='lat' dir='ltr'><strong>de</strong></span> <span class='ocrx_word' id='word_1_166' title='bbox 1656 2340 1847 2397; x_wconf 90' lang='lat' dir='ltr'><strong>Nobili</strong></span> 
     </span>
    </p>
   </div>
   <div class='ocr_carea' id='block_1_26' title="bbox 184 2425 1848 2503">
    <p class='ocr_par' dir='ltr' id='par_1_26' title="bbox 184 2425 1848 2503">
     <span class='ocr_line' id='line_1_26' title="bbox 184 2425 1848 2503; baseline 0.002 -21"><span class='ocrx_word' id='word_1_167' title='bbox 184 2425 467 2482; x_wconf 82' lang='lat' dir='ltr'><strong>Chronici</strong></span> <span class='ocrx_word' id='word_1_168' title='bbox 514 2430 737 2482; x_wconf 84' lang='lat' dir='ltr'><strong>auctor.</strong></span> <span class='ocrx_word' id='word_1_169' title='bbox 775 2427 836 2482; x_wconf 90' lang='lat' dir='ltr'><strong>Id</strong></span> <span class='ocrx_word' id='word_1_170' title='bbox 888 2432 1083 2483; x_wconf 88' lang='lat' dir='ltr'><strong>tamen</strong></span> <span class='ocrx_word' id='word_1_171' title='bbox 1135 2429 1493 2485; x_wconf 89' lang='lat' dir='ltr'><strong>incommodi</strong></span> <span class='ocrx_word' id='word_1_172' title='bbox 1541 2434 1648 2494; x_wconf 89' lang='lat' dir='ltr'><strong>est,</strong></span> <span class='ocrx_word' id='word_1_173' title='bbox 1693 2430 1848 2503; x_wconf 91' lang='lat' dir='ltr'><strong>quod</strong></span> 
     </span>
    </p>
   </div>
   <div class='ocr_carea' id='block_1_27' title="bbox 185 2514 1850 2591">
    <p class='ocr_par' dir='ltr' id='par_1_27' title="bbox 185 2514 1850 2591">
     <span class='ocr_line' id='line_1_27' title="bbox 185 2514 1850 2591; baseline 0.002 -20"><span class='ocrx_word' id='word_1_174' title='bbox 185 2530 251 2571; x_wconf 70' lang='lat' dir='ltr'><strong>ex</strong></span> <span class='ocrx_word' id='word_1_175' title='bbox 279 2514 459 2570; x_wconf 81' lang='lat' dir='ltr'><strong>bulla</strong></span> <span class='ocrx_word' id='word_1_176' title='bbox 490 2531 597 2586; x_wconf 89' lang='lat' dir='ltr'><strong>pro</strong></span> <span class='ocrx_word' id='word_1_177' title='bbox 625 2515 885 2572; x_wconf 89' lang='lat' dir='ltr'><strong>Ecclesia</strong></span> <span class='ocrx_word' id='word_1_178' title='bbox 914 2517 1282 2589; x_wconf 82' lang='lat' dir='ltr'><strong>Syracusana</strong></span> <span class='ocrx_word' id='word_1_179' title='bbox 1312 2518 1581 2591; x_wconf 89' lang='lat' dir='ltr'><strong>superius</strong></span> <span class='ocrx_word' id='word_1_180' title='bbox 1610 2518 1850 2575; x_wconf 89' lang='lat' dir='ltr'><strong>laudata</strong></span> 
     </span>
    </p>
   </div>
   <div class='ocr_carea' id='block_1_28' title="bbox 186 2602 1848 2682">
    <p class='ocr_par' dir='ltr' id='par_1_28' title="bbox 186 2602 1848 2682">
     <span class='ocr_line' id='line_1_28' title="bbox 186 2602 1848 2682; baseline 0.002 -22"><span class='ocrx_word' id='word_1_181' title='bbox 186 2603 467 2660; x_wconf 84' lang='lat' dir='ltr'><strong>Urbanus</strong></span> <span class='ocrx_word' id='word_1_182' title='bbox 497 2602 773 2661; x_wconf 86' lang='lat' dir='ltr'><strong>Kalendis</strong></span> <span class='ocrx_word' id='word_1_183' title='bbox 804 2604 950 2676; x_wconf 89' lang='lat' dir='ltr'><strong>ipsis</strong></span> <span class='ocrx_word' id='word_1_184' title='bbox 970 2604 1311 2663; x_wconf 88' lang='lat' dir='ltr'><strong>Decembris</strong></span> <span class='ocrx_word' id='word_1_185' title='bbox 1341 2607 1536 2664; x_wconf 89' lang='lat' dir='ltr'><strong>adhuc</strong></span> <span class='ocrx_word' id='word_1_186' title='bbox 1566 2608 1848 2682; x_wconf 71' lang='lat' dir='ltr'><strong>Anagniae</strong></span> 
     </span>
    </p>
   </div>
   <div class='ocr_carea' id='block_1_29' title="bbox 182 2692 556 2749">
    <p class='ocr_par' dir='ltr' id='par_1_29' title="bbox 182 2692 556 2749">
     <span class='ocr_line' id='line_1_29' title="bbox 182 2692 556 2749; baseline -0.008 0"><span class='ocrx_word' id='word_1_187' title='bbox 182 2692 556 2749; x_wconf 81' lang='lat' dir='ltr'><strong>versabatur.</strong></span> 
     </span>
    </p>
   </div>
   <div class='ocr_carea' id='block_1_30' title="bbox 224 2799 1797 2874">
    <p class='ocr_par' dir='ltr' id='par_1_30' title="bbox 224 2799 1797 2874">
     <span class='ocr_line' id='line_1_30' title="bbox 224 2799 1797 2874; baseline 0.003 -17"><span class='ocrx_word' id='word_1_188' title='bbox 224 2799 446 2857; x_wconf 76' lang='lat' dir='ltr'><strong>CXLII.</strong></span> <span class='ocrx_word' id='word_1_189' title='bbox 481 2799 724 2854; x_wconf 80' lang='lat' dir='ltr'><strong>Anselmi</strong></span> <span class='ocrx_word' id='word_1_190' title='bbox 752 2800 1154 2874; x_wconf 78' lang='lat' dir='ltr'><strong>archiepiscopi</strong></span> <span class='ocrx_word' id='word_1_191' title='bbox 1181 2802 1604 2860; x_wconf 80' lang='lat' dir='ltr'><strong>Mediolanensis</strong></span> <span class='ocrx_word' id='word_1_192' title='bbox 1633 2820 1797 2861; x_wconf 84' lang='lat' dir='ltr'><strong>mors.</strong></span> 
     </span>
    </p>
   </div>
   <div class='ocr_carea' id='block_1_31' title="bbox 709 2873 1338 2945">
    <p class='ocr_par' dir='ltr' id='par_1_31' title="bbox 709 2873 1338 2945">
     <span class='ocr_line' id='line_1_31' title="bbox 709 2873 1338 2945; baseline 0.003 -18"><span class='ocrx_word' id='word_1_193' title='bbox 709 2873 974 2945; x_wconf 77' lang='lat' dir='ltr'><strong>Arnolfus</strong></span> <span class='ocrx_word' id='word_1_194' title='bbox 1001 2876 1055 2929; x_wconf 87' lang='lat' dir='ltr'><strong>ci</strong></span> <span class='ocrx_word' id='word_1_195' title='bbox 1082 2873 1338 2931; x_wconf 77' lang='lat' dir='ltr'><strong>succedit.</strong></span> 
     </span>
    </p>
   </div>
   <div class='ocr_carea' id='block_1_32' title="bbox 245 2959 1853 3036">
    <p class='ocr_par' dir='ltr' id='par_1_32' title="bbox 245 2959 1853 3036">
     <span class='ocr_line' id='line_1_32' title="bbox 245 2959 1853 3036; baseline 0.002 -21"><span class='ocrx_word' id='word_1_196' title='bbox 245 2960 473 3016; x_wconf 74' lang='lat' dir='ltr'><strong>Amisit</strong></span> <span class='ocrx_word' id='word_1_197' title='bbox 505 2960 616 3016; x_wconf 86' lang='lat' dir='ltr'><strong>sub</strong></span> <span class='ocrx_word' id='word_1_198' title='bbox 638 2959 819 3033; x_wconf 65' lang='lat' dir='ltr'><strong>huius</strong></span> <span class='ocrx_word' id='word_1_199' title='bbox 847 2961 987 3017; x_wconf 89' lang='lat' dir='ltr'><strong>anni</strong></span> <span class='ocrx_word' id='word_1_200' title='bbox 1017 2963 1194 3018; x_wconf 89' lang='lat' dir='ltr'><strong>ﬁnem</strong></span> <span class='ocrx_word' id='word_1_201' title='bbox 1229 2963 1501 3020; x_wconf 85' lang='lat' dir='ltr'><strong>Urbanus</strong></span> <span class='ocrx_word' id='word_1_202' title='bbox 1532 2981 1683 3036; x_wconf 90' lang='lat' dir='ltr'><strong>papa</strong></span> <span class='ocrx_word' id='word_1_203' title='bbox 1711 2967 1853 3020; x_wconf 87' lang='lat' dir='ltr'><strong>stre-</strong></span> 
     </span>
    </p>
   </div>
   <div class='ocr_carea' id='block_1_33' title="bbox 184 3049 1855 3126">
    <p class='ocr_par' dir='ltr' id='par_1_33' title="bbox 184 3049 1855 3126">
     <span class='ocr_line' id='line_1_33' title="bbox 184 3049 1855 3126; baseline 0.003 -22"><span class='ocrx_word' id='word_1_204' title='bbox 184 3049 556 3105; x_wconf 85' lang='lat' dir='ltr'><strong>nuissimum</strong></span> <span class='ocrx_word' id='word_1_205' title='bbox 588 3050 848 3122; x_wconf 89' lang='lat' dir='ltr'><strong>partium</strong></span> <span class='ocrx_word' id='word_1_206' title='bbox 864 3068 1103 3108; x_wconf 88' lang='lat' dir='ltr'><strong>suarum</strong></span> <span class='ocrx_word' id='word_1_207' title='bbox 1133 3052 1855 3126; x_wconf 82' lang='lat' dir='ltr'><strong>propugnatorem,Ansel-</strong></span> 
     </span>
    </p>
   </div>
   <div class='ocr_carea' id='block_1_34' title="bbox 186 3138 1854 3215">
    <p class='ocr_par' dir='ltr' id='par_1_34' title="bbox 186 3138 1854 3215">
     <span class='ocr_line' id='line_1_34' title="bbox 186 3138 1854 3215; baseline 0.001 -20"><span class='ocrx_word' id='word_1_208' title='bbox 186 3156 353 3195; x_wconf 87' lang='lat' dir='ltr'><strong>mum</strong></span> <span class='ocrx_word' id='word_1_209' title='bbox 405 3138 912 3196; x_wconf 84' lang='lat' dir='ltr'><strong>Mediolanensem</strong></span> <span class='ocrx_word' id='word_1_210' title='bbox 961 3140 1490 3215; x_wconf 83' lang='lat' dir='ltr'><strong>archiepiscopum,</strong></span> <span class='ocrx_word' id='word_1_211' title='bbox 1537 3160 1571 3198; x_wconf 90' lang='lat' dir='ltr'><strong>a</strong></span> <span class='ocrx_word' id='word_1_212' title='bbox 1618 3160 1755 3215; x_wconf 88' lang='lat' dir='ltr'><strong>quo,</strong></span> <span class='ocrx_word' id='word_1_213' title='bbox 1789 3146 1854 3197; x_wconf 91' lang='lat' dir='ltr'><strong>ut</strong></span> 
     </span>
    </p>
   </div>
   <div class='ocr_carea' id='block_1_35' title="bbox 1953 562 3602 639">
    <p class='ocr_par' dir='ltr' id='par_1_35' title="bbox 1953 562 3602 639">
     <span class='ocr_line' id='line_1_35' title="bbox 1953 562 3602 639; baseline 0 -22"><span class='ocrx_word' id='word_1_214' title='bbox 1953 576 2070 618; x_wconf 91' lang='lat' dir='ltr'><strong>non</strong></span> <span class='ocrx_word' id='word_1_215' title='bbox 2097 562 2167 618; x_wconf 87' lang='lat' dir='ltr'><strong>ab</strong></span> <span class='ocrx_word' id='word_1_216' title='bbox 2198 578 2340 632; x_wconf 91' lang='lat' dir='ltr'><strong>uno,</strong></span> <span class='ocrx_word' id='word_1_217' title='bbox 2371 578 2715 635; x_wconf 87' lang='lat' dir='ltr'><strong>quanquam</strong></span> <span class='ocrx_word' id='word_1_218' title='bbox 2746 564 2805 622; x_wconf 93' lang='lat' dir='ltr'><strong>id</strong></span> <span class='ocrx_word' id='word_1_219' title='bbox 2836 570 2968 639; x_wconf 87' lang='lat' dir='ltr'><strong>post</strong></span> <span class='ocrx_word' id='word_1_220' title='bbox 2987 581 3175 622; x_wconf 90' lang='lat' dir='ltr'><strong>unum</strong></span> <span class='ocrx_word' id='word_1_221' title='bbox 3205 578 3425 620; x_wconf 90' lang='lat' dir='ltr'><strong>annum</strong></span> <span class='ocrx_word' id='word_1_222' title='bbox 3458 562 3602 618; x_wconf 86' lang='lat' dir='ltr'><strong>inte-</strong></span> 
     </span>
    </p>
   </div>
   <div class='ocr_carea' id='block_1_36' title="bbox 1954 651 3602 724">
    <p class='ocr_par' dir='ltr' id='par_1_36' title="bbox 1954 651 3602 724">
     <span class='ocr_line' id='line_1_36' title="bbox 1954 651 3602 724; baseline 0.001 -18"><span class='ocrx_word' id='word_1_223' title='bbox 1954 666 2126 724; x_wconf 89' lang='lat' dir='ltr'><strong>grum</strong></span> <span class='ocrx_word' id='word_1_224' title='bbox 2159 668 2194 707; x_wconf 92' lang='lat' dir='ltr'><strong>a</strong></span> <span class='ocrx_word' id='word_1_225' title='bbox 2222 668 2330 708; x_wconf 72' lang='lat' dir='ltr'><strong>sta</strong></span> <span class='ocrx_word' id='word_1_226' title='bbox 2359 651 2639 710; x_wconf 88' lang='lat' dir='ltr'><strong>electione</strong></span> <span class='ocrx_word' id='word_1_227' title='bbox 2685 655 2902 712; x_wconf 87' lang='lat' dir='ltr'><strong>factum</strong></span> <span class='ocrx_word' id='word_1_228' title='bbox 2950 654 3144 722; x_wconf 89' lang='lat' dir='ltr'><strong>fuerit,</strong></span> <span class='ocrx_word' id='word_1_229' title='bbox 3181 655 3283 710; x_wconf 88' lang='lat' dir='ltr'><strong>sed</strong></span> <span class='ocrx_word' id='word_1_230' title='bbox 3334 670 3371 709; x_wconf 90' lang='lat' dir='ltr'><strong>a</strong></span> <span class='ocrx_word' id='word_1_231' title='bbox 3411 651 3602 708; x_wconf 91' lang='lat' dir='ltr'><strong>tribus</strong></span> 
     </span>
    </p>
   </div>
   <div class='ocr_carea' id='block_1_37' title="bbox 1955 740 3606 815">
    <p class='ocr_par' dir='ltr' id='par_1_37' title="bbox 1955 740 3606 815">
     <span class='ocr_line' id='line_1_37' title="bbox 1955 740 3606 815; baseline 0.001 -19"><span class='ocrx_word' id='word_1_232' title='bbox 1955 740 2245 813; x_wconf 87' lang='lat' dir='ltr'><strong>episcopis</strong></span> <span class='ocrx_word' id='word_1_233' title='bbox 2276 740 2597 812; x_wconf 88' lang='lat' dir='ltr'><strong>catholicis,</strong></span> <span class='ocrx_word' id='word_1_234' title='bbox 2631 759 2883 815; x_wconf 91' lang='lat' dir='ltr'><strong>quorum</strong></span> <span class='ocrx_word' id='word_1_235' title='bbox 2926 745 3168 801; x_wconf 89' lang='lat' dir='ltr'><strong>nomina</strong></span> <span class='ocrx_word' id='word_1_236' title='bbox 3219 743 3374 800; x_wconf 92' lang='lat' dir='ltr'><strong>idem</strong></span> <span class='ocrx_word' id='word_1_237' title='bbox 3406 744 3606 799; x_wconf 88' lang='lat' dir='ltr'><strong>auctor</strong></span> 
     </span>
    </p>
   </div>
   <div class='ocr_carea' id='block_1_38' title="bbox 1954 831 3602 899">
    <p class='ocr_par' dir='ltr' id='par_1_38' title="bbox 1954 831 3602 899">
     <span class='ocr_line' id='line_1_38' title="bbox 1954 831 3602 899; baseline 0.002 -14"><span class='ocrx_word' id='word_1_238' title='bbox 1954 833 2235 897; x_wconf 87' lang='lat' dir='ltr'><strong>recenset,</strong></span> <span class='ocrx_word' id='word_1_239' title='bbox 2284 835 2661 887; x_wconf 86' lang='lat' dir='ltr'><strong>consecratus</strong></span> <span class='ocrx_word' id='word_1_240' title='bbox 2710 832 2841 899; x_wconf 89' lang='lat' dir='ltr'><strong>fuit,</strong></span> <span class='ocrx_word' id='word_1_241' title='bbox 2874 836 2941 888; x_wconf 91' lang='lat' dir='ltr'><strong>ut</strong></span> <span class='ocrx_word' id='word_1_242' title='bbox 2987 850 3094 890; x_wconf 91' lang='lat' dir='ltr'><strong>suo</strong></span> <span class='ocrx_word' id='word_1_243' title='bbox 3141 832 3268 889; x_wconf 90' lang='lat' dir='ltr'><strong>loco</strong></span> <span class='ocrx_word' id='word_1_244' title='bbox 3316 831 3602 889; x_wconf 90' lang='lat' dir='ltr'><strong>dicemus.</strong></span> 
     </span>
    </p>
   </div>
   <div class='ocr_carea' id='block_1_39' title="bbox 1954 918 2951 978">
    <p class='ocr_par' dir='ltr' id='par_1_39' title="bbox 1954 918 2951 978">
     <span class='ocr_line' id='line_1_39' title="bbox 1954 918 2951 978; baseline 0.003 -4"><span class='ocrx_word' id='word_1_245' title='bbox 1954 918 2084 975; x_wconf 82' lang='lat' dir='ltr'><strong>Haec</strong></span> <span class='ocrx_word' id='word_1_246' title='bbox 2116 918 2417 975; x_wconf 90' lang='lat' dir='ltr'><strong>occasione</strong></span> <span class='ocrx_word' id='word_1_247' title='bbox 2448 921 2644 978; x_wconf 89' lang='lat' dir='ltr'><strong>obitus</strong></span> <span class='ocrx_word' id='word_1_248' title='bbox 2669 922 2951 978; x_wconf 86' lang='lat' dir='ltr'><strong>Anselmi.</strong></span> 
     </span>
    </p>
   </div>
   <div class='ocr_carea' id='block_1_40' title="bbox 1955 1025 3606 1101">
    <p class='ocr_par' dir='ltr' id='par_1_40' title="bbox 1955 1025 3606 1101">
     <span class='ocr_line' id='line_1_40' title="bbox 1955 1025 3606 1101; baseline 0.002 -20"><span class='ocrx_word' id='word_1_249' title='bbox 1955 1025 2188 1082; x_wconf 85' lang='lat' dir='ltr'><strong>CXLIII.</strong></span> <span class='ocrx_word' id='word_1_250' title='bbox 2222 1027 2508 1082; x_wconf 81' lang='lat' dir='ltr'><strong>Anselmus</strong></span> <span class='ocrx_word' id='word_1_251' title='bbox 2533 1027 2593 1097; x_wconf 85' lang='lat' dir='ltr'><strong>ﬁt</strong></span> <span class='ocrx_word' id='word_1_252' title='bbox 2621 1028 2902 1101; x_wconf 76' lang='lat' dir='ltr'><strong>cpiscOpus</strong></span> <span class='ocrx_word' id='word_1_253' title='bbox 2945 1029 3279 1085; x_wconf 60' lang='lat' dir='ltr'><strong>Cantuariw.</strong></span> <span class='ocrx_word' id='word_1_254' title='bbox 3315 1029 3450 1085; x_wconf 81' lang='lat' dir='ltr'><strong>Cum</strong></span> <span class='ocrx_word' id='word_1_255' title='bbox 3478 1044 3606 1101; x_wconf 81' lang='lat' dir='ltr'><strong>rege</strong></span> 
     </span>
    </p>
   </div>
   <div class='ocr_carea' id='block_1_41' title="bbox 2660 1099 3637 1155">
    <p class='ocr_par' dir='ltr' id='par_1_41' title="bbox 2660 1099 3637 1155">
     <span class='ocr_line' id='line_1_41' title="bbox 2660 1099 3637 1155; baseline 0.009 -2"><span class='ocrx_word' id='word_1_256' title='bbox 2660 1099 2902 1155; x_wconf 77' lang='lat' dir='ltr'><strong>dissidet.</strong></span> <span class='ocrx_word' id='word_1_257' title='bbox 3542 1099 3555 1101; x_wconf 50' lang='grc'><strong>⁷</strong></span> <span class='ocrx_word' id='word_1_258' title='bbox 3634 1108 3637 1111; x_wconf 73' lang='grc'><em>’</em></span> 
     </span>
    </p>
   </div>
   <div class='ocr_carea' id='block_1_42' title="bbox 2024 1186 3604 1259">
    <p class='ocr_par' dir='ltr' id='par_1_42' title="bbox 2024 1186 3604 1259">
     <span class='ocr_line' id='line_1_42' title="bbox 2024 1186 3604 1259; baseline 0.003 -19"><span class='ocrx_word' id='word_1_259' title='bbox 2024 1186 2346 1253; x_wconf 83' lang='lat' dir='ltr'><strong>Jacturam,</strong></span> <span class='ocrx_word' id='word_1_260' title='bbox 2390 1203 2568 1259; x_wconf 89' lang='lat' dir='ltr'><strong>quam</strong></span> <span class='ocrx_word' id='word_1_261' title='bbox 2616 1192 2801 1244; x_wconf 90' lang='lat' dir='ltr'><strong>morte</strong></span> <span class='ocrx_word' id='word_1_262' title='bbox 2840 1188 3101 1246; x_wconf 90' lang='lat' dir='ltr'><strong>Anselmi</strong></span> <span class='ocrx_word' id='word_1_263' title='bbox 3152 1187 3604 1245; x_wconf 88' lang='lat' dir='ltr'><strong>Mediolanensis</strong></span> 
     </span>
    </p>
   </div>
   <div class='ocr_carea' id='block_1_43' title="bbox 1954 1275 3605 1350">
    <p class='ocr_par' dir='ltr' id='par_1_43' title="bbox 1954 1275 3605 1350">
     <span class='ocr_line' id='line_1_43' title="bbox 1954 1275 3605 1350; baseline 0 -19"><span class='ocrx_word' id='word_1_264' title='bbox 1954 1292 2232 1349; x_wconf 85' lang='lat' dir='ltr'><strong>perpessa</strong></span> <span class='ocrx_word' id='word_1_265' title='bbox 2278 1279 2369 1331; x_wconf 90' lang='lat' dir='ltr'><strong>est</strong></span> <span class='ocrx_word' id='word_1_266' title='bbox 2410 1275 2669 1331; x_wconf 89' lang='lat' dir='ltr'><strong>Ecclesia</strong></span> <span class='ocrx_word' id='word_1_267' title='bbox 2717 1276 3000 1346; x_wconf 82' lang='lat' dir='ltr'><strong>Romana,</strong></span> <span class='ocrx_word' id='word_1_268' title='bbox 3027 1277 3257 1350; x_wconf 86' lang='lat' dir='ltr'><strong>egregie</strong></span> <span class='ocrx_word' id='word_1_269' title='bbox 3306 1276 3605 1332; x_wconf 87' lang='lat' dir='ltr'><strong>resarcivit</strong></span> 
     </span>
    </p>
   </div>
   <div class='ocr_carea' id='block_1_44' title="bbox 1955 1364 3604 1438">
    <p class='ocr_par' dir='ltr' id='par_1_44' title="bbox 1955 1364 3604 1438">
     <span class='ocr_line' id='line_1_44' title="bbox 1955 1364 3604 1438; baseline 0 -17"><span class='ocrx_word' id='word_1_270' title='bbox 1955 1364 2195 1421; x_wconf 86' lang='lat' dir='ltr'><strong>alterius</strong></span> <span class='ocrx_word' id='word_1_271' title='bbox 2226 1364 2486 1421; x_wconf 84' lang='lat' dir='ltr'><strong>Anselmi</strong></span> <span class='ocrx_word' id='word_1_272' title='bbox 2515 1365 2575 1420; x_wconf 90' lang='lat' dir='ltr'><strong>in</strong></span> <span class='ocrx_word' id='word_1_273' title='bbox 2599 1365 3078 1422; x_wconf 90' lang='lat' dir='ltr'><strong>Cantuariensem</strong></span> <span class='ocrx_word' id='word_1_274' title='bbox 3101 1365 3604 1438; x_wconf 87' lang='lat' dir='ltr'><strong>archiepiscopum</strong></span> 
     </span>
    </p>
   </div>
   <div class='ocr_carea' id='block_1_45' title="bbox 1955 1452 3604 1525">
    <p class='ocr_par' dir='ltr' id='par_1_45' title="bbox 1955 1452 3604 1525">
     <span class='ocr_line' id='line_1_45' title="bbox 1955 1452 3604 1525; baseline -0.001 -16"><span class='ocrx_word' id='word_1_275' title='bbox 1955 1452 2266 1519; x_wconf 84' lang='lat' dir='ltr'><strong>ordinatio,</strong></span> <span class='ocrx_word' id='word_1_276' title='bbox 2302 1469 2429 1523; x_wconf 70' lang='lat' dir='ltr'><strong>quae</strong></span> <span class='ocrx_word' id='word_1_277' title='bbox 2462 1452 2571 1507; x_wconf 89' lang='lat' dir='ltr'><strong>hac</strong></span> <span class='ocrx_word' id='word_1_278' title='bbox 2602 1453 2731 1525; x_wconf 89' lang='lat' dir='ltr'><strong>ipsa</strong></span> <span class='ocrx_word' id='word_1_279' title='bbox 2760 1453 2853 1509; x_wconf 90' lang='lat' dir='ltr'><strong>die</strong></span> <span class='ocrx_word' id='word_1_280' title='bbox 2887 1453 3177 1510; x_wconf 88' lang='lat' dir='ltr'><strong>celebrata</strong></span> <span class='ocrx_word' id='word_1_281' title='bbox 3216 1458 3323 1519; x_wconf 85' lang='lat' dir='ltr'><strong>est,</strong></span> <span class='ocrx_word' id='word_1_282' title='bbox 3353 1453 3412 1509; x_wconf 91' lang='lat' dir='ltr'><strong>id</strong></span> <span class='ocrx_word' id='word_1_283' title='bbox 3444 1456 3535 1509; x_wconf 89' lang='lat' dir='ltr'><strong>est</strong></span> <span class='ocrx_word' id='word_1_284' title='bbox 3564 1469 3604 1507; x_wconf 82' lang='grc' dir='ltr'>ιι</span> 
     </span>
    </p>
   </div>
   <div class='ocr_carea' id='block_1_46' title="bbox 1955 1540 3605 1613">
    <p class='ocr_par' dir='ltr' id='par_1_46' title="bbox 1955 1540 3605 1613">
     <span class='ocr_line' id='line_1_46' title="bbox 1955 1540 3605 1613; baseline 0 -16"><span class='ocrx_word' id='word_1_285' title='bbox 1955 1542 2150 1597; x_wconf 87' lang='lat' dir='ltr'><strong>Nonas</strong></span> <span class='ocrx_word' id='word_1_286' title='bbox 2181 1540 2539 1611; x_wconf 90' lang='lat' dir='ltr'><strong>Decembris,</strong></span> <span class='ocrx_word' id='word_1_287' title='bbox 2587 1558 2703 1613; x_wconf 91' lang='lat' dir='ltr'><strong>qua</strong></span> <span class='ocrx_word' id='word_1_288' title='bbox 2747 1541 3202 1598; x_wconf 83' lang='lat' dir='ltr'><strong>Mediolanensis</strong></span> <span class='ocrx_word' id='word_1_289' title='bbox 3230 1541 3544 1598; x_wconf 86' lang='lat' dir='ltr'><strong>Anselmus</strong></span> <span class='ocrx_word' id='word_1_290' title='bbox 3574 1556 3605 1597; x_wconf 90' lang='lat' dir='ltr'><strong>e</strong></span> 
     </span>
    </p>
   </div>
   <div class='ocr_carea' id='block_1_47' title="bbox 1953 1629 3606 1703">
    <p class='ocr_par' dir='ltr' id='par_1_47' title="bbox 1953 1629 3606 1703">
     <span class='ocr_line' id='line_1_47' title="bbox 1953 1629 3606 1703; baseline 0 -17"><span class='ocrx_word' id='word_1_291' title='bbox 1953 1629 2099 1686; x_wconf 84' lang='lat' dir='ltr'><strong>vivis</strong></span> <span class='ocrx_word' id='word_1_292' title='bbox 2156 1629 2419 1685; x_wconf 80' lang='lat' dir='ltr'><strong>excessit.</strong></span> <span class='ocrx_word' id='word_1_293' title='bbox 2481 1631 2641 1686; x_wconf 86' lang='lat' dir='ltr'><strong>Hanc</strong></span> <span class='ocrx_word' id='word_1_294' title='bbox 2688 1635 2885 1685; x_wconf 89' lang='lat' dir='ltr'><strong>tamen</strong></span> <span class='ocrx_word' id='word_1_295' title='bbox 2954 1647 3159 1703; x_wconf 86' lang='lat' dir='ltr'><strong>graves</strong></span> <span class='ocrx_word' id='word_1_296' title='bbox 3207 1629 3606 1686; x_wconf 88' lang='lat' dir='ltr'><strong>dissensiones</strong></span> 
     </span>
    </p>
   </div>
   <div class='ocr_carea' id='block_1_48' title="bbox 1956 1718 3608 1792">
    <p class='ocr_par' dir='ltr' id='par_1_48' title="bbox 1956 1718 3608 1792">
     <span class='ocr_line' id='line_1_48' title="bbox 1956 1718 3608 1792; baseline -0.001 -16"><span class='ocrx_word' id='word_1_297' title='bbox 1956 1719 2280 1776; x_wconf 81' lang='lat' dir='ltr'><strong>subsecutae</strong></span> <span class='ocrx_word' id='word_1_298' title='bbox 2338 1722 2477 1774; x_wconf 88' lang='lat' dir='ltr'><strong>sunt</strong></span> <span class='ocrx_word' id='word_1_299' title='bbox 2532 1718 2687 1775; x_wconf 88' lang='lat' dir='ltr'><strong>inter</strong></span> <span class='ocrx_word' id='word_1_300' title='bbox 2734 1719 2931 1792; x_wconf 88' lang='lat' dir='ltr'><strong>ipsum</strong></span> <span class='ocrx_word' id='word_1_301' title='bbox 2982 1722 3254 1775; x_wconf 87' lang='lat' dir='ltr'><strong>sanctum</strong></span> <span class='ocrx_word' id='word_1_302' title='bbox 3300 1719 3493 1775; x_wconf 90' lang='lat' dir='ltr'><strong>virum</strong></span> <span class='ocrx_word' id='word_1_303' title='bbox 3549 1722 3608 1775; x_wconf 88' lang='lat' dir='ltr'><strong>et</strong></span> 
     </span>
    </p>
   </div>
   <div class='ocr_carea' id='block_1_49' title="bbox 1955 1807 3608 1881">
    <p class='ocr_par' dir='ltr' id='par_1_49' title="bbox 1955 1807 3608 1881">
     <span class='ocr_line' id='line_1_49' title="bbox 1955 1807 3608 1881; baseline -0.001 -17"><span class='ocrx_word' id='word_1_304' title='bbox 1955 1808 2268 1864; x_wconf 89' lang='lat' dir='ltr'><strong>Henricum</strong></span> <span class='ocrx_word' id='word_1_305' title='bbox 2334 1824 2530 1880; x_wconf 88' lang='lat' dir='ltr'><strong>regem</strong></span> <span class='ocrx_word' id='word_1_306' title='bbox 2593 1808 2830 1874; x_wconf 74' lang='lat' dir='ltr'><strong>obortae,</strong></span> <span class='ocrx_word' id='word_1_307' title='bbox 2888 1825 3015 1881; x_wconf 65' lang='lat' dir='ltr'><strong>qua:</strong></span> <span class='ocrx_word' id='word_1_308' title='bbox 3074 1807 3175 1863; x_wconf 90' lang='lat' dir='ltr'><strong>diu</strong></span> <span class='ocrx_word' id='word_1_309' title='bbox 3234 1807 3608 1880; x_wconf 89' lang='lat' dir='ltr'><strong>multumque</strong></span> 
     </span>
    </p>
   </div>
   <div class='ocr_carea' id='block_1_50' title="bbox 1954 1896 3610 1970">
    <p class='ocr_par' dir='ltr' id='par_1_50' title="bbox 1954 1896 3610 1970">
     <span class='ocr_line' id='line_1_50' title="bbox 1954 1896 3610 1970; baseline -0.001 -17"><span class='ocrx_word' id='word_1_310' title='bbox 1954 1896 2336 1970; x_wconf 88' lang='lat' dir='ltr'><strong>Anglicanam</strong></span> <span class='ocrx_word' id='word_1_311' title='bbox 2370 1896 2688 1953; x_wconf 88' lang='lat' dir='ltr'><strong>Ecclesiam</strong></span> <span class='ocrx_word' id='word_1_312' title='bbox 2720 1896 3075 1953; x_wconf 85' lang='lat' dir='ltr'><strong>afﬂixerunt.</strong></span> <span class='ocrx_word' id='word_1_313' title='bbox 3096 1898 3480 1954; x_wconf 83' lang='lat' dir='ltr'><strong>Remanserat</strong></span> <span class='ocrx_word' id='word_1_314' title='bbox 3506 1898 3610 1952; x_wconf 90' lang='lat' dir='ltr'><strong>Ec-</strong></span> 
     </span>
    </p>
   </div>
   <div class='ocr_carea' id='block_1_51' title="bbox 1957 1985 3608 2060">
    <p class='ocr_par' dir='ltr' id='par_1_51' title="bbox 1957 1985 3608 2060">
     <span class='ocr_line' id='line_1_51' title="bbox 1957 1985 3608 2060; baseline -0.002 -17"><span class='ocrx_word' id='word_1_315' title='bbox 1957 1986 2134 2043; x_wconf 89' lang='lat' dir='ltr'><strong>clesia</strong></span> <span class='ocrx_word' id='word_1_316' title='bbox 2165 1985 2603 2043; x_wconf 89' lang='lat' dir='ltr'><strong>Cautuariensis</strong></span> <span class='ocrx_word' id='word_1_317' title='bbox 2618 1987 2888 2059; x_wconf 80' lang='lat' dir='ltr'><strong>episcopo</strong></span> <span class='ocrx_word' id='word_1_318' title='bbox 2906 1986 3112 2043; x_wconf 89' lang='lat' dir='ltr'><strong>orbata</strong></span> <span class='ocrx_word' id='word_1_319' title='bbox 3136 1989 3269 2060; x_wconf 91' lang='lat' dir='ltr'><strong>post</strong></span> <span class='ocrx_word' id='word_1_320' title='bbox 3297 1985 3608 2042; x_wconf 90' lang='lat' dir='ltr'><strong>Lanfranci</strong></span> 
     </span>
    </p>
   </div>
   <div class='ocr_carea' id='block_1_52' title="bbox 1956 2074 3608 2147">
    <p class='ocr_par' dir='ltr' id='par_1_52' title="bbox 1956 2074 3608 2147">
     <span class='ocr_line' id='line_1_52' title="bbox 1956 2074 3608 2147; baseline -0.001 -16"><span class='ocrx_word' id='word_1_321' title='bbox 1956 2079 2205 2131; x_wconf 91' lang='lat' dir='ltr'><strong>mortem</strong></span> <span class='ocrx_word' id='word_1_322' title='bbox 2236 2079 2356 2130; x_wconf 92' lang='lat' dir='ltr'><strong>toto</strong></span> <span class='ocrx_word' id='word_1_323' title='bbox 2387 2075 2940 2147; x_wconf 84' lang='lat' dir='ltr'><strong>quadriennio,cum</strong></span> <span class='ocrx_word' id='word_1_324' title='bbox 2970 2075 3159 2147; x_wconf 89' lang='lat' dir='ltr'><strong>pridie</strong></span> <span class='ocrx_word' id='word_1_325' title='bbox 3186 2075 3381 2131; x_wconf 88' lang='lat' dir='ltr'><strong>Nonas</strong></span> <span class='ocrx_word' id='word_1_326' title='bbox 3415 2074 3608 2130; x_wconf 87' lang='lat' dir='ltr'><strong>Martii</strong></span> 
     </span>
    </p>
   </div>
   <div class='ocr_carea' id='block_1_53' title="bbox 1956 2164 3608 2238">
    <p class='ocr_par' dir='ltr' id='par_1_53' title="bbox 1956 2164 3608 2238">
     <span class='ocr_line' id='line_1_53' title="bbox 1956 2164 3608 2238; baseline -0.002 -17"><span class='ocrx_word' id='word_1_327' title='bbox 1956 2166 2135 2236; x_wconf 86' lang='lat' dir='ltr'><strong>hujus</strong></span> <span class='ocrx_word' id='word_1_328' title='bbox 2164 2165 2321 2233; x_wconf 89' lang='lat' dir='ltr'><strong>anni,</strong></span> <span class='ocrx_word' id='word_1_329' title='bbox 2355 2164 2660 2221; x_wconf 90' lang='lat' dir='ltr'><strong>Dominica</strong></span> <span class='ocrx_word' id='word_1_330' title='bbox 2678 2165 2868 2237; x_wconf 89' lang='lat' dir='ltr'><strong>prima</strong></span> <span class='ocrx_word' id='word_1_331' title='bbox 2886 2164 3608 2238; x_wconf 71' lang='lat' dir='ltr'><strong>Quadragesimae,electus</strong></span> 
     </span>
    </p>
   </div>
   <div class='ocr_carea' id='block_1_54' title="bbox 1957 2251 3609 2326">
    <p class='ocr_par' dir='ltr' id='par_1_54' title="bbox 1957 2251 3609 2326">
     <span class='ocr_line' id='line_1_54' title="bbox 1957 2251 3609 2326; baseline -0.001 -16"><span class='ocrx_word' id='word_1_332' title='bbox 1957 2258 2047 2310; x_wconf 88' lang='lat' dir='ltr'><strong>est</strong></span> <span class='ocrx_word' id='word_1_333' title='bbox 2076 2254 2134 2309; x_wconf 91' lang='lat' dir='ltr'><strong>in</strong></span> <span class='ocrx_word' id='word_1_334' title='bbox 2166 2255 2294 2325; x_wconf 90' lang='lat' dir='ltr'><strong>ejus</strong></span> <span class='ocrx_word' id='word_1_335' title='bbox 2325 2252 2541 2323; x_wconf 92' lang='lat' dir='ltr'><strong>locum,</strong></span> <span class='ocrx_word' id='word_1_336' title='bbox 2576 2271 2810 2309; x_wconf 88' lang='lat' dir='ltr'><strong>summo</strong></span> <span class='ocrx_word' id='word_1_337' title='bbox 2859 2254 3041 2309; x_wconf 89' lang='lat' dir='ltr'><strong>totius</strong></span> <span class='ocrx_word' id='word_1_338' title='bbox 3087 2254 3255 2326; x_wconf 90' lang='lat' dir='ltr'><strong>regni</strong></span> <span class='ocrx_word' id='word_1_339' title='bbox 3305 2270 3372 2309; x_wconf 91' lang='lat' dir='ltr'><strong>ac</strong></span> <span class='ocrx_word' id='word_1_340' title='bbox 3419 2251 3609 2325; x_wconf 88' lang='lat' dir='ltr'><strong>ipsius</strong></span> 
     </span>
    </p>
   </div>
   <div class='ocr_carea' id='block_1_55' title="bbox 1957 2340 3607 2416">
    <p class='ocr_par' dir='ltr' id='par_1_55' title="bbox 1957 2340 3607 2416">
     <span class='ocr_line' id='line_1_55' title="bbox 1957 2340 3607 2416; baseline -0.003 -16"><span class='ocrx_word' id='word_1_341' title='bbox 1957 2343 2111 2416; x_wconf 88' lang='lat' dir='ltr'><strong>regis</strong></span> <span class='ocrx_word' id='word_1_342' title='bbox 2144 2342 2429 2415; x_wconf 76' lang='lat' dir='ltr'><strong>applausu</strong></span> <span class='ocrx_word' id='word_1_343' title='bbox 2462 2341 2943 2410; x_wconf 89' lang='lat' dir='ltr'><strong>Anselmus,tunc</strong></span> <span class='ocrx_word' id='word_1_344' title='bbox 2973 2340 3607 2412; x_wconf 87' lang='lat' dir='ltr'><strong>Beccensisabbas,qui</strong></span> 
     </span>
    </p>
   </div>
   <div class='ocr_carea' id='block_1_56' title="bbox 1958 2427 3608 2504">
    <p class='ocr_par' dir='ltr' id='par_1_56' title="bbox 1958 2427 3608 2504">
     <span class='ocr_line' id='line_1_56' title="bbox 1958 2427 3608 2504; baseline -0.004 -14"><span class='ocrx_word' id='word_1_345' title='bbox 1958 2434 2031 2490; x_wconf 92' lang='lat' dir='ltr'><strong>ob</strong></span> <span class='ocrx_word' id='word_1_346' title='bbox 2066 2432 2332 2504; x_wconf 76' lang='lat' dir='ltr'><strong>quaedam</strong></span> <span class='ocrx_word' id='word_1_347' title='bbox 2358 2431 2697 2487; x_wconf 87' lang='lat' dir='ltr'><strong>monasterii</strong></span> <span class='ocrx_word' id='word_1_348' title='bbox 2728 2430 2819 2490; x_wconf 83' lang='lat' dir='ltr'><strong>sui</strong></span> <span class='ocrx_word' id='word_1_349' title='bbox 2850 2429 3084 2502; x_wconf 89' lang='lat' dir='ltr'><strong>negotia</strong></span> <span class='ocrx_word' id='word_1_350' title='bbox 3100 2429 3246 2485; x_wconf 86' lang='lat' dir='ltr'><strong>forte</strong></span> <span class='ocrx_word' id='word_1_351' title='bbox 3264 2427 3608 2501; x_wconf 87' lang='lat' dir='ltr'><strong>inAngliam</strong></span> 
     </span>
    </p>
   </div>
   <div class='ocr_carea' id='block_1_57' title="bbox 1955 2517 3610 2593">
    <p class='ocr_par' dir='ltr' id='par_1_57' title="bbox 1955 2517 3610 2593">
     <span class='ocr_line' id='line_1_57' title="bbox 1955 2517 3610 2593; baseline -0.002 -16"><span class='ocrx_word' id='word_1_352' title='bbox 1955 2521 2383 2589; x_wconf 87' lang='lat' dir='ltr'><strong>transmiserat,</strong></span> <span class='ocrx_word' id='word_1_353' title='bbox 2416 2519 2564 2575; x_wconf 91' lang='lat' dir='ltr'><strong>nihil</strong></span> <span class='ocrx_word' id='word_1_354' title='bbox 2595 2519 2711 2576; x_wconf 88' lang='lat' dir='ltr'><strong>tale</strong></span> <span class='ocrx_word' id='word_1_355' title='bbox 2741 2519 3024 2593; x_wconf 90' lang='lat' dir='ltr'><strong>cogitans.</strong></span> <span class='ocrx_word' id='word_1_356' title='bbox 3053 2518 3300 2574; x_wconf 89' lang='lat' dir='ltr'><strong>Omnem</strong></span> <span class='ocrx_word' id='word_1_357' title='bbox 3350 2517 3610 2590; x_wconf 89' lang='lat' dir='ltr'><strong>lapidem</strong></span> 
     </span>
    </p>
   </div>
   <div class='ocr_carea' id='block_1_58' title="bbox 1957 2605 3610 2678">
    <p class='ocr_par' dir='ltr' id='par_1_58' title="bbox 1957 2605 3610 2678">
     <span class='ocr_line' id='line_1_58' title="bbox 1957 2605 3610 2678; baseline -0.003 -12"><span class='ocrx_word' id='word_1_358' title='bbox 1957 2612 2139 2667; x_wconf 89' lang='lat' dir='ltr'><strong>movit</strong></span> <span class='ocrx_word' id='word_1_359' title='bbox 2165 2609 2255 2665; x_wconf 91' lang='lat' dir='ltr'><strong>vir</strong></span> <span class='ocrx_word' id='word_1_360' title='bbox 2284 2613 2621 2678; x_wconf 87' lang='lat' dir='ltr'><strong>sanctus,ut</strong></span> <span class='ocrx_word' id='word_1_361' title='bbox 2651 2626 2684 2665; x_wconf 88' lang='lat' dir='ltr'><strong>a</strong></span> <span class='ocrx_word' id='word_1_362' title='bbox 2715 2625 2776 2665; x_wconf 91' lang='lat' dir='ltr'><strong>se</strong></span> <span class='ocrx_word' id='word_1_363' title='bbox 2804 2612 3037 2664; x_wconf 87' lang='lat' dir='ltr'><strong>tantum</strong></span> <span class='ocrx_word' id='word_1_364' title='bbox 3069 2623 3219 2664; x_wconf 79' lang='lat' dir='ltr'><strong>onus</strong></span> <span class='ocrx_word' id='word_1_365' title='bbox 3249 2605 3610 2675; x_wconf 86' lang='lat' dir='ltr'><strong>amoliretur,</strong></span> 
     </span>
    </p>
   </div>
   <div class='ocr_carea' id='block_1_59' title="bbox 1959 2696 3615 2772">
    <p class='ocr_par' dir='ltr' id='par_1_59' title="bbox 1959 2696 3615 2772">
     <span class='ocr_line' id='line_1_59' title="bbox 1959 2696 3615 2772; baseline -0.003 -16"><span class='ocrx_word' id='word_1_366' title='bbox 1959 2701 2031 2756; x_wconf 88' lang='lat' dir='ltr'><strong>ad</strong></span> <span class='ocrx_word' id='word_1_367' title='bbox 2059 2700 2215 2772; x_wconf 91' lang='lat' dir='ltr'><strong>quod</strong></span> <span class='ocrx_word' id='word_1_368' title='bbox 2249 2715 2311 2755; x_wconf 90' lang='lat' dir='ltr'><strong>se</strong></span> <span class='ocrx_word' id='word_1_369' title='bbox 2341 2699 2541 2755; x_wconf 91' lang='lat' dir='ltr'><strong>minus</strong></span> <span class='ocrx_word' id='word_1_370' title='bbox 2570 2701 2777 2770; x_wconf 89' lang='lat' dir='ltr'><strong>aptum</strong></span> <span class='ocrx_word' id='word_1_371' title='bbox 2809 2713 2937 2754; x_wconf 89' lang='lat' dir='ltr'><strong>esse</strong></span> <span class='ocrx_word' id='word_1_372' title='bbox 2969 2696 3197 2753; x_wconf 89' lang='lat' dir='ltr'><strong>sincero</strong></span> <span class='ocrx_word' id='word_1_373' title='bbox 3229 2696 3425 2752; x_wconf 91' lang='lat' dir='ltr'><strong>animo</strong></span> <span class='ocrx_word' id='word_1_374' title='bbox 3447 2712 3615 2769; x_wconf 90' lang='lat' dir='ltr'><strong>repu-</strong></span> 
     </span>
    </p>
   </div>
   <div class='ocr_carea' id='block_1_60' title="bbox 1956 2784 3615 2861">
    <p class='ocr_par' dir='ltr' id='par_1_60' title="bbox 1956 2784 3615 2861">
     <span class='ocr_line' id='line_1_60' title="bbox 1956 2784 3615 2861; baseline -0.003 -16"><span class='ocrx_word' id='word_1_375' title='bbox 1956 2790 2139 2845; x_wconf 85' lang='lat' dir='ltr'><strong>tabat.</strong></span> <span class='ocrx_word' id='word_1_376' title='bbox 2169 2788 2310 2844; x_wconf 90' lang='lat' dir='ltr'><strong>Visa</strong></span> <span class='ocrx_word' id='word_1_377' title='bbox 2341 2791 2432 2845; x_wconf 89' lang='lat' dir='ltr'><strong>est</strong></span> <span class='ocrx_word' id='word_1_378' title='bbox 2460 2788 2512 2844; x_wconf 93' lang='lat' dir='ltr'><strong>ei</strong></span> <span class='ocrx_word' id='word_1_379' title='bbox 2545 2791 2877 2861; x_wconf 90' lang='lat' dir='ltr'><strong>opportuna</strong></span> <span class='ocrx_word' id='word_1_380' title='bbox 2924 2785 3283 2843; x_wconf 65' lang='lat' dir='ltr'><strong>declinandis</strong></span> <span class='ocrx_word' id='word_1_381' title='bbox 3313 2785 3497 2858; x_wconf 86' lang='lat' dir='ltr'><strong>hujus</strong></span> <span class='ocrx_word' id='word_1_382' title='bbox 3527 2784 3615 2841; x_wconf 90' lang='lat' dir='ltr'><strong>di-</strong></span> 
     </span>
    </p>
   </div>
   <div class='ocr_carea' id='block_1_61' title="bbox 1959 2872 3615 2951">
    <p class='ocr_par' dir='ltr' id='par_1_61' title="bbox 1959 2872 3615 2951">
     <span class='ocr_line' id='line_1_61' title="bbox 1959 2872 3615 2951; baseline -0.002 -18"><span class='ocrx_word' id='word_1_383' title='bbox 1959 2876 2201 2951; x_wconf 88' lang='lat' dir='ltr'><strong>gnitatis</strong></span> <span class='ocrx_word' id='word_1_384' title='bbox 2255 2877 2505 2943; x_wconf 90' lang='lat' dir='ltr'><strong>occasio,</strong></span> <span class='ocrx_word' id='word_1_385' title='bbox 2559 2875 2823 2932; x_wconf 88' lang='lat' dir='ltr'><strong>schisma</strong></span> <span class='ocrx_word' id='word_1_386' title='bbox 2882 2874 3041 2947; x_wconf 93' lang='lat' dir='ltr'><strong>quod</strong></span> <span class='ocrx_word' id='word_1_387' title='bbox 3098 2877 3237 2930; x_wconf 91' lang='lat' dir='ltr'><strong>tunc</strong></span> <span class='ocrx_word' id='word_1_388' title='bbox 3294 2872 3615 2930; x_wconf 86' lang='lat' dir='ltr'><strong>Ecclesiam</strong></span> 
     </span>
    </p>
   </div>
   <div class='ocr_carea' id='block_1_62' title="bbox 1960 2961 3618 3037">
    <p class='ocr_par' dir='ltr' id='par_1_62' title="bbox 1960 2961 3618 3037">
     <span class='ocr_line' id='line_1_62' title="bbox 1960 2961 3618 3037; baseline -0.004 -14"><span class='ocrx_word' id='word_1_389' title='bbox 1960 2967 2285 3023; x_wconf 84' lang='lat' dir='ltr'><strong>Romanam</strong></span> <span class='ocrx_word' id='word_1_390' title='bbox 2317 2965 2658 3021; x_wconf 76' lang='lat' dir='ltr'><strong>afﬂictabat.</strong></span> <span class='ocrx_word' id='word_1_391' title='bbox 2685 2964 2909 3037; x_wconf 89' lang='lat' dir='ltr'><strong>Quippe</strong></span> <span class='ocrx_word' id='word_1_392' title='bbox 2937 2978 3071 3019; x_wconf 91' lang='lat' dir='ltr'><strong>cum</strong></span> <span class='ocrx_word' id='word_1_393' title='bbox 3104 2962 3366 3019; x_wconf 90' lang='lat' dir='ltr'><strong>nondum</strong></span> <span class='ocrx_word' id='word_1_394' title='bbox 3398 2961 3459 3017; x_wconf 91' lang='lat' dir='ltr'><strong>in</strong></span> <span class='ocrx_word' id='word_1_395' title='bbox 3497 2963 3618 3017; x_wconf 88' lang='lat' dir='ltr'><strong>An-</strong></span> 
     </span>
    </p>
   </div>
   <div class='ocr_carea' id='block_1_63' title="bbox 1959 3051 3615 3127">
    <p class='ocr_par' dir='ltr' id='par_1_63' title="bbox 1959 3051 3615 3127">
     <span class='ocr_line' id='line_1_63' title="bbox 1959 3051 3615 3127; baseline -0.002 -17"><span class='ocrx_word' id='word_1_396' title='bbox 1959 3054 2097 3127; x_wconf 90' lang='lat' dir='ltr'><strong>glia,</strong></span> <span class='ocrx_word' id='word_1_397' title='bbox 2130 3054 2213 3110; x_wconf 88' lang='lat' dir='ltr'><strong>sic</strong></span> <span class='ocrx_word' id='word_1_398' title='bbox 2236 3070 2371 3127; x_wconf 88' lang='lat' dir='ltr'><strong>rege</strong></span> <span class='ocrx_word' id='word_1_399' title='bbox 2395 3053 2645 3121; x_wconf 90' lang='lat' dir='ltr'><strong>volente,</strong></span> <span class='ocrx_word' id='word_1_400' title='bbox 2675 3053 2808 3125; x_wconf 89' lang='lat' dir='ltr'><strong>quis</strong></span> <span class='ocrx_word' id='word_1_401' title='bbox 2842 3069 2946 3125; x_wconf 93' lang='lat' dir='ltr'><strong>pro</strong></span> <span class='ocrx_word' id='word_1_402' title='bbox 2992 3068 3127 3108; x_wconf 90' lang='lat' dir='ltr'><strong>vero</strong></span> <span class='ocrx_word' id='word_1_403' title='bbox 3158 3051 3432 3124; x_wconf 84' lang='lat' dir='ltr'><strong>pontiﬁce</strong></span> <span class='ocrx_word' id='word_1_404' title='bbox 3458 3053 3615 3106; x_wconf 90' lang='lat' dir='ltr'><strong>esset</strong></span> 
     </span>
    </p>
   </div>
   <div class='ocr_carea' id='block_1_64' title="bbox 1962 3139 3614 3213">
    <p class='ocr_par' dir='ltr' id='par_1_64' title="bbox 1962 3139 3614 3213">
     <span class='ocr_line' id='line_1_64' title="bbox 1962 3139 3614 3213; baseline -0.002 -16"><span class='ocrx_word' id='word_1_405' title='bbox 1962 3141 2291 3209; x_wconf 89' lang='lat' dir='ltr'><strong>habendus,</strong></span> <span class='ocrx_word' id='word_1_406' title='bbox 2323 3140 2682 3197; x_wconf 84' lang='lat' dir='ltr'><strong>declaratum</strong></span> <span class='ocrx_word' id='word_1_407' title='bbox 2717 3141 2943 3208; x_wconf 84' lang='lat' dir='ltr'><strong>fuisset,</strong></span> <span class='ocrx_word' id='word_1_408' title='bbox 2976 3140 3100 3213; x_wconf 88' lang='lat' dir='ltr'><strong>ipse</strong></span> <span class='ocrx_word' id='word_1_409' title='bbox 3140 3139 3335 3213; x_wconf 89' lang='lat' dir='ltr'><strong>palam</strong></span> <span class='ocrx_word' id='word_1_410' title='bbox 3386 3139 3614 3195; x_wconf 88' lang='lat' dir='ltr'><strong>denun-</strong></span> 
     </span>
    </p>
   </div>
   <div class='ocr_carea' id='block_1_65' title="bbox 185 3218 3607 3304">
    <p class='ocr_par' dir='ltr' id='par_1_65' title="bbox 185 3218 3607 3304">
     <span class='ocr_line' id='line_1_65' title="bbox 185 3218 3607 3304; baseline -0 -21"><span class='ocrx_word' id='word_1_411' title='bbox 185 3228 473 3295; x_wconf 83' lang='lat' dir='ltr'><strong>diximus,</strong></span> <span class='ocrx_word' id='word_1_412' title='bbox 535 3228 840 3283; x_wconf 88' lang='lat' dir='ltr'><strong>Conradus</strong></span> <span class='ocrx_word' id='word_1_413' title='bbox 896 3234 1032 3286; x_wconf 88' lang='lat' dir='ltr'><strong>ante</strong></span> <span class='ocrx_word' id='word_1_414' title='bbox 1101 3229 1326 3302; x_wconf 88' lang='lat' dir='ltr'><strong>aliquot</strong></span> <span class='ocrx_word' id='word_1_415' title='bbox 1383 3247 1615 3286; x_wconf 89' lang='lat' dir='ltr'><strong>menses</strong></span> <span class='ocrx_word' id='word_1_416' title='bbox 1681 3230 1845 3304; x_wconf 88' lang='lat' dir='ltr'><strong>regni</strong></span> <span class='ocrx_word' id='word_1_417' title='bbox 1874 3218 1918 3285; x_wconf 85' lang='lat' dir='ltr'>C</span> <span class='ocrx_word' id='word_1_418' title='bbox 1954 3231 2121 3287; x_wconf 89' lang='lat' dir='ltr'><strong>tiavit</strong></span> <span class='ocrx_word' id='word_1_419' title='bbox 2172 3247 2235 3287; x_wconf 90' lang='lat' dir='ltr'><strong>se</strong></span> <span class='ocrx_word' id='word_1_420' title='bbox 2283 3246 2533 3302; x_wconf 88' lang='lat' dir='ltr'><strong>semper,</strong></span> <span class='ocrx_word' id='word_1_421' title='bbox 2583 3245 2935 3302; x_wconf 90' lang='lat' dir='ltr'><strong>quocunque</strong></span> <span class='ocrx_word' id='word_1_422' title='bbox 2985 3229 3159 3284; x_wconf 90' lang='lat' dir='ltr'><strong>modo</strong></span> <span class='ocrx_word' id='word_1_423' title='bbox 3209 3245 3301 3284; x_wconf 90' lang='lat' dir='ltr'><strong>res</strong></span> <span class='ocrx_word' id='word_1_424' title='bbox 3340 3231 3607 3296; x_wconf 88' lang='lat' dir='ltr'><strong>verteret,</strong></span> 
     </span>
    </p>
   </div>
   <div class='ocr_carea' id='block_1_66' title="bbox 187 3316 1845 3392">
    <p class='ocr_par' dir='ltr' id='par_1_66' title="bbox 187 3316 1845 3392">
     <span class='ocr_line' id='line_1_66' title="bbox 187 3316 1845 3392; baseline 0.002 -21"><span class='ocrx_word' id='word_1_425' title='bbox 187 3316 616 3389; x_wconf 67' lang='lat' dir='ltr'><strong>Langobardiae</strong></span> <span class='ocrx_word' id='word_1_426' title='bbox 642 3332 856 3373; x_wconf 91' lang='lat' dir='ltr'><strong>corona</strong></span> <span class='ocrx_word' id='word_1_427' title='bbox 880 3317 1199 3392; x_wconf 87' lang='lat' dir='ltr'><strong>insignitus</strong></span> <span class='ocrx_word' id='word_1_428' title='bbox 1230 3319 1440 3375; x_wconf 87' lang='lat' dir='ltr'><strong>fuerat.</strong></span> <span class='ocrx_word' id='word_1_429' title='bbox 1470 3320 1611 3390; x_wconf 90' lang='lat' dir='ltr'><strong>Ejus</strong></span> <span class='ocrx_word' id='word_1_430' title='bbox 1641 3318 1845 3375; x_wconf 89' lang='lat' dir='ltr'><strong>mortis</strong></span> 
     </span>
    </p>
   </div>
   <div class='ocr_carea' id='block_1_67' title="bbox 188 3404 1847 3475">
    <p class='ocr_par' dir='ltr' id='par_1_67' title="bbox 188 3404 1847 3475">
     <span class='ocr_line' id='line_1_67' title="bbox 188 3404 1847 3475; baseline 0 -14"><span class='ocrx_word' id='word_1_431' title='bbox 188 3422 410 3462; x_wconf 79' lang='lat' dir='ltr'><strong>annum</strong></span> <span class='ocrx_word' id='word_1_432' title='bbox 442 3404 670 3461; x_wconf 86' lang='lat' dir='ltr'><strong>indicat</strong></span> <span class='ocrx_word' id='word_1_433' title='bbox 700 3405 1027 3475; x_wconf 88' lang='lat' dir='ltr'><strong>Bertoldus,</strong></span> <span class='ocrx_word' id='word_1_434' title='bbox 1060 3407 1217 3463; x_wconf 89' lang='lat' dir='ltr'><strong>diem</strong></span> <span class='ocrx_word' id='word_1_435' title='bbox 1264 3424 1398 3463; x_wconf 89' lang='lat' dir='ltr'><strong>vero</strong></span> <span class='ocrx_word' id='word_1_436' title='bbox 1450 3406 1735 3463; x_wconf 87' lang='lat' dir='ltr'><strong>discimus</strong></span> <span class='ocrx_word' id='word_1_437' title='bbox 1779 3424 1847 3463; x_wconf 82' lang='lat' dir='ltr'><strong>ex</strong></span> 
     </span>
    </p>
   </div>
   <div class='ocr_carea' id='block_1_68' title="bbox 184 3494 1842 3568">
    <p class='ocr_par' dir='ltr' id='par_1_68' title="bbox 184 3494 1842 3568">
     <span class='ocr_line' id='line_1_68' title="bbox 184 3494 1842 3568; baseline 0.002 -22"><span class='ocrx_word' id='word_1_438' title='bbox 184 3495 361 3551; x_wconf 82' lang='lat' dir='ltr'><strong>veteri</strong></span> <span class='ocrx_word' id='word_1_439' title='bbox 394 3494 671 3567; x_wconf 81' lang='lat' dir='ltr'><strong>catalogo</strong></span> <span class='ocrx_word' id='word_1_440' title='bbox 701 3494 1276 3568; x_wconf 81' lang='lat' dir='ltr'><strong>archiepiscOporum</strong></span> <span class='ocrx_word' id='word_1_441' title='bbox 1297 3495 1842 3564; x_wconf 68' lang='lat' dir='ltr'><strong>Mediolanensium,</strong></span> 
     </span>
    </p>
   </div>
   <div class='ocr_carea' id='block_1_69' title="bbox 185 3583 1843 3656">
    <p class='ocr_par' dir='ltr' id='par_1_69' title="bbox 185 3583 1843 3656">
     <span class='ocr_line' id='line_1_69' title="bbox 185 3583 1843 3656; baseline 0.001 -17"><span class='ocrx_word' id='word_1_442' title='bbox 185 3599 357 3656; x_wconf 87' lang='lat' dir='ltr'><strong>quem</strong></span> <span class='ocrx_word' id='word_1_443' title='bbox 388 3587 602 3640; x_wconf 86' lang='lat' dir='ltr'><strong>noster</strong></span> <span class='ocrx_word' id='word_1_444' title='bbox 628 3583 1000 3641; x_wconf 82' lang='lat' dir='ltr'><strong>Mabillonius</strong></span> <span class='ocrx_word' id='word_1_445' title='bbox 1031 3589 1189 3641; x_wconf 88' lang='lat' dir='ltr'><strong>tomo</strong></span> <span class='ocrx_word' id='word_1_446' title='bbox 1219 3585 1241 3640; x_wconf 95' lang='grc' dir='ltr'>Ι</span> <span class='ocrx_word' id='word_1_447' title='bbox 1272 3585 1474 3641; x_wconf 71' lang='lat' dir='ltr'><strong>Musaei</strong></span> <span class='ocrx_word' id='word_1_448' title='bbox 1505 3584 1687 3641; x_wconf 88' lang='lat' dir='ltr'><strong>Italici</strong></span> <span class='ocrx_word' id='word_1_449' title='bbox 1721 3584 1843 3640; x_wconf 85' lang='lat' dir='ltr'><strong>vul-</strong></span> 
     </span>
    </p>
   </div>
   <div class='ocr_carea' id='block_1_70' title="bbox 114 3671 1843 3752">
    <p class='ocr_par' dir='ltr' id='par_1_70' title="bbox 114 3671 1843 3752">
     <span class='ocr_line' id='line_1_70' title="bbox 114 3671 1843 3752; baseline 0 -23"><span class='ocrx_word' id='word_1_450' title='bbox 114 3749 119 3752; x_wconf 9' lang='grc' dir='ltr'><strong><em>ᾔ</em></strong></span> <span class='ocrx_word' id='word_1_451' title='bbox 185 3674 361 3745; x_wconf 83' lang='lat' dir='ltr'><strong>gavit,</strong></span> <span class='ocrx_word' id='word_1_452' title='bbox 414 3673 523 3729; x_wconf 88' lang='lat' dir='ltr'><strong>ubi</strong></span> <span class='ocrx_word' id='word_1_453' title='bbox 570 3671 886 3730; x_wconf 84' lang='lat' dir='ltr'><strong>Anselmus</strong></span> <span class='ocrx_word' id='word_1_454' title='bbox 948 3674 1171 3730; x_wconf 88' lang='lat' dir='ltr'><strong>sedisse</strong></span> <span class='ocrx_word' id='word_1_455' title='bbox 1223 3674 1438 3731; x_wconf 89' lang='lat' dir='ltr'><strong>dicitur</strong></span> <span class='ocrx_word' id='word_1_456' title='bbox 1488 3691 1673 3730; x_wconf 89' lang='lat' dir='ltr'><strong>annos</strong></span> <span class='ocrx_word' id='word_1_457' title='bbox 1721 3691 1843 3741; x_wconf 82' lang='lat' dir='ltr'><strong>Vlll,</strong></span> 
     </span>
    </p>
   </div>
   <div class='ocr_carea' id='block_1_71' title="bbox 185 3762 1844 3836">
    <p class='ocr_par' dir='ltr' id='par_1_71' title="bbox 185 3762 1844 3836">
     <span class='ocr_line' id='line_1_71' title="bbox 185 3762 1844 3836; baseline 0.001 -19"><span class='ocrx_word' id='word_1_458' title='bbox 185 3777 416 3818; x_wconf 85' lang='lat' dir='ltr'><strong>menses</strong></span> <span class='ocrx_word' id='word_1_459' title='bbox 447 3778 489 3817; x_wconf 86' lang='lat' dir='ltr'><strong>v</strong></span> <span class='ocrx_word' id='word_1_460' title='bbox 534 3765 597 3817; x_wconf 86' lang='lat' dir='ltr'><strong>et</strong></span> <span class='ocrx_word' id='word_1_461' title='bbox 642 3762 767 3818; x_wconf 88' lang='lat' dir='ltr'><strong>dies</strong></span> <span class='ocrx_word' id='word_1_462' title='bbox 812 3779 887 3830; x_wconf 85' lang='grc' dir='ltr'><strong>ιν,</strong></span> <span class='ocrx_word' id='word_1_463' title='bbox 920 3779 987 3818; x_wconf 89' lang='lat' dir='ltr'><strong>ac</strong></span> <span class='ocrx_word' id='word_1_464' title='bbox 1018 3762 1237 3819; x_wconf 88' lang='lat' dir='ltr'><strong>obiisse</strong></span> <span class='ocrx_word' id='word_1_465' title='bbox 1281 3762 1467 3836; x_wconf 87' lang='lat' dir='ltr'><strong>pridie</strong></span> <span class='ocrx_word' id='word_1_466' title='bbox 1497 3762 1692 3819; x_wconf 88' lang='lat' dir='ltr'><strong>Nonas</strong></span> <span class='ocrx_word' id='word_1_467' title='bbox 1738 3762 1844 3818; x_wconf 88' lang='lat' dir='ltr'><strong>De-</strong></span> 
     </span>
    </p>
   </div>
   <div class='ocr_carea' id='block_1_72' title="bbox 184 3849 1847 3924">
    <p class='ocr_par' dir='ltr' id='par_1_72' title="bbox 184 3849 1847 3924">
     <span class='ocr_line' id='line_1_72' title="bbox 184 3849 1847 3924; baseline -0.001 -17"><span class='ocrx_word' id='word_1_468' title='bbox 184 3849 747 3922; x_wconf 86' lang='lat' dir='ltr'><strong>oembris,sepultus</strong></span> <span class='ocrx_word' id='word_1_469' title='bbox 774 3850 833 3906; x_wconf 92' lang='lat' dir='ltr'><strong>in</strong></span> <span class='ocrx_word' id='word_1_470' title='bbox 865 3850 1107 3907; x_wconf 90' lang='lat' dir='ltr'><strong>basilica</strong></span> <span class='ocrx_word' id='word_1_471' title='bbox 1128 3851 1847 3924; x_wconf 87' lang='lat' dir='ltr'><strong>apostolorum.Substitu-</strong></span> 
     </span>
    </p>
   </div>
   <div class='ocr_carea' id='block_1_73' title="bbox 180 3939 1846 4014">
    <p class='ocr_par' dir='ltr' id='par_1_73' title="bbox 180 3939 1846 4014">
     <span class='ocr_line' id='line_1_73' title="bbox 180 3939 1846 4014; baseline 0.001 -18"><span class='ocrx_word' id='word_1_472' title='bbox 180 3944 273 3996; x_wconf 85' lang='lat' dir='ltr'><strong>tus</strong></span> <span class='ocrx_word' id='word_1_473' title='bbox 303 3944 397 3997; x_wconf 87' lang='lat' dir='ltr'><strong>est</strong></span> <span class='ocrx_word' id='word_1_474' title='bbox 428 3939 487 3996; x_wconf 89' lang='lat' dir='ltr'><strong>ei</strong></span> <span class='ocrx_word' id='word_1_475' title='bbox 533 3939 815 3996; x_wconf 88' lang='lat' dir='ltr'><strong>Aruulfus</strong></span> <span class='ocrx_word' id='word_1_476' title='bbox 850 3957 951 3996; x_wconf 91' lang='lat' dir='ltr'><strong>seu</strong></span> <span class='ocrx_word' id='word_1_477' title='bbox 982 3940 1280 4009; x_wconf 85' lang='lat' dir='ltr'><strong>Arnolfus,</strong></span> <span class='ocrx_word' id='word_1_478' title='bbox 1314 3957 1491 4014; x_wconf 90' lang='lat' dir='ltr'><strong>quem</strong></span> <span class='ocrx_word' id='word_1_479' title='bbox 1540 3940 1846 3997; x_wconf 90' lang='lat' dir='ltr'><strong>Bertoldus</strong></span> 
     </span>
    </p>
   </div>
   <div class='ocr_carea' id='block_1_74' title="bbox 182 4028 1846 4102">
    <p class='ocr_par' dir='ltr' id='par_1_74' title="bbox 182 4028 1846 4102">
     <span class='ocr_line' id='line_1_74' title="bbox 182 4028 1846 4102; baseline -0.001 -17"><span class='ocrx_word' id='word_1_480' title='bbox 182 4029 495 4085; x_wconf 75' lang='lat' dir='ltr'><strong>Amoldum</strong></span> <span class='ocrx_word' id='word_1_481' title='bbox 528 4028 594 4085; x_wconf 85' lang='lat' dir='ltr'><strong>de</strong></span> <span class='ocrx_word' id='word_1_482' title='bbox 618 4033 785 4085; x_wconf 80' lang='lat' dir='ltr'><strong>Porta</strong></span> <span class='ocrx_word' id='word_1_483' title='bbox 808 4038 1071 4099; x_wconf 78' lang='lat' dir='ltr'><strong>argentea</strong></span> <span class='ocrx_word' id='word_1_484' title='bbox 1102 4033 1423 4102; x_wconf 87' lang='lat' dir='ltr'><strong>nuncupat.</strong></span> <span class='ocrx_word' id='word_1_485' title='bbox 1447 4029 1624 4085; x_wconf 89' lang='lat' dir='ltr'><strong>Plura</strong></span> <span class='ocrx_word' id='word_1_486' title='bbox 1651 4030 1722 4086; x_wconf 87' lang='lat' dir='ltr'><strong>de</strong></span> <span class='ocrx_word' id='word_1_487' title='bbox 1752 4029 1846 4085; x_wconf 91' lang='lat' dir='ltr'><strong>his</strong></span> 
     </span>
    </p>
   </div>
   <div class='ocr_carea' id='block_1_75' title="bbox 181 4116 1841 4192">
    <p class='ocr_par' dir='ltr' id='par_1_75' title="bbox 181 4116 1841 4192">
     <span class='ocr_line' id='line_1_75' title="bbox 181 4116 1841 4192; baseline -0.001 -18"><span class='ocrx_word' id='word_1_488' title='bbox 181 4118 406 4175; x_wconf 87' lang='lat' dir='ltr'><strong>habent</strong></span> <span class='ocrx_word' id='word_1_489' title='bbox 434 4116 1066 4191; x_wconf 86' lang='lat' dir='ltr'><strong>Puricellus,Sigonius</strong></span> <span class='ocrx_word' id='word_1_490' title='bbox 1087 4118 1430 4175; x_wconf 85' lang='lat' dir='ltr'><strong>in&#39;Historia</strong></span> <span class='ocrx_word' id='word_1_491' title='bbox 1442 4118 1603 4192; x_wconf 85' lang='lat' dir='ltr'><strong>regni</strong></span> <span class='ocrx_word' id='word_1_492' title='bbox 1636 4118 1841 4184; x_wconf 89' lang='lat' dir='ltr'><strong>Italici,</strong></span> 
     </span>
    </p>
   </div>
   <div class='ocr_carea' id='block_1_76' title="bbox 182 4206 1842 4281">
    <p class='ocr_par' dir='ltr' id='par_1_76' title="bbox 182 4206 1842 4281">
     <span class='ocr_line' id='line_1_76' title="bbox 182 4206 1842 4281; baseline -0.001 -18"><span class='ocrx_word' id='word_1_493' title='bbox 182 4214 234 4263; x_wconf 82' lang='lat' dir='ltr'><strong>et</strong></span> <span class='ocrx_word' id='word_1_494' title='bbox 262 4206 715 4280; x_wconf 86' lang='lat' dir='ltr'><strong>Papebrochius</strong></span> <span class='ocrx_word' id='word_1_495' title='bbox 762 4207 824 4263; x_wconf 91' lang='lat' dir='ltr'><strong>in</strong></span> <span class='ocrx_word' id='word_1_496' title='bbox 855 4207 1118 4281; x_wconf 86' lang='lat' dir='ltr'><strong>catalogo</strong></span> <span class='ocrx_word' id='word_1_497' title='bbox 1163 4207 1691 4271; x_wconf 88' lang='lat' dir='ltr'><strong>Mediolanensium</strong></span> <span class='ocrx_word' id='word_1_498' title='bbox 1724 4206 1842 4280; x_wconf 88' lang='lat' dir='ltr'><strong>epi-</strong></span> 
     </span>
    </p>
   </div>
   <div class='ocr_carea' id='block_1_77' title="bbox 185 4295 1844 4369">
    <p class='ocr_par' dir='ltr' id='par_1_77' title="bbox 185 4295 1844 4369">
     <span class='ocr_line' id='line_1_77' title="bbox 185 4295 1844 4369; baseline -0.001 -16"><span class='ocrx_word' id='word_1_499' title='bbox 185 4312 501 4368; x_wconf 85' lang='lat' dir='ltr'><strong>scoporum</strong></span> <span class='ocrx_word' id='word_1_500' title='bbox 522 4295 789 4352; x_wconf 88' lang='lat' dir='ltr'><strong>tomoVIl</strong></span> <span class='ocrx_word' id='word_1_501' title='bbox 804 4296 938 4352; x_wconf 84' lang='lat' dir='ltr'><strong>Maii</strong></span> <span class='ocrx_word' id='word_1_502' title='bbox 952 4295 1470 4369; x_wconf 84' lang='lat' dir='ltr'><strong>Bollandiani,quae</strong></span> <span class='ocrx_word' id='word_1_503' title='bbox 1484 4297 1555 4352; x_wconf 91' lang='lat' dir='ltr'><strong>ad</strong></span> <span class='ocrx_word' id='word_1_504' title='bbox 1576 4300 1844 4353; x_wconf 89' lang='lat' dir='ltr'><strong>nostrum</strong></span> 
     </span>
    </p>
   </div>
   <div class='ocr_carea' id='block_1_78' title="bbox 186 4384 1843 4441">
    <p class='ocr_par' dir='ltr' id='par_1_78' title="bbox 186 4384 1843 4441">
     <span class='ocr_line' id='line_1_78' title="bbox 186 4384 1843 4441; baseline 0.001 -2"><span class='ocrx_word' id='word_1_505' title='bbox 186 4384 530 4441; x_wconf 87' lang='lat' dir='ltr'><strong>institutum</strong></span> <span class='ocrx_word' id='word_1_506' title='bbox 566 4402 680 4440; x_wconf 91' lang='lat' dir='ltr'><strong>non</strong></span> <span class='ocrx_word' id='word_1_507' title='bbox 712 4384 1267 4441; x_wconf 85' lang='lat' dir='ltr'><strong>attinent.Arnulfus</strong></span> <span class='ocrx_word' id='word_1_508' title='bbox 1282 4384 1580 4441; x_wconf 89' lang='lat' dir='ltr'><strong>nonnullis</strong></span> <span class='ocrx_word' id='word_1_509' title='bbox 1596 4384 1843 4440; x_wconf 84' lang='lat' dir='ltr'><strong>fortasse</strong></span> 
     </span>
    </p>
   </div>
   <div class='ocr_carea' id='block_1_79' title="bbox 185 4472 1846 4546">
    <p class='ocr_par' dir='ltr' id='par_1_79' title="bbox 185 4472 1846 4546">
     <span class='ocr_line' id='line_1_79' title="bbox 185 4472 1846 4546; baseline 0.002 -21"><span class='ocrx_word' id='word_1_510' title='bbox 185 4473 580 4541; x_wconf 82' lang='lat' dir='ltr'><strong>videbitur,ut</strong></span> <span class='ocrx_word' id='word_1_511' title='bbox 599 4472 838 4545; x_wconf 89' lang='lat' dir='ltr'><strong>quidem</strong></span> <span class='ocrx_word' id='word_1_512' title='bbox 869 4472 1129 4546; x_wconf 86' lang='lat' dir='ltr'><strong>plerique</strong></span> <span class='ocrx_word' id='word_1_513' title='bbox 1161 4474 1476 4540; x_wconf 89' lang='lat' dir='ltr'><strong>censent,is</strong></span> <span class='ocrx_word' id='word_1_514' title='bbox 1510 4474 1633 4546; x_wconf 90' lang='lat' dir='ltr'><strong>ipse</strong></span> <span class='ocrx_word' id='word_1_515' title='bbox 1664 4473 1846 4529; x_wconf 87' lang='lat' dir='ltr'><strong>fuisse</strong></span> 
     </span>
    </p>
   </div>
   <div class='ocr_carea' id='block_1_80' title="bbox 1954 3315 3602 3390">
    <p class='ocr_par' dir='ltr' id='par_1_80' title="bbox 1954 3315 3602 3390">
     <span class='ocr_line' id='line_1_80' title="bbox 1954 3315 3602 3390; baseline -0.003 -15"><span class='ocrx_word' id='word_1_516' title='bbox 1954 3318 2209 3385; x_wconf 88' lang='lat' dir='ltr'><strong>Urbano,</strong></span> <span class='ocrx_word' id='word_1_517' title='bbox 2254 3318 2427 3374; x_wconf 87' lang='lat' dir='ltr'><strong>sicuti</strong></span> <span class='ocrx_word' id='word_1_518' title='bbox 2478 3334 2668 3390; x_wconf 90' lang='lat' dir='ltr'><strong>usque</strong></span> <span class='ocrx_word' id='word_1_519' title='bbox 2717 3334 2874 3372; x_wconf 91' lang='lat' dir='ltr'><strong>nunc</strong></span> <span class='ocrx_word' id='word_1_520' title='bbox 2922 3316 3154 3387; x_wconf 89' lang='lat' dir='ltr'><strong>fecerat,</strong></span> <span class='ocrx_word' id='word_1_521' title='bbox 3207 3315 3602 3370; x_wconf 90' lang='lat' dir='ltr'><strong>obediturum.</strong></span> 
     </span>
    </p>
   </div>
   <div class='ocr_carea' id='block_1_81' title="bbox 1955 3400 3603 3479">
    <p class='ocr_par' dir='ltr' id='par_1_81' title="bbox 1955 3400 3603 3479">
     <span class='ocr_line' id='line_1_81' title="bbox 1955 3400 3603 3479; baseline -0.004 -15"><span class='ocrx_word' id='word_1_522' title='bbox 1955 3408 2136 3479; x_wconf 89' lang='lat' dir='ltr'><strong>quue</strong></span> <span class='ocrx_word' id='word_1_523' title='bbox 2165 3410 2528 3462; x_wconf 89' lang='lat' dir='ltr'><strong>contestatus</strong></span> <span class='ocrx_word' id='word_1_524' title='bbox 2577 3410 2689 3472; x_wconf 88' lang='lat' dir='ltr'><strong>est,</strong></span> <span class='ocrx_word' id='word_1_525' title='bbox 2722 3405 2876 3478; x_wconf 87' lang='lat' dir='ltr'><strong>quod</strong></span> <span class='ocrx_word' id='word_1_526' title='bbox 2921 3419 3120 3460; x_wconf 87' lang='lat' dir='ltr'><strong>revera</strong></span> <span class='ocrx_word' id='word_1_527' title='bbox 3165 3402 3250 3459; x_wconf 90' lang='lat' dir='ltr'><strong>sic</strong></span> <span class='ocrx_word' id='word_1_528' title='bbox 3296 3400 3358 3458; x_wconf 92' lang='lat' dir='ltr'><strong>in</strong></span> <span class='ocrx_word' id='word_1_529' title='bbox 3407 3402 3603 3458; x_wconf 90' lang='lat' dir='ltr'><strong>animo</strong></span> 
     </span>
    </p>
   </div>
   <div class='ocr_carea' id='block_1_82' title="bbox 1953 3490 3601 3567">
    <p class='ocr_par' dir='ltr' id='par_1_82' title="bbox 1953 3490 3601 3567">
     <span class='ocr_line' id='line_1_82' title="bbox 1953 3490 3601 3567; baseline -0.004 -14"><span class='ocrx_word' id='word_1_530' title='bbox 1953 3497 2216 3562; x_wconf 87' lang='lat' dir='ltr'><strong>haberet,</strong></span> <span class='ocrx_word' id='word_1_531' title='bbox 2248 3499 2374 3550; x_wconf 92' lang='lat' dir='ltr'><strong>tum</strong></span> <span class='ocrx_word' id='word_1_532' title='bbox 2408 3495 2546 3567; x_wconf 89' lang='lat' dir='ltr'><strong>quia</strong></span> <span class='ocrx_word' id='word_1_533' title='bbox 2574 3510 2643 3550; x_wconf 87' lang='lat' dir='ltr'><strong>ex</strong></span> <span class='ocrx_word' id='word_1_534' title='bbox 2674 3492 3065 3549; x_wconf 82' lang='lat' dir='ltr'><strong>declarations</strong></span> <span class='ocrx_word' id='word_1_535' title='bbox 3108 3490 3383 3565; x_wconf 89' lang='lat' dir='ltr'><strong>sperabat</strong></span> <span class='ocrx_word' id='word_1_536' title='bbox 3420 3507 3482 3547; x_wconf 89' lang='lat' dir='ltr'><strong>se</strong></span> <span class='ocrx_word' id='word_1_537' title='bbox 3527 3490 3601 3546; x_wconf 89' lang='lat' dir='ltr'><strong>ab</strong></span> 
     </span>
    </p>
   </div>
   <div class='ocr_carea' id='block_1_83' title="bbox 1952 3579 3689 3659">
    <p class='ocr_par' dir='ltr' id='par_1_83' title="bbox 1952 3579 3689 3659">
     <span class='ocr_line' id='line_1_83' title="bbox 1952 3579 3689 3659; baseline -0.004 -18"><span class='ocrx_word' id='word_1_538' title='bbox 1952 3584 2157 3659; x_wconf 86' lang='lat' dir='ltr'><strong>Anglis</strong></span> <span class='ocrx_word' id='word_1_539' title='bbox 2208 3584 2491 3656; x_wconf 90' lang='lat' dir='ltr'><strong>rejectum</strong></span> <span class='ocrx_word' id='word_1_540' title='bbox 2534 3583 2626 3639; x_wconf 89' lang='lat' dir='ltr'><strong>iri.</strong></span> <span class='ocrx_word' id='word_1_541' title='bbox 2663 3585 2734 3639; x_wconf 86' lang='lat' dir='ltr'><strong>At</strong></span> <span class='ocrx_word' id='word_1_542' title='bbox 2764 3581 2913 3638; x_wconf 91' lang='lat' dir='ltr'><strong>nihil</strong></span> <span class='ocrx_word' id='word_1_543' title='bbox 2943 3581 3182 3638; x_wconf 90' lang='lat' dir='ltr'><strong>omnino</strong></span> <span class='ocrx_word' id='word_1_544' title='bbox 3213 3579 3477 3654; x_wconf 89' lang='lat' dir='ltr'><strong>profecit.</strong></span> <span class='ocrx_word' id='word_1_545' title='bbox 3510 3579 3604 3635; x_wconf 90' lang='lat' dir='ltr'><strong>Illi</strong></span> <span class='ocrx_word' id='word_1_546' title='bbox 3684 3656 3689 3657; x_wconf 13' lang='grc' dir='ltr'><em>γ</em></span> 
     </span>
    </p>
   </div>
   <div class='ocr_carea' id='block_1_84' title="bbox 1953 3668 3602 3745">
    <p class='ocr_par' dir='ltr' id='par_1_84' title="bbox 1953 3668 3602 3745">
     <span class='ocr_line' id='line_1_84' title="bbox 1953 3668 3602 3745; baseline -0.003 -15"><span class='ocrx_word' id='word_1_547' title='bbox 1953 3675 2108 3731; x_wconf 88' lang='lat' dir='ltr'><strong>enim</strong></span> <span class='ocrx_word' id='word_1_548' title='bbox 2144 3678 2483 3730; x_wconf 88' lang='lat' dir='ltr'><strong>constanter</strong></span> <span class='ocrx_word' id='word_1_549' title='bbox 2510 3673 2571 3727; x_wconf 91' lang='lat' dir='ltr'><strong>in</strong></span> <span class='ocrx_word' id='word_1_550' title='bbox 2620 3671 2917 3745; x_wconf 88' lang='lat' dir='ltr'><strong>preposito</strong></span> <span class='ocrx_word' id='word_1_551' title='bbox 2946 3672 3409 3743; x_wconf 88' lang='lat' dir='ltr'><strong>perseverarunt.</strong></span> <span class='ocrx_word' id='word_1_552' title='bbox 3438 3668 3602 3734; x_wconf 87' lang='lat' dir='ltr'><strong>Quod</strong></span> 
     </span>
    </p>
   </div>
   <div class='ocr_carea' id='block_1_85' title="bbox 1954 3758 3604 3837">
    <p class='ocr_par' dir='ltr' id='par_1_85' title="bbox 1954 3758 3604 3837">
     <span class='ocr_line' id='line_1_85' title="bbox 1954 3758 3604 3837; baseline -0.002 -19"><span class='ocrx_word' id='word_1_553' title='bbox 1954 3764 2081 3837; x_wconf 90' lang='lat' dir='ltr'><strong>ipse</strong></span> <span class='ocrx_word' id='word_1_554' title='bbox 2110 3767 2364 3820; x_wconf 88' lang='lat' dir='ltr'><strong>testatur</strong></span> <span class='ocrx_word' id='word_1_555' title='bbox 2391 3762 2452 3817; x_wconf 91' lang='lat' dir='ltr'><strong>in</strong></span> <span class='ocrx_word' id='word_1_556' title='bbox 2479 3761 2727 3835; x_wconf 88' lang='lat' dir='ltr'><strong>epistola</strong></span> <span class='ocrx_word' id='word_1_557' title='bbox 2754 3763 2847 3827; x_wconf 85' lang='grc'><strong>24,</strong></span> <span class='ocrx_word' id='word_1_558' title='bbox 2879 3760 3017 3817; x_wconf 90' lang='lat' dir='ltr'><strong>libri</strong></span> <span class='ocrx_word' id='word_1_559' title='bbox 3048 3775 3132 3830; x_wconf 82' lang='grc' dir='ltr'>ιιι,</span> <span class='ocrx_word' id='word_1_560' title='bbox 3166 3759 3251 3815; x_wconf 90' lang='lat' dir='ltr'><strong>sic</strong></span> <span class='ocrx_word' id='word_1_561' title='bbox 3292 3759 3365 3815; x_wconf 88' lang='lat' dir='ltr'><strong>ad</strong></span> <span class='ocrx_word' id='word_1_562' title='bbox 3407 3758 3604 3832; x_wconf 88' lang='lat' dir='ltr'><strong>Hugo-</strong></span> 
     </span>
    </p>
   </div>
   <div class='ocr_carea' id='block_1_86' title="bbox 1953 3848 3605 3925">
    <p class='ocr_par' dir='ltr' id='par_1_86' title="bbox 1953 3848 3605 3925">
     <span class='ocr_line' id='line_1_86' title="bbox 1953 3848 3605 3925; baseline -0.003 -17"><span class='ocrx_word' id='word_1_563' title='bbox 1953 3869 2089 3908; x_wconf 91' lang='lat' dir='ltr'><strong>nem</strong></span> <span class='ocrx_word' id='word_1_564' title='bbox 2120 3853 2573 3925; x_wconf 89' lang='lat' dir='ltr'><strong>Lugdunensem</strong></span> <span class='ocrx_word' id='word_1_565' title='bbox 2604 3851 2869 3907; x_wconf 89' lang='lat' dir='ltr'><strong>scribens</strong></span> <span class='ocrx_word' id='word_1_566' title='bbox 2902 3866 2915 3905; x_wconf 91' lang='lat'><strong>:</strong></span> <span class='ocrx_word' id='word_1_567' title='bbox 2957 3851 3261 3921; x_wconf 78' lang='lat' dir='ltr'><strong>Antequam</strong></span> <span class='ocrx_word' id='word_1_568' title='bbox 3301 3848 3605 3920; x_wconf 72' lang='lat' dir='ltr'><strong>praeberem</strong></span> 
     </span>
    </p>
   </div>
   <div class='ocr_carea' id='block_1_87' title="bbox 1954 3937 3606 4013">
    <p class='ocr_par' dir='ltr' id='par_1_87' title="bbox 1954 3937 3606 4013">
     <span class='ocr_line' id='line_1_87' title="bbox 1954 3937 3606 4013; baseline -0.004 -16"><span class='ocrx_word' id='word_1_569' title='bbox 1954 3958 2254 4008; x_wconf 83' lang='lat' dir='ltr'><strong>assensum,</strong></span> <span class='ocrx_word' id='word_1_570' title='bbox 2282 3942 2475 4013; x_wconf 82' lang='lat' dir='ltr'><strong>palam</strong></span> <span class='ocrx_word' id='word_1_571' title='bbox 2511 3940 2635 3994; x_wconf 70' lang='lat' dir='ltr'><strong>dixi</strong></span> <span class='ocrx_word' id='word_1_572' title='bbox 2680 3955 2766 3994; x_wconf 86' lang='lat' dir='ltr'><strong>me</strong></span> <span class='ocrx_word' id='word_1_573' title='bbox 2811 3941 2996 4010; x_wconf 83' lang='lat' dir='ltr'><strong>favere</strong></span> <span class='ocrx_word' id='word_1_574' title='bbox 3041 3937 3260 3992; x_wconf 83' lang='lat' dir='ltr'><strong>domino</strong></span> <span class='ocrx_word' id='word_1_575' title='bbox 3302 3952 3462 4007; x_wconf 67' lang='lat' dir='ltr'><strong>papa:</strong></span> <span class='ocrx_word' id='word_1_576' title='bbox 3507 3937 3606 3993; x_wconf 86' lang='lat' dir='ltr'><strong>Ur-</strong></span> 
     </span>
    </p>
   </div>
   <div class='ocr_carea' id='block_1_88' title="bbox 1956 4023 3608 4096">
    <p class='ocr_par' dir='ltr' id='par_1_88' title="bbox 1956 4023 3608 4096">
     <span class='ocr_line' id='line_1_88' title="bbox 1956 4023 3608 4096; baseline -0.005 -9"><span class='ocrx_word' id='word_1_577' title='bbox 1956 4031 2094 4095; x_wconf 74' lang='lat' dir='ltr'><strong>bano</strong></span> <span class='ocrx_word' id='word_1_578' title='bbox 2132 4034 2181 4085; x_wconf 79' lang='lat' dir='ltr'><strong>et</strong></span> <span class='ocrx_word' id='word_1_579' title='bbox 2224 4028 2479 4084; x_wconf 81' lang='lat' dir='ltr'><strong>Guiberto</strong></span> <span class='ocrx_word' id='word_1_580' title='bbox 2525 4026 2824 4083; x_wconf 83' lang='lat' dir='ltr'><strong>adversari.</strong></span> <span class='ocrx_word' id='word_1_581' title='bbox 2857 4026 2924 4080; x_wconf 83' lang='lat' dir='ltr'><strong>Et</strong></span> <span class='ocrx_word' id='word_1_582' title='bbox 2965 4025 3075 4096; x_wconf 84' lang='lat' dir='ltr'><strong>feci</strong></span> <span class='ocrx_word' id='word_1_583' title='bbox 3109 4032 3160 4079; x_wconf 80' lang='lat' dir='ltr'><strong>et</strong></span> <span class='ocrx_word' id='word_1_584' title='bbox 3200 4023 3323 4078; x_wconf 72' lang='lat' dir='ltr'><strong>dixi</strong></span> <span class='ocrx_word' id='word_1_585' title='bbox 3364 4034 3466 4095; x_wconf 77' lang='lat' dir='ltr'><strong>per</strong></span> <span class='ocrx_word' id='word_1_586' title='bbox 3509 4038 3608 4079; x_wconf 72' lang='lat' dir='ltr'><strong>sea:</strong></span> 
     </span>
    </p>
   </div>
   <div class='ocr_carea' id='block_1_89' title="bbox 1953 4108 3609 4190">
    <p class='ocr_par' dir='ltr' id='par_1_89' title="bbox 1953 4108 3609 4190">
     <span class='ocr_line' id='line_1_89' title="bbox 1953 4108 3609 4190; baseline -0.005 -14"><span class='ocrx_word' id='word_1_587' title='bbox 1953 4134 2166 4176; x_wconf 80' lang='lat' dir='ltr'><strong>menses</strong></span> <span class='ocrx_word' id='word_1_588' title='bbox 2196 4118 2337 4190; x_wconf 82' lang='lat' dir='ltr'><strong>quod</strong></span> <span class='ocrx_word' id='word_1_589' title='bbox 2356 4117 2515 4190; x_wconf 83' lang='lat' dir='ltr'><strong>potui</strong></span> <span class='ocrx_word' id='word_1_590' title='bbox 2540 4118 2663 4171; x_wconf 79' lang='lat' dir='ltr'><strong>sine</strong></span> <span class='ocrx_word' id='word_1_591' title='bbox 2688 4116 2993 4188; x_wconf 83' lang='lat' dir='ltr'><strong>peccato,ut</strong></span> <span class='ocrx_word' id='word_1_592' title='bbox 3020 4112 3346 4168; x_wconf 82' lang='lat' dir='ltr'><strong>dimitterer.</strong></span> <span class='ocrx_word' id='word_1_593' title='bbox 3378 4108 3609 4167; x_wconf 89' lang='lat' dir='ltr'><strong>Illustre</strong></span> 
     </span>
    </p>
   </div>
   <div class='ocr_carea' id='block_1_90' title="bbox 1954 4199 3606 4283">
    <p class='ocr_par' dir='ltr' id='par_1_90' title="bbox 1954 4199 3606 4283">
     <span class='ocr_line' id='line_1_90' title="bbox 1954 4199 3606 4283; baseline -0.006 -19"><span class='ocrx_word' id='word_1_594' title='bbox 1954 4208 2130 4283; x_wconf 91' lang='lat' dir='ltr'><strong>paulo</strong></span> <span class='ocrx_word' id='word_1_595' title='bbox 2163 4212 2295 4280; x_wconf 91' lang='lat' dir='ltr'><strong>post</strong></span> <span class='ocrx_word' id='word_1_596' title='bbox 2325 4211 2383 4262; x_wconf 89' lang='lat' dir='ltr'><strong>et</strong></span> <span class='ocrx_word' id='word_1_597' title='bbox 2413 4204 2713 4278; x_wconf 91' lang='lat' dir='ltr'><strong>publicum</strong></span> <span class='ocrx_word' id='word_1_598' title='bbox 2747 4220 2865 4260; x_wconf 68' lang='lat' dir='ltr'><strong>suae</strong></span> <span class='ocrx_word' id='word_1_599' title='bbox 2897 4218 3036 4275; x_wconf 90' lang='lat' dir='ltr'><strong>erga</strong></span> <span class='ocrx_word' id='word_1_600' title='bbox 3064 4200 3366 4258; x_wconf 90' lang='lat' dir='ltr'><strong>Urbanum</strong></span> <span class='ocrx_word' id='word_1_601' title='bbox 3415 4199 3606 4272; x_wconf 87' lang='lat' dir='ltr'><strong>ponti-</strong></span> 
     </span>
    </p>
   </div>
   <div class='ocr_carea' id='block_1_91' title="bbox 1956 4287 3605 4365">
    <p class='ocr_par' dir='ltr' id='par_1_91' title="bbox 1956 4287 3605 4365">
     <span class='ocr_line' id='line_1_91' title="bbox 1956 4287 3605 4365; baseline -0.006 -11"><span class='ocrx_word' id='word_1_602' title='bbox 1956 4298 2125 4354; x_wconf 86' lang='lat' dir='ltr'><strong>ﬁcem</strong></span> <span class='ocrx_word' id='word_1_603' title='bbox 2156 4295 2486 4352; x_wconf 65' lang='lat' dir='ltr'><strong>reverentiae</strong></span> <span class='ocrx_word' id='word_1_604' title='bbox 2519 4299 2575 4350; x_wconf 92' lang='lat' dir='ltr'><strong>et</strong></span> <span class='ocrx_word' id='word_1_605' title='bbox 2607 4292 2875 4365; x_wconf 89' lang='lat' dir='ltr'><strong>obsequii</strong></span> <span class='ocrx_word' id='word_1_606' title='bbox 2905 4294 3319 4365; x_wconf 85' lang='lat' dir='ltr'><strong>argumentum</strong></span> <span class='ocrx_word' id='word_1_607' title='bbox 3336 4287 3605 4362; x_wconf 69' lang='lat' dir='ltr'><strong>prebuit,</strong></span> 
     </span>
    </p>
   </div>
   <div class='ocr_carea' id='block_1_92' title="bbox 1956 4376 3607 4450">
    <p class='ocr_par' dir='ltr' id='par_1_92' title="bbox 1956 4376 3607 4450">
     <span class='ocr_line' id='line_1_92' title="bbox 1956 4376 3607 4450; baseline -0.005 -8"><span class='ocrx_word' id='word_1_608' title='bbox 1956 4404 2091 4443; x_wconf 89' lang='lat' dir='ltr'><strong>eum</strong></span> <span class='ocrx_word' id='word_1_609' title='bbox 2124 4385 2173 4442; x_wconf 91' lang='lat' dir='ltr'><strong>ei</strong></span> <span class='ocrx_word' id='word_1_610' title='bbox 2207 4384 2422 4440; x_wconf 90' lang='lat' dir='ltr'><strong>librum</strong></span> <span class='ocrx_word' id='word_1_611' title='bbox 2457 4384 2527 4439; x_wconf 88' lang='lat' dir='ltr'><strong>de</strong></span> <span class='ocrx_word' id='word_1_612' title='bbox 2560 4384 2805 4449; x_wconf 82' lang='lat' dir='ltr'><strong>ﬁde,seu</strong></span> <span class='ocrx_word' id='word_1_613' title='bbox 2828 4380 3231 4437; x_wconf 88' lang='lat' dir='ltr'><strong>Incarnatione</strong></span> <span class='ocrx_word' id='word_1_614' title='bbox 3248 4376 3607 4450; x_wconf 88' lang='lat' dir='ltr'><strong>Verbi,quod</strong></span> 
     </span>
    </p>
   </div>
   <div class='ocr_carea' id='block_1_93' title="bbox 1957 4466 3660 4540">
    <p class='ocr_par' dir='ltr' id='par_1_93' title="bbox 1957 4466 3660 4540">
     <span class='ocr_line' id='line_1_93' title="bbox 1957 4466 3660 4540; baseline -0.006 -9"><span class='ocrx_word' id='word_1_615' title='bbox 1957 4478 2160 4531; x_wconf 90' lang='lat' dir='ltr'><strong>contra</strong></span> <span class='ocrx_word' id='word_1_616' title='bbox 2190 4473 2561 4529; x_wconf 83' lang='lat' dir='ltr'><strong>Roscelinum</strong></span> <span class='ocrx_word' id='word_1_617' title='bbox 2609 4470 2947 4526; x_wconf 67' lang='lat' dir='ltr'><strong>haereticum</strong></span> <span class='ocrx_word' id='word_1_618' title='bbox 2977 4466 3425 4540; x_wconf 76' lang='lat' dir='ltr'><strong>corfscripserat,</strong></span> <span class='ocrx_word' id='word_1_619' title='bbox 3455 4483 3607 4522; x_wconf 90' lang='lat' dir='ltr'><strong>nun-</strong></span> <span class='ocrx_word' id='word_1_620' title='bbox 3656 4491 3660 4494; x_wconf 39' lang='grc'><em>⁴</em></span> 
     </span>
    </p>
   </div>
   <div class='ocr_carea' id='block_1_94' title="bbox 187 4555 3610 4648">
    <p class='ocr_par' dir='ltr' id='par_1_94' title="bbox 187 4555 3610 4648">
     <span class='ocr_line' id='line_1_94' title="bbox 187 4555 3610 4648; baseline -0.002 -29"><span class='ocrx_word' id='word_1_621' title='bbox 187 4561 508 4620; x_wconf 83' lang='lat' dir='ltr'><strong>Mediolani</strong></span> <span class='ocrx_word' id='word_1_622' title='bbox 539 4562 1034 4636; x_wconf 88' lang='lat' dir='ltr'><strong>archiepiscopus,</strong></span> <span class='ocrx_word' id='word_1_623' title='bbox 1071 4563 1192 4636; x_wconf 90' lang='lat' dir='ltr'><strong>qui,</strong></span> <span class='ocrx_word' id='word_1_624' title='bbox 1227 4567 1293 4619; x_wconf 92' lang='lat' dir='ltr'><strong>ut</strong></span> <span class='ocrx_word' id='word_1_625' title='bbox 1341 4564 1400 4618; x_wconf 91' lang='lat' dir='ltr'><strong>in</strong></span> <span class='ocrx_word' id='word_1_626' title='bbox 1447 4563 1663 4619; x_wconf 88' lang='lat' dir='ltr'><strong>Urbani</strong></span> <span class='ocrx_word' id='word_1_627' title='bbox 1716 4563 1850 4617; x_wconf 85' lang='lat' dir='ltr'><strong>Vita</strong></span> <span class='ocrx_word' id='word_1_628' title='bbox 1879 4582 1925 4648; x_wconf 67' lang='grc' dir='ltr'><strong>Β</strong></span> <span class='ocrx_word' id='word_1_629' title='bbox 1957 4565 2192 4637; x_wconf 88' lang='lat' dir='ltr'><strong>cupavit</strong></span> <span class='ocrx_word' id='word_1_630' title='bbox 2222 4580 2288 4618; x_wconf 90' lang='lat' dir='ltr'><strong>eo</strong></span> <span class='ocrx_word' id='word_1_631' title='bbox 2319 4567 2581 4635; x_wconf 84' lang='lat' dir='ltr'><strong>pacto,ut</strong></span> <span class='ocrx_word' id='word_1_632' title='bbox 2610 4561 2805 4633; x_wconf 87' lang='lat' dir='ltr'><strong>ipsum</strong></span> <span class='ocrx_word' id='word_1_633' title='bbox 2836 4560 2966 4631; x_wconf 90' lang='lat' dir='ltr'><strong>ejus</strong></span> <span class='ocrx_word' id='word_1_634' title='bbox 2994 4573 3255 4614; x_wconf 73' lang='lat' dir='ltr'><strong>censurae</strong></span> <span class='ocrx_word' id='word_1_635' title='bbox 3289 4555 3610 4648; x_wconf 76' lang='lat' dir='ltr'><strong>committe-</strong></span> 
     </span>
    </p>
   </div>
   <div class='ocr_carea' id='block_1_95' title="bbox 185 4643 3612 4725">
    <p class='ocr_par' dir='ltr' id='par_1_95' title="bbox 185 4643 3612 4725">
     <span class='ocr_line' id='line_1_95' title="bbox 185 4643 3612 4725; baseline -0.002 -20"><span class='ocrx_word' id='word_1_636' title='bbox 185 4649 505 4724; x_wconf 85' lang='lat' dir='ltr'><strong>legitur,ab</strong></span> <span class='ocrx_word' id='word_1_637' title='bbox 536 4668 652 4707; x_wconf 90' lang='lat' dir='ltr'><strong>uno</strong></span> <span class='ocrx_word' id='word_1_638' title='bbox 684 4656 913 4708; x_wconf 84' lang='lat' dir='ltr'><strong>tantum</strong></span> <span class='ocrx_word' id='word_1_639' title='bbox 939 4653 1213 4725; x_wconf 91' lang='lat' dir='ltr'><strong>episcopo</strong></span> <span class='ocrx_word' id='word_1_640' title='bbox 1245 4650 1530 4709; x_wconf 89' lang='lat' dir='ltr'><strong>catholico</strong></span> <span class='ocrx_word' id='word_1_641' title='bbox 1544 4651 1849 4707; x_wconf 88' lang='lat' dir='ltr'><strong>ordinatus</strong></span> <span class='ocrx_word' id='word_1_642' title='bbox 1879 4643 1916 4648; x_wconf 58' lang='lat'><strong>—</strong></span> <span class='ocrx_word' id='word_1_643' title='bbox 1960 4660 2066 4711; x_wconf 88' lang='lat' dir='ltr'><strong>ret.</strong></span> <span class='ocrx_word' id='word_1_644' title='bbox 2103 4654 2230 4709; x_wconf 92' lang='lat' dir='ltr'><strong>Non</strong></span> <span class='ocrx_word' id='word_1_645' title='bbox 2263 4652 2367 4707; x_wconf 88' lang='lat' dir='ltr'><strong>abs</strong></span> <span class='ocrx_word' id='word_1_646' title='bbox 2386 4668 2447 4707; x_wconf 90' lang='lat' dir='ltr'><strong>re</strong></span> <span class='ocrx_word' id='word_1_647' title='bbox 2462 4650 2574 4707; x_wconf 90' lang='lat' dir='ltr'><strong>erit</strong></span> <span class='ocrx_word' id='word_1_648' title='bbox 2595 4649 2709 4705; x_wconf 89' lang='lat' dir='ltr'><strong>huc</strong></span> <span class='ocrx_word' id='word_1_649' title='bbox 2728 4647 3133 4722; x_wconf 88' lang='lat' dir='ltr'><strong>proferreipsa</strong></span> <span class='ocrx_word' id='word_1_650' title='bbox 3150 4643 3410 4703; x_wconf 85' lang='lat' dir='ltr'><strong>Anselmi</strong></span> <span class='ocrx_word' id='word_1_651' title='bbox 3435 4645 3612 4702; x_wconf 87' lang='lat' dir='ltr'><strong>verba</strong></span> 
     </span>
    </p>
   </div>
   <div class='ocr_carea' id='block_1_96' title="bbox 186 4738 1849 4814">
    <p class='ocr_par' dir='ltr' id='par_1_96' title="bbox 186 4738 1849 4814">
     <span class='ocr_line' id='line_1_96' title="bbox 186 4738 1849 4814; baseline -0.001 -18"><span class='ocrx_word' id='word_1_652' title='bbox 186 4740 316 4808; x_wconf 82' lang='lat' dir='ltr'><strong>fuit,</strong></span> <span class='ocrx_word' id='word_1_653' title='bbox 347 4739 559 4797; x_wconf 88' lang='lat' dir='ltr'><strong>multis</strong></span> <span class='ocrx_word' id='word_1_654' title='bbox 584 4738 719 4796; x_wconf 89' lang='lat' dir='ltr'><strong>aliis</strong></span> <span class='ocrx_word' id='word_1_655' title='bbox 749 4742 1137 4814; x_wconf 65' lang='lat' dir='ltr'><strong>praesentibus</strong></span> <span class='ocrx_word' id='word_1_656' title='bbox 1170 4741 1409 4813; x_wconf 90' lang='lat' dir='ltr'><strong>quidem</strong></span> <span class='ocrx_word' id='word_1_657' title='bbox 1441 4746 1498 4797; x_wconf 89' lang='lat' dir='ltr'><strong>et</strong></span> <span class='ocrx_word' id='word_1_658' title='bbox 1526 4740 1849 4798; x_wconf 71' lang='lat' dir='ltr'><strong>assentien-</strong></span> 
     </span>
    </p>
   </div>
   <div class='ocr_carea' id='block_1_97' title="bbox 183 4828 1845 4902">
    <p class='ocr_par' dir='ltr' id='par_1_97' title="bbox 183 4828 1845 4902">
     <span class='ocr_line' id='line_1_97' title="bbox 183 4828 1845 4902; baseline 0 -18"><span class='ocrx_word' id='word_1_659' title='bbox 183 4828 369 4895; x_wconf 83' lang='lat' dir='ltr'><strong>tibus,</strong></span> <span class='ocrx_word' id='word_1_660' title='bbox 415 4829 520 4885; x_wconf 89' lang='lat' dir='ltr'><strong>sed</strong></span> <span class='ocrx_word' id='word_1_661' title='bbox 567 4846 834 4898; x_wconf 88' lang='lat' dir='ltr'><strong>manum,</strong></span> <span class='ocrx_word' id='word_1_662' title='bbox 868 4831 1023 4902; x_wconf 90' lang='lat' dir='ltr'><strong>quod</strong></span> <span class='ocrx_word' id='word_1_663' title='bbox 1072 4829 1435 4887; x_wconf 88' lang='lat' dir='ltr'><strong>schismatioi</strong></span> <span class='ocrx_word' id='word_1_664' title='bbox 1474 4834 1693 4896; x_wconf 89' lang='lat' dir='ltr'><strong>essent,</strong></span> <span class='ocrx_word' id='word_1_665' title='bbox 1728 4846 1845 4885; x_wconf 91' lang='lat' dir='ltr'><strong>non</strong></span> 
     </span>
    </p>
   </div>
   <div class='ocr_carea' id='block_1_98' title="bbox 188 4916 1847 4992">
    <p class='ocr_par' dir='ltr' id='par_1_98' title="bbox 188 4916 1847 4992">
     <span class='ocr_line' id='line_1_98' title="bbox 188 4916 1847 4992; baseline 0.001 -19"><span class='ocrx_word' id='word_1_666' title='bbox 188 4917 681 4989; x_wconf 87' lang='lat' dir='ltr'><strong>imponentibus:</strong></span> <span class='ocrx_word' id='word_1_667' title='bbox 743 4919 961 4992; x_wconf 90' lang='lat' dir='ltr'><strong>quique</strong></span> <span class='ocrx_word' id='word_1_668' title='bbox 1020 4918 1429 4975; x_wconf 88' lang='lat' dir='ltr'><strong>investituram</strong></span> <span class='ocrx_word' id='word_1_669' title='bbox 1477 4919 1549 4975; x_wconf 89' lang='lat' dir='ltr'><strong>ab</strong></span> <span class='ocrx_word' id='word_1_670' title='bbox 1601 4916 1847 4974; x_wconf 89' lang='lat' dir='ltr'><strong>Henrico</strong></span> 
     </span>
    </p>
   </div>
   <div class='ocr_carea' id='block_1_99' title="bbox 187 5007 1848 5082">
    <p class='ocr_par' dir='ltr' id='par_1_99' title="bbox 187 5007 1848 5082">
     <span class='ocr_line' id='line_1_99' title="bbox 187 5007 1848 5082; baseline 0.001 -20"><span class='ocrx_word' id='word_1_671' title='bbox 187 5007 479 5077; x_wconf 85' lang='lat' dir='ltr'><strong>recepisse</strong></span> <span class='ocrx_word' id='word_1_672' title='bbox 525 5007 762 5073; x_wconf 85' lang='lat' dir='ltr'><strong>dicitur,</strong></span> <span class='ocrx_word' id='word_1_673' title='bbox 828 5008 901 5064; x_wconf 92' lang='lat' dir='ltr'><strong>ob</strong></span> <span class='ocrx_word' id='word_1_674' title='bbox 964 5007 1141 5081; x_wconf 88' lang='lat' dir='ltr'><strong>idque</strong></span> <span class='ocrx_word' id='word_1_675' title='bbox 1189 5026 1223 5065; x_wconf 87' lang='lat' dir='ltr'><strong>a</strong></span> <span class='ocrx_word' id='word_1_676' title='bbox 1279 5008 1470 5082; x_wconf 88' lang='lat' dir='ltr'><strong>legato</strong></span> <span class='ocrx_word' id='word_1_677' title='bbox 1529 5007 1848 5081; x_wconf 89' lang='lat' dir='ltr'><strong>apostolico</strong></span> 
     </span>
    </p>
   </div>
   <div class='ocr_carea' id='block_1_100' title="bbox 187 5097 1849 5169">
    <p class='ocr_par' dir='ltr' id='par_1_100' title="bbox 187 5097 1849 5169">
     <span class='ocr_line' id='line_1_100' title="bbox 187 5097 1849 5169; baseline 0.001 -19"><span class='ocrx_word' id='word_1_678' title='bbox 187 5098 606 5152; x_wconf 79' lang='lat' dir='ltr'><strong>exauctoratus</strong></span> <span class='ocrx_word' id='word_1_679' title='bbox 665 5097 727 5153; x_wconf 93' lang='lat' dir='ltr'><strong>in</strong></span> <span class='ocrx_word' id='word_1_680' title='bbox 785 5097 1208 5154; x_wconf 89' lang='lat' dir='ltr'><strong>monasterium</strong></span> <span class='ocrx_word' id='word_1_681' title='bbox 1256 5097 1593 5163; x_wconf 89' lang='lat' dir='ltr'><strong>secessisse,</strong></span> <span class='ocrx_word' id='word_1_682' title='bbox 1651 5098 1849 5169; x_wconf 90' lang='lat' dir='ltr'><strong>ibique</strong></span> 
     </span>
    </p>
   </div>
   <div class='ocr_carea' id='block_1_101' title="bbox 189 5187 1849 5259">
    <p class='ocr_par' dir='ltr' id='par_1_101' title="bbox 189 5187 1849 5259">
     <span class='ocr_line' id='line_1_101' title="bbox 189 5187 1849 5259; baseline 0.002 -20"><span class='ocrx_word' id='word_1_683' title='bbox 189 5200 621 5257; x_wconf 86' lang='lat' dir='ltr'><strong>perseverasse,</strong></span> <span class='ocrx_word' id='word_1_684' title='bbox 653 5202 843 5259; x_wconf 89' lang='lat' dir='ltr'><strong>usque</strong></span> <span class='ocrx_word' id='word_1_685' title='bbox 874 5187 1016 5242; x_wconf 91' lang='lat' dir='ltr'><strong>dum</strong></span> <span class='ocrx_word' id='word_1_686' title='bbox 1066 5187 1139 5243; x_wconf 87' lang='lat' dir='ltr'><strong>ab</strong></span> <span class='ocrx_word' id='word_1_687' title='bbox 1171 5187 1404 5244; x_wconf 91' lang='lat' dir='ltr'><strong>Urbano</strong></span> <span class='ocrx_word' id='word_1_688' title='bbox 1436 5187 1700 5243; x_wconf 66' lang='lat' dir='ltr'><strong>Ecclesiae</strong></span> <span class='ocrx_word' id='word_1_689' title='bbox 1732 5205 1849 5243; x_wconf 74' lang='lat' dir='ltr'><strong>suae</strong></span> 
     </span>
    </p>
   </div>
   <div class='ocr_carea' id='block_1_102' title="bbox 188 5274 1851 5347">
    <p class='ocr_par' dir='ltr' id='par_1_102' title="bbox 188 5274 1851 5347">
     <span class='ocr_line' id='line_1_102' title="bbox 188 5274 1851 5347; baseline 0.002 -18"><span class='ocrx_word' id='word_1_690' title='bbox 188 5274 505 5329; x_wconf 84' lang='lat' dir='ltr'><strong>restitutus</strong></span> <span class='ocrx_word' id='word_1_691' title='bbox 533 5291 599 5331; x_wconf 88' lang='lat' dir='ltr'><strong>ac</strong></span> <span class='ocrx_word' id='word_1_692' title='bbox 628 5275 805 5347; x_wconf 88' lang='lat' dir='ltr'><strong>pallio</strong></span> <span class='ocrx_word' id='word_1_693' title='bbox 836 5276 1089 5331; x_wconf 87' lang='lat' dir='ltr'><strong>donatus</strong></span> <span class='ocrx_word' id='word_1_694' title='bbox 1120 5276 1330 5343; x_wconf 87' lang='lat' dir='ltr'><strong>fuerit;</strong></span> <span class='ocrx_word' id='word_1_695' title='bbox 1367 5276 1468 5333; x_wconf 91' lang='lat' dir='ltr'><strong>sed</strong></span> <span class='ocrx_word' id='word_1_696' title='bbox 1500 5276 1609 5332; x_wconf 90' lang='lat' dir='ltr'><strong>hoc</strong></span> <span class='ocrx_word' id='word_1_697' title='bbox 1642 5276 1851 5333; x_wconf 90' lang='lat' dir='ltr'><strong>melius</strong></span> 
     </span>
    </p>
   </div>
   <div class='ocr_carea' id='block_1_103' title="bbox 184 5361 1855 5436">
    <p class='ocr_par' dir='ltr' id='par_1_103' title="bbox 184 5361 1855 5436">
     <span class='ocr_line' id='line_1_103' title="bbox 184 5361 1855 5436; baseline 0.001 -18"><span class='ocrx_word' id='word_1_698' title='bbox 184 5361 467 5419; x_wconf 80' lang='lat' dir='ltr'><strong>Anselmo</strong></span> <span class='ocrx_word' id='word_1_699' title='bbox 498 5363 629 5435; x_wconf 89' lang='lat' dir='ltr'><strong>ejus</strong></span> <span class='ocrx_word' id='word_1_700' title='bbox 660 5363 1072 5436; x_wconf 67' lang='lat' dir='ltr'><strong>praedecessori</strong></span> <span class='ocrx_word' id='word_1_701' title='bbox 1087 5366 1607 5421; x_wconf 77' lang='lat' dir='ltr'><strong>conveniuntmam</strong></span> <span class='ocrx_word' id='word_1_702' title='bbox 1622 5369 1855 5420; x_wconf 90' lang='lat' dir='ltr'><strong>constat</strong></span> 
     </span>
    </p>
   </div>
   <div class='ocr_carea' id='block_1_104' title="bbox 182 5450 1847 5526">
    <p class='ocr_par' dir='ltr' id='par_1_104' title="bbox 182 5450 1847 5526">
     <span class='ocr_line' id='line_1_104' title="bbox 182 5450 1847 5526; baseline 0.001 -19"><span class='ocrx_word' id='word_1_703' title='bbox 182 5450 540 5507; x_wconf 80' lang='lat' dir='ltr'><strong>Anselmum</strong></span> <span class='ocrx_word' id='word_1_704' title='bbox 569 5452 641 5508; x_wconf 89' lang='lat' dir='ltr'><strong>ab</strong></span> <span class='ocrx_word' id='word_1_705' title='bbox 671 5452 919 5509; x_wconf 85' lang='lat' dir='ltr'><strong>Henrico</strong></span> <span class='ocrx_word' id='word_1_706' title='bbox 950 5452 1089 5509; x_wconf 91' lang='lat' dir='ltr'><strong>huic</strong></span> <span class='ocrx_word' id='word_1_707' title='bbox 1120 5452 1245 5509; x_wconf 90' lang='lat' dir='ltr'><strong>sedi</strong></span> <span class='ocrx_word' id='word_1_708' title='bbox 1267 5453 1613 5526; x_wconf 90' lang='lat' dir='ltr'><strong>impositum</strong></span> <span class='ocrx_word' id='word_1_709' title='bbox 1642 5453 1847 5521; x_wconf 88' lang='lat' dir='ltr'><strong>fuisse;</strong></span> 
     </span>
    </p>
   </div>
   <div class='ocr_carea' id='block_1_105' title="bbox 185 5538 1853 5613">
    <p class='ocr_par' dir='ltr' id='par_1_105' title="bbox 185 5538 1853 5613">
     <span class='ocr_line' id='line_1_105' title="bbox 185 5538 1853 5613; baseline 0.002 -18"><span class='ocrx_word' id='word_1_710' title='bbox 185 5538 464 5613; x_wconf 85' lang='lat' dir='ltr'><strong>quamvis</strong></span> <span class='ocrx_word' id='word_1_711' title='bbox 513 5544 733 5612; x_wconf 89' lang='lat' dir='ltr'><strong>postea,</strong></span> <span class='ocrx_word' id='word_1_712' title='bbox 765 5545 832 5597; x_wconf 92' lang='lat' dir='ltr'><strong>ut</strong></span> <span class='ocrx_word' id='word_1_713' title='bbox 877 5541 1158 5610; x_wconf 88' lang='lat' dir='ltr'><strong>diximus,</strong></span> <span class='ocrx_word' id='word_1_714' title='bbox 1200 5541 1272 5597; x_wconf 89' lang='lat' dir='ltr'><strong>ad</strong></span> <span class='ocrx_word' id='word_1_715' title='bbox 1322 5558 1545 5599; x_wconf 88' lang='lat' dir='ltr'><strong>annum</strong></span> <span class='ocrx_word' id='word_1_716' title='bbox 1594 5542 1733 5597; x_wconf 83' lang='lat'>1088</span> <span class='ocrx_word' id='word_1_717' title='bbox 1780 5543 1853 5598; x_wconf 92' lang='lat' dir='ltr'><strong>ad</strong></span> 
     </span>
    </p>
   </div>
   <div class='ocr_carea' id='block_1_106' title="bbox 180 5627 1857 5702">
    <p class='ocr_par' dir='ltr' id='par_1_106' title="bbox 180 5627 1857 5702">
     <span class='ocr_line' id='line_1_106' title="bbox 180 5627 1857 5702; baseline 0.001 -17"><span class='ocrx_word' id='word_1_718' title='bbox 180 5627 407 5686; x_wconf 82' lang='lat' dir='ltr'><strong>Urbani</strong></span> <span class='ocrx_word' id='word_1_719' title='bbox 437 5633 635 5702; x_wconf 87' lang='lat' dir='ltr'><strong>partes</strong></span> <span class='ocrx_word' id='word_1_720' title='bbox 678 5630 1012 5689; x_wconf 87' lang='lat' dir='ltr'><strong>accesserit.</strong></span> <span class='ocrx_word' id='word_1_721' title='bbox 1051 5631 1121 5688; x_wconf 88' lang='lat' dir='ltr'><strong>Et</strong></span> <span class='ocrx_word' id='word_1_722' title='bbox 1172 5630 1412 5702; x_wconf 86' lang='lat' dir='ltr'><strong>quidem</strong></span> <span class='ocrx_word' id='word_1_723' title='bbox 1450 5630 1756 5701; x_wconf 86' lang='lat' dir='ltr'><strong>Arnulfus,</strong></span> <span class='ocrx_word' id='word_1_724' title='bbox 1791 5636 1857 5688; x_wconf 90' lang='lat' dir='ltr'><strong>ut</strong></span> 
     </span>
    </p>
   </div>
   <div class='ocr_carea' id='block_1_107' title="bbox 1961 4732 3609 4816">
    <p class='ocr_par' dir='ltr' id='par_1_107' title="bbox 1961 4732 3609 4816">
     <span class='ocr_line' id='line_1_107' title="bbox 1961 4732 3609 4816; baseline -0.007 -17"><span class='ocrx_word' id='word_1_725' title='bbox 1961 4742 2179 4816; x_wconf 89' lang='lat' dir='ltr'><strong>quibus</strong></span> <span class='ocrx_word' id='word_1_726' title='bbox 2209 4741 2365 4796; x_wconf 91' lang='lat' dir='ltr'><strong>hunc</strong></span> <span class='ocrx_word' id='word_1_727' title='bbox 2387 4740 2436 4796; x_wconf 91' lang='lat' dir='ltr'><strong>ei</strong></span> <span class='ocrx_word' id='word_1_728' title='bbox 2464 4738 2680 4794; x_wconf 90' lang='lat' dir='ltr'><strong>librum</strong></span> <span class='ocrx_word' id='word_1_729' title='bbox 2714 4736 3035 4810; x_wconf 88' lang='lat' dir='ltr'><strong>rescripsit.</strong></span> <span class='ocrx_word' id='word_1_730' title='bbox 3060 4758 3089 4786; x_wconf 88' lang='grc'><strong>‹‹</strong></span> <span class='ocrx_word' id='word_1_731' title='bbox 3110 4734 3359 4792; x_wconf 90' lang='lat' dir='ltr'><strong>Domino</strong></span> <span class='ocrx_word' id='word_1_732' title='bbox 3380 4736 3438 4789; x_wconf 91' lang='lat' dir='ltr'><strong>et</strong></span> <span class='ocrx_word' id='word_1_733' title='bbox 3455 4732 3609 4788; x_wconf 88' lang='lat' dir='ltr'><strong>Patri</strong></span> 
     </span>
    </p>
   </div>
   <div class='ocr_carea' id='block_1_108' title="bbox 1958 4821 3609 4898">
    <p class='ocr_par' dir='ltr' id='par_1_108' title="bbox 1958 4821 3609 4898">
     <span class='ocr_line' id='line_1_108' title="bbox 1958 4821 3609 4898; baseline -0.009 -9"><span class='ocrx_word' id='word_1_734' title='bbox 1958 4831 2241 4889; x_wconf 81' lang='lat' dir='ltr'><strong>universae</strong></span> <span class='ocrx_word' id='word_1_735' title='bbox 2285 4827 2554 4884; x_wconf 73' lang='lat' dir='ltr'><strong>Ecclesia:</strong></span> <span class='ocrx_word' id='word_1_736' title='bbox 2607 4827 2667 4881; x_wconf 91' lang='lat' dir='ltr'><strong>in</strong></span> <span class='ocrx_word' id='word_1_737' title='bbox 2713 4830 2870 4882; x_wconf 88' lang='lat' dir='ltr'><strong>terra</strong></span> <span class='ocrx_word' id='word_1_738' title='bbox 2916 4821 3346 4898; x_wconf 88' lang='lat' dir='ltr'><strong>peregrinantis</strong></span> <span class='ocrx_word' id='word_1_739' title='bbox 3377 4836 3609 4877; x_wconf 91' lang='lat' dir='ltr'><strong>summo</strong></span> 
     </span>
    </p>
   </div>
   <div class='ocr_carea' id='block_1_109' title="bbox 1955 4910 3608 4994">
    <p class='ocr_par' dir='ltr' id='par_1_109' title="bbox 1955 4910 3608 4994">
     <span class='ocr_line' id='line_1_109' title="bbox 1955 4910 3608 4994; baseline -0.01 -17"><span class='ocrx_word' id='word_1_740' title='bbox 1955 4918 2220 4994; x_wconf 81' lang='lat' dir='ltr'><strong>pontifici</strong></span> <span class='ocrx_word' id='word_1_741' title='bbox 2269 4918 2501 4974; x_wconf 88' lang='lat' dir='ltr'><strong>Urbano</strong></span> <span class='ocrx_word' id='word_1_742' title='bbox 2556 4916 2732 4972; x_wconf 86' lang='lat' dir='ltr'><strong>frater</strong></span> <span class='ocrx_word' id='word_1_743' title='bbox 2784 4914 3120 4979; x_wconf 89' lang='lat' dir='ltr'><strong>Anselmus,</strong></span> <span class='ocrx_word' id='word_1_744' title='bbox 3158 4911 3276 4967; x_wconf 89' lang='lat' dir='ltr'><strong>vita</strong></span> <span class='ocrx_word' id='word_1_745' title='bbox 3321 4910 3608 4982; x_wconf 89' lang='lat' dir='ltr'><strong>peccator,</strong></span> 
     </span>
    </p>
   </div>
   <div class='ocr_carea' id='block_1_110' title="bbox 1956 4994 3611 5076">
    <p class='ocr_par' dir='ltr' id='par_1_110' title="bbox 1956 4994 3611 5076">
     <span class='ocr_line' id='line_1_110' title="bbox 1956 4994 3611 5076; baseline -0.009 -11"><span class='ocrx_word' id='word_1_746' title='bbox 1956 5008 2164 5065; x_wconf 88' lang='lat' dir='ltr'><strong>habitu</strong></span> <span class='ocrx_word' id='word_1_747' title='bbox 2215 5007 2563 5074; x_wconf 89' lang='lat' dir='ltr'><strong>monachus,</strong></span> <span class='ocrx_word' id='word_1_748' title='bbox 2598 5005 2718 5062; x_wconf 83' lang='lat' dir='ltr'><strong>sive</strong></span> <span class='ocrx_word' id='word_1_749' title='bbox 2758 5005 3026 5076; x_wconf 89' lang='lat' dir='ltr'><strong>jubente,</strong></span> <span class='ocrx_word' id='word_1_750' title='bbox 3069 5001 3187 5057; x_wconf 91' lang='lat' dir='ltr'><strong>sive</strong></span> <span class='ocrx_word' id='word_1_751' title='bbox 3234 4994 3611 5070; x_wconf 85' lang='lat' dir='ltr'><strong>permittente</strong></span> 
     </span>
    </p>
   </div>
   <div class='ocr_carea' id='block_1_111' title="bbox 1958 5080 3612 5167">
    <p class='ocr_par' dir='ltr' id='par_1_111' title="bbox 1958 5080 3612 5167">
     <span class='ocr_line' id='line_1_111' title="bbox 1958 5080 3612 5167; baseline -0.01 -12"><span class='ocrx_word' id='word_1_752' title='bbox 1958 5099 2097 5166; x_wconf 91' lang='lat' dir='ltr'><strong>Deo,</strong></span> <span class='ocrx_word' id='word_1_753' title='bbox 2131 5096 2457 5153; x_wconf 69' lang='lat' dir='ltr'><strong>Cantuariis</strong></span> <span class='ocrx_word' id='word_1_754' title='bbox 2502 5080 2846 5167; x_wconf 83' lang='lat' dir='ltr'><strong>metropolis</strong></span> <span class='ocrx_word' id='word_1_755' title='bbox 2872 5093 3113 5148; x_wconf 87' lang='lat' dir='ltr'><strong>vocatus</strong></span> <span class='ocrx_word' id='word_1_756' title='bbox 3149 5086 3478 5158; x_wconf 90' lang='lat' dir='ltr'><strong>episcopus,</strong></span> <span class='ocrx_word' id='word_1_757' title='bbox 3512 5083 3612 5140; x_wconf 86' lang='lat' dir='ltr'><strong>de-</strong></span> 
     </span>
    </p>
   </div>
   <div class='ocr_carea' id='block_1_112' title="bbox 1959 5172 3614 5257">
    <p class='ocr_par' dir='ltr' id='par_1_112' title="bbox 1959 5172 3614 5257">
     <span class='ocr_line' id='line_1_112' title="bbox 1959 5172 3614 5257; baseline -0.008 -14"><span class='ocrx_word' id='word_1_758' title='bbox 1959 5187 2146 5243; x_wconf 88' lang='lat' dir='ltr'><strong>bitam</strong></span> <span class='ocrx_word' id='word_1_759' title='bbox 2174 5185 2594 5257; x_wconf 88' lang='lat' dir='ltr'><strong>subjectionem</strong></span> <span class='ocrx_word' id='word_1_760' title='bbox 2630 5200 2764 5239; x_wconf 91' lang='lat' dir='ltr'><strong>cum</strong></span> <span class='ocrx_word' id='word_1_761' title='bbox 2795 5179 3007 5237; x_wconf 89' lang='lat' dir='ltr'><strong>humili</strong></span> <span class='ocrx_word' id='word_1_762' title='bbox 3040 5174 3273 5234; x_wconf 90' lang='lat' dir='ltr'><strong>servitio</strong></span> <span class='ocrx_word' id='word_1_763' title='bbox 3300 5176 3360 5230; x_wconf 88' lang='lat' dir='ltr'><strong>et</strong></span> <span class='ocrx_word' id='word_1_764' title='bbox 3389 5172 3614 5230; x_wconf 88' lang='lat' dir='ltr'><strong>devotis</strong></span> 
     </span>
    </p>
   </div>
   <div class='ocr_carea' id='block_1_113' title="bbox 1961 5261 3615 5337">
    <p class='ocr_par' dir='ltr' id='par_1_113' title="bbox 1961 5261 3615 5337">
     <span class='ocr_line' id='line_1_113' title="bbox 1961 5261 3615 5337; baseline -0.01 -4"><span class='ocrx_word' id='word_1_765' title='bbox 1961 5274 2346 5333; x_wconf 87' lang='lat' dir='ltr'><strong>orationibus.</strong></span> <span class='ocrx_word' id='word_1_766' title='bbox 2396 5276 2525 5329; x_wconf 81' lang='lat' dir='ltr'><strong>Tum</strong></span> <span class='ocrx_word' id='word_1_767' title='bbox 2585 5274 2791 5328; x_wconf 81' lang='lat' dir='ltr'><strong>librum</strong></span> <span class='ocrx_word' id='word_1_768' title='bbox 2850 5283 3014 5325; x_wconf 81' lang='lat' dir='ltr'><strong>suum</strong></span> <span class='ocrx_word' id='word_1_769' title='bbox 3072 5263 3356 5337; x_wconf 80' lang='lat' dir='ltr'><strong>pontiﬁcis</strong></span> <span class='ocrx_word' id='word_1_770' title='bbox 3401 5261 3615 5335; x_wconf 86' lang='lat' dir='ltr'><strong>judicio</strong></span> 
     </span>
    </p>
   </div>
   <div class='ocr_carea' id='block_1_114' title="bbox 1960 5351 3610 5426">
    <p class='ocr_par' dir='ltr' id='par_1_114' title="bbox 1960 5351 3610 5426">
     <span class='ocr_line' id='line_1_114' title="bbox 1960 5351 3610 5426; baseline -0.01 -4"><span class='ocrx_word' id='word_1_771' title='bbox 1960 5365 2251 5423; x_wconf 76' lang='lat' dir='ltr'><strong>committit</strong></span> <span class='ocrx_word' id='word_1_772' title='bbox 2282 5363 2367 5419; x_wconf 88' lang='lat' dir='ltr'><strong>his</strong></span> <span class='ocrx_word' id='word_1_773' title='bbox 2396 5363 2574 5419; x_wconf 80' lang='lat' dir='ltr'><strong>verbis</strong></span> <span class='ocrx_word' id='word_1_774' title='bbox 2602 5379 2620 5417; x_wconf 88' lang='lat'><strong><em>:</em></strong></span> <span class='ocrx_word' id='word_1_775' title='bbox 2653 5357 2961 5426; x_wconf 86' lang='lat' dir='ltr'><strong>Quoniam,</strong></span> <span class='ocrx_word' id='word_1_776' title='bbox 3002 5354 3204 5426; x_wconf 78' lang='lat' dir='ltr'><strong>inquit,</strong></span> <span class='ocrx_word' id='word_1_777' title='bbox 3236 5351 3432 5409; x_wconf 89' lang='lat' dir='ltr'><strong>divina</strong></span> <span class='ocrx_word' id='word_1_778' title='bbox 3478 5368 3610 5425; x_wconf 91' lang='lat' dir='ltr'><strong>pro-</strong></span> 
     </span>
    </p>
   </div>
   <div class='ocr_carea' id='block_1_115' title="bbox 1960 5441 3681 5523">
    <p class='ocr_par' dir='ltr' id='par_1_115' title="bbox 1960 5441 3681 5523">
     <span class='ocr_line' id='line_1_115' title="bbox 1960 5441 3681 5523; baseline -0.008 -14"><span class='ocrx_word' id='word_1_779' title='bbox 1960 5454 2223 5510; x_wconf 90' lang='lat' dir='ltr'><strong>videntia</strong></span> <span class='ocrx_word' id='word_1_780' title='bbox 2251 5455 2506 5509; x_wconf 86' lang='lat' dir='ltr'><strong>vestram</strong></span> <span class='ocrx_word' id='word_1_781' title='bbox 2537 5448 2712 5523; x_wconf 89' lang='lat' dir='ltr'><strong>elegit</strong></span> <span class='ocrx_word' id='word_1_782' title='bbox 2758 5443 3154 5512; x_wconf 85' lang='lat' dir='ltr'><strong>sanctitatem,</strong></span> <span class='ocrx_word' id='word_1_783' title='bbox 3184 5442 3281 5500; x_wconf 90' lang='lat' dir='ltr'><strong>cui</strong></span> <span class='ocrx_word' id='word_1_784' title='bbox 3326 5441 3509 5498; x_wconf 87' lang='lat' dir='ltr'><strong>vitam</strong></span> <span class='ocrx_word' id='word_1_785' title='bbox 3555 5442 3614 5496; x_wconf 91' lang='lat' dir='ltr'><strong>et</strong></span> <span class='ocrx_word' id='word_1_786' title='bbox 3674 5457 3681 5463; x_wconf 76' lang='lat'><strong>&#39;</strong></span> 
     </span>
    </p>
   </div>
   <div class='ocr_carea' id='block_1_116' title="bbox 1964 5531 3609 5602">
    <p class='ocr_par' dir='ltr' id='par_1_116' title="bbox 1964 5531 3609 5602">
     <span class='ocr_line' id='line_1_116' title="bbox 1964 5531 3609 5602; baseline -0.008 -3"><span class='ocrx_word' id='word_1_787' title='bbox 1964 5543 2140 5599; x_wconf 78' lang='lat' dir='ltr'><strong>fidem</strong></span> <span class='ocrx_word' id='word_1_788' title='bbox 2153 5542 2547 5599; x_wconf 88' lang='lat' dir='ltr'><strong>Christianam</strong></span> <span class='ocrx_word' id='word_1_789' title='bbox 2561 5535 3090 5602; x_wconf 87' lang='lat' dir='ltr'><strong>custodiendam,et</strong></span> <span class='ocrx_word' id='word_1_790' title='bbox 3103 5531 3422 5591; x_wconf 86' lang='lat' dir='ltr'><strong>Ecclesiam</strong></span> <span class='ocrx_word' id='word_1_791' title='bbox 3440 5545 3609 5587; x_wconf 88' lang='lat' dir='ltr'><strong>suam</strong></span> 
     </span>
    </p>
   </div>
   <div class='ocr_carea' id='block_1_117' title="bbox 1965 5618 3611 5705">
    <p class='ocr_par' dir='ltr' id='par_1_117' title="bbox 1965 5618 3611 5705">
     <span class='ocr_line' id='line_1_117' title="bbox 1965 5618 3611 5705; baseline -0.009 -17"><span class='ocrx_word' id='word_1_792' title='bbox 1965 5633 2282 5705; x_wconf 89' lang='lat' dir='ltr'><strong>regendam</strong></span> <span class='ocrx_word' id='word_1_793' title='bbox 2313 5628 2722 5697; x_wconf 87' lang='lat' dir='ltr'><strong>committeret,</strong></span> <span class='ocrx_word' id='word_1_794' title='bbox 2766 5626 2838 5683; x_wconf 91' lang='lat' dir='ltr'><strong>ad</strong></span> <span class='ocrx_word' id='word_1_795' title='bbox 2889 5624 3119 5683; x_wconf 89' lang='lat' dir='ltr'><strong>nullum</strong></span> <span class='ocrx_word' id='word_1_796' title='bbox 3165 5622 3348 5680; x_wconf 89' lang='lat' dir='ltr'><strong>alium</strong></span> <span class='ocrx_word' id='word_1_797' title='bbox 3396 5618 3611 5677; x_wconf 88' lang='lat' dir='ltr'><strong>rectius</strong></span> 
     </span>
    </p>
   </div>
  </div>
