4000 6178
340 310 457 405 1ὲὲ
472 388 487 403 .

1636 318 1705 384 Β.
1753 319 2048 397 URBANII
2090 316 2145 394 II
2162 319 2439 385 κῬΑΡίΕ.

224 520 232 529 θ
332 451 603 523 refertur,
635 449 686 511 si
712 449 853 529 quid
883 458 1084 514 contra
1113 455 1459 515 catholicam
1490 455 1666 513 ﬁdem
1698 454 1884 512 oritur
1916 454 1977 511 in
2006 462 2061 530 Α
2088 470 2275 513 eorum
2307 455 2642 528 injustitiam
2667 451 2963 530 adtempus
2989 454 3243 525 tolerare,
3276 468 3444 527 quam
3472 453 3741 512 Romanos

3623 314 3741 383 120
3757 316 3780 354 ’-

331 540 613 611 Ecclesia,
645 547 711 600 ut
740 545 867 618 ejus
898 547 1241 605 auctoritate
1271 546 1613 618 corrigatur.
1643 544 1802 618 Opus
1848 562 1983 601 vero
2094 547 2236 601 cives
2266 553 2481 601 armata
2514 562 2683 601 manu
2713 548 3044 618 inquietare.

334 647 512 691 suum
544 632 629 695 sic
658 634 710 689 ei
741 635 1199 693 examinandum
1231 634 1524 707 proponit,
1568 640 1631 689 ut
1660 634 1712 690 si
1754 634 1894 707 quid
1926 634 1987 689 in

333 736 403 783 eo
454 722 868 796 corrigendum
920 729 1028 790 est,
1085 726 1200 795 ejus
1233 740 1479 779 censura
1532 724 1870 797 castigatur,
1931 728 1989 779 et

336 810 493 882 quod
526 811 791 883 regulam
819 813 1081 868 veritatis
1103 816 1278 880 tenet,
1307 813 1436 884 ejus
1458 811 1800 869 auctoritate
1828 812 1990 868 robo-

338 903 521 955 retur.
554 921 583 952 »

411 990 555 1046 Cum
578 989 776 1059 itaque
807 988 951 1044 nihil
984 989 1199 1062 Anglos
1230 992 1302 1046 ab
1319 991 1689 1063 efﬂagitando
1716 992 1776 1046 in
1808 990 1993 1047 archi-

339 1076 681 1149 episcopum
711 1077 985 1134 Anselmo
1018 1096 1284 1135 revocare
1311 1086 1528 1152 posset,
1563 1082 1869 1137 accedente
1898 1099 1990 1136 ar-

343 1164 699 1239 chiepiscopi
760 1166 871 1235 sui,
930 1168 987 1223 id
1015 1173 1104 1224 est
1158 1169 1671 1241 Rotbomagensis,
1729 1170 1787 1225 in
1821 1172 1992 1241 cujus

342 1251 575 1315 ὀίωοθεὶ
606 1254 852 1313 Beccum
883 1256 1062 1313 situm
1085 1262 1192 1323 est,
1224 1258 1585 1327 auctoritate,
1607 1260 1992 1331 omniumque

344 1342 637 1403 bonorum
665 1342 927 1412 consilio,
961 1345 1286 1403 Cantuariis
1332 1348 1568 1402 tandem
1615 1353 1992 1404 consecratus

346 1435 438 1488 est
467 1432 656 1505 pridie
684 1433 877 1489 Nonas
928 1435 1262 1491 Decembris
1308 1453 1461 1491 anno
1514 1438 1675 1502 1093,
1705 1454 1771 1492 ac
1821 1437 1993 1508 paulo

345 1523 479 1594 post
506 1520 721 1579 Christi
753 1522 1048 1579 Natalium
1061 1524 1433 1582 festivitatem
1456 1524 1793 1582 solemniter
1813 1526 1993 1581 simul

348 1625 483 1667 cum
515 1625 650 1684 rege
698 1609 1029 1669 celebravit.
1088 1614 1300 1670 Mirum
1355 1614 1591 1686 quidem
1621 1619 1709 1670 est
1755 1633 1888 1673 eum
1922 1616 1993 1671 ab

348 1697 683 1771 Anglicanis
714 1700 1021 1772 episcopis,
1056 1701 1156 1774 qui
1187 1701 1379 1758 adhuc
1410 1703 1694 1775 ancipites
1722 1709 1889 1760 erant
1920 1722 1994 1760 an

350 1785 586 1843 Urbano
644 1804 828 1861 papae,
860 1793 963 1844 aut
1014 1790 1277 1846 Wiberto
1308 1793 1436 1862 ejus
1487 1791 1698 1848 aemulo
1758 1794 1993 1850 obedire

353 1875 651 1946 deberent,
686 1878 1022 1934 ordinatum
1054 1878 1259 1949 fuisse,
1309 1897 1443 1936 cum
1484 1880 1609 1953 ipse
1641 1881 1835 1954 palam
1867 1900 1998 1955 pro-

350 1968 668 2025 testaretur
697 1982 761 2022 se
791 1966 862 2023 ab
896 1966 1112 2024 Urbani
1144 1968 1491 2036 obedientia,
1527 1974 1591 2025 ut
1621 1987 1749 2026 mox
1776 1971 2002 2028 diceba-

354 2069 511 2122 mus,
544 2070 849 2126 nunquam
874 2070 1265 2111 recessurum.
1300 2056 1411 2113 Sed
1437 2073 1606 2113 nemo
1638 2062 1858 2129 tamen,
1895 2075 2002 2114 nec

354 2142 481 2219 ipse
510 2142 787 2216 pontifex,
816 2142 874 2198 id
905 2146 1006 2199 aut
1028 2143 1328 2211 Anselmo,
1378 2150 1481 2200 aut
1508 2146 1846 2219 Anglicanis
1876 2147 2003 2219 epi-

354 2231 548 2305 scopis
576 2231 717 2291 vitio
745 2231 933 2309 vertit.
968 2232 1131 2289 Unde
1152 2249 1285 2289 cum
1314 2238 1517 2305 postea
1544 2234 1841 2291 Walterus
1858 2234 2002 2291 illud

354 2318 552 2397 ipsum
577 2319 853 2378 Anselmo
885 2322 1281 2394 exprobasset,
1326 2322 1424 2378 ille
1471 2322 1581 2380 hoc
1624 2324 2002 2396 potissimum

354 2412 701 2482 argumento
733 2425 796 2465 se
818 2409 1097 2475 defendit,
1131 2411 1286 2482 quod
1309 2411 1366 2466 id
1388 2412 1578 2467 sciens
1600 2414 1859 2485 pontifex
1888 2432 2003 2470 non

354 2495 551 2554 solum
581 2514 697 2561 non
717 2496 1135 2571 improbaverit
1159 2500 1401 2568 factum,
1417 2501 1514 2557 sed
1532 2500 1706 2556 etiam
1721 2501 1772 2556 ei
1800 2506 2006 2573 postea

355 2584 603 2658 pallium
633 2586 856 2657 absque
888 2585 1006 2645 ulla
1060 2587 1401 2644 difﬁcultate
1447 2591 1819 2645 concesserit.
1874 2590 2005 2647 Haec

353 2675 515 2733 fuere
534 2673 911 2746 pontiﬁcatus
965 2674 1227 2731 Anselmi
1283 2675 1403 2732 lata
1443 2676 1629 2746 initia,
1688 2679 1790 2735 sed
1824 2696 2003 2751 quam

353 2762 514 2821 brevi
540 2763 601 2819 in
627 2763 1051 2820 amaritudines
1081 2781 1359 2821 conversa
1386 2766 1545 2822 fuere
1570 2764 1583 2821 l
1612 2768 1836 2841 Quippe
1865 2785 2002 2824 cum

351 2849 668 2913 Anselmus
696 2850 985 2924 regimille
1007 2853 1179 2908 libras
1208 2854 1583 2925 denariorum,
1600 2860 1663 2911 ut
1679 2858 2003 2914 Eadmerus

353 2939 549 3009 refert,
574 2956 677 3013 pro
733 2941 959 3011 agendis
1013 2943 1413 3013 muniﬁcentia:
1448 2960 1566 3001 sua:
1616 2948 1814 3015 gratiis
1869 2946 2003 3003 dare

352 3031 639 3105 renuisset,
662 3030 723 3086 in
769 3029 928 3087 illius
988 3031 1452 3104 indignationem
1485 3033 1748 3090 incurrit.
1809 3035 2004 3092 Prima

352 3118 476 3177 haec
496 3117 861 3177 Willelmum
889 3135 1085 3192 regem
1114 3119 1265 3175 inter
1293 3124 1350 3176 et
1376 3125 1645 3177 sanctum
1676 3124 1998 3181 antistitem

2439 634 2644 690 CXLV.
2680 636 3123 692 Guibertinorum
3155 635 3400 692 insidiae.

2169 723 2380 778 Mirum
2412 729 2503 779 est
2532 728 2757 780 tantam
2788 724 3082 795 pontificis
3108 723 3411 779 lenitatem
3451 723 3741 779 Guiberti-

2097 828 2307 867 norum
2340 812 2569 868 animos
2595 829 2710 869 non
2741 811 3586 879 emolliisse.0uinecontrario
3608 829 3743 867 cum

2097 900 2223 972 ipse
2248 917 2415 973 prape
2443 912 2691 958 sanctam
2715 904 3176 960 Mariam-Novam
3206 904 3268 957 in
3296 901 3533 974 quadam
3545 902 3748 971 ﬁrmis-

2097 991 2563 1045 simamunitione
2577 995 2925 1059 moraretur,
2942 990 3029 1046 illi
3056 1007 3214 1056 vero,
3236 991 3753 1046 turrimCrescentii

2100 1096 2203 1134 seu
2234 1079 2471 1135 Adriani
2484 1080 2721 1147 molem,
2738 1080 2796 1134 id
2807 1085 2896 1138 est
2908 1085 3170 1136 castrum
3185 1079 3382 1135 Sancti
3403 1079 3631 1152 Angeli,
3643 1079 3748 1134 ad-

2101 1166 2215 1221 huc
2245 1174 2617 1239 occuparent,
2641 1173 2981 1241 pyratarum
2996 1185 3156 1224 more
3167 1184 3401 1224 omnem
3428 1167 3750 1223 viatoribus

2100 1272 2204 1328 per
2229 1256 2454 1313 Tiberis
2484 1261 2719 1328 pontem
2748 1258 2819 1313 ad
2853 1257 3187 1329 pontiﬁcem
3217 1257 3489 1312 accedam
3509 1255 3750 1312 volenti-

2102 1345 2211 1399 bus
2243 1345 2470 1401 aditum
2501 1346 2990 1414 intercludebant;
3023 1347 3169 1402 adeo
3200 1350 3282 1411 ut,
3311 1345 3360 1402 si
3389 1346 3487 1416 qui
3522 1344 3754 1400 fortein

2102 1449 2313 1489 manus
2343 1450 2545 1490 eorum
2577 1436 2920 1501 inciderent,
2953 1434 3163 1507 captivi
3185 1435 3257 1490 ab
3287 1434 3373 1490 eis
3403 1450 3563 1489 more
3589 1433 3751 1504 plus-

2103 1538 2280 1594 quam
2312 1523 2559 1579 barbaro
2582 1523 3006 1591 detinerentur,
3020 1527 3077 1579 et
3098 1522 3351 1595 pessime
3374 1522 3752 1580 haberentur.

2105 1610 2166 1665 Id
2188 1610 2431 1682 contigit
2461 1612 2656 1667 abbati
2687 1612 2844 1667 cellae
2878 1612 3075 1669 Sancti
3119 1610 3272 1667 Petri
3303 1610 3363 1666 in
3395 1610 3757 1677 Alemannia,

2105 1715 2283 1771 quam
2299 1700 2600 1756 Gebebard
2610 1717 2676 1755 us
2688 1700 3039 1757 Constantina
3054 1698 3387 1773 episcopus,
3409 1703 3467 1755 et
3481 1699 3602 1754 dux
3619 1698 3757 1754 Ber-

2106 1787 2301 1843 toldus
2330 1790 2459 1859 ejus
2490 1788 2665 1845 frater
2696 1789 2927 1845 Urbano
2960 1788 3216 1861 legatum
3248 1787 3551 1845 miserant.
3609 1788 3787 1844 Hinc

2112 1877 2310 1950 Egino,
2344 1878 2444 1949 qui
2476 1882 2677 1950 postea
2707 1878 2887 1933 abbas
2917 1878 3138 1937 Sanctae
3169 1878 3318 1934 Afrae
3371 1876 3761 1949 Augustensis

2109 1966 2241 2034 fuit,
2274 1966 2548 2023 laudatur
2574 1968 2645 2022 ab
2678 1966 3033 2035 Udalscalco,
3080 1967 3208 2038 ejus
3263 1970 3572 2023 Gestorum
3619 1965 3764 2023 scri-

2110 2059 2295 2126 ptore,
2327 2056 2485 2127 quod
2515 2058 2589 2111 ab
2619 2056 2821 2113 eodem
2840 2054 3180 2112 Gebebardo
3209 2072 3324 2113 non
3356 2054 3536 2112 semel
3558 2056 3629 2112 ad
3654 2056 3761 2111 Ur-

2112 2145 2331 2199 bonum
2364 2144 2606 2212 missus,
2638 2143 2902 2216 deposita
2928 2149 3088 2201 veste
3116 2145 3461 2212 monastica,
3492 2143 3763 2202 saeculari

2113 2232 2315 2289 habitu
2348 2233 2612 2304 indutus,
2646 2235 2755 2290 sub
2778 2249 2846 2291 ea
2873 2232 3064 2304 specie
3094 2233 3577 2291 Guibertinorum
3624 2232 3785 2290 dili-.

2112 2320 2369 2393 gentiam
2400 2321 2608 2378 fallens
2637 2324 2709 2377 ad
2770 2322 3100 2394 pontificem
3159 2322 3491 2379 accesserit.
3544 2323 3763 2378 Eodem

2114 2409 2287 2466 modo
2318 2410 2592 2467 Gofridus
2623 2410 2927 2467 Vindocini
2960 2411 3142 2468 abbas
3171 2410 3321 2467 libro
3351 2428 3392 2479 ι,
3410 2412 3582 2484 epist.
3609 2413 3665 2479 8,
3680 2409 3767 2467 ait

2111 2500 2389 2573 famulum
2406 2502 2746 2572 famulorum
2765 2517 2989 2557 suorum
3017 2516 3075 2556 se
3099 2502 3308 2572 fecisse,
3338 2516 3410 2557 ne
3440 2501 3512 2558 ab
3544 2499 3764 2558 Urbani

2113 2588 2383 2645 hostibus
2413 2594 2850 2663 agnosceretur.

2112 2677 2345 2733 CXLVI.
2378 2680 2745 2736 Atrebatensis
2769 2679 3247 2822 etﬁCametzacensis
3285 2679 3542 2736 Ecclesiae
3566 2679 3764 2735 divisio

2862 2768 2983 2805 rma
3048 2791 3060 2804 .

2862 2768 3060 2805 rmaia.

2184 2838 2311 2893 llaec
2342 2836 2506 2894 initio
2537 2839 2674 2894 anni
2707 2839 2839 2895 1094
2871 2840 3064 2896 Romae
3096 2838 3438 2912 agebantur,
3474 2837 3768 2895 ubiUrba-

2112 2943 2224 2982 nus
2236 2943 2369 2982 cum
2382 2927 2645 2984 audisset
2658 2928 3037 2984 Lambertum
3060 2929 3502 2985 Atrebatensem
3517 2927 3766 3001 electum

2108 3032 2138 3071 e
2152 3014 2339 3072 Gallia
2355 3016 2413 3071 in
2428 3016 2639 3072 Urbem
2652 3017 2941 3085 advenire,
2957 3023 3022 3075 ut
3034 3017 3111 3073 ibi
3130 3022 3585 3086 consecraretur,
3606 3017 3761 3089 quod

2111 3108 2174 3159 ut
2197 3106 2323 3175 jam
2356 3105 2636 3172 diximus,
2671 3107 2890 3162 veritus
2907 3111 3061 3163 esset
3077 3106 3435 3179 Raynoldus,
3458 3122 3530 3161 ne
3558 3104 3607 3161 si
3638 3106 3767 3177 ipse

356 3206 736 3265 dissidiorum
760 3208 1044 3282 germina,
1062 3207 1234 3280 paulo
1247 3213 1380 3280 post
1409 3209 1661 3266 multum
1684 3228 2004 3280 exoravere,
2037 3197 2080 3265 C
2114 3193 2165 3249 θί
2191 3195 2568 3267 imposuisset
2581 3212 2815 3264 manus:
2842 3193 3650 3253 Cameracensesaaemensis
3662 3194 3767 3249 Ec‘

261 3300 266 3313 ‘
358 3313 493 3357 cum
547 3295 736 3369 eidem
793 3296 914 3370 regi
945 3297 1006 3353 in
1061 3298 1517 3355 transmarinam
1575 3300 2002 3371 expeditionem

252 3406 263 3413 '
358 3401 703 3459 processura
752 3393 993 3442 sanctus
1039 3386 1285 3442 antistes
1343 3388 1566 3443 monita
1608 3388 1817 3446 salutis
1864 3391 2004 3448 dare

358 3471 659 3530 voluisset.
690 3474 821 3531 Haec
861 3491 1013 3530 anno
1063 3475 1202 3529 1093
1231 3479 1288 3536 et
1316 3474 1481 3531 initio
1542 3478 1842 3549 sequentis
1874 3484 2003 3536 acta

358 3560 537 3629 fuere;
571 3561 711 3634 quid
766 3561 903 3619 inde
960 3562 1271 3635 post'regis
1321 3564 1381 3617 in
1427 3562 1697 3637 Angliam
1747 3568 2001 3624 reditum

356 3655 738 3710 consecutum
768 3651 967 3720 fuerit,
997 3651 1263 3708 dicemus
1292 3652 1366 3708 ad
1390 3670 1612 3709 annum
1643 3654 1802 3711 1095.

717 3802 949 3860 CXLIV.
987 3803 1234 3860 Urbanus
1264 3805 1450 3861 Romae
1478 3803 1641 3873 degit.

423 3953 668 4011 Romam
699 3955 810 4011 sub
841 3954 1022 4025 hujus
1042 3953 1181 4009 anni
1213 3954 1387 4008 finem
1410 3970 1674 4011 reversus
1705 3955 1996 4024 Urbanus,

348 4042 431 4099 ibi
460 4043 829 4100 Nativitatem
858 4041 1109 4108 Domini,
1141 4042 1444 4098 deﬁciente
1478 4042 1535 4097 in
1575 4044 1701 4099 dies
1732 4044 1996 4102 Guiberti

348 4132 618 4200 factione,
642 4132 982 4189 solemniter
1011 4130 1338 4197 celebravit,
1367 4135 1432 4185 ut
1469 4130 1645 4188 habet
1692 4133 1997 4190 Bertoldus

347 4219 514 4276 initio
562 4221 701 4275 anni
760 4220 917 4286 1094;
978 4218 1126 4275 solet
1168 4218 1383 4291 quippe
1438 4219 1533 4274 hic
1561 4225 1762 4275 auctor
1810 4240 1997 4279 annos

349 4304 626 4365 aChristi
656 4306 960 4363 Natalibus
1011 4306 1282 4363 exordiri.
1331 4309 1400 4363 At
1450 4308 1764 4365 Guibertus
1816 4311 1994 4367 simul

348 4412 485 4452 cum
516 4396 762 4452 Henrico
784 4397 1135 4469 imperatam
1179 4401 1320 4452 tunc
1348 4397 1587 4454 Veronae
1632 4400 1991 4468 versabatur,

348 4482 434 4540 ita
462 4477 992 4551 animofractus,ht
1020 4486 1220 4542 eodem
1236 4485 1507 4541 Bertoldo
1538 4490 1703 4554 teste,
1728 4493 1994 4559 papatum

349 4589 413 4630 se
434 4573 666 4631 lier
689 4574 1047 4631 dimissurum
1068 4573 1433 4643 simulaverit,
1464 4578 1514 4630 si
1545 4577 1659 4631 alio
1698 4577 1855 4633 modo
1883 4595 1997 4650 pax
2024 4566 2073 4631 D

348 4665 412 4719 in
430 4656 671 4720 Ecclesia
689 4664 1004 4736 recuperari
1056 4680 1169 4721 non
1219 4666 1478 4736 potuerit.
1527 4664 1739 4721 Multos
1794 4670 1995 4724 tamen

348 4750 544 4807 adhuc
571 4746 823 4809 habebat
850 4752 1045 4809 Romae
1074 4753 1346 4809 homines
1376 4769 1494 4806 suas
1525 4752 1675 4823 parti
1706 4754 1991 4825 addictos,

347 4840 450 4912 qui
482 4841 798 4898 servientes
827 4842 1095 4915 tempori,
1120 4840 1488 4896 occasionem
1517 4838 1763 4897 latenter
1784 4859 1994 4916 exspe-

345 4929 606 5000 ctabant,
638 4930 709 4987 ad
734 4946 913 4987 novos
943 4934 1139 4985 motus
1169 4928 1426 4985 ciendos.
1459 4930 1531 4983 At
1562 4928 1683 4985 haec
1713 4931 1991 4988 dissimu-

342 5015 503 5074 labat
532 5017 826 5089 Urbanus,
875 5018 1033 5091 quod
1081 5019 1305 5087 absque
1346 5016 1584 5071 militari
1628 5020 1993 5090 expeditione

344 5104 501 5179 abigi
533 5107 606 5162 ab
636 5108 783 5164 urbe
812 5122 927 5164 non
960 5105 1307 5178 potuissent.
1339 5104 1493 5159 Nihil
1519 5106 1757 5179 quippe,
1789 5113 1853 5163 ut
1870 5111 1991 5180 jam

342 5210 498 5268 saepe
527 5192 663 5252 cum
693 5194 981 5260 Bertoldo,
998 5192 1097 5265 qui
1121 5196 1179 5248 et
1197 5192 1344 5248 illud
1358 5192 1607 5265 singulis
1621 5196 1802 5251 ferme
1822 5198 1991 5254 annis

342 5280 571 5356 repetit,
594 5283 869 5348 diximus,
903 5283 1045 5338 adeo
1076 5282 1455 5337 aversabatur
1476 5283 1990 5343 mansuetissimus

343 5372 620 5445 pontifex,
653 5386 832 5443 quam
862 5374 930 5426 ut
957 5371 1138 5427 armis
1167 5369 1580 5437 decertaretur,
1615 5373 1671 5425 et
1700 5387 1867 5428 suam
1887 5392 1991 5433 au-

343 5461 670 5516 ctoritatem
694 5459 1002 5529 sanguinis
1031 5460 1313 5515 effusione
1340 5456 1667 5529 ampliaret,
1690 5475 1890 5530 quare,
1906 5467 1989 5521 uti

346 5549 499 5604 idem
531 5553 734 5603 auctor
754 5549 1149 5620 prosequitur,
1173 5565 1304 5605 cum
1338 5548 1537 5617 absque
1556 5546 1795 5605 militari
1822 5569 1991 5611 manu

346 5634 877 5710 adversarioszsuos
910 5652 1018 5694 non
1049 5639 1212 5711 facile
1225 5636 1773 5710 potueritexpellere,
1790 5642 1991 5699 maluit

2112 3282 2300 3339 clesiae
2313 3284 2641 3340 obedientia
2651 3286 3088 3353 recederent,ad
3101 3285 3368 3341 eumdem
3382 3282 3765 3355 archiepisco-

2111 3390 2254 3445 pum
2278 3372 2837 3446 scripsit,pollicitus
2854 3368 2915 3430 ei
2945 3373 3327 3448 apostolicam
3345 3372 3654 3429 tuitionem
3668 3372 3766 3427 ad-

2110 3478 2313 3517 versus
2328 3478 2757 3534 quemcunque,
2777 3462 2878 3534 qui
2892 3461 3187 3518 Cameraci
3200 3462 3542 3535 episcopum
3552 3464 3768 3533 praeter

2112 3551 2459 3607 Remensem
2488 3551 3001 3623 metropolitanum
3023 3550 3293 3607 ordinare
3325 3549 3761 3624 aggrederetur.

2111 3640 2246 3696 Post
2276 3639 2396 3695 haec
2417 3640 2607 3696 eidem
2622 3637 3151 3714 archiepisc0poinj
3163 3637 3346 3713 ungit,
3362 3642 3426 3692 ut
3458 3642 3579 3693 tam
3604 3639 3773 3711 Atre-

2109 3730 2337 3785 batensi
2350 3745 2526 3800 quam
2542 3728 2941 3784 Cameracensi
2954 3725 3572 3799 Ecclesiae,unicuique
3586 3744 3764 3799 suum
3802 3794 3809 3799 _

2110 3817 2411 3889 proprium
2442 3815 2781 3890 episCOpum
2814 3816 3166 3871 incardinare
3197 3832 3311 3871 non
3366 3815 3619 3881 differat,
3650 3813 3769 3870 nisi

2109 3906 2256 3961 forte
2284 3910 2729 3960 Cameracenses
2753 3902 2966 3959 vellent
2991 3904 3239 3960 Romam
3253 3902 3452 3959 venire
3482 3902 3554 3957 ad
3578 3902 3768 3975 proxi-

2108 4011 2265 4049 mam
2279 3993 3419 4066 sequentemQuadragesimam,causam
3441 4007 3608 4048 suam
3626 4008 3768 4064 prae-

2107 4087 2269 4138 sente
2298 4082 2604 4138 Lamberto
2633 4082 3001 4137 Atrebatensi
3037 4081 3216 4139 electo
3247 4080 3459 4138 acturi.
3503 4078 3763 4153 Denique

2105 4170 2395 4227 Manassis
2426 4170 2820 4226 archidiaconi
2851 4169 3157 4227 Remensis
3185 4169 3243 4225 in
3271 4170 3610 4242 episcopum
3653 4172 3761 4224 Ca-

2106 4276 2503 4317 meracensem
2533 4258 2898 4328 electionem,
2946 4276 3124 4332 quam
3156 4276 3190 4314 a
3237 4256 3762 4314 Cameracensibus

2103 4347 2360 4422 generali
2392 4348 2659 4405 omnium
2689 4364 2980 4404 consensu
3012 4347 3225 4404 factam
3257 4345 3439 4402 fuisse
3469 4343 3581 4418 ipsi
3613 4344 3759 4400 scri-

2103 4440 2298 4510 pserat
2325 4436 2682 4511 Raynaldus,
2703 4435 3070 4494 conﬁrmavit
3101 4453 3167 4491 eo
3181 4438 3372 4510 pacto,
3396 4436 3461 4489 ut
3488 4437 3758 4490 Camera-

2104 4543 2308 4583 censes
2328 4526 2725 4583 Atrebatensis
2756 4524 3023 4584 Ecclesia:
3043 4523 3471 4581 restitutionem
3503 4539 3618 4578 non
3640 4525 3766 4578 tur-

2105 4616 2333 4685 barent,
2365 4615 2635 4689 quamvis
2675 4614 2748 4670 ad
2780 4614 2835 4669 id
2871 4630 2998 4671 sese
3028 4612 3337 4670 temerario
3388 4616 3760 4669 sacramento

2103 4703 2480 4779 obligassent.
2506 4702 3155 4760 Haecomniahabentur
3184 4702 3244 4758 in
3277 4698 3764 4775 Urbaniepistola

2104 4794 2176 4849 ad
2208 4793 2401 4866 ipsum
2433 4791 2822 4865 Raynoldum,
2854 4791 2955 4864 qui
2987 4792 3038 4848 ei
3071 4792 3141 4847 de
3171 4790 3243 4847 iis
3276 4790 3451 4846 rebus
3483 4787 3758 4868 seorsim,

2103 4887 2168 4938 ut
2188 4884 2314 4954 jam
2345 4881 2619 4948 diximus,
2653 4881 2986 4953 scripserat,
3005 4896 3184 4952 quam
3198 4878 3496 4959 pontificis
3520 4893 3761 4951 respon-

2102 4970 2348 5041 sionem,
2383 4975 2441 5026 et
2470 4969 2519 5025 si
2549 4968 2773 5025 nullam
2807 4969 3017 5026 habeat
3048 4968 3330 5042 temporis
3381 4971 3604 5033 notam,
3636 4964 3754 5021 huc

2106 5066 2298 5116 tamen
2334 5060 2529 5115 referri
2564 5059 2788 5127 debere,
2813 5075 2881 5115 ea
2920 5076 3045 5132 qua:
3065 5055 3470 5132 complectitur
3501 5055 3647 5112 satis
3670 5053 3756 5110 in-

2101 5148 2315 5205 dicant.
2349 5148 2416 5202 Et
2440 5147 2675 5219 quidem
2709 5164 2863 5203 anno
2890 5146 3177 5219 sequenti,
3212 5148 3425 5219 rejects
3465 5141 3752 5201 Gualcbe-

2100 5238 2206 5307 rio,
2240 5236 2531 5293 Manassis
2558 5234 2759 5291 electio
2792 5236 3136 5292 confirmata
3167 5235 3278 5292 fuit
3307 5236 3367 5292 in
3408 5232 3748 5291 Claromon-

2101 5332 2237 5383 tano
2267 5324 2529 5394 concilio,
2562 5328 2624 5379 ut
2656 5340 2761 5379 suo
2794 5323 2917 5381 loco
2940 5325 3226 5382 dicemus.

2099 5414 2351 5470 CXLVII.
2386 5413 2699 5468 Lambertus
2751 5413 2949 5469 electus
2998 5415 3364 5472 Alrebatensis
3402 5412 3629 5468 Romam
3654 5408 3753 5465 ad-

2172 5489 2334 5541 venit.
2370 5486 2441 5539 Ab
2459 5486 2672 5559 Urbano
2690 5495 3043 5559 consecratur
3072 5504 3136 5543 ac
3149 5489 3241 5559 pri
3245 5485 3504 5555 vilegium
3524 5484 3747 5539 obtinet.

2178 5558 2356 5613 Variae
2381 5572 2447 5611 ea
2476 5556 2540 5611 de
2568 5571 2628 5609 rc
2653 5556 2868 5612 litterae.

2172 5645 2411 5702 Interim
2444 5643 2793 5702 Lambertus
2822 5650 2953 5718 post
2974 5644 3160 5702 multa
3188 5645 3419 5701 viarum
3451 5646 3511 5698 et
3538 5639 3748 5699 hiemis
3814 5650 3819 5657 ‘
