4000 6178
172 345 317 410 un

1748 340 1761 345 ’
1787 350 2000 420 νιτΑ.

3483 330 3624 427 (εἲ

174 484 548 554 discrimina,
585 500 716 559 quae
745 485 953 544 msein
995 484 1122 559 ejus
1160 484 1357 546 libello
1377 488 1530 563 apud
1571 488 1840 548 Locrium
1869 488 1927 559 Α
1951 488 2326 550 cardinalium
2346 491 2790 569 presbyterorum
2828 501 2881 557 et
2916 496 3184 560 maximae
3228 464 3605 563 multitudinis
3657 500 3660 503 “

178 584 236 636 et
255 578 565 636 Baluzium
576 584 735 636 torno
748 579 798 633 V
810 578 1126 637 Miscellan.
1154 579 1836 647 describuntur,Romam

176 670 419 727 advenit
446 672 515 725 ad
561 668 855 742 porticum
882 670 1077 726 Sancti
1126 670 1302 735 Petri,
1343 671 1486 727 feria
1518 674 1675 727 sexta
1704 676 1837 727 ante

178 759 551 817 Dominicam
600 762 726 815 Esto
794 760 939 815 mihi
984 762 1152 816 Deum
1211 762 1583 832 protectorem,
1646 760 1840 834 inquit

180 851 314 922 ejus
350 852 664 905 Gestorum
696 848 964 921 scriptor,
988 849 1047 904 id
1079 853 1167 904 est
1197 849 1289 905 die
1316 850 1341 905 4
1352 852 1385 903 7
1411 850 1729 919 Februarii,
1754 851 1838 907 bi-

183 941 301 995 duo
329 944 472 995 ante
496 938 863 993 Dominicam
895 938 1418 1010 Quinquagesimm,
1441 955 1569 1011 quas
1599 956 1667 994 eo
1689 957 1839 996 anno

182 1030 244 1084 in
268 1030 433 1084 diem
460 1028 537 1082 29
566 1028 822 1096 ejusdem
855 1027 1076 1084 mensis
1098 1028 1408 1083 incidebat.
1428 1029 1571 1084 Cum
1600 1044 1735 1085 vero
1767 1030 1838 1085 ob

183 1116 670 1174 Guibertinorum
686 1116 931 1173 insidias
953 1116 1209 1174 difficilis
1226 1121 1379 1173 esset
1391 1118 1461 1173 ad
1483 1118 1838 1189 pontiﬁcem,

179 1206 284 1279 qui
312 1210 463 1262 tunc
490 1206 647 1278 apud
668 1210 927 1261 sanctam
945 1206 1426 1262 Mariam-Novam
1450 1209 1842 1264 commoraba-

180 1302 299 1361 tur,
322 1294 547 1363 aditus,
566 1310 800 1350 summo
822 1311 995 1350 mane
1014 1296 1316 1367 sequentis
1333 1296 1445 1352 diei
1479 1297 1840 1365 Lambertus,

183 1384 410 1440 relictis
441 1385 514 1439 ad
544 1385 826 1439 Sanctum
858 1384 1094 1440 Petrum
1136 1384 1335 1450 sociis,
1366 1384 1524 1441 solus
1555 1386 1627 1440 ad
1658 1385 1844 1441 Urba-

183 1491 330 1530 num
380 1473 627 1541 accedit,
666 1496 687 1522 ι
725 1474 820 1529 cui
870 1489 930 1528 se
978 1479 1357 1545 prosternens
1398 1490 1530 1529 cum
1568 1472 1845 1547 lacrymis

183 1564 355 1635 petiit
381 1564 461 1619 ab
490 1561 771 1619 electione
798 1562 1043 1629 absolvi,
1092 1565 1362 1634 imparem
1402 1579 1459 1619 se
1486 1579 1600 1619 esse
1639 1580 1844 1620 asseve-

185 1670 321 1708 rans
349 1653 426 1709 ad
459 1656 580 1708 tam
598 1652 972 1725 importabile
992 1669 1163 1723 onus,
1185 1657 1312 1708 tum
1337 1669 1439 1725 pro
1461 1654 1692 1708 Henrici
1709 1653 1849 1709 infe-

185 1742 445 1799 statione
493 1742 568 1797 ad
617 1758 793 1813 quem
822 1745 1171 1798 Cameracus
1214 1743 1557 1814 pertinebat,
1591 1748 1716 1797 tum
1745 1759 1847 1814 pro

1947 583 2335 641 Romanorum.
2384 585 2522 643 Post
2544 586 2772 661 aliquot
2817 591 2940 648 dies
2969 593 3244 659 Urbanus
3294 593 3603 651 Lamberto

1948 671 2311 745 privilegium
2344 669 2576 749 insigne
2600 679 2670 734 ad
2707 679 3118 743 stabiliendum
3151 682 3417 739 Ecclesia
3439 687 3603 741 Atre-

1950 762 2218 819 batensis
2267 765 2699 824 restitutionem
2756 770 3063 839 concessit,
3126 773 3282 846 quod
3313 777 3516 846 postea
3543 772 3604 829 in

1948 850 2128 908 variis
2154 854 2411 925 synodis,
2445 872 2511 911 ac
2535 856 2773 913 demum
2797 857 2855 913 in
2878 858 3328 917 Claromontano
3358 861 3603 919 concilio

1949 940 2256 997 recitatum
2282 947 2339 997 et
2353 945 2762 1002 confirmatum
2786 946 2914 1016 fuit,
2938 947 3203 1023 illudque
3233 951 3531 1009 Paschalis
3552 957 3607 1008 II

1951 1046 2016 1085 ac
2029 1030 2267 1086 demum
2292 1034 2594 1105 pontifices
2608 1036 3034 1108 subsequentes
3050 1039 3272 1109 passim
3289 1040 3605 1099 laudarunt

1950 1121 2007 1173 et
2020 1119 2438 1190 approbarunt.
2464 1121 2679 1178 Datum
2701 1129 2793 1180 est
2815 1125 3155 1183 xKalendas
3175 1127 3409 1200 Aprilis,
3444 1129 3601 1185 Indi-

1951 1208 2139 1263 ctione
2162 1225 2223 1276 II,
2244 1227 2396 1265 anno
2424 1211 2584 1277 1093,
2614 1215 2770 1285 quod
2798 1214 3039 1285 scilicet,
3074 1220 3138 1271 ut
3178 1217 3348 1273 modo
3379 1216 3605 1275 diceba-

1953 1311 2107 1363 mus,
2141 1296 2199 1352 in
2226 1298 2636 1356 instrumentis
2666 1301 2737 1355 de
2767 1316 2833 1357 eo
2887 1305 3119 1375 negotio
3148 1305 3320 1373 datis,
3342 1308 3480 1362 anni
3500 1308 3608 1365 ini-

1951 1385 2100 1440 tium
2133 1403 2168 1440 a
2196 1386 2471 1444 Paschale
2496 1389 2716 1460 passim
2740 1391 3263 1466 desumatur,quod
3282 1400 3475 1453 tamen
3497 1398 3602 1454 Ur-
3632 1452 3635 1455 .

1955 1474 2145 1531 banus
2177 1475 2238 1530 in
2269 1476 2404 1533 aliis
2424 1476 2603 1535 bullis
2622 1495 2689 1535 eo
2729 1483 2997 1553 tempore
3018 1483 3172 1539 datis
3195 1502 3308 1541 non
3335 1489 3602 1558 servavit,

1956 1564 2109 1619 utin
2162 1566 2449 1621 sententia
2498 1583 2600 1640 pro
2647 1570 2971 1627 Turonensi
3021 1573 3273 1630 Ecclesia
3325 1575 3605 1635 adversus

1957 1652 2263 1710 Dolensem
2288 1653 2538 1728 aliisque
2560 1657 2868 1715 observare
2889 1658 3041 1719 licet.
3065 1664 3344 1719 Caeterum
3365 1664 3476 1720 hoc
3495 1665 3609 1739 pri-

1955 1740 2229 1815 vilegium
2284 1743 2439 1799 inter
2486 1745 2704 1801 Urbani
2738 1748 3014 1820 epistolas
3062 1751 3319 1819 dabitur,
3367 1753 3521 1811 sicut
3551 1760 3609 1812 et

183 1832 567 1888 infestatione
580 1830 1092 1888 Cameracensium
1123 1829 1462 1887 clericorum
1482 1835 1541 1887 et
1564 1831 1846 1887 laicorum
1878 1863 1927 1929 Β
1958 1835 2209 1903 quatuor
2232 1832 2511 1904 epistolas,
2546 1852 2692 1908 quas
2733 1837 2936 1894 eadem
2969 1839 3040 1895 de
3071 1856 3246 1896 causa
3277 1840 3481 1909 diebus
3516 1861 3608 1901 se-

188 1920 459 1988 divitum,
491 1926 706 1989 etc.,ac
731 1921 965 1991 denique
994 1937 1097 1994 pro
1117 1920 1305 1991 ipsius
1323 1921 1725 1977 Atrebatensis
1742 1922 1846 1977 Ec—

189 2010 381 2067 clesia:
412 2014 759 2082 paupertate
787 2012 845 2065 et
868 2010 1051 2066 nimia
1076 2010 1420 2066 vastatione.
1457 2010 1558 2065 Sed
1575 2010 1846 2066 beatissi-

188 2116 328 2156 mus
359 2116 515 2172 papa
543 2101 633 2170 (ut
652 2103 857 2155 auctor
882 2098 979 2154 ille
999 2099 1417 2171 prosequitur),
1438 2098 1590 2155 facta
1614 2099 1846 2155 absolu-

187 2191 370 2258 tione,
402 2195 466 2246 et
484 2191 622 2247 data
636 2189 1058 2256 benedictione,
1076 2190 1231 2246 sicut
1251 2206 1380 2246 mos
1403 2193 1492 2245 est
1520 2189 1847 2261 apostolicae

189 2280 374 2347 sedis,
407 2279 671 2351 suscepit
698 2295 836 2335 eum
868 2279 926 2334 in
957 2278 1156 2334 osculo
1190 2282 1415 2344 sancto,
1449 2282 1505 2335 et
1536 2278 1851 2351 ﬂoccipen-

189 2370 341 2425 dens
364 2369 497 2424 haec
518 2368 737 2435 omnia,
769 2366 915 2423 dixit
943 2368 995 2423 ei
1023 2385 1035 2423 :
1066 2372 1286 2434 Frater,
1317 2385 1434 2424 non
1474 2373 1615 2424 sunt
1646 2366 1849 2424 condi-

192 2474 318 2527 gnae
346 2457 659 2529 passiones
689 2456 869 2528 hujus
898 2458 1180 2530 temporis
1212 2459 1284 2513 ad
1314 2457 1572 2513 futuram
1601 2457 1850 2531 gloriam

190 2560 320 2619 qua
354 2545 712 2602 revelabitur
737 2546 797 2601 in
823 2546 1011 2615 nobis,
1048 2549 1105 2603 et
1146 2553 1352 2603 caetera
1378 2547 1555 2603 verba
1584 2545 1853 2603 consola-

190 2636 363 2703 torie,
411 2652 566 2708 qua,
616 2636 810 2707 inquit
854 2634 971 2701 ille,
1024 2636 1097 2691 ad
1130 2636 1369 2707 plenum
1411 2634 1703 2692 memoriae
1735 2651 1851 2691 non

193 2729 538 2782 occurrunt.
566 2746 590 2774 ι
617 2726 767 2781 Tum
783 2724 854 2779 ab
876 2741 941 2780 eo
974 2724 1309 2781 sciscitatus
1324 2726 1587 2798 pontifex
1607 2723 1703 2780 ubi
1726 2725 1853 2795 ejus

191 2819 392 2872 essent
410 2814 585 2881 socii,
610 2813 882 2870 Daiberto
900 2814 1112 2870 Pisano
1142 2814 1578 2888 archiepiscOpo
1607 2814 1854 2870 deman-

195 2904 376 2969 davit,
428 2906 504 2959 ut
533 2901 714 2958 simul
766 2919 896 2958 cum
936 2906 1107 2959 Petro
1141 2904 1353 2959 Leonis
1380 2918 1583 2959 curam
1614 2903 1856 2958 haberet

191 2988 497 3049 Lamberti
544 2992 734 3048 socios
771 2993 844 3048 ab
885 3009 947 3048 se
994 3009 1025 3048 e
1050 2994 1267 3065 porticu
1310 2991 1495 3048 Sancti
1546 2992 1719 3060 Petri,
1753 2991 1856 3047 ubi

189 3082 843 3147 remanserant,adduci
865 3082 925 3136 in
948 3086 1337 3154 praeparatum
1352 3080 1855 3153 bospitium,quod

192 3172 394 3227 statim
426 3171 656 3226 factum
689 3170 817 3225 fuit.
844 3173 927 3226 Ac
956 3170 1229 3243 deinceps
1258 3168 1858 3240 Lambertus,aliique

1958 1920 2274 1992 quentibus
2305 1922 2568 1995 pontifex
2595 1926 2667 1981 ad
2692 1926 3131 1986 archidiaconus
3152 1929 3419 1988 Ecclesiae
3440 1933 3608 1989 Atre-

1956 2009 2235 2078 batensis,
2256 2012 2327 2066 ad
2351 2012 2617 2083 ejusdem
2636 2015 2900 2073 dioecesis
2924 2017 3165 2075 abbatcs
3183 2024 3238 2075 et
3255 2021 3605 2092 abbatissae,

1956 2097 2028 2153 ad
2043 2096 2404 2172 Raynoldum
2419 2101 2923 2177 archiepiscopum
2935 2111 3289 2183 caeterosque
3303 2111 3610 2182 provinciae

1960 2187 2264 2243 Remensis
2295 2190 2607 2257 antistites,
2641 2209 2707 2248 ac
2724 2194 2961 2250 demum
2992 2201 3124 2268 post
3154 2197 3379 2271 aliquot
3397 2200 3521 2257 dies
3534 2202 3607 2258 ad

1959 2276 2278 2332 Robertum
2334 2278 2617 2336 Flandrim
2670 2282 2941 2339 comitem
2974 2286 3343 2358 conscripsit.
3389 2288 3610 2347 Exinde

1959 2365 2123 2420 stetit
2145 2367 2315 2423 sedes
2335 2367 2758 2437 Atrebatensis,
2782 2371 2950 2442 cujus
2979 2373 3369 2432 restitutionis
3385 2377 3609 2434 bullam

1959 2470 2095 2509 cum
2129 2455 2425 2512 Paschalis
2457 2462 2509 2512 II
2538 2457 2771 2533 litteris,
2798 2459 2856 2515 in
2889 2461 3104 2533 quibus
3136 2480 3197 2519 se
3226 2482 3259 2520 a
3286 2452 3484 2525 sanctae
3504 2484 3612 2523 me-

1958 2545 2157 2601 moriae
2187 2546 2632 2616 praedecessoris
2664 2548 2752 2604 sui
2787 2548 3003 2606 Urbani
3027 2568 3095 2607 ea
3126 2552 3197 2609 de
3228 2570 3289 2609 re
3320 2553 3610 2614 institutio

1961 2649 2265 2705 nunquam
2300 2648 2670 2692 recessurum
2689 2636 2808 2693 fore
2830 2643 3184 2711 protestatus
3206 2646 3314 2712 est,
3338 2646 3533 2702 Remis
3550 2647 3611 2703 in

1962 2721 2217 2778 Ecclesia
2254 2723 2435 2780 beata:
2485 2726 2677 2782 Mariae
2708 2730 3036 2785 conservari
3069 2728 3150 2786 ait
3179 2736 3382 2789 auctor
3409 2734 3610 2793 Gesto-

1964 2825 2092 2865 rum
2145 2811 2460 2879 Lamberti,
2520 2816 2582 2869 in
2610 2817 2877 2882 sacrario,
2933 2820 2990 2873 in
3048 2819 3238 2877 locello
3293 2839 3482 2896 aureo,
3514 2826 3615 2897 qui

1962 2898 2124 2970 vulgo
2143 2899 2350 2956 dicitur
2368 2902 2701 2973 Berceolum,
2719 2905 2803 2960 uti
2824 2906 3020 2964 videre
3042 2910 3293 2981 estapud
3309 2898 3611 2971 Baluzium

1963 2992 2122 3044 tomo
2154 2992 2203 3043 V
2233 2989 2736 3049 Miscellaneorum
2755 3011 2888 3069 pag.
2918 2997 3045 3064 275,
3078 2999 3177 3055 ubi
3206 3000 3295 3055 vir
3323 3002 3610 3073 eruditus,

1964 3081 2030 3132 ut
2053 3078 2176 3147 jam
2207 3079 2567 3149 monuimus,
2601 3081 2702 3138 illa
2735 3083 2909 3140 Gesta
2938 3102 3073 3141 cum
3098 3088 3506 3149 instrumentis
3536 3092 3611 3149 ad

1965 3183 2031 3223 ea
2061 3166 2488 3239 pertinentibus
2516 3170 2744 3244 integra
2770 3172 3053 3231 exhibuit.

192 3260 287 3355 qui
316 3276 466 3315 cum
502 3275 572 3316 eo
603 3260 955 3315 advenerant
983 3234 1236 3316 liberu-m
1269 3258 1520 3315 habuere
1550 3234 1621 3315 ad
1660 3234 1853 3332 ponti-
1884 3234 1928 3301 ί)
1966 3234 2260 3330 (Ix-LVIII,
2319 3275 2587 3355 υοιερδίε,
2639 3234 2695 3333 et
2740 3281 2942 3355 caeteri,
3005 3283 3245 3355 episcopi
3271 3286 3605 3355 Britanniae,

196 3349 363 3405 ﬁcem
393 3365 727 3405 accessum.

260 3438 692 3510 Exspectatum
718 3441 807 3494 est
835 3438 907 3493 ad
940 3436 1177 3510 aliquod
1208 3442 1464 3510 tempus,
1500 3436 1551 3493 si
1584 3437 1732 3493 forte
1752 3436 1858 3492 Ca-

192 3542 569 3583 meracenses
590 3526 931 3583 advenirent
949 3543 1189 3583 causam
1215 3543 1382 3584 suam
1405 3526 1730 3594 defensuri;
1755 3528 1854 3583 sed

190 3617 429 3673 tandem
465 3632 609 3671 cum
633 3615 985 3687 jamdudum
1017 3615 1306 3672 terminus
1338 3616 1609 3688 praeﬁxus
1630 3616 1700 3671 ad
1725 3632 1856 3671 cau-

192 3721 313 3760 sam
345 3705 669 3761 dicendam
702 3708 1032 3761 transactus
1062 3704 1287 3775 luisset,
1322 3705 1590 3762 Urbanus
1621 3709 1853 3777 accepto

186 3798 573 3866 episcoporum
622 3802 673 3850 et
709 3793 1083 3850 cardinalium
1120 3810 1347 3850 suorum
1389 3802 1441 3851 et
1485 3792 1851 3851 Romanorum

183 3884 471 3939 consilia.
495 3924 509 3937 .
580 3898 795 3939 omnem
850 3884 1107 3941 Ecclesiae
1171 3882 1535 3940 Atrebatensis
1584 3884 1853 3940 actionem

180 3976 306 4040 fecit
351 3973 608 4039 recitari,
650 3973 926 4045 diemque
977 3973 1184 4029 statuit
1227 3989 1342 4045 quo
1393 3973 1741 4029 Lambertus
1787 3972 1848 4028 in

182 4060 536 4133 episcopum
600 4061 1042 4118 Atrebatensem
1110 4061 1500 4118 ordinaretur.
1554 4063 1685 4117 Haec
1737 4061 1851 4116 fuit

182 4148 497 4205 Dominica
550 4150 1045 4223 Quadragesimaz,
1105 4166 1229 4224 qum
1285 4153 1418 4223 post
1485 4152 1846 4222 exspectatos

182 4238 404 4295 frustra
423 4256 535 4312 per
552 4238 849 4313 integrum
872 4256 1134 4296 mensem
1159 4238 1671 4295 Cameracensium
1694 4237 1846 4312 lega-

183 4332 288 4395 tos,
306 4332 376 4383 ut
394 4327 531 4401 ipse
551 4329 811 4402 pontifex
830 4329 891 4385 in
910 4328 1072 4384 bulla
1088 4345 1197 4385 sua
1218 4327 1550 4397 declaravit,
1575 4327 1842 4384 Lamber-

183 4419 275 4471 tus
302 4416 368 4471 in
391 4416 739 4490 episcopum
756 4419 1199 4475 Atrebatensem
1222 4418 1293 4473 ab
1316 4417 1442 4489 ipso
1462 4417 1696 4473 Urbano
1713 4431 1844 4474 con-

182 4509 447 4561 secratus
472 4508 585 4561 est.
610 4506 750 4578 Ejus
769 4506 1154 4563 ordinationis
1176 4505 1646 4562 circumstantias
1666 4506 1841 4562 refert

2446 3348 2721 3404 Turonum
2750 3348 3133 3408 restituuntur.

2035 3435 2155 3488 Hoc
2187 3433 2315 3506 ipso
2342 3439 2603 3508 tempore
2648 3454 2764 3510 quo
2797 3440 3131 3498 Lamberlus
3162 3442 3358 3500 Romae
3404 3462 3614 3506 conse-

1964 3526 2162 3578 cratus
2186 3528 2296 3590 est,
2346 3524 2634 3583 Radulfus
2681 3526 2980 3587 Turonum
3025 3516 3505 3609 archiepiscopus
3533 3535 3614 3593 ibi

1963 3610 2128 3666 litem
2147 3614 2906 3685 prosequebatur‘adversus
2925 3618 3231 3677 Dolensem
3250 3623 3612 3699 episcopum,

1964 3699 2088 3772 qui,
2119 3705 2185 3756 ut
2213 3719 2365 3758 anno
2395 3705 2681 3776 superiori
2706 3707 2985 3779 diximus,
3035 3712 3470 3785 metropolitani
3489 3715 3616 3772 Bri-

1960 3790 2174 3846 tenuia:
2207 3791 2451 3848 minoris
2472 3793 2710 3851 titulum
2734 3800 2789 3852 et
2801 3797 2943 3868 jura
2966 3815 3207 3856 suorum
3232 3800 3457 3875 aliquot
3473 3821 3616 3877 prae-

1961 3878 2337 3936 decessorum
2354 3881 2617 3953 exemplo
2636 3884 2947 3941 ambiebat.
2963 3886 3175 3943 Verum
3192 3904 3328 3947 cum
3350 3895 3614 3966 tempore

1959 3968 2226 4024 condicto
2254 3986 2360 4025 nec
2390 3970 2516 4042 ipse
2560 3971 2825 4029 Dolensis
2856 3974 3125 4044 antistes,
3159 3993 3265 4033 nec
3297 3979 3612 4055 quisquam

1958 4056 2110 4112 alius
2139 4074 2244 4128 pro
2280 4075 2345 4113 eo
2375 4060 2823 4131 comparuisset,
2856 4063 3215 4121 Turonensis
3250 4082 3384 4123 vero
3418 4068 3609 4125 archi-

1956 4144 2265 4218 episcopus
2290 4146 2566 4202 adversus
2599 4163 2733 4203 eum
2764 4149 2923 4206 varia
2943 4153 3390 4224 praecedentium
3422 4156 3611 4231 ponti-

1954 4233 2131 4289 ficum
2165 4251 2230 4289 ac
2252 4234 2428 4291 etiam
2453 4235 2832 4295 conciliorum
2857 4240 3196 4312 protulisset
3207 4243 3456 4315 decreta,
3477 4262 3611 4307 sena

1952 4321 2133 4379 tentia
2163 4324 2441 4380 adversus
2471 4325 2782 4383 Dolensem
2812 4330 3188 4400 pronuntiata
3216 4331 3346 4404 fuit,
3381 4336 3612 4392 restitu-

1950 4413 2127 4484 taque
2148 4415 2235 4468 est
2254 4414 2309 4468 in
2330 4428 2506 4469 suum
2535 4414 2851 4487 pristinum
2862 4417 2965 4489 jus
2988 4420 3290 4476 Turonum
3313 4426 3606 4498 metropo-

1950 4499 2044 4567 lis,
2075 4505 2298 4557 asserta
2345 4501 2397 4558 ei
2438 4500 2843 4574 jurisdiclione
2889 4506 2951 4562 in
2983 4507 3295 4567 Dolensem
3342 4510 3608 4587 aliasque

183 4593 297 4662 iam
324 4593 611 4650 laudatus
641 4599 845 4651 auctor
865 4595 1171 4652 Gestorum
1190 4592 1487 4649 Lamberti
1512 4592 1607 4649 his
1621 4593 1842 4650 verbis:
1874 4595 1923 4660 Β
1951 4589 2266 4648 Britanniis
2308 4591 2555 4648 minoris
2599 4592 2909 4652 Ecclesiae.
2965 4596 3083 4654 Hoc
3113 4599 3413 4658 decretum
3443 4601 3609 4662 bulla

176 4681 292 4751 Ille,
330 4683 701 4752 lambertus,
732 4683 962 4756 inquit:
1011 4684 1229 4740 tandem
1253 4684 1591 4755 requiescens
1621 4682 1843 4739 ordina-

179 4774 267 4825 tur
319 4774 511 4850 Romae
556 4773 704 4845 apud
751 4773 1007 4829 Sanctam
1042 4772 1511 4829 Mariam-Novam
1555 4788 1592 4827 a
1645 4770 1840 4828 domno

178 4862 475 4932 apostolico
511 4862 723 4919 Urbano
777 4879 924 4919 anno
972 4863 1066 4919 Dei
1111 4860 1318 4917 Christi
1362 4860 1522 4930 1093,
1556 4860 1694 4917 anni
1727 4859 1838 4916 ini-

175 4948 336 5004 tium
366 4965 401 5004 a
423 4950 707 5007 Paschate
738 4952 966 5024 repetit,
998 4968 1135 5008 nam
1155 4954 1213 5006 et
1244 4950 1608 5006 characteres
1633 4964 1838 5008 omnes

177 5037 573 5113 οῦτοθοὶοεὶθί
606 5040 679 5097 ab
710 5057 777 5097 eo
801 5039 1031 5113 prolati,
1066 5040 1221 5113 quod
1263 5041 1320 5095 et
1350 5039 1478 5111 ipsa
1507 5055 1703 5094 rerum
1740 5056 1837 5096 se-

178 5127 297 5183 ries
326 5129 659 5186 neaessario
690 5116 891 5202 exi-git,
940 5145 1160 5185 annum
1194 5127 1331 5183 1094
1363 5127 1695 5200 designant,
1739 5145 1837 5183 xxv

180 5215 452 5272 Kalendas
479 5217 709 5290 Aprilis,
743 5236 863 5292 quae
888 5223 1015 5274 tunc
1040 5218 1326 5272 Domim'ca
1355 5216 1575 5273 Laetare
1598 5220 1833 5273 Jerusa-

178 5304 292 5360 lem
305 5294 798 5378 habebdurﬁdest
811 5314 1016 5380 quarla
1026 5305 1332 5362 Dominica
1343 5306 1427 5371 Qu
1434 5305 1834 5381 adragesimaa,

178 5395 271 5449 die
296 5410 439 5451 vero
474 5397 543 5452 19
567 5397 789 5453 mensis
821 5395 1036 5465 Martii,
1078 5397 1179 5451 sub
1207 5394 1518 5451 testimonio
1545 5396 1834 5452 venerabi-

176 5484 317 5538 lium
365 5486 743 5557 episcoporum
787 5486 1015 5543 Joannis
1046 5484 1356 5549 Tusculani,
1390 5484 1684 5539 Humbaldi
1729 5484 1831 5540 Sa-

175 5572 442 5644 binensis,
491 5577 719 5632 Joannis
794 5577 1130 5645 Parmensis,
1192 5574 1467 5629 Brunonis
1524 5574 1828 5644 Signensis,

172 5661 369 5720 domno
396 5678 621 5737 quoque
664 5667 914 5724 Dniberti
959 5665 1289 5721 Pisanorum
1332 5661 1747 5735 archiepiscopi,
1779 5667 1832 5719 et

1954 4696 2063 4735 sua
2091 4677 2346 4735 ﬁrmavit
2390 4679 2682 4749 Urbanus,
2728 4684 2788 4739 in
2821 4701 2938 4758 qua
2984 4689 3167 4744 totam
3200 4691 3605 4750 controversia:

1950 4767 2163 4825 seriem
2212 4767 2429 4835 retulit,
2463 4785 2590 4845 quae
2639 4770 2819 4829 Nonis
2843 4774 3059 4847 Aprilis
3086 4776 3267 4850 hujus
3299 4780 3437 4836 anni
3470 4782 3607 4837 data

1948 4874 2055 4915 suo
2072 4856 2274 4914 ordine
2296 4874 2353 4913 re
2362 4857 2597 4926 feretur,
2611 4876 2747 4917 cum
2769 4862 3034 4935 ejusdem
3048 4867 3342 4943 pontiﬁcis
3359 4868 3604 4941 epistola

1946 4946 2019 5003 ad
2054 4945 2357 5001 universos
2388 4944 2700 5004 Britannia:
2732 4949 2976 5009 minoris
3005 4955 3330 5028 episcopos,
3367 4972 3483 5027 qua
3503 4972 3603 5013 eos

1945 5038 2143 5091 monet
2173 5033 2337 5090 litem
2368 5034 2519 5091 hanc
2570 5038 2810 5096 tandem
2854 5041 3083 5097 ﬁnitam
3116 5059 3244 5098 esse
3275 5044 3601 5103 secundum

1944 5126 2347 5180 Turonensem
2361 5123 2867 5200 archiepiscopum
2892 5149 2905 5198 ;
2928 5131 3192 5202 adeoque
3209 5129 3326 5188 illis
3340 5134 3602 5208 praecipit

1948 5219 2014 5270 ut
2046 5213 2161 5285 ipsi
2187 5216 2472 5284 tanquam
2506 5230 2638 5271 vero
2666 5222 2722 5273 et
2746 5219 2980 5290 proprio
3014 5236 3120 5276 suo
3152 5222 3601 5296 metropolitano

1944 5302 2240 5360 obediant.
2256 5305 2375 5358 Hoc
2389 5306 2587 5360 autem
2606 5304 2822 5362 Urbani
2845 5307 3139 5364 decretum
3160 5309 3241 5366 ita
3253 5310 3502 5373 invaluit
3514 5318 3597 5384 ut,

1941 5390 3601 5473 subsequentibustemporibus,quoliescunquerecruduit

1940 5480 2060 5536 hinc
2112 5480 2526 5548 controversia,
2552 5485 2706 5553 quod
2746 5498 2863 5539 non
2878 5485 3339 5564 semelcontigit,
3366 5492 3596 5551 adillud

1941 5568 2162 5627 recurri
2180 5569 2389 5625 debere
2410 5568 2717 5641 pontiﬁces
2750 5587 2981 5645 semper
2997 5579 3347 5648 censuerint,
3380 5586 3446 5637 ut
3465 5587 3599 5655 post

1941 5658 2087 5718 alios
2102 5658 2226 5731 ipse
2246 5658 2624 5717 Innocentius
2655 5661 2736 5718 III
2768 5661 2923 5736 fecit,
2959 5665 3059 5737 qui
3086 5666 3334 5727 solemni
3356 5672 3593 5728 tandem
3652 5664 3653 5667 “
