4000 6178
342 302 469 373 H3

1642 298 1719 368 Β.
1762 296 2063 370 URBANI
2103 298 2161 370 ῙῙ
2198 294 2458 369 ΡΑΡΛΕ.

3632 298 3754 367 134

342 438 634 503 sententia
662 437 941 502 Dolenses
972 439 1276 517 episcopos
1306 440 1379 499 ab
1407 438 1568 498 omni
1600 455 1702 513 spe
1743 454 1982 513 recupe-
2012 442 2069 511 Α
2102 441 2312 498 derans
2344 436 2616 515 supplere
2657 433 2940 514 inopiam,
2992 438 3145 513 quod
3185 440 3244 496 et
3274 436 3373 496 Dei
3401 436 3588 510 gratia
3615 438 3746 495 feci.
3778 473 3782 478 -

340 533 536 592 randae
567 549 831 607 unquam
872 530 1260 606 metropolicaa
1290 527 1593 605 dignitatis
1621 546 1863 605 prorsus
1893 547 1987 587 re-

340 622 541 680 movit.
566 627 743 680 Porro
771 622 1141 695 actaintegra
1163 614 1410 677 celebris
1430 619 1610 693 hujus
1630 636 1818 677 causae
1851 637 1986 677 cum

337 712 514 768 variis
542 711 803 786 epistolis
829 714 887 766 et
909 710 1038 766 aliis
1060 708 1318 781 antiquis
1349 709 1745 765 monumentis
1766 725 1892 782 qua:
1914 711 1986 766 ad

338 799 491 858 hanc
516 800 978 869 controversiam
1012 797 1283 865 attinent,
1308 797 1493 854 edidit
1509 803 1707 855 noster
1738 799 1989 855 Edmun-

337 892 450 949 dus
478 891 735 947 Martene
748 889 805 943 in
824 904 972 943 nova
992 886 1598 944 collectioneveterum
1611 887 1985 961 scriptorum,

337 998 466 1054 qua:
515 996 670 1035 anno
721 978 865 1033 1090
915 975 1071 1033 edita
1103 980 1193 1033 est
1243 976 1610 1048 Rothomagi.
1655 980 1726 1033 At
1747 994 1853 1034 nec
1883 978 1984 1045 ibi,

335 1085 442 1126 nec
472 1066 617 1123 alias
644 1080 894 1137 usquam
925 1064 1176 1137 reperire
1206 1063 1391 1131 licuit,
1428 1065 1647 1122 Urbani
1678 1066 1985 1139 epistolam

333 1172 512 1229 quam
542 1155 916 1211 Turonenses
944 1153 1001 1209 in
1034 1154 1514 1226 responsionibus
1545 1157 1617 1211 ad
1650 1155 1988 1212 Dolensium

330 1245 560 1317 objecta
588 1243 671 1299 ibi
701 1242 947 1300 laudant
966 1258 1099 1315 pag.
1137 1243 1262 1310 148,
1294 1242 1354 1299 in
1388 1261 1506 1316 qua
1535 1244 1791 1317 pontifex
1815 1249 1989 1301 testa-

330 1337 428 1389 tur
458 1333 870 1389 Britannorum
922 1331 1208 1388 leritatem
1242 1336 1298 1388 et
1333 1333 1715 1405 pertinaciam
1761 1338 1986 1390 tantam

329 1422 533 1492 fuisse,
565 1427 628 1476 ut
659 1438 775 1478 non
809 1419 1002 1477 solum
1028 1419 1148 1476 ulla
1171 1421 1768 1479 excommunicatione
1789 1423 1861 1478 ad
1881 1424 1989 1478 Tu-

330 1506 598 1569 ronensis
628 1509 897 1566 Ecclesia:
941 1510 1338 1566 obedientiam
1377 1511 1631 1567 revocari
1673 1512 1984 1584 potuerint,

330 1600 434 1657 sed
463 1600 639 1656 etiam
654 1617 752 1656 eos
765 1599 1140 1657 Christianam
1151 1600 1314 1671 fidem
1342 1616 1400 1656 se
1427 1599 1732 1657 deserturos
1746 1599 1983 1673 dixisse,

331 1688 383 1746 si
414 1688 487 1746 ad
518 1688 579 1743 id
609 1687 817 1760 quovis
841 1688 1016 1745 modo
1043 1688 1434 1761 adigerentur.

493 1787 734 1844 CXLIX.
768 1786 1088 1842 Lambertus
1125 1787 1368 1843 Atrebati
1397 1788 1824 1845 inthrmimtur.

401 1875 500 1934 His
532 1875 613 1932 ita
660 1878 854 1931 Romae
904 1874 1177 1948 peractis,
1225 1874 1513 1932 Radulfus
1543 1876 1902 1934 Turonensis
1931 1880 1990 1934 et

328 1966 673 2024 Lambertus
703 1963 1106 2021 Atrebatensis
1134 1965 1391 2037 episcopi
1432 1964 1609 2021 simul
1641 1965 1701 2021 in
1733 1964 1985 2022 Galliam

328 2055 606 2129 repedare
651 2053 1107 2111 constituerunt.
1154 2053 1341 2110 Roma
1368 2053 1610 2127 egressi,
1659 2056 1805 2126 feria
1830 2060 1987 2111 sexta

326 2145 394 2202 de
423 2144 708 2219 Dominica
737 2142 1061 2213 Quasimodo
1090 2143 1284 2214 geniti,
1311 2142 1369 2197 id
1401 2146 1491 2199 est
1535 2142 1627 2200 die
1648 2146 1709 2198 2t
1746 2143 1982 2216 Aprilis,

325 2234 473 2307 apud
506 2234 713 2290 Ostiam
747 2247 903 2288 mare
949 2233 1255 2288 intrarunt.
1310 2230 1411 2287 Die
1440 2248 1572 2288 vero
1616 2232 1744 2304 ipso
1773 2235 1984 2289 Pente-

327 2326 519 2379 costes
548 2320 895 2377 Lambertus
943 2319 1287 2376 Atrebatum
1321 2336 1589 2376 reversus
1635 2324 1764 2378 ante
1793 2322 1986 2378 horam

324 2413 549 2469 tertiam
599 2414 659 2467 in
702 2409 1015 2484 pontiﬁcali
1050 2408 1196 2481 sede,
1240 2425 1475 2466 summo
1524 2410 1707 2466 totius
1755 2409 1896 2466 cleri
1926 2417 1986 2468 et

324 2498 525 2575 populi
557 2516 847 2556 consensu
880 2502 937 2555 et
959 2495 1270 2572 applausu,
1304 2498 1704 2556 inthronizatus
1728 2500 1856 2571 fuit.

397 2603 500 2654 CL.
537 2597 778 2671 Goffridi
807 2596 1509 2671 Vindocinensisgexpcnsie
1534 2613 1638 2669 pro
1668 2599 1915 2655 Romana

737 2669 997 2725 Ecclesia.
1036 2668 1243 2725 Urbani
1271 2668 1574 2740 angustiae.

395 2758 614 2814 Verum
644 2757 990 2831 priusquam
1009 2756 1255 2812 Romam
1275 2754 1662 2825 dimittamus,
1687 2757 1982 2830 agendum

324 2852 416 2906 est
445 2848 517 2904 de
563 2845 817 2903 Goﬂ‘rido
849 2844 1059 2901 abbate
1107 2844 1548 2914 Vindooinensi,
1582 2845 1682 2918 qui
1712 2845 1884 2903 etiam
1917 2864 1986 2902 ea

323 2940 674 3010 tempestate
712 2935 772 2991 in
821 2933 972 2991 Urbe
1002 2934 1362 3002 morabatur,
1407 2951 1519 3006 quo
1576 2935 1650 2991 ad
1683 2935 1981 3008 suppetias

2016 1816 2066 1883 B

2097 530 2245 588 Mala
2287 547 2416 605 qua:
2462 530 2522 586 in
2570 527 2778 587 itinere
2832 536 2887 587 et
2932 528 2993 585 in
3050 529 3279 585 civitate
3330 544 3540 602 passus
3591 545 3747 597 sum,

2096 624 2433 677 nostrorum
2463 636 2567 692 per
2598 619 2824 688 omnia,
2851 635 2924 675 ne
2955 634 3289 693 agnoscere,
3323 618 3517 676 factus
3548 618 3745 676 tamu-

2094 709 2189 766 lus
2220 709 2596 775 famulorum,
2636 708 2881 782 longum
2929 712 3020 765 est
3047 724 3335 765 enarrare.
3368 707 3546 774 Quasi
3599 707 3749 765 alter

2096 798 2449 857 Nicodemus
2477 799 2549 854 ad
2571 798 2876 854 dominum
2898 814 3110 871 papam
3141 797 3200 853 in
3218 797 3459 854 domum
3485 796 3749 869 praedicti

2095 888 2344 945 Joannis
2372 891 2542 944 nocte
2570 888 2722 957 veni,
2744 887 2845 944 ubi
2876 904 3010 944 eum
3042 903 3189 960 pene
3219 886 3493 943 omnibus
3520 889 3749 958 tempo-

2096 977 2318 1034 ralibus
2351 975 2518 1034 bonis
2540 978 2850 1045 nudatum,
2883 980 2940 1033 et
2958 975 3147 1033 alieno
3178 992 3288 1032 aere
3308 974 3483 1031 nimis
3508 991 3749 1048 oppres-

2097 1083 2231 1123 sum
2248 1064 2462 1122 inveni.
2478 1066 2568 1122 Ibi
2588 1082 2691 1139 per
2715 1064 3235 1140 Quadragesimam
3262 1064 3452 1121 mansi
3471 1080 3605 1120 cum
3618 1063 3715 1119 illo
3734 1082 3748 1132 ;

2096 1158 2173 1223 et,
2209 1155 2259 1211 si
2305 1155 2394 1211 fas
2450 1159 2538 1211 est
2587 1154 2844 1229 proﬁteri
2897 1153 3220 1219 veritatem,
3268 1154 3397 1226 ejus
3441 1169 3637 1217 onera,
3688 1152 3747 1208 in

2098 1248 2386 1317 quantum
2432 1244 2617 1316 potui,
2677 1244 2983 1301 cbaritatis
3053 1242 3319 1299 humeris
3389 1242 3749 1315 supportari.

2097 1333 2440 1400 Quindecim
2487 1348 2620 1388 vero
2660 1332 2870 1388 diebus
2914 1336 3047 1388 ante
3099 1332 3324 1389 Pascha
3375 1330 3747 1399 Ferruchius,

2099 1439 2270 1496 quem
2304 1421 2715 1478 Lateranensis
2744 1421 2944 1494 palatii
2976 1422 3278 1478 custodem
3304 1420 3644 1477 Guitbertus
3667 1421 3750 1478 fe-

2097 1516 2385 1584 cerat,per
2402 1510 3041 1567 internuntioslocutus
3053 1515 3144 1567 est
3166 1527 3300 1568 cum
3318 1510 3555 1566 domino
3576 1526 3749 1583 papa,

2101 1617 2390 1674 quaerens
2426 1600 2497 1657 ab
2543 1617 2610 1657 eo
2667 1600 3004 1673 pecuniam,
3054 1605 3113 1656 et
3168 1601 3292 1672 ipse
3348 1600 3611 1656 redderet
3666 1599 3753 1656 illi

2096 1690 2309 1748 turrim
2339 1694 2397 1746 et
2436 1690 2678 1746 domum
2711 1688 2896 1745 illam.
2930 1688 3095 1746 Unde
3124 1689 3403 1745 dominus
3432 1705 3586 1762 papa
3613 1704 3751 1746 cum

2098 1780 2389 1853 episcopis
2418 1782 2477 1835 et
2512 1777 2915 1835 cardinalibus
2942 1777 3045 1851 qui
3075 1794 3273 1834 secum
3305 1785 3470 1835 erant
3496 1776 3749 1844 locutus,

2097 1870 2170 1926 ab
2195 1868 2343 1942 ipsis
2355 1868 2665 1941 pecuniam
2684 1867 2952 1940 quaesivit
2969 1885 2981 1935 ;
3006 1868 3109 1926 sed
3123 1867 3421 1924 modicum
3434 1866 3577 1940 quid
3593 1869 3751 1941 apud

2096 1960 2275 2031 ipsos,
2327 1959 2609 2032 quoniam
2660 1956 3063 2030 persecutione
3093 1961 3150 2013 et
3198 1960 3542 2031 paupertate
3573 1956 3754 2014 simul

2094 2048 2536 2121 premebantur,
2557 2046 2818 2102 invenire
2846 2046 3056 2120 potuit.
3085 2048 3267 2114 Quem
3297 2062 3434 2119 ergo
3463 2062 3599 2102 cum
3632 2063 3749 2103 non

2094 2137 2286 2194 solum
2324 2136 2574 2206 tristem,
2616 2151 2821 2193 verum
2877 2136 3055 2192 etiam
3088 2153 3202 2208 pra:
3251 2134 3436 2192 nimia
3480 2134 3753 2209 angustia

2093 2226 2515 2299 lacrymantem
2547 2223 3005 2296 conspexissem,
3067 2225 3213 2297 coepi
3242 2229 3299 2281 et
3343 2224 3473 2297 ipse
3503 2223 3664 2290 ﬂere,
3694 2227 3755 2280 et

2095 2315 2242 2371 ﬂens
2271 2315 2487 2370 accessi
2518 2314 2590 2369 ad
2619 2330 2754 2369 eum
2786 2313 3009 2382 dicens,
3043 2316 3110 2369 ut
3135 2330 3338 2371 secure
3378 2329 3512 2370 cum
3542 2313 3751 2369 Ferru-

2096 2404 2227 2460 chio
2257 2403 2431 2460 iniret
2461 2406 2719 2477 pactum.
2774 2401 2858 2459 lbi
2889 2418 3101 2459 aurum
3127 2406 3186 2458 et
3214 2406 3544 2475 argentum,
3576 2419 3751 2458 num-

2093 2510 2242 2562 mos,
2276 2492 2469 2549 mulas
2495 2496 2557 2549 et
2604 2508 2787 2565 equos
2836 2491 3080 2564 expendi
3108 2517 3122 2561 ;
3169 2495 3227 2548 et
3254 2490 3338 2548 sic
3367 2491 3753 2548 Lateranense

2098 2581 2422 2639 habuimus
2451 2585 2507 2638 et
2532 2580 2880 2638 intravimus
2910 2579 3216 2653 palatium,
3258 2580 3358 2637 ubi
3389 2596 3493 2653 ego
3526 2580 3753 2653 primus

2094 2669 2397 2728 osculatus
2428 2686 2557 2728 sum
2589 2670 2812 2727 domini
2840 2686 3004 2744 papas
3035 2670 3265 2744 pedem,
3296 2670 3356 2725 in
3390 2670 3528 2726 sede
3551 2667 3753 2726 videli-

2092 2765 2182 2818 cet
2212 2756 2545 2834 apostolica,
2594 2759 2659 2818 in
2694 2777 2810 2831 qua
2849 2759 3021 2833 longe
3067 2763 3205 2816 ante
3250 2758 3576 2818 catholicus
3633 2775 3748 2816 non

2095 2851 2333 2907 sederat
2389 2866 2562 2923 papa.
2613 2869 2642 2903 ι
2707 2848 2966 2922 Epistola
3021 2848 3290 2919 sequenti
3347 2849 3421 2904 ad
3480 2849 3754 2906 eumdem

2094 2938 2438 2996 Paschalem
2485 2937 2724 3012 scripta,
2776 2937 2889 2995 sibi
2938 2937 3049 3011 ipsi
3080 2936 3412 3011 gratulatur
3452 2938 3607 3010 quod
3629 2942 3753 3010 post

324 3025 586 3101 pontifici
619 3024 870 3081 summis
899 3023 960 3079 in
984 3021 1274 3097 angustiis
1301 3023 1616 3080 constituto
1637 3025 1981 3082 deferendas
2084 3045 2291 3101 papam
2344 3028 2637 3095 Urbanum,
2687 3035 2738 3083 et
2802 3028 3153 3099 pracipuum
3217 3030 3426 3084 sanctae
3492 3027 3752 3085 Romanae

325 3120 461 3173 ante
492 3114 717 3188 aliquot
743 3117 979 3186 tempus
1003 3113 1337 3169 advenerat.
1361 3116 1418 3168 Is
1449 3130 1602 3169 anno
1631 3114 1981 3187 praecedenti
2024 3185 2053 3189 ᾗ
2089 3118 2324 3174 ecclesiae
2370 3117 2554 3189 ﬁlium
2599 3116 3047 3172 Petrum-Leonis
3113 3113 3412 3172 Guitberto
3464 3114 3752 3170 abstulerit

325 3222 403 3262 xu
434 3185 1121 3275 KalendasSeptembri,
1154 3205 1221 3257 ut
1267 3200 1447 3257 habet
1484 3185 1807 3260 Chronicon
1839 3203 1982 3259 Vin-
2011 3185 2055 3253 (ἶ
2095 3185 2459 3263 Lateranense
2488 3206 2767 3278 palatium
2795 3204 3059 3277 pecuniae
3087 3202 3310 3260 scilicet
3330 3202 3550 3276 ingenti
3583 3218 3747 3259 sum-

325 3292 640 3352 docinense
690 3291 839 3348 alias
887 3290 1313 3363 Andegavense
1376 3308 1411 3347 a
1456 3291 1686 3349 Labbeo
1735 3292 1984 3361 editum,

323 3381 635 3440 Vindocini
685 3378 868 3438 abbas
937 3379 1009 3437 ab
1073 3384 1246 3437 Ivone
1314 3379 1655 3437 Carnotensi
1714 3382 1987 3456 episcopo

323 3472 654 3540 ordinatus,
688 3469 887 3527 audito
906 3470 1062 3542 quod
1075 3469 1347 3526 Urbanus
1360 3469 1421 3525 in
1449 3486 1686 3526 summa
1705 3487 1989 3543 pressura

324 3564 500 3629 esset,
536 3575 705 3633 opem
735 3558 789 3614 ei
818 3558 1078 3615 conferre
1109 3557 1333 3614 statuit.
1367 3558 1556 3623 Quare
1581 3558 1828 3616 Romam
1860 3563 1987 3615 sta-

324 3650 433 3708 tim
464 3648 781 3722 profectus,
835 3650 1124 3719 quantum
1166 3647 1247 3703 ibi
1295 3646 1558 3720 pontifici
1599 3646 1883 3720 profuerit
1921 3664 1989 3706 ex

325 3737 517 3813 ipsius
548 3735 797 3810 epistola
826 3738 860 3792 8
890 3736 1023 3793 libri
1056 3754 1075 3793 1
1118 3737 1189 3793 ad
1220 3735 1565 3792 Paschalem
1604 3735 1823 3793 Urbani
1852 3755 1984 3796 suc-

326 3830 617 3886 cessorem
647 3825 868 3899 scripta
889 3825 1236 3882 discendum
1267 3828 1374 3881 est.
1408 3828 1474 3880 In
1504 3841 1573 3880 ea
1593 3829 1906 3898 postquam
1925 3844 1988 3884 se

320 3918 615 3992 proprium
669 3919 723 3974 et
767 3916 1081 3988 specialem,
1143 3930 1255 3969 non
1321 3912 1639 3986 adoptivum
1693 3916 1984 3988 pontiﬁcis

325 4008 527 4079 ﬁlium,
560 4021 627 4063 ac
659 4003 1085 4062 monasterium
1120 4018 1294 4059 suum
1326 4002 1473 4080 beati
1499 4004 1653 4058 Petri
1691 4007 1986 4076 proprium

325 4096 577 4154 clodium
632 4102 684 4152 et
724 4093 1137 4167 patrimonium
1191 4107 1259 4147 ex
1306 4091 1670 4164 laudatorum
1718 4093 1983 4166 ipsorum

323 4183 624 4242 voluntate
672 4198 802 4238 esse
849 4179 1256 4252 praemisisset,
1296 4180 1601 4254 subjungit
1632 4197 1696 4238 se
1727 4180 1989 4238 tredecim

324 4274 510 4330 millia
536 4271 839 4327 solidorum
882 4271 1135 4333 monetae,
1169 4267 1363 4341 inquit
1391 4272 1597 4327 nostra
1635 4271 1696 4325 in
1726 4272 1987 4328 Romana

326 4362 585 4418 Ecclesiae
612 4360 919 4424 servitium,
945 4360 1062 4414 sola
1111 4356 1417 4427 dilectione,
1451 4375 1562 4415 non
1592 4359 1711 4414 ulla
1742 4360 1987 4432 qualibet

327 4448 643 4525 necessitate
670 4446 1011 4517 compulsum
1029 4444 1396 4518 expendisse.
1423 4448 1631 4502 Postea
1650 4450 1831 4502 totam
1859 4463 1984 4506 rem

2097 3312 2212 3364 ma,
2241 3312 2419 3368 quam
2444 3310 2574 3351 eam
2596 3295 2654 3350 in
2686 3310 2808 3351 rem
2839 3293 3212 3367 expenderet.
3235 3292 3450 3349 Eadem
3473 3308 3748 3365 compen-

2098 3383 2301 3441 diosus
2313 3382 2535 3457 passim
2549 3382 2761 3455 repetit
2780 3381 3094 3449 Gotl‘ridus,
3111 3381 3491 3454 potissimum
3506 3378 3754 3453 epistola

2094 3473 2187 3540 l3,
2261 3472 2527 3545 ejusdem
2575 3470 2713 3527 libri
2766 3471 2836 3527 ad
2886 3469 3174 3527 Calixtum
3220 3485 3456 3541 papam,
3513 3467 3612 3523 ubi
3671 3467 3744 3525 de

2096 3561 2383 3635 impensis
2436 3578 2472 3617 a
2520 3576 2582 3617 se
2611 3560 2671 3615 in
2720 3559 3052 3617 Romanum
3102 3557 3437 3629 pontificem
3495 3555 3750 3613 servitiis

2095 3651 2307 3708 iterum
2357 3650 2625 3723 loquens,
2673 3647 2752 3703 ait
2802 3663 2865 3705 se
2904 3647 3198 3719 plusquam
3241 3643 3525 3701 duodecim
3565 3644 3752 3701 millia

2092 3740 2391 3796 solidorum
2416 3754 2485 3794 ex
2524 3734 2830 3792 occasione
2860 3733 3322 3806 consumpsisse,
3346 3750 3473 3805 quea
3494 3748 3748 3803 summa,

2093 3845 2161 3886 eo
2191 3829 2318 3885 ioso
2346 3830 2513 3892 teste,
2544 3828 2767 3881 centum
2792 3840 3010 3881 marcus
3041 3824 3259 3895 argenti
3289 3821 3536 3878 valebat.

2411 3914 2548 3970 CLI.
2592 3914 2971 3987 Privilegium
3017 3913 3420 3972 Vindocinense.

2165 4003 2344 4061 Paulo
2405 4007 2726 4075 antequam
2779 4002 3050 4060 Urbanus
3097 4005 3458 4059 Lateranum
3508 3999 3752 4057 Goﬂ‘ridi

2093 4109 2201 4166 ope
2230 4078 2616 4166 recupel'aret,
2650 4107 2863 4165 nempe
2893 4092 3082 4165 pridie
3108 4091 3249 4148 Idus
3279 4088 3491 4159 Martii,
3524 4089 3753 4161 insigne

2092 4179 2461 4255 privilegium
2478 4180 2772 4237 concessit
2792 4178 3213 4237 Vindocinensi
3235 4177 3611 4247 monasterio,
3634 4194 3753 4251 quo

2092 4270 2258 4343 ejusj
2268 4266 2372 4325 ura
2386 4274 2441 4326 et
2459 4269 2865 4342 possessiones
2876 4273 3243 4327 asseruntur.
3261 4267 3325 4324 Id
3341 4267 3756 4324 confirmatum

2093 4363 2299 4433 postea
2328 4358 2442 4415 fuit
2489 4359 2548 4414 in
2579 4358 2829 4415 concilio
2860 4358 3345 4428 Claromontensi,
3376 4356 3463 4413 uti
3493 4372 3601 4413 suo
3630 4354 3755 4413 loco

2094 4449 2391 4515 dicemus,
2425 4449 2582 4521 quod
2612 4448 2906 4522 integrum
2923 4464 2993 4504 ex
3020 4446 3253 4504 archivo
3274 4446 3539 4518 ejusdem
3560 4462 3761 4502 mona-

329 4535 693 4593 enucleatius
731 4534 990 4608 exponit,
1020 4535 1192 4607 cujus
1230 4535 1373 4592 adeo
1405 4534 1535 4607 ipsa
1561 4535 1739 4592 verba
1768 4536 2061 4623 referren
2093 4536 2285 4610 sterii,
2313 4537 2467 4594 inter
2519 4536 2731 4593 urbani
2760 4536 3037 4610 epislolas
3068 4536 3324 4593 dabitur.
3358 4535 3482 4591 Huc
3521 4550 3755 4623 quoque

330 4641 520 4699 operae
535 4624 786 4699 pretium
812 4628 920 4693 est,
942 4625 1100 4697 quod
1122 4623 1340 4680 Urbani
1356 4627 1413 4679 et
1424 4623 1693 4681 Ecclesiae
1709 4625 1983 4684 Romane

329 4730 400 4772 ea
427 4718 773 4788 tempestate
803 4717 1022 4772 statum
1054 4712 1283 4787 egregie
1312 4716 1744 4785 repraesentant.
1783 4736 1805 4764 α
1834 4717 1989 4774 Inter

329 4808 554 4873 cetera,
584 4803 799 4878 inquit,
835 4820 960 4876 qua:
992 4819 1124 4859 mea
1157 4800 1465 4859 humilitas
1493 4801 1687 4858 Roma;
1717 4803 1983 4862 Ecclesia:

329 4893 391 4950 in
420 4911 531 4951 sua
560 4893 909 4951 necessitate
937 4892 1078 4950 fecit
1122 4891 1377 4958 servilia,
1422 4907 1630 4962 unum,
1665 4893 1805 4966 quia
1833 4893 1985 4952 cele-

330 4983 656 5045 berrimum
698 4983 828 5051 fuit,
872 4998 978 5038 nec
1024 4996 1290 5053 possum,
1341 4996 1450 5037 nec
1491 4980 1673 5039 debeo
1719 4981 1984 5041 silere....

333 5071 590 5129 «Primo
615 5089 789 5141 anno,
841 5086 980 5144 quo,
1029 5070 1143 5125 Deo
1187 5066 1417 5125 volente
1464 5069 1552 5144 vel
1585 5070 1980 5144 permittente,

332 5177 546 5218 nomen
593 5160 826 5218 abbatis
876 5158 1128 5230 suscepi,
1179 5157 1374 5215 audivi
1418 5158 1525 5231 pia:
1566 5161 1984 5218 recordationis

330 5249 638 5307 dominum
670 5263 882 5320 papam
916 5245 1216 5302 Urbanum
1246 5247 1304 5301 in
1321 5247 1494 5302 domo
1523 5248 1767 5304 Joannis
1799 5249 1987 5305 Frica—

332 5354 545 5410 panem
575 5336 825 5406 latitare,
871 5338 928 5392 et
964 5338 1166 5392 contra
1213 5334 1664 5392 Guitbertissam
1710 5335 1983 5394 haeresim

330 5424 574 5480 viriliter
602 5422 886 5481 laborare.
929 5424 1085 5482 Licet
1122 5423 1286 5481 locus
1327 5426 1527 5479 noster
1554 5440 1780 5497 pauper
1808 5431 1982 5497 esset,

335 5513 582 5570 Romam
602 5516 799 5570 tamen
818 5512 1135 5586 veni,illius
1153 5512 1626 5588 persecutionum
1641 5518 1698 5570 et
1716 5513 1985 5574 laborum

333 5600 531 5660 volens
552 5602 843 5678 particeps
870 5605 1016 5676 ﬁeri,
1052 5607 1108 5661 et
1129 5619 1299 5663 suam
1332 5619 1433 5677 pro
1464 5618 1636 5678 posse
1668 5619 1798 5661 meo
1829 5606 1981 5668 desi-

2094 4625 2354 4684 revocari
2402 4625 2621 4682 debent
2667 4625 2797 4681 duae
2827 4624 3093 4697 ejusdem
3133 4623 3429 4698 pontiﬁcis
3471 4620 3753 4696 epistolae,

2095 4733 2227 4789 qua:
2310 4716 2499 4772 Rom
2554 4714 2702 4771 datae
2760 4713 3038 4770 dicuntur
3083 4717 3120 4770 2
3182 4712 3453 4770 Kalendas
3515 4711 3751 4781 Aprilis.

2093 4806 2355 4862 Primam
2386 4802 2627 4877 scripsit
2676 4802 2939 4876 pontifex
2967 4801 3261 4863 Willelmo
3299 4799 3755 4860 Pictaviensium

2093 4894 2317 4964 comiti,
2342 4896 2407 4949 ut
2436 4891 2606 4950 illum
2640 4893 2713 4949 ad
2754 4892 3177 4951 restituendam
3210 4888 3753 4949 Vindocinensibus

2093 4982 2401 5042 monachis
2432 4981 2738 5039 ecclesiam
2759 4982 2955 5038 Sancti
2983 4982 3212 5055 Georgii
3243 4981 3303 5038 in
3326 4979 3528 5039 Insula
3558 4977 3755 5036 Olero-

2095 5073 2190 5130 nis
2219 5072 2415 5142 sitam,
2450 5070 2740 5145 quamille
2769 5069 3001 5126 cuidam
3018 5068 3249 5140 Ebloni,
3279 5068 3573 5128 uniesuis
3589 5066 3750 5124 mili-

2093 5162 2254 5220 tibus
2281 5163 2596 5218 donaverat
2642 5159 3082 5229 adhortaretur;
3112 5158 3297 5217 altera
3321 5160 3529 5217 Amata
3557 5157 3750 5231 legato

2094 5250 2425 5325 apostolicae
2446 5249 2612 5305 sedis
2638 5248 2883 5322 aliisque
2906 5248 3136 5307 duobus
3156 5249 3448 5324 episcopis
3469 5246 3753 5320 inscripta

2093 5345 2203 5409 est,
2237 5339 2452 5413 quibus
2504 5338 2765 5411 pontifex
2807 5338 3067 5414 injungit
3115 5343 3181 5397 ut
3229 5337 3608 5398 Guillelmum
3643 5353 3748 5410 pro

2095 5427 2598 5486 excommunicato
2643 5425 2918 5497 habeant,
2967 5428 3081 5487 nisi
3138 5429 3295 5486 intra
3338 5432 3576 5501 tempus
3619 5443 3656 5483 a
3686 5442 3750 5483 se

2093 5516 2448 5592 praeﬁnitum
2467 5514 2621 5571 bona
2632 5513 3163 5577 Vindocinensibus
3184 5517 3489 5577 monachis
3520 5516 3749 5588 injuste

2096 5606 2291 5668 ablata
2337 5606 2645 5668 restituere
2699 5605 2895 5666 faciat.
2940 5607 3071 5668 Hec
3116 5609 3232 5667 duo
3278 5605 3563 5681 rescripta
3592 5604 3750 5665 ultra
