4000 6178
152 346 325 414 195‘
728 364 737 367 '
1542 394 1545 401 ε
1770 355 1822 420 ν

1945 387 1984 419 ι.
3464 342 3586 432 126

150 491 508 560 praesentem
536 504 760 546 annum
790 486 1010 547 differri
1039 503 1154 551 non
1193 503 1371 563 posse
1396 502 1465 546 ex
1492 504 1558 547 eo
1588 484 1811 564 colligi-
1841 495 1899 562 Α
1927 490 2093 565 rique
2122 506 2225 565 pro
2256 507 2365 551 sua
2411 491 2741 555 conditione
2786 495 2881 556 vix
2937 514 3003 556 ac
3063 516 3134 559 ne
3188 498 3285 560 vix
3339 502 3583 576 quidam

153 592 317 645 mus,
342 576 500 650 quod
530 574 866 635 Willelmus
900 577 961 635 in
1005 579 1262 652 quadam
1312 578 1534 649 charta,
1568 595 1635 636 ea
1666 579 1736 637 de
1768 595 1828 637 re
1933 577 2116 637 vitare
2165 584 2449 654 poterant,
2483 601 2612 642 eam
2660 588 3144 661 tranquillitatem
3194 574 3582 666 perturbaret,

152 666 340 733 edita,
392 671 643 723 testetur
691 684 752 724 se
803 668 913 724 has
957 668 1177 725 Urbani
1235 667 1461 725 litteras
1502 669 1825 757 accepisse,
1935 668 2017 725 ita
2080 672 2698 732 excommunicationis
2759 680 3107 737 sententiam
3164 684 3425 757 Gregorii
3487 687 3589 743 VII

152 755 510 828 priusquam
569 756 671 812 ille
726 757 786 812 in
838 756 1060 814 Gallias
1120 757 1371 814 concilia
1429 756 1833 814 celebraturus
1937 759 2201 830 exemplo
2243 763 2589 834 temperavit
2643 767 3144 837 prudentissimus
3191 755 3584 846 pontifex,ut,

154 844 518 913 advenisset,
567 862 745 918 quam
795 846 1033 919 quidem
1081 846 1345 903 chartam
1397 863 1530 902 cum
1576 846 1832 902 multum
1937 851 2085 904 teste
2116 849 2319 904 eodem
2351 851 2642 921 Bertoldo,
2664 854 2932 925 viatores,
2967 859 3190 928 rustici,
3224 864 3372 920 servi
3404 868 3461 921 et
3490 844 3589 934 an?

155 934 419 989 conferat
453 935 527 990 ad
581 934 935 991 illustranda
980 935 1195 991 Urbani
1246 936 1441 1003 Gesta,
1472 940 1531 991 et
1575 934 1831 1008 comple-

153 1027 352 1078 ctatur
376 1026 566 1079 totam
608 1023 787 1095 hujus
820 1025 1250 1089 controversiae,
1283 1042 1411 1097 quae
1454 1041 1604 1097 saepe
1644 1040 1836 1080 recru-

152 1112 299 1177 duit,
338 1112 580 1180 seriem,
604 1113 731 1184 jam
786 1113 975 1168 habes
1020 1115 1175 1186 apud
1208 1113 1468 1169 Beslium
1518 1113 1577 1168 in
1625 1114 1834 1185 proba-

151 1200 431 1256 tionibus
464 1201 722 1258 historiae
765 1202 1049 1257 comitum
1090 1203 1542 1269 Pictavensium,
1576 1203 1676 1258 sed
1709 1220 1834 1257 rur-

152 1305 247 1343 sus
269 1290 353 1343 ad
376 1293 607 1346 veteres
620 1290 1072 1346 Vindocinensis
1090 1291 1434 1347 monasterii
1458 1292 1835 1347 membranas

156 1376 374 1432 collata
417 1378 687 1445 dabitur;
722 1384 1040 1451 utrumque
1092 1396 1227 1435 vero
1279 1380 1574 1452 pontiﬁcis
1626 1378 1833 1437 rescri-

156 1470 325 1537 ptum
361 1484 434 1523 ex
466 1468 730 1538 ejusdem
755 1467 863 1524 loci
888 1468 1150 1525 archivio
1178 1468 1505 1541 proferetur
1526 1469 1676 1526 inter
1704 1470 1833 1542 ejus

158 1554 466 1626 epistolas.

204 1644 379 1700 CLII.
418 1644 706 1718 Goffridus
734 1646 803 1701 ab
838 1647 1053 1703 Urbano
1082 1646 1145 1716 ﬁt
1169 1648 1470 1719 presbyter.
1503 1648 1561 1702 S.
1584 1648 1791 1705 Priscae

794 1790 803 1793 _
881 1737 1127 1791 ecclesia.

222 1822 533 1891 Urbanus,
558 1823 761 1896 itaque
791 1824 1002 1897 adepta
1032 1825 1441 1881 Lateranensis
1474 1825 1670 1897 palatii
1701 1842 1833 1897 pos-

162 1913 450 1980 sessione,
499 1912 854 1980 Goﬂ‘ridum,
907 1913 1007 1985 qui
1065 1930 1217 1970 anno
1274 1914 1645 1986 praecedenti,
1700 1931 1834 1969 cum

160 2001 451 2058 diaconus
512 2001 707 2058 solum
769 2006 945 2071 esset,
999 2002 1070 2057 ab
1108 2007 1282 2059 Ivone
1313 2003 1655 2060 Carnotensi
1710 2004 1831 2075 epi-

161 2107 333 2162 scopo
394 2091 460 2146 in
526 2091 803 2147 abbatem
861 2091 1206 2147 benedictus
1262 2092 1470 2158 fuerat,
1512 2093 1622 2148 hoc
1680 2109 1833 2149 anno

159 2181 577 2252 presbyterum
639 2180 965 2245 ordinavit,
1023 2180 1194 2252 eique
1251 2179 1557 2238 ecclesiam
1612 2185 1834 2237 Sancta:

161 2267 391 2335 Prisce,
423 2285 503 2325 ex
533 2285 655 2341 qua
685 2268 1149 2325 Viudocinenses
1179 2269 1448 2325 monachi
1481 2287 1515 2325 a
1543 2268 1832 2326 Guiberti-

160 2358 244 2413 uis
274 2358 455 2430 ejecti
492 2358 748 2426 fuerant,
784 2358 1063 2415 restituit.
1097 2359 1227 2413 Haec
1254 2359 1312 2413 in
1342 2359 1519 2415 variis
1549 2358 1682 2414 libri
1716 2360 1835 2431 pri-

162 2448 235 2502 mi
265 2445 553 2519 epistolis
584 2448 812 2520 passim
846 2450 1098 2503 testatur
1141 2447 1265 2519 ipse
1302 2447 1617 2515 Goﬂ'ridus,
1649 2448 1836 2520 potis-

158 2534 375 2591 simum
406 2535 666 2609 epistola
696 2538 763 2591 14
795 2537 868 2592 ad
902 2535 1230 2592 Honorium
1262 2552 1513 2609 papam;
1546 2537 1683 2592 item
1716 2536 1835 2609 epi-

159 2624 302 2680 stola
331 2643 375 2681 ιι
407 2624 616 2681 Calixo
670 2627 721 2682 II
772 2625 1014 2698 scripta,
1066 2640 1130 2681 se
1178 2625 1250 2679 ab
1299 2625 1533 2681 Urbano
1580 2634 1840 2698 tanquam

159 2717 380 2770 unicum
407 2716 604 2786 ﬁlium
635 2714 914 2771 dilectum
947 2714 1142 2771 fuisse
1174 2714 1480 2787 gloriatur.
1513 2716 1672 2779 Quod
1705 2731 1840 2770 vero

159 2804 223 2866 ad
252 2802 580 2860 ecclesiam
612 2805 836 2861 Sanctae
860 2803 1081 2859 Prisca:
1115 2804 1343 2872 attinet,
1366 2803 1574 2860 titulus
1596 2808 1685 2859 est
1713 2820 1839 2876 pre'

162 2890 375 2963 sbyteri
404 2892 761 2961 cardinalis,
785 2909 960 2965 quem
982 2892 1445 2948 Vindocinenses
1467 2893 1707 2948 abbates
1735 2893 1834 2949 diu

167 2982 563 3050 retinuerunt,
598 2980 882 3054 locusque
904 2983 1033 3052 ejus
1063 2999 1098 3037 a
1119 2980 1424 3037 monachis
1444 2980 1835 3037 Vindocinen-

170 3069 322 3125 sibus
354 3069 836 3137 inhabitabatur,
864 3071 964 3125 sed
997 3071 1069 3125 de
1100 3069 1192 3125 his
1244 3069 1408 3125 locus
1456 3069 1551 3124 hic
1600 3087 1716 3125 non
1748 3075 1838 3128 est

168 3157 343 3214 fusius
376 3159 741 3215 disserendi.
766 3158 943 3215 Plura
972 3159 1043 3214 de
1068 3157 1160 3213 his
1190 3157 1367 3214 habet
1393 3157 1742 3216 Sirmondus
1773 3160 1831 3214 in

1941 935 2106 1003 cillaa,
2156 954 2481 1011 uxoresque
2539 958 2604 996 ac
2663 942 2766 998 filii
2823 949 3459 1009 excommunicatorum
3515 954 3588 1011 iis

1940 1026 2429 1083 communicando
2458 1028 2517 1084 iu
2550 1047 2677 1086 eam
2708 1031 2897 1089 labem
2922 1051 3037 1091 non
3077 1036 3591 1111 incurrerent,nisi

1942 1113 2089 1168 forte
2130 1114 2215 1169 illi
2260 1132 2436 1186 prava
2487 1135 2595 1173 sua
2624 1119 2923 1179 voluntate
2971 1141 3099 1181 sese
3152 1126 3313 1200 ipsos
3340 1129 3589 1189 vinculis

1943 1204 2562 1262 excommunicationis
2591 1209 2997 1283 astringerent.

2359 1293 2517 1348 CLV.
2552 1294 2801 1366 Synodus
2833 1298 3178 1359 Constantine.

2013 1383 2145 1435 Haec
2168 1380 2399 1452 publica
2420 1384 2817 1457 tranquillitas
2848 1389 3186 1460 praeclaram
3212 1396 3591 1454 resarciendaa

1945 1468 2001 1524 in
2026 1468 2119 1525 his
2139 1469 2451 1541 provinciis
2468 1473 2869 1532 ecclesiasticae
2887 1478 3027 1535 disci
3034 1480 3208 1553 plinas
3228 1486 3592 1547 occasionem

1945 1557 2193 1630 praebuit
2242 1559 2584 1618 Gebehardo
2634 1566 2982 1623 Constantis:
3028 1571 3299 1642 antistiti,
3332 1579 3389 1630 et
3436 1576 3592 1631 sedis

1943 1647 2271 1719 apostolica:
2290 1648 2527 1722 vicario,
2542 1651 2643 1723 qui
2663 1669 2729 1710 eo
2751 1654 2969 1725 animo,
2983 1662 3048 1713 ut
3067 1660 3244 1716 refert
3264 1663 3591 1732 Bertoldu,

1944 1736 2035 1790 cui
2061 1736 2166 1792 soli
2190 1736 2369 1809 hujus
2391 1747 2710 1824 conventus
2730 1744 2996 1801 notitiam
3018 1748 3320 1819 debemus,
3335 1769 3596 1824 magnam

1942 1825 2209 1895 synodum
2222 1830 2470 1883 Constan
2480 1829 2518 1883 ti
2526 1820 2590 1898 ω’,
2606 1830 2975 1890 hebdomada
2990 1838 3209 1909 majore
3225 1843 3358 1897 ante
3371 1820 3598 1898 Pascha

1941 1928 2064 1968 eum
2091 1915 2377 1971 abbatibus
2405 1921 2457 1972 et
2483 1918 2697 1975 clericis
2733 1924 3059 1992 innumeris,
3082 1943 3147 1982 ac
3191 1928 3416 1987 ducibus
3435 1930 3593 1988 Wel-

1942 2002 2134 2093 phone
2192 2004 2488 2075 Bajoariae,
2538 2008 2804 2066 Bertoldo
2854 2012 3231 2084 Alemanniae,
3263 2027 3318 2075 et
3362 2021 3596 2093 reliquis

1941 2091 2283 2147 Alemannis:
2332 2096 2679 2168 principibus
2732 2105 2991 2158 canonice
3044 2106 3354 2174 celebravit,
3411 2091 3597 2184 ibique

1941 2181 2135 2250 multa,
2172 2198 2294 2254 quae
2322 2186 2645 2255 corrigenda
2685 2197 2861 2255 erant,
2890 2196 3145 2249 correxit.
3180 2199 3244 2251 In
3276 2213 3344 2253 ea
3374 2181 3595 2267 synodo

1944 2270 2413 2341 presbyterorum
2461 2273 2885 2334 incontinentis
2912 2284 2970 2336 et
2997 2284 3259 2340 violentia
3304 2282 3607 2344 Simonia4

1944 2373 2145 2412 corum
2169 2358 2457 2415 damnatae
2482 2364 2737 2432 fuerunt,
2753 2369 3157 2440 statutumque
3178 2377 3267 2428 est
3288 2377 3352 2428 ut
3372 2376 3595 2432 mensis

1943 2445 2133 2500 Martii
2149 2447 2433 2519 jejunium
2452 2451 2623 2519 juxta
2653 2457 2989 2512 sanctorum
3020 2457 3256 2515 Patrum
3283 2465 3506 2520 statuta
3531 2463 3591 2522 in

1945 2534 2138 2605 prima
2158 2534 2527 2595 hebdomade
2548 2541 3037 2616 Quadragesimas,
3050 2552 3107 2603 et
3117 2550 3415 2621 jejunium
3430 2553 3593 2610 Junii

1945 2623 2005 2679 in
2037 2624 2166 2696 ipsa
2193 2626 2560 2685 hebdomade
2582 2630 2949 2690 Pentecostes
2973 2637 3594 2699 celebrarentur.Ccrte

1943 2712 2115 2768 varias
2164 2720 2331 2771 erant
2359 2733 2425 2772 eo
2456 2722 2718 2792 tempore
2763 2722 2822 2777 in
2869 2725 3046 2782 variis
3093 2728 3365 2787 Ecclesiis
3395 2731 3593 2789 obser-

1944 2801 2267 2857 vandorum
2310 2802 2546 2861 illorum
2584 2809 2947 2880 jejuniorum
2979 2818 3451 2887 consuetudines,
3478 2837 3596 2893 qua

1946 2889 2016 2945 de
2057 2906 2117 2946 re
2165 2891 2403 2964 scripsit
2450 2894 2787 2968 Sigebertus
2844 2904 3159 2960 tractatum
3210 2889 3571 2981 singularem

1946 2994 2122 3051 quem
2153 2996 2222 3036 ex
2253 2998 2363 3037 ms.
2396 2982 2593 3040 codice
2630 2985 3009 3060 descriptum,
3035 2992 3083 3047 si
3119 2992 3435 3068 aliquando
3466 3016 3595 3055 sese

1944 3072 2274 3140 opportuna
2303 3070 2579 3128 obtulerit
2608 3077 2856 3141 occasio,
2890 3079 2949 3133 in
2988 3079 3179 3137 lucem
3211 3086 3595 3156 proferemus.

1942 3157 2145 3213 Exstat
2174 3159 2350 3214 etiam
2380 3160 2451 3215 de
2480 3162 2683 3218 eadem
2714 3181 2776 3219 re
2806 3168 3035 3223 concilii
3057 3169 3485 3230 Claromontani
3504 3176 3601 3232 de-

172 3248 313 3303 notis
343 3249 422 3304 ad
459 3247 709 3304 Goﬁ'ridi
754 3247 1053 3321 epistolas.
1074 3248 1236 3303 Certe
1271 3248 1398 3319 jam
1431 3263 1464 3302 a
1495 3246 1698 3303 multis
1727 3265 1828 3303 an-
1858 3233 1902 3302 C
1941 3250 2187 3314 cretum,
2213 3251 2270 3301 at
2300 3246 2471 3319 plura
2498 3250 2791 3309 habentur
2815 3256 2970 3326 apud
2998 3256 3375 3317 Sirmondum
3406 3263 3467 3319 in
3498 3281 3600 3320 no-

172 3336 250 3391 uis
276 3337 758 3394 Vindocineuses
790 3336 1061 3392 monachi
1110 3353 1238 3392 eam
1279 3335 1622 3405 amiserunt,
1652 3341 1829 3409 atque

167 3422 326 3482 hodie
375 3426 802 3482 nominetenus
853 3426 1093 3482 abbates
1138 3424 1449 3480 Vindocini
1500 3425 1829 3481 cardinales

166 3520 608 3589 nuneupantur,
632 3531 749 3587 qua
778 3532 990 3571 nomen
1017 3513 1301 3587 dignitate
1327 3530 1426 3569 eos
1459 3514 1651 3570 adhuc
1684 3519 1829 3570 tem-

163 3618 291 3673 pore
314 3604 801 3661 Constantieusis
829 3602 1056 3661 concilii
1077 3606 1315 3659 ornatos
1346 3603 1530 3659 fuisse
1558 3604 1829 3660 observat

164 3689 308 3747 idem
338 3694 503 3749 Sirm
513 3694 727 3750 ondus.

398 3782 602 3838 CLIII.
635 3784 888 3855 Episcopi
917 3782 1253 3839 Ravellensis
1282 3781 1578 3837 ordinatio.

224 3871 411 3927 Porro
441 3886 584 3926 cum
615 3888 684 3930 ex
713 3871 952 3928 Gotfridi
980 3869 1347 3928 ordinatione
1379 3872 1609 3925 constet
1638 3868 1827 3925 Urba-

164 3975 298 4014 num
330 3977 404 4015 eo
447 3964 717 4033 tempore
745 3961 806 4015 in
840 3961 1123 4016 Laterano
1172 3958 1389 4030 palatio
1435 3956 1671 4014 ordines
1719 3974 1840 4030 pu-‘

164 4045 303 4102 bliee
334 4047 688 4115 contulisse,
720 4048 835 4105 huc
867 4049 1012 4105 forte
1044 4048 1296 4104 revocari
1328 4050 1517 4120 potest
1545 4050 1825 4104 Constan-

166 4135 263 4191 tini
296 4136 675 4194 Ravellensis
704 4138 961 4211 episcopi
992 4137 1374 4202 consecratio,
1400 4136 1499 4208 qui
1532 4136 1641 4192 hoc
1673 4153 1826 4192 anno

164 4224 373 4281 Ursoui
404 4227 789 4298 successisse,
822 4233 879 4284 et
911 4228 982 4283 ab
1013 4227 1267 4296 Urbano,
1300 4226 1455 4298 quod
1489 4225 1610 4280 haec
1640 4225 1828 4281 eccle-

166 4313 248 4368 sia
276 4314 551 4370 Romano
579 4316 839 4387 pontiﬁci
861 4318 1083 4389 absque
1105 4316 1297 4371 medio
1321 4314 1585 4385 subjecta
1615 4314 1714 4382 sit,
1738 4332 1829 4370 or-

162 4402 405 4459 dinatus
436 4404 623 4461 fuisse
651 4405 864 4461 dicitur
886 4407 1042 4480 apud
1072 4403 1385 4479 Ughellum
1411 4403 1613 4459 tomoI
1646 4402 1824 4459 Italis:

164 4508 362 4548 sacris.
672 4513 679 4519 '

328 4582 525 4638 CLIV.
558 4580 765 4640 Urbani
789 4600 921 4656 pars
951 4586 1013 4640 in
1041 4582 1336 4640 Germania
1363 4583 1649 4654 prmalet.

228 4670 405 4726 Haud
436 4672 638 4728 minus
668 4688 761 4729 res
791 4673 1007 4729 Urbani
1040 4689 1107 4728 eo
1134 4675 1393 4744 tempore
1423 4669 1482 4725 in
1514 4670 1828 4727 Germania

162 4774 344 4830 quam
375 4761 533 4832 apud
566 4760 744 4818 Italos
768 4777 1044 4834 prospere
1069 4761 1481 4825 succedebant,
1505 4760 1660 4832 quod
1695 4776 1829 4816 con-

163 4844 374 4919 tigisse
404 4850 679 4906 observat
702 4851 1010 4907 Bertoldus
1032 4851 1105 4907 ob
1137 4865 1433 4907 summam
1457 4848 1826 4905 concordiam

163 4952 301 5008 qua
329 4936 481 4993 inter
508 4938 895 5011 Welphonem
939 4939 1218 5013 Bajoarias
1264 4938 1494 5004 ducem,
1519 4941 1576 4994 et
1608 4937 1826 4994 Bertol-

163 5025 312 5080 dum
343 5025 554 5082 ducem
585 5027 941 5085 Alemanniae
973 5029 1229 5103 vigebat,
1262 5027 1344 5082 ita
1385 5030 1450 5081 ut
1488 5026 1624 5081 inde
1652 5043 1765 5097 pax
1792 5043 1829 5081 α

159 5115 425 5182 Francia,
478 5118 767 5175 Teutonica
810 5127 865 5175 et
909 5120 1142 5182 Alsatia,
1174 5132 1347 5189 usque
1390 5114 1461 5170 ad
1512 5115 1829 5185 Bajoariam

164 5205 274 5261 imo
312 5214 369 5262 et
403 5207 753 5277 Hungariam
794 5211 1099 5281 propagata
1141 5204 1334 5274 fuerit,
1360 5219 1538 5276 quam
1584 5201 1826 5273 quidem

160 5309 366 5365 pacem
400 5294 533 5352 ideo
572 5296 805 5353 ﬁrmam
836 5313 902 5353 ac
932 5300 1297 5352 constantem
1344 5293 1525 5348 fuisse
1557 5292 1827 5347 observat

160 5381 318 5437 idem
370 5388 597 5454 auctor,
630 5386 786 5458 quod
824 5384 1120 5459 principes
1150 5385 1378 5457 quisque
1424 5384 1487 5437 in
1531 5396 1634 5436 sua
1672 5387 1824 5453 pote-

158 5478 294 5527 state
324 5473 607 5541 iustitiam
633 5476 815 5545 facere
851 5492 963 5531 non
991 5477 1299 5536 cessarent,-
1330 5472 1484 5527 inter
1507 5486 1656 5543 quos
1686 5469 1824 5524 Ber-

158 5559 386 5617 toldum
417 5561 629 5619 ducem
672 5579 791 5637 pre
841 5565 1064 5621 caeteris
1112 5561 1433 5620 eminuisse
1482 5557 1706 5616 scribit.
1742 5558 1825 5615 Ne

156 5665 290 5706 vero
322 5653 747 5711 commercium
781 5655 939 5727 quod
982 5671 1117 5711 cum
1148 5648 1670 5710 excommunicatis
1703 5648 1823 5721 ple-

1935 3334 2013 3390 tis
2061 3335 2130 3391 ad
2184 3336 2511 3392 Gofl‘ridum
2541 3339 3034 3399 Vindocinensem
3066 3344 3168 3401 lib.
3203 3365 3288 3414 III,
3310 3350 3480 3422 epist.
3502 3354 3594 3421 23,

1937 3439 2068 3494 quae
2098 3423 2428 3481 Hildeberto
2459 3426 2923 3487 Cenomannensi
2958 3433 3242 3508 inscripta
3270 3442 3378 3494 est.

2009 3512 2289 3568 Resecata
2313 3531 2546 3587 quoque
2575 3517 2686 3573 fuit
2715 3519 2774 3574 in
2804 3520 3007 3577 eadem
3036 3526 3254 3596 synodo
3287 3527 3596 3599 peculiaris

1936 3600 2207 3657 dicecesis
2237 3602 2706 3663 Constantiensis
2738 3611 3101 3669 consuetudo
3149 3614 3480 3674 celebrandi
3514 3619 3596 3676 fe-

1936 3690 2080 3744 stive
2111 3694 2294 3746 totam
2336 3692 2641 3751 Pascbatis
2683 3696 3132 3771 hebdomadam,
3167 3702 3227 3758 in
3259 3705 3597 3767 Pentecoste

1935 3783 2133 3834 autem
2175 3779 2409 3836 unicam
2455 3787 2685 3842 tantum
2719 3786 2893 3857 diem,
2928 3794 3132 3848 contra
3158 3793 3506 3867 vicinarum,
3540 3803 3599 3855 et
3634 3790 3639 3795 ’

1935 3882 2081 3939 pene
2112 3868 2377 3924 omnium
2426 3871 2585 3927 orbis
2627 3872 2943 3929 Christiani
2996 3876 3390 3937 Ecclesiarum
3440 3900 3594 3941 rece-

1936 3957 2102 4026 ptum
2149 3971 2390 4024 morem,
2425 3958 2854 4034 deﬁnitumque
2902 3963 3015 4018 fuit
3059 3969 3124 4019 ut
3169 3970 3290 4021 tam
3343 3968 3400 4024 in
3446 3972 3593 4030 festo

1939 4043 2303 4100 Pentecostes
2344 4047 2636 4121 quam‘iu
2690 4049 2968 4106 Paschate
3010 4053 3134 4108 dies
3182 4055 3419 4113 omnino
3476 4062 3594 4116 tres

1938 4131 2407 4189 observarentur.
2438 4139 2647 4191 Actum
2679 4137 2932 4210 denique
2972 4141 3043 4196 de
3089 4141 3341 4200 Praxede
3369 4145 3591 4220 regina,

1938 4238 2065 4293 quae
2112 4221 2356 4279 dimisso
2405 4223 2555 4281 clam
2616 4226 2861 4283 llenrico
2919 4228 3287 4302 imperatore,
3324 4235 3423 4305 qui
3463 4239 3591 4292 tum

1938 4311 2170 4367 Veronae
2204 4313 2563 4382 morabatur,
2599 4316 2671 4370 ad
2712 4315 3056 4373 Mathildem
3102 4319 3282 4390 hujus
3313 4322 3452 4378 anni
3482 4324 3594 4380 ini-

1936 4399 2037 4468 tio,
2071 4405 2136 4455 ut
2165 4400 2341 4457 habet
2370 4401 2526 4458 idem
2558 4404 2885 4475 Bertoldus,
2912 4407 3270 4482 confugerat.
3306 4410 3437 4468 Hzec
3466 4410 3597 4486 ipsa

1935 4486 2151 4544 dicitur
2179 4490 2408 4547 venisse
2450 4493 2521 4547 ad
2566 4493 2717 4549 hanc
2749 4496 3063 4568 synodum,
3096 4498 3198 4554 ubi
3229 4516 3362 4556 cum
3396 4518 3593 4559 coram
3639 4502 3645 4507 ’

1854 4596 1903 4664 D
1935 4577 2212 4634 omnibus
2247 4579 2517 4637 universa
2556 4598 2683 4654 quae
2714 4599 2748 4638 a
2776 4600 2882 4640 suo
2915 4586 3125 4642 marito
3164 4604 3442 4662 perpessa
3471 4591 3593 4648 fue-

1937 4670 2029 4722 rat
2074 4669 2463 4740 exposuisset,
2516 4687 2722 4728 omnes
2770 4672 2831 4728 in
2881 4674 2972 4731 sui
3022 4677 3594 4738 commiserationem

1938 4755 2106 4812 facile
2132 4758 2434 4829 permovit.
2456 4759 2597 4831 Ejus
2620 4761 2816 4834 fugam
2841 4763 3153 4838 descripsit
3175 4783 3409 4841 quoque
3431 4773 3599 4826 Dom-

1936 4845 2067 4901 nizo
2099 4846 2159 4901 in
2192 4845 2316 4903 suis
2346 4847 2634 4917 versibus,
2658 4853 2716 4904 at
2746 4850 2818 4906 de
2848 4850 3005 4909 illius
3038 4854 3110 4910 ad
3135 4857 3424 4928 synodum
3445 4857 3595 4914 Con-

1939 4935 2324 4992 stantiensem
2355 4952 2593 4993 accessu
2626 4938 2772 4995 nihil
2804 4939 2997 4998 habet.

2034 5024 2213 5081 CLVI.
2246 5025 2440 5083 Clades
2467 5028 2529 5081 in
2562 5026 2875 5086 Germania.
2906 5032 3063 5088 Multi
3086 5037 3496 5091 convertuntur.

2006 5112 2191 5169 Multa
2229 5115 2538 5189 subjungit
2583 5116 2890 5175 Bertoldus
2923 5120 2995 5177 de
3025 5120 3292 5177 cladibus
3324 5138 3452 5195 quae
3483 5123 3593 5181 hoc

1937 5217 2090 5257 anno
2122 5207 2305 5258 totam
2347 5204 2530 5260 ferme
2559 5205 2872 5280 Europam,
2907 5209 3009 5264 sed
3050 5209 3425 5281 potissimum
3452 5213 3589 5272 Ger-

1938 5290 2195 5345 maniam
2228 5291 2779 5351 afﬂixerunt.Tanta
2802 5296 2911 5351 fuit
2934 5295 3368 5370 Ratisponm,ut
3395 5307 3595 5360 narrat

1936 5376 2034 5434 ille
2066 5384 2287 5449 auctor,
2311 5384 2642 5451 mortalitas,
2665 5387 2732 5440 ut
2761 5384 2915 5439 intra
2938 5385 3247 5444 duodecim
3277 5389 3594 5449 hebdoma-

1935 5466 2042 5523 das
2065 5466 2369 5526 hominum
2394 5475 2521 5528 octo
2554 5471 2742 5527 millia
2763 5489 2894 5529 cum
2919 5475 3255 5549 quingentis
3277 5479 3335 5536 in
3360 5496 3425 5536 ea
3450 5483 3591 5538 urbe

1935 5555 2283 5614 interierint.
2316 5562 2380 5615 In
2427 5577 2544 5616 una
2579 5559 2737 5631 villa,
2762 5562 2933 5634 cujus
2964 5581 3176 5623 nomen
3210 5567 3364 5625 idem
3390 5574 3594 5627 auctor

1937 5646 2190 5718 reticuit,
2217 5648 2483 5706 homines
2516 5648 2677 5706 mille
2705 5654 2761 5707 et
2790 5656 3027 5711 centum
3056 5656 3212 5714 intra
3242 5674 3343 5714 sex
3368 5656 3587 5716 hebdo-
