4000 6176
393 293 512 364 12⁸1
1703 295 1776 358 Β.
1821 293 2117 364 URBANI

2159 295 2214 364 Il
2255 291 2510 362 PAPE.
3767 303 3898 372 HI

392 409 619 503 madas,
653 436 710 490 et
738 435 798 489 in
841 431 1022 489 altera
1065 430 1460 506 quadraginta
1504 430 1772 489 homines
1802 447 1921 488 una
1951 431 2046 489 die
2076 430 2131 500 Α,
2159 433 2357 504 Fulco,
2389 434 2548 492 idem
2576 431 2848 509 pontifex
2892 439 2953 497 in
2983 438 3380 516 Langobardia
3411 456 3664 499 mense
3723 439 3900 498 Maio

393 523 685 581 obierunt.
717 525 793 578 At
821 522 942 578 haec
984 521 1546 596 corporumfclades'
1566 522 1728 579 salus
1775 525 1901 579 erat
1927 519 2050 578 ani-

388 629 641 669 marum.
680 611 788 678 Qui
833 613 990 668 enim
1022 611 1123 668 illo
1154 612 1359 668 morbo
1391 611 1846 684 impetebantur,
1883 597 2054 684 quasi

386 701 527 758 certi
560 705 760 758 essent
790 717 852 757 se
884 701 1040 772 brevi
1095 700 1431 773 morituros,
1452 703 1534 757 ita
1572 702 2054 776 praeparabantur

383 793 455 848 ad
487 791 730 860 exitum,
755 795 820 846 ut
849 791 906 846 id
958 795 1098 847 tunc
1143 791 1296 854 ultro
1337 795 1702 864 praestarent,
1729 792 1883 864 quod
1935 791 2049 847 alio

379 887 662 955 tempore,
696 880 891 954 inquit
919 879 1251 950 Bertoldus,
1272 881 1365 936 vix
1406 899 1440 936 a
1482 880 1874 936 sanctioribus
1904 880 2045 936 viris

379 972 704 1046 exspectari
736 972 1056 1045 potuisset;
1089 972 1190 1044 qui
1219 987 1352 1026 vero
1384 970 1730 1042 superstites
1756 975 1945 1040 erant,
1968 971 2050 1026 ita

377 1061 852 1135 percellebantur
881 1066 1044 1118 metu
1077 1060 1447 1116 imminentis
1487 1059 1698 1128 morbi,
1733 1064 1798 1115 ut
1829 1077 1863 1115 a
1891 1059 2047 1116 vitiis

377 1154 434 1209 et
491 1151 746 1225 peccatis
803 1151 1041 1207 omnino
1099 1151 1480 1216 abstinerent,
1525 1149 1726 1221 sicque
1775 1149 1947 1204 multi
1980 1166 2048 1204 ea

373 1242 678 1298 occasione
725 1241 796 1296 ad
849 1239 1151 1296 meliorem
1203 1239 1439 1294 adducti
1495 1239 1720 1310 frugem
1771 1239 2041 1308 fuerunt;

371 1330 512 1398 imo,
543 1329 805 1402 plerique
834 1330 906 1384 ad
950 1329 1171 1401 seipsos
1189 1327 1424 1392 reversi,
1457 1347 1490 1382 a
1519 1327 1914 1384 schismaticis
1945 1329 2044 1384 de-

379 1423 663 1478 fecerunt.
689 1419 945 1476 Celebris
975 1424 1114 1475 tunc
1161 1421 1284 1475 erat
1314 1418 1373 1472 in
1405 1417 1624 1473 Alsatia
1664 1417 2056 1491 Manegoldusv

385 1512 455 1568 de
474 1509 811 1566 Lutenbach
831 1509 1172 1565 monasterii
1199 1508 1602 1564 Murbocensis
1625 1507 2043 1564 canonicorum

379 1599 742 1672 regularium
766 1599 1087 1655 institutor.
1113 1599 1168 1654 Is
1190 1598 1536 1654 auctoritate
1561 1597 1671 1653 sibi
1705 1597 1778 1652 ab
1810 1597 2043 1653 Urbano

377 1689 588 1746 collata
621 1685 862 1754 multos,
891 1688 1064 1743 etiam
1099 1705 1168 1744 ex
1197 1686 1502 1759 provinciae
1527 1685 1937 1752 nobilioribus,
1969 1687 2042 1742 ad

371 1780 570 1852 ipsum
611 1778 948 1834 catervatim
994 1777 1401 1833 convenientes
1430 1775 1837 1832 ecclesiasticae
1885 1792 2038 1830 com-
2065 1806 2114 1871 B

373 1867 641 1924 munioni
672 1867 945 1935 restituit,
981 1868 1081 1940 qui
1135 1870 1375 1938 accepta
1423 1865 1643 1922 salubri
1695 1865 2037 1938 pcenitentia

377 1957 674 2030 deinceps,
698 1957 1166 2013 Simoniacorum
1193 1961 1250 2011 et
1270 1955 1762 2012 incontinentium
1796 1955 2033 2028 presby-

372 2053 636 2105 terorum
677 2047 1062 2104 contubernia
1090 2046 1271 2115 exosi,
1294 2045 1494 2101 fideles
1540 2046 1699 2101 fuere
1729 2045 1789 2100 in
1822 2050 2034 2100 sanctis

374 2129 532 2195 sedis
563 2140 621 2194 et
648 2137 896 2210 legitimi
927 2135 1222 2209 pontiﬁcis
1254 2134 1605 2190 obedientia.
1642 2134 1806 2202 Hinc,
1838 2137 1904 2188 ut
1932 2134 2035 2189 ob-

371 2231 565 2286 servat
607 2227 764 2283 idem
809 2225 1134 2291 Bertoldus,
1157 2225 1524 2281 ecclesiastica
1572 2225 1770 2294 religio
1807 2223 2032 2295 jamdu-

370 2317 500 2374 dum
531 2307 594 2373 in
623 2317 741 2373 illis
783 2317 1037 2389 partibus
1067 2317 1337 2370 exstincta
1365 2314 1702 2369 mirabiliter
1749 2329 2036 2369 reacccnsa

376 2415 476 2475 est,
531 2403 907 2462 monasteriis
959 2403 1136 2460 etiam
1193 2401 1558 2473 restauratis,
1600 2407 1703 2457 aut
1759 2402 1830 2457 de
1889 2418 2035 2457 novo

377 2497 650 2553 conditis.
683 2495 830 2551 Nam
863 2499 1071 2566 praeter
1099 2492 1481 2550 Murbacense
1511 2507 1546 2546 a
1571 2489 1936 2563 Manegoldo,
1971 2494 2038 2545 ut

379 2602 514 2640 mox
553 2584 915 2649 dicebamus,
961 2585 1387 2645 constructum,
1419 2583 1475 2635 et
1521 2577 1657 2645 alia,
1699 2579 1770 2634 de
1817 2578 2034 2649 quibus

380 2689 562 2744 supra
590 2671 871 2737 diximus,
893 2669 1316 2726 monasterium
1338 2667 1532 2723 Sancti
1557 2666 1734 2722 Blasii
1766 2666 1826 2721 in
1857 2667 2036 2737 Nigra

379 2759 528 2816 silva
556 2760 666 2816 hoc
697 2775 872 2823 anno,
905 2774 966 2813 In
1009 2758 1150 2813 Idus
1181 2755 1545 2829 Septembris
1575 2773 1610 2812 a
1637 2755 2036 2812 fundamentis

380 2847 654 2906 aedificari
685 2851 940 2920 coeptum
961 2849 1049 2902 est
1079 2846 1188 2902 sub
1209 2845 1418 2920 Ottone
1438 2844 1675 2912 abbate;
1709 2862 1827 2917 qua
1855 2845 2034 2901 etiam

378 2939 510 3012 ipsa
557 2937 671 3004 die,
702 2936 858 2992 idem
910 2935 1094 2992 abbas
1153 2936 1552 2991 llarmannum
1612 2935 1864 3007 priorem
1899 2951 2033 2990 cum

379 3017 604 3100 aliquot
657 3025 834 3083 sociis
892 3028 954 3082 in
1009 3025 1277 3082 orientale
1331 3041 1580 3096 regnum,
1641 3025 1703 3080 in
1753 3023 2036 3080 marcham

377 3117 654 3188 Hungaris
682 3116 1116 3172 collimitaneam
1164 3115 1371 3170 direxit
1406 3113 1476 3169 ad
1528 3129 1727 3169 novam
1758 3113 2036 3168 abbaliam

375 3207 438 3262 in
467 3177 779 3278 episcopatu
816 3205 1155 3269 Pataviensi,
1189 3203 1248 3258 in
1287 3202 1432 3270 loco,
1468 3202 1568 3274 qui
1601 3201 1862 3258 Cotheric
1893 3201 2034 3258 dici-
2063 3177 2107 3244 α

373 3300 474 3351 tur
518 3293 959 3351 instituendam.
987 3292 1094 3359 Ibi,
1126 3294 1192 3347 ut
1233 3291 1408 3348 habet
1443 3290 1768 3358 Bertoldus,
1803 3290 2031 3347 habita-

375 3385 519 3442 bant
566 3383 844 3458 primitus
893 3381 1084 3438 clerici
1133 3381 1452 3454 regulares,
1485 3381 1587 3437 sed
1635 3378 1720 3435 illi
1766 3383 1970 3452 postea
1999 3397 2032 3436 a

377 3475 638 3532 Romano
681 3471 954 3546 pontifice
985 3476 1044 3528 et
1071 3488 1176 3543 per
1203 3487 1339 3526 eum
1388 3487 1422 3526 a
1469 3469 1704 3544 proprio
1758 3469 2030 3543 episcopo

373 3563 788 3634 impetrarunt,
818 3565 882 3616 ut
903 3560 1168 3632 deposito
1190 3558 1444 3615 clericali
1465 3559 1669 3615 habitu
1698 3559 1878 3613 vitam
1910 3575 2032 3614 mo-

375 3649 663 3706 nasticam
695 3649 1126 3722 proﬁterentur.
1151 3647 1383 3704 Celebre
1421 3652 1512 3703 est
1547 3646 1692 3702 illud
1736 3649 2029 3702 monaste-

373 3729 552 3806 rium,
577 3737 948 3795 Gotwicense
972 3737 1217 3805 dictum,
1241 3736 1396 3808 quod
1431 3753 1464 3791 a
1495 3739 1697 3790 sancto
1716 3733 2029 3790 Altmanno

375 3831 650 3904 episcopo
693 3825 1041 3893 Pataviensi,
1074 3829 1141 3881 ut
1187 3825 1247 3880 in
1297 3827 1424 3897 ejus
1456 3823 1586 3881 Vita
1628 3822 1860 3896 legitur,
1893 3839 2028 3878 con-

376 3921 688 3986 structum,
721 3916 1011 3988 hodieque
1039 3915 1148 3970 sub
1194 3912 1399 3986 regula
1429 3911 1806 3969 Benedictina
1828 3927 2030 3984 perse-

373 4013 556 4066 verat.
583 4004 1133 4063 Nominatissimum
1182 4003 1358 4058 etiam
1411 4007 1553 4057 tunc
1612 4006 1737 4058 erat
1780 4000 1840 4056 in
1897 4000 2028 4057 istis

374 4097 642 4172 partibus
693 4095 805 4151 sub
853 4097 1057 4150 sancto
1086 4091 1382 4164 Theogero
1413 4091 1642 4158 abbate,
1675 4092 1878 4162 postea
1906 4088 2029 4160 epi-

375 4203 550 4259 scopo
577 4183 843 4249 Metensi,
873 4182 1302 4238 monasterium
1327 4180 1520 4238 Sancti
1544 4178 1772 4252 Georgii
1805 4178 1865 4233 in
1897 4178 2031 4234 Iler-

375 4273 532 4331 cinia
560 4272 724 4338 silva,
744 4271 916 4327 hodie
943 4270 1272 4342 Villengam
1298 4268 1671 4335 translatum,
1703 4268 1859 4340 quod
1891 4284 2030 4339 pon-

373 4361 535 4428 tifex,
559 4359 710 4416 datis
740 4359 950 4415 litteris
991 4359 1101 4414 hoc
1145 4375 1322 4423 anno,
1349 4358 1460 4412 sub
1510 4355 1748 4428 speciali
1797 4359 2026 4427 aposto-

373 4450 498 4506 licae
527 4448 685 4505 sedis
713 4446 1006 4504 tutamine
1035 4445 1268 4517 recepit.
1287 4447 1452 4500 Certe
1475 4443 1744 4500 Urbanus
1773 4443 2029 4517 Theoge-

374 4555 529 4607 rum,
560 4542 628 4594 ut
671 4537 731 4592 in
775 4537 903 4608 ejus
931 4535 1066 4590 Vita
1093 4534 1328 4606 legitur,
1354 4532 1632 4606 apostolis
1664 4536 1721 4589 et
1751 4533 2026 4605 apostoli-
2056 4551 2106 4617 ι)

373 4628 461 4686 cis
488 4626 630 4683 viris
659 4624 1120 4699 comparandum
1144 4639 1273 4680 esse
1302 4623 1597 4680 censebat.

481 4733 690 4792 CLVII.
716 4733 1006 4792 Fulconem
1035 4731 1341 4857 ειὲξὲῗέὶιέἲη
1367 4730 1641 4788 Bellovaci
1672 4729 1921 4788 Urbanus

1077 4810 1328 4875 protegit.

443 4898 508 4954 In
538 4894 726 4952 Gallia
765 4893 946 4966 hujus
1001 4892 1138 4949 anni
1189 4890 1355 4946 initio
1412 4889 1671 4963 episcopi
1720 4890 2028 4947 Remensis

372 4986 682 5060 provinciae
714 4981 983 5040 Fulconis
1014 4979 1274 5055 episcopi
1307 4977 1734 5036 Bellovacensis
1763 4996 2023 5048 causam,

374 5091 522 5146 quas,
581 5077 650 5131 ut
700 5091 854 5130 anno
913 5069 1256 5145 praecedenti
1321 5068 1598 5137 diximus,
1661 5069 1734 5126 ab
1792 5065 2026 5125 Urbano

365 5162 631 5233 judicata
680 5161 888 5228 fuerat,
921 5164 1233 5217 retractare
1265 5159 1392 5214 ausi
1445 5159 1516 5214 ab
1573 5159 1699 5230 ipso
1754 5157 2025 5230 pontifice

375 5249 711 5322 reprehensi
743 5255 902 5318 sunt,
934 5249 1086 5306 datis
1131 5266 1199 5305 ea
1244 5249 1315 5304 de
1346 5265 1406 5303 re
1435 5247 1648 5305 litteris
1677 5247 1749 5304 ad
1782 5246 2026 5320 Raynol-

376 5339 516 5394 dum
543 5339 1055 5411 metrOpolitanum
1079 5340 1324 5411 ejusque
1346 5337 1746 5410 suffraganeos
1767 5338 2027 5393 Laterani

374 5443 432 5484 IV
460 5426 585 5482 Idus
641 5427 790 5494 Maii,
845 5428 1205 5500 proindeque
1262 5427 1372 5482 hoc
1433 5443 1604 5494 anno,
1657 5443 1792 5482 nam
1851 5425 2023 5482 annis

374 5515 836 5589 precedentibus
865 5514 1218 5572 Lateranum
1250 5515 1308 5570 in
1340 5514 1562 5572 Urbani
1591 5518 1876 5587 potestate
1905 5533 2023 5573 non

374 5610 524 5675 erat;
589 5621 741 5662 anno
799 5608 994 5659 autem
1053 5605 1341 5678 sequenti,
1393 5621 1507 5678 quo
1564 5601 1875 5660 defunctus
1934 5609 2026 5660 est

2161 522 2332 598 longe
2354 524 2427 582 ab
2457 525 2610 582 Urbe
2639 526 3000 587 morabatur.
3027 529 3200 588 Porro
3232 530 3342 589 hac
3383 529 3762 590 occasione
3799 531 3904 587 Ivo

2161 613 2536 672 Carnotensis
2556 614 2994 692 episcopus,qui
3011 621 3183 692 epist.
3198 623 3269 677 3O
3283 622 3646 679 Fulconem
3673 618 3901 692 ipsum

2162 709 2492 773 monuerat,
2515 714 2576 761 ut
2602 708 2692 762 sui
2719 707 2891 779 ofﬁcii
2911 725 3120 765 memor
3137 711 3478 767 mundanam
3509 711 3904 782 superbiam

2159 809 2266 848 non
2316 797 2488 849 armis
2514 795 2816 854 mundana?
2861 799 3116 866 malitiae,
3152 801 3308 872 quod
3357 800 3633 856 videtur
3698 798 3906 855 fuisse

2159 882 2551 939 accusationis
2581 883 2640 940 in
2672 902 2807 940 eum
2861 886 3159 943 intentata;
3207 888 3601 961 praecipuum
3674 893 3898 960 caput,

2155 969 2247 1026 sed
2297 974 2469 1027 armis
2517 973 2844 1030 Christianae
2889 977 3114 1031 militia:
3161 993 3420 1048 superare
3467 979 3898 1044 decertaret,

2158 1060 2358 1116 audita
2380 1066 2512 1133 post
2535 1065 2774 1118 modum
2792 1065 2921 1135 ejus
2947 1081 3049 1136 per
3069 1065 3402 1138 pontiﬁcem
3421 1065 3892 1136 absolutione,

2156 1149 2304 1206 ferre
2334 1167 2449 1206 non
2483 1153 2690 1224 potuit,
2717 1157 2782 1208 ut
2811 1152 2971 1210 illius
3001 1171 3177 1210 causa
3208 1171 3242 1210 a
3261 1155 3500 1228 Belgicae
3525 1155 3893 1228 episcopis

2155 1238 2214 1293 in
2265 1245 2553 1296 conventu
2601 1241 2942 1313 provinciali
2993 1247 3424 1300 retractaretur.
3457 1243 3518 1299 Id
3591 1260 3690 1299 ex
3745 1246 3886 1316 ejus

2154 1329 2324 1408 epist.
2358 1329 2392 1384 3
2424 1347 2582 1385 novae
2630 1331 2902 1387 editionis
2951 1331 3358 1404 intelligimus,
3405 1331 3464 1387 in
3511 1349 3676 1404 qua
3741 1338 3892 1404 post

2155 1419 2633 1474 commendatum
2679 1419 2933 1487 Urbano,
2989 1422 3083 1476 cui
3135 1421 3445 1488 scribebat,
3472 1420 3879 1486 Fulconem,

2154 1505 2238 1562 sic
2271 1507 2340 1561 de
2371 1508 2571 1562 eodem
2598 1510 2972 1580 prosequitur
2997 1527 3010 1565 :
3035 1509 3168 1565 Mihi
3197 1526 3309 1566 non
3335 1511 3556 1566 videtur
3579 1513 3882 1567 rationis-

2155 1595 2337 1650 biliter
2358 1613 2515 1668 posse
2544 1599 2668 1667 ﬁeri
2701 1601 2761 1652 ut
2810 1616 2844 1652 a
2873 1600 3082 1654 minori
3124 1614 3359 1670 persona
3405 1599 3614 1656 debeat
3675 1608 3878 1655 retra-

2151 1687 2311 1756 ctari,
2344 1687 2483 1757 quod
2527 1689 2628 1742 sub
2670 1689 2838 1743 vestri
2856 1688 3063 1760 judicii
3090 1690 3346 1744 examine
3403 1689 3578 1758 ﬁnem
3652 1691 3876 1745 sortiri

2152 1776 2378 1830 meruit.
2411 1776 2480 1830 Et
2520 1775 2781 1847 quidem,
2813 1781 2879 1832 ut
2927 1777 3084 1832 idem
3116 1781 3214 1832 Ivo
3265 1776 3442 1850 paulo
3491 1782 3651 1833 ante
3709 1779 3872 1834 scri-

2142 1867 2361 1934 pserat,
2393 1867 2450 1918 et
2478 1865 2786 1920 confirmat
2842 1865 2968 1938 ipse
3011 1865 3284 1921 Urbanus
3342 1865 3402 1920 in
3460 1865 3710 1922 litteris
3778 1866 3856 1922 ad

2142 1952 2492 2009 Anselmum
2538 1971 2644 2010 suo
2691 1953 2814 2011 loco
2845 1953 3120 2012 laudatis.
3153 1953 3350 2022 Fulco,
3385 1954 3488 2026 qui
3542 1955 3725 2012 alias
3760 1955 3858 2010 vir

2143 2044 2268 2096 erat
2308 2041 2468 2096 mirae
2502 2042 2924 2114 simplicitatis,
2957 2061 3062 2100 nec
3109 2045 3349 2100 omnino
3398 2043 3733 2100 sufﬁciens
3765 2044 3842 2099 ad

2144 2133 2316 2185 tantae
2373 2130 2639 2186 dioecesls
2701 2131 2961 2204 regimen
3015 2133 3374 2200 obeundum,
3425 2148 3461 2188 a
3510 2131 3847 2205 plerisque

2143 2221 2338 2274 tamen
2370 2218 2763 2290 impetebatur
2789 2237 2899 2276 non
2927 2224 3042 2276 tam
3070 2221 3184 2277 zelo
3205 2223 3468 2294 justitiae,
3494 2237 3684 2294 quam
3715 2223 3836 2278 vir-

2143 2310 2327 2363 tutum
2378 2310 2748 2366 wmulatione.
2791 2311 3012 2366 Tamen
3064 2309 3333 2367 Ecclesiae
3381 2327 3500 2367 suas
3551 2311 3837 2367 auctori-

2143 2400 2261 2453 tate
2290 2396 2593 2470 pontiﬁcia
2642 2398 2928 2467 redditus,
2960 2416 3087 2455 eam
3138 2415 3325 2472 usque
3355 2399 3427 2454 ad
3463 2400 3601 2456 vitae
3636 2401 3828 2456 ﬁnem

2145 2485 2312 2542 rexit.

2179 2592 2418 2648 CLVIII.
2452 2594 2542 2649 Lis
2573 2595 2719 2650 inter
2747 2594 3218 2668 archiepiscopum
3246 2597 3460 2652 Viennae
3483 2599 3537 2652 et
3568 2597 3789 2668 episco-

2673 2683 2811 2739 pum
2837 2667 3265 2740 Gratianopolis.

2215 2753 2467 2811 Emersit
2521 2757 2726 2812 eodem
2784 2756 2903 2812 fere
2959 2760 3222 2829 tempore
3251 2755 3311 2811 in
3350 2755 3556 2812 Galliis
3613 2754 3819 2830 gravis

2144 2845 2539 2902 controversia
2568 2846 2722 2902 inter
2743 2845 3072 2903 Guidonem
3099 2845 3606 2918 archiepiscopum
3638 2845 3816 2900 Vien-

2143 2947 2384 2989 nensem
2409 2937 2465 2988 et
2493 2934 2797 3006 Hugonem
2827 2934 3436 3008 Gratianopolitanum
3458 2933 3812 3008 episcopum

2143 3021 2214 3078 de
2243 3038 2392 3094 pago
2450 3022 2924 3092 Salmoriacensi,
2969 3041 3146 3096 quem
3203 3028 3450 3096 uterque
3507 3023 3580 3078 ad
3633 3037 3808 3080 suam

2143 3109 2442 3168 dioecesim
2474 3113 2764 3185 pertinere
2801 3113 3205 3169 contendebat.
3230 3113 3310 3168 Ea
3339 3113 3410 3168 de
3437 3129 3498 3168 re
3537 3111 3808 3169 libellum

2144 3199 2329 3256 edidit
2358 3201 2483 3274 ipse
2507 3202 2694 3276 Hugo,
2720 3219 2896 3274 quem
2941 3201 3246 3274 inscripsit
3270 3220 3283 3258 :
3305 3203 3381 3258 De
3407 3203 3640 3274 injuriis
3669 3217 3804 3272 quas

2140 3292 2271 3362 fecit
2299 3290 2471 3347 Guido
2495 3291 2928 3364 archiepiscopus
2956 3293 3274 3349 Viennensis
3297 3292 3549 3348 Ecclesiae
3579 3291 3799 3346 Gratia-

2139 3381 2494 3452 nopolitance,
2519 3381 2737 3447 etc.,in
2787 3398 2902 3454 quo
2932 3380 3082 3437 libro
3111 3381 3200 3436 vir
3250 3385 3492 3436 sanctus
3541 3379 3792 3452 particu-

2141 3467 2310 3526 latim
2342 3469 2592 3541 explicat
2619 3473 2805 3526 totam
2835 3471 3016 3543 hujus
3048 3470 3452 3526 controversiae
3475 3468 3710 3534 seriem,
3735 3482 3800 3523 ac

2141 3557 2314 3614 refert
2341 3557 2670 3630 pontiﬁcias
2711 3558 2956 3627 litteras,
2983 3576 3110 3632 quae
3153 3561 3280 3632 ejus
3321 3557 3624 3616 occasione
3655 3556 3798 3613 scri-

2140 3649 2251 3718 ptae
2280 3646 2536 3702 fuerunt.
2564 3648 2633 3702 Et
2659 3647 2896 3720 quidem
2917 3647 3064 3704 illud
3086 3648 3459 3722 opusculum,
3484 3663 3600 3704 non
3623 3646 3794 3704 modo

2139 3751 2209 3790 ea
2231 3735 2641 3808 complectitur
2660 3754 2784 3809 quae
2805 3738 2879 3794 ad
2902 3737 3081 3810 hujus
3103 3739 3508 3794 controversiae
3528 3736 3792 3792 notitiam

2138 3823 2473 3880 habendam
2504 3827 2838 3882 necessaria
2880 3831 3040 3894 sunt,
3071 3844 3273 3884 verum
3306 3827 3485 3884 etiam
3538 3825 3787 3882 multum

2140 3913 2401 3970 conferre
2432 3918 2622 3986 potest
2651 3915 2722 3970 ad
2774 3914 3124 3972 illustranda
3172 3915 3288 3972 alia
3336 3915 3552 3972 Urbani
3598 3916 3785 3980 Gesta,

2139 4018 2322 4074 eaque
2349 4002 2478 4059 suis
2511 4019 2756 4076 quaeque
2785 4005 3152 4078 temporibus
3181 4005 3601 4078 consignanda.
3629 4003 3784 4060 Unde

2141 4107 2275 4146 cum
2305 4090 2452 4146 nihil
2485 4092 2604 4147 fere
2633 4091 2930 4150 contineat
2975 4095 3130 4165 quod
3179 4095 3252 4150 ad
3301 4093 3641 4150 institutum
3687 4109 3786 4148 no-

2140 4183 2328 4236 strum
2387 4197 2500 4235 non
2560 4181 2769 4237 debeat
2825 4183 3101 4251 revocari,
3134 4182 3326 4239 visum
3383 4186 3473 4239 est
3525 4181 3670 4237 illud
3720 4196 3784 4236 ex

2139 4267 2334 4323 codice
2365 4284 2475 4324 ms.
2507 4268 2579 4324 ad
2618 4269 2819 4325 Jacobi
2853 4270 3018 4327 Petiti
3069 4271 3384 4327 editionem
3434 4269 3699 4328 collatam
3727 4269 3782 4322 in

2137 4356 2468 4429 Appendice
2497 4357 2790 4431 integrum
2835 4359 3070 4429 referre,
3103 4359 3370 4432 epistolis
3402 4359 3640 4426 Urbani,
3666 4374 3781 4432 quae

2135 4444 2196 4500 in
2254 4461 2321 4501 eo
2378 4446 2694 4517 habentur,
2753 4447 3048 4503 collectori
3116 4449 3354 4504 relictis.
3416 4449 3544 4504 Haec
3601 4451 3780 4506 autem

2137 4536 2260 4590 tota
2304 4551 2540 4592 summa
2588 4539 2679 4592 est
2722 4535 2969 4594 celebris
3017 4537 3180 4594 illius
3230 4537 3374 4594 litis.
3423 4537 3643 4615 Pagum
3687 4552 3776 4594 seu

2137 4623 2681 4682 archidiaconatum
2714 4624 3240 4682 Salmoriacensem
3289 4625 3632 4700 possidebat-
3652 4629 3778 4681 Gra-

2134 4711 2562 4786 tianopolitana
2609 4713 2883 4782 Ecclesia,
2925 4716 3160 4788 quando
3189 4715 3376 4772 Guido
3415 4715 3650 4774 Vienna
3689 4731 3776 4772 ar-

2137 4800 2544 4874 chiepiscopus
2565 4803 2922 4860 contendens
2944 4819 3078 4860 eum
3109 4805 3182 4859 ad
3212 4821 3332 4860 suae
3361 4803 3632 4862 Ecclesia
3651 4804 3774 4876 jura

2136 4889 2464 4963 antiquitus
2494 4891 2869 4964 pertinuisse,
2894 4891 3056 4949 litem
3087 4909 3156 4949 ea
3185 4893 3256 4948 de
3289 4910 3350 4950 re
3379 4893 3563 4950 movit
3587 4892 3769 4950 adver-

2135 4995 2238 5036 sus
2268 4980 2572 5054 Hugonem
2602 4981 3208 5055 Gratianopolitanum
3250 4982 3610 5056 episcopum.
3641 4981 3766 5040 Cum

2133 5084 2266 5126 vero
2296 5086 2402 5126 nec
2433 5069 2691 5138 Viennae,
2719 5086 2825 5128 nec
2870 5071 3376 5143 apud‘Romanos,
3400 5075 3536 5145 post
3564 5071 3769 5129 diversa

2134 5159 2593 5216 concertationes
2625 5175 2718 5215 res
2747 5160 3020 5232 componi
3055 5162 3366 5234 potuisset,
3397 5161 3584 5218 Guido
3607 5161 3658 5216 vi
3684 5175 3766 5234 pa-

2133 5263 2273 5320 gum
2305 5247 2538 5304 invasit.
2561 5249 2644 5305 Ea
2664 5249 2736 5305 de
2763 5265 2824 5305 re
2853 5249 3132 5307 commoti
3155 5250 3671 5326 Gratianopolitani
3690 5265 3766 5305 ca-

2134 5336 2328 5393 nonici
2357 5337 2430 5393 ad
2459 5337 2660 5394 sedem
2703 5337 3086 5409 apostolicam
3124 5341 3516 5414 appellarunt,
3535 5352 3762 5412 quorum

2132 5425 2402 5498 querelas
2424 5426 2646 5498 excepit
2667 5426 2960 5497 Urbanus,
2974 5428 3294 5502 statimque
3309 5429 3541 5502 Hugoni
3563 5427 3764 5502 Lugdu.

2131 5514 2299 5572 nensi
2331 5531 2438 5571 suo
2454 5514 2668 5588 :Iegato
2704 5515 3096 5589 dijudicandze
3125 5518 3308 5591 hujus
3338 5535 3528 5576 causae
3556 5517 3763 5592 provin-

2131 5603 2284 5662 ciam
2311 5603 2627 5662 commisit.
2653 5605 2756 5663 Hic
2786 5607 2940 5681 apud
2971 5607 3227 5666 Baonem
3250 5608 3467 5666 auditis
3485 5606 3752 5682 partibus,
