4000 6178
176 323 294 388 ιὲθ

1779 313 1989 391 νΙἸἋ.

3427 294 3590 406 ise

175 457 1833 534 provisionemGratianopolitanisadjudicavit,pollicitus
1861 463 1916 530 Α
1946 479 2154 518 norum
2214 462 2544 536 episcopus,
2607 467 2665 521 et
2712 465 2953 525 abbates
3000 469 3350 530 Guillelmus
3395 471 3592 533 Sancti

169 566 233 605 se
266 549 424 605 hanc
454 549 619 606 litem
651 550 712 606 in
747 549 1011 624 proximo
1043 551 1309 620 concilio,
1344 552 1499 624 quod
1530 552 1588 607 in
1619 551 1826 608 Galliis

175 637 583 695 celebraturus
631 643 807 702 esset.
838 639 1009 712 plane
1053 641 1508 714 dirempturum.
1538 642 1610 697 At
1639 640 1826 697 Guido

171 726 266 783 his
291 728 708 800 praetermissis
725 745 943 802 pagum
981 730 1242 796 retinuit,
1272 730 1552 802 misitque
1583 731 1828 786 Romam
1937 729 2133 784 Sancti

173 815 424 890 legatos,
452 818 552 890 qui
599 819 671 874 ab
709 817 838 891 ipso
879 819 1172 892 pontilice,
1195 819 1359 876 nulla
1393 821 1572 892 hujus
1603 823 1830 876 contro-

171 905 374 961 versia
423 908 722 964 mentione
763 908 932 976 facta,
987 907 1319 981 generalem
1391 909 1660 965 Ecclesiae
1709 925 1831 964 sua:

176 995 618 1068 privilegiorum
640 1002 700 1053 et
717 998 1163 1070 possessionum
1197 999 1699 1054 confirmationem
1727 1014 1828 1069 po-

173 1084 486 1142 stularent.
521 1085 686 1148 Quod
722 1087 890 1143 facile
917 1087 991 1144 ab
1012 1087 1245 1144 Urbano
1279 1087 1426 1144 nihil
1457 1087 1596 1144 mali
1642 1087 1834 1159 suspi-

172 1180 344 1230 cante
409 1175 763 1247 impetravit.
796 1178 864 1231 Et
921 1176 1160 1248 quidem
1220 1178 1274 1232 id
1339 1178 1534 1249 ipsum
1583 1180 1671 1231 est
1718 1175 1832 1231 for-

172 1270 354 1328 tasse,
420 1265 579 1336 quod
639 1266 932 1321 Goll‘ridus
1004 1266 1315 1322 Vindocini
1388 1267 1570 1322 abbas
1639 1265 1834 1320 innuit

169 1352 270 1408 lib.
305 1369 349 1416 1,
413 1353 585 1426 epist.
622 1357 683 1410 11
743 1356 816 1410 ad
875 1356 1070 1427 ipsum
1117 1355 1447 1411 Guidonem
1498 1356 1625 1426 jam
1683 1355 1831 1410 Pon-

172 1442 399 1499 tificem
431 1443 543 1498 sub
592 1443 796 1500 Calixti
826 1445 875 1499 ΙΙ
907 1445 1143 1501 nomine
1193 1445 1450 1516 scripta;
1503 1443 1603 1500 ubi
1665 1443 1714 1498 ei
1773 1443 1832 1496 in

171 1532 526 1588 memoriam
596 1537 827 1589 revocat
878 1538 1185 1606 quantum,
1243 1550 1377 1589 cum
1444 1532 1582 1589 olim
1640 1533 1834 1588 Romae

173 1626 350 1689 esset,
418 1638 521 1693 pro
577 1639 646 1678 eo
703 1623 950 1695 ejusque
1026 1622 1236 1695 legatis
1311 1623 1466 1694 apud
1533 1621 1835 1677 Urbanum

175 1709 548 1766 laboraverit.
595 1712 759 1766 Certe
813 1711 1096 1766 Guidonis
1156 1710 1387 1783 legatus
1466 1709 1836 1782 privilegium

179 1798 352 1870 quale
379 1802 681 1871 optaverat
707 1799 867 1856 brevi
899 1804 1247 1855 consecutus
1279 1804 1387 1865 est,
1421 1803 1598 1870 atque
1641 1799 1700 1853 in
1747 1814 1836 1862 eo,

183 1887 342 1960 quod
372 1887 526 1944 forte
553 1888 814 1959 pontifex
840 1887 1299 1944 controversiam
1332 1886 1494 1943 illam
1516 1887 1586 1942 de
1618 1885 1841 1942 Salmo-

184 1978 435 2034 riacensi
493 1992 644 2049 pago
673 1983 777 2032 aut
805 1977 1054 2033 nesciret
1084 1994 1346 2049 prorsus,
1379 1981 1480 2032 aut
1510 1981 1664 2032 certe
1699 1976 1838 2047 quid

182 2067 252 2123 de
299 2083 369 2122 ea
400 2067 655 2139 alegato
710 2071 998 2122 statutum
1059 2067 1250 2132 fuerit,
1285 2065 1334 2121 ei
1393 2065 1838 2121 dissimulatum

178 2156 421 2227 fuisset,
479 2156 634 2211 inter
683 2161 888 2212 cetera
946 2155 1295 2212 Viennensis
1365 2155 1635 2210 Ecclesia:
1699 2155 1839 2225 jura

179 2245 456 2302 interseri
470 2245 716 2312 curavit,
741 2261 974 2300 omnem
1004 2246 1063 2299 in
1091 2244 1506 2300 archidiaconia
1534 2243 1839 2299 Salmoria-

182 2337 331 2390 censi
354 2337 700 2406 potestatem.
727 2333 925 2406 Neque
947 2333 1005 2388 id
1036 2333 1354 2391 Viennensi
1380 2332 1572 2404 legato
1605 2330 1843 2388 difﬁcile

183 2428 328 2492 erat,
366 2423 529 2495 quod
564 2421 962 2479 Warmundus
992 2421 1276 2480 Guidonis
1323 2422 1614 2490 decessor,
1650 2420 1844 2478 simile

185 2529 440 2584 prorsus
458 2510 829 2584 privilegium
853 2529 887 2568 a
907 2511 1182 2584 Gregorio
1203 2511 1326 2567 VIII
1345 2511 1614 2583 apposita
1645 2515 1842 2566 tamen

185 2601 552 2667 conditione,
575 2617 703 2673 qua:
735 2601 795 2655 in
818 2600 929 2656 isto
965 2601 1257 2666 reticetur,
1273 2602 1400 2671 jam
1452 2601 1841 2672 impetrasset.

188 2690 342 2754 Quin
365 2695 427 2745 et
444 2689 603 2746 idem
629 2689 998 2762 privilegium
1029 2705 1144 2744 non
1191 2689 1372 2744 semel
1421 2694 1621 2761 postea
1651 2706 1683 2744 a
1714 2688 1848 2743 sub-

192 2779 586 2851 sequentibus
609 2777 982 2850 pontiticibus
1013 2779 1424 2834 confirmatum
1459 2778 1570 2833 fuit
1612 2777 1846 2850 potissi-

194 2885 360 2924 mum
411 2886 449 2924 a
483 2867 751 2923 Guidone
799 2867 948 2940 ipso,
998 2883 1133 2922 cum
1181 2884 1331 2938 papa
1388 2868 1498 2922 sub
1549 2865 1748 2922 Calixti
1798 2867 1849 2922 ΙΙ

195 2959 439 3014 nomine
461 2956 648 3012 factus
679 2960 786 3012 est.
817 2956 977 3022 Quod
1016 2954 1254 3027 quidem
1305 2955 1523 3010 mirum
1572 2960 1681 3022 est,
1713 2971 1849 3011 cum

196 3048 474 3104 Urbanus
494 3047 621 3119 ipse
645 3046 705 3100 in
743 3044 919 3101 variis
942 3045 1163 3118 passim
1198 3043 1480 3118 epistolis,
1507 3045 1705 3100 fucum
1738 3045 1849 3101 sibi

190 3138 330 3194 eoin
344 3137 584 3210 negotio
603 3136 820 3191 factum
839 3134 1017 3190 fuisse
1035 3137 1394 3190 contestatus
1413 3133 1602 3189 fuerit.
1621 3134 1846 3189 Etenim

1944 550 2242 619 Florentii,
2304 553 2636 611 Bernardus
2711 557 2951 630 Majoris
3035 563 3390 630 Monasterii,
3452 565 3596 623 alter

1939 640 2271 696 Bernardus
2324 643 2674 700 Sanctorum
2728 646 2911 719 Sergii
2962 653 3018 704 et
3050 649 3282 722 Bacchi,
3315 651 3594 710 Girardus

2221 729 2435 799 Albini,
2493 733 2759 789 Nualdus
2829 737 3008 805 Vorte,
3061 739 3307 812 Natalis]
3397 743 3597 798 Sancti

1939 817 2180 883 Nicolai,
2213 818 2522 876 Buldricus
2553 822 2814 894 Burgulii
2848 829 2904 879 et
2934 826 3228 884 Goil'ridus
3260 829 3593 902 Vindocini,

1940 907 2040 978 qui
2074 923 2278 962 omnes
2300 924 2416 963 uno
2449 909 2642 966 animo
2675 920 3032 968 censuerunt
3063 915 3374 974 Fulconem
3399 920 3596 976 absol-

1940 997 2195 1052 vendum
2227 1013 2356 1053 esse
2377 999 2488 1054 sub
2519 999 2694 1056 certis
2716 1003 3176 1071 conditionibus,
3196 1023 3446 1078 quarum
3479 1027 3599 1066 una

1941 1089 2085 1147 erat.
2115 1090 2178 1140 ut
2209 1087 2432 1159 absque
2462 1087 2636 1160 legati
2659 1090 2901 1146 consilio
2938 1109 3176 1148 uxorem
3201 1112 3315 1150 non
3339 1097 3595 1166 duceret,
3632 1155 3635 1158 ,

1942 1175 2010 1229 de
2037 1192 2271 1245 quarum
2300 1181 2691 1234 numerositate
2719 1181 3066 1251 culpabatur.
3096 1183 3154 1238 Id
3189 1188 3383 1240 actum
3418 1185 3602 1243 fuisse

1947 1264 2056 1319 hoc
2089 1281 2242 1320 anno
2277 1266 2416 1320 1094
2448 1265 2576 1339 ipso
2626 1267 2719 1322 die
2751 1269 3081 1326 Nativitatis
3113 1272 3310 1328 Sancti
3357 1273 3599 1331 Joannis

1945 1353 2242 1424 Baptistae,
2294 1355 2501 1426 probat
2545 1359 2711 1411 vetus
2771 1357 3232 1416 instrumentum
3283 1379 3351 1418 ea
3409 1365 3478 1419 de
3537 1383 3598 1421 re

1946 1443 2294 1511 confectum,
2316 1443 2408 1498 cui
2427 1461 2632 1500 omnes
2647 1447 2964 1517 supradicti
2997 1449 3250 1522 episcopi
3275 1455 3332 1506 et
3361 1451 3600 1509 abbates

1947 1530 2443 1603 subscripserunt.
2491 1533 2723 1588 Editum
2763 1540 2853 1590 est
2897 1553 2930 1591 a
2993 1537 3301 1594 Sirmondo
3336 1540 3393 1595 in
3451 1559 3603 1613 prae-

1947 1619 2147 1676 missis
2181 1622 2251 1675 ad
2286 1621 2526 1676 Goll'ridi
2558 1623 3010 1680 Vindocinensis
3033 1627 3262 1683 abbatis
3297 1631 3598 1704 opuscula.

1947 1709 2108 1764 Tunc
2160 1709 2435 1766 Urbanus
2490 1711 2682 1766 Roma:
2734 1712 2926 1768 adhuc
2973 1719 3114 1783 erat,
3149 1716 3363 1774 etenim
3411 1719 3503 1774 die
3531 1722 3604 1775 29

1949 1798 2216 1868 ejusdem
2275 1800 2497 1855 mensis
2554 1800 2732 1871 Junii,
2768 1818 2895 1873 quae
2927 1803 3078 1860 beati
3110 1804 3264 1862 Petri
3323 1809 3602 1882 martyrio

1952 1891 2290 1943 consecrata
2347 1893 2459 1956 est,
2492 1889 2710 1945 ibidem
2743 1890 3111 1965 privilegium
3161 1896 3450 1954 concessit
3478 1903 3603 1953 mo-

1953 1976 2204 2032 nasterio
2225 1977 2438 2032 Montis
2470 1978 2609 2033 Belli
2644 1997 2820 2052 prope
2852 1980 3230 2051 Placentiam,
3253 1989 3318 2040 ut
3347 1989 3506 2058 patet
3535 2002 3605 2043 ex

1951 2064 2205 2120 Historia
2234 2065 2630 2123 ecclesiastica
2660 2069 2924 2136 ejusdem
2953 2071 3136 2138 urbis,
3159 2090 3193 2128 a
3223 2073 3388 2130 Petro
3419 2075 3604 2131 Maria

1951 2153 2154 2226 Campi
2173 2155 2451 2211 canonico
2469 2155 2804 2212 Placentino
2827 2159 3001 2214 edita.
3027 2161 3140 2216 Hoc
3170 2179 3304 2218 vero
3320 2169 3604 2220 monaste-

1951 2244 2128 2311 rium,
2147 2244 2303 2315 quod
2322 2245 2463 2300 olim
2488 2245 2559 2300 ad
2588 2251 2855 2302 nostrum
2879 2249 3319 2307 Benedictinum
3335 2253 3602 2310 ordinem

1952 2333 2298 2404 pertinebat,
2315 2333 2546 2388 unitum
2567 2335 2800 2390 tandem
2821 2340 2907 2392 est
2931 2353 3024 2392 an.
3053 2339 3189 2393 1484
3221 2341 3293 2394 ab
3327 2342 3604 2398 Innocen-

1953 2422 2034 2476 tio
2048 2421 2172 2476 VlII
2184 2422 2619 2494 congregationi
2636 2424 2956 2480 Eremitaru
2967 2442 3023 2480 m
3039 2427 3224 2482 sancti
3246 2430 3600 2504 Hieronymi,

1957 2509 2041 2563 uti
2068 2509 2395 2564 observavit
2420 2509 2682 2566 Lubinus
2709 2511 2767 2566 in
2789 2512 2994 2569 notitia
3015 2514 3383 2573 abbatiarum
3403 2518 3600 2577 Italis.

1957 2624 2111 2701 CLX.
2158 2625 2408 2701 Philippi
2464 2629 2608 2701 regis
2636 2627 2960 2701 adulterinae
3018 2633 3247 2701 nuptiae.
3301 2632 3604 2690 Concilium

2029 2697 2317 2752 Remcnse.
2348 2697 2634 2769 'Pro/essio
2692 2700 2964 2756 Lamberti
3021 2697 3403 2760 Atrebatensis.
3467 2707 3604 2761 Con-

2026 2770 2247 2851 ﬁrmata
2275 2769 2474 2824 divisio
2524 2771 2892 2827 Atrebatensis
2948 2774 3206 2832 Ecclesia:
3261 2793 3295 2832 a
3349 2776 3602 2834 Camera-

2025 2856 2194 2896 087282.

2029 2955 2244 3011 Graves
2305 2961 2500 3012 autem
2557 2957 2739 3013 turba:
2787 2961 2926 3014 tunc
2959 2959 3177 3017 Gallias
3233 2963 3606 3036 exagitabant

1958 3044 2262 3100 occasione
2289 3044 2539 3118 Philippi
2570 3045 2722 3119 regis
2755 3047 3162 3119 qui,pulsa,ut
3179 3050 3304 3121 jam
3325 3051 3600 3123 diximus,

1960 3149 2135 3188 uxore
2157 3149 2282 3199 sua,
2307 3133 2645 3188 Bertradam
2670 3135 2996 3191 adulterino
3011 3138 3278 3212 conjugio
3295 3139 3408 3196 sibi
3429 3157 3603 3215 copu-

191 3208 718 3298 Gratianopolitani
749 3226 976 3280 detecta
1006 3225 1229 3290 fraude,
1250 3225 1493 3280 Romam
1530 3223 1727 3280 statim
1771 3227 1844 3280 ad
1876 3208 1918 3275 C
1957 3221 2158 3290 latam,
2193 3222 2437 3294 insuper
2467 3221 2682 3277 habitis
2739 3223 3145 3295 episcoporum
3185 3208 3250 3282 ac
3307 3208 3600 3300 pontificis

193 3314 741 3386 Urbanumlegatos
763 3314 1072 3380 miserunt,
1097 3313 1197 3385 qui
1231 3314 1300 3368 de
1348 3312 1455 3368 hac
1483 3312 1847 3386 fraudulenta

187 3407 478 3476 privilegii
535 3404 897 3475 subreplione,
932 3403 1085 3474 apud
1147 3417 1280 3457 eum
1329 3405 1842 3474 conquererentur,

192 3495 506 3566 eidemque
565 3491 967 3549 renuntiarent
1019 3491 1173 3562 quod
1243 3490 1450 3556 Guido,
1512 3495 1847 3562 contempta

191 3582 528 3656 apostolicae
552 3581 706 3638 sedis
728 3579 899 3653 legati
934 3581 1446 3650 auctoritate,ejus
1463 3578 1686 3651 judicio
1727 3597 1842 3635 non

189 3671 510 3745 paruisset.
539 3670 639 3726 His
690 3669 927 3733 auditis,
951 3668 1208 3741 pontifex
1265 3667 1462 3723 statim
1505 3667 1728 3725 litteras
1770 3669 1842 3724 ad

191 3765 502 3834 Hugonem
534 3760 1004 3832 Lugdunensem,
1041 3763 1168 3812 tum
1207 3757 1352 3813 alias
1409 3757 1480 3813 ad
1538 3757 1842 3831 Hugonem

189 3848 800 3922 Gratianopolitanum
821 3847 1157 3919 episcopum
1183 3846 1439 3918 scripsit,
1473 3846 1674 3918 eisque
1705 3865 1845 3920 prae-

189 3939 347 4010 cepit
395 3942 487 4003 ut,
549 3936 709 3992 nulla
763 3935 963 3991 habita
1023 3935 1246 3991 ratione
1317 3933 1625 4008 privilegii,
1687 3938 1842 4007 quod

189 4027 367 4099 paulo
409 4029 585 4082 antea
639 4025 826 4081 Cuido
883 4025 1237 4091 obtinuerat,
1298 4027 1422 4079 tota
1466 4023 1569 4079 illa
1618 4028 1844 4082 contro-

186 4115 378 4172 versia
401 4117 476 4170 de
497 4131 644 4188 pago
665 4113 1110 4170 Salmoriacensi
1133 4114 1524 4168 dirimeretur.
1558 4114 1840 4170 Caeterum

188 4205 356 4278 Hugo
413 4203 848 4276 Lugdunensis,
874 4203 1122 4274 receptis
1181 4200 1397 4258 Urbani
1452 4201 1683 4271 litteris,
1717 4220 1839 4259 rem

187 4297 376 4349 totam
409 4293 485 4349 ad
537 4291 852 4347 concilium
911 4292 1217 4359 Alduense,
1251 4291 1407 4363 quod
1455 4295 1588 4362 post
1619 4291 1842 4363 aliquot

189 4399 427 4438 menses
458 4386 584 4438 erat
605 4380 1028 4447 celebraturus,
1054 4380 1422 4435 referendum
1444 4396 1574 4436 esse
1590 4381 1835 4436 censuit:

188 4472 346 4544 quod
377 4472 461 4526 ita
491 4471 708 4526 factum
735 4469 914 4525 fuisse
937 4469 1182 4524 inferius
1213 4468 1559 4524 videbimus.

1955 3310 2142 3383 ipsius
2178 3309 2434 3376 monitis,
2470 3309 2718 3365 retinere
2758 3314 3181 3383 perseverabat.
3213 3315 3387 3371 Plura
3434 3334 3502 3372 ea
3530 3319 3601 3374 de

1960 3417 2019 3455 re
2053 3399 2273 3472 passim
2307 3397 2598 3454 habentur
2629 3398 2686 3454 in
2722 3399 2912 3456 Ivonis
2944 3400 3315 3459 Carnotensis
3341 3405 3600 3479 episcopi

1954 3488 2164 3544 litteris
2219 3503 2324 3542 nec
2381 3486 2627 3542 dubium
2687 3487 2828 3560 quin
2891 3504 2958 3544 ea
2988 3489 3291 3547 occasione
3329 3491 3598 3550 habitum

1954 3577 2030 3633 sit
2047 3575 2361 3633 concilium
2382 3577 2666 3633 Remense
2689 3577 2844 3650 quod
2867 3577 2975 3634 hoc
2999 3597 3153 3635 anno
3179 3597 3274 3637 x1v
3313 3581 3600 3641 Kalendas

1953 3666 2216 3722 Octobris
2245 3671 2623 3722 eonvocatum
2684 3670 2790 3722 est.
2828 3666 2897 3722 Et
2926 3669 3160 3740 quidem
3215 3687 3349 3726 cum
3408 3671 3598 3740 Berta,

1953 3756 2218 3828 legitima
2271 3755 2524 3828 Philippi
2581 3774 2742 3820 uxor,
2778 3757 2888 3812 hoc
2945 3775 3120 3825 anno,
3153 3759 3237 3813 uti
3287 3761 3512 3819 Clarius
3538 3761 3599 3818 in

1952 3846 2238 3902 Chronico
2269 3846 2464 3901 Sancti
2516 3846 2668 3902 Petri
2714 3846 2841 3900 Vivi
2891 3847 3084 3916 habet,
3116 3853 3348 3904 mortua
3401 3851 3596 3918 fuerit,

1954 3935 2227 4008 sperabat
2255 3935 2398 3990 forte
2430 3935 2762 4006 Philippum
2794 3935 3097 4007 episcopos
3119 3938 3191 3991 de
3221 3955 3331 3993 sua
3375 3938 3432 3993 in
3465 3944 3599 3996 Ber-

1951 4025 2178 4079 tradam
2214 4023 2694 4095 superinductam
2727 4024 3032 4080 severitate
3062 4024 3288 4096 aliquid
3327 4042 3456 4082 esse
3508 4042 3597 4081 re-

1952 4113 2256 4168 missuros.
2282 4111 2435 4166 Nihil
2459 4112 2615 4167 enim
2667 4129 2780 4167 non
2808 4113 3093 4181 movebat,
3129 4113 3441 4186 omniaque
3471 4114 3598 4188 pol-

1951 4201 2254 4266 lieebatur,
2288 4205 2353 4256 ut
2399 4200 2511 4255 sibi
2572 4201 2694 4256 haec
2752 4200 2964 4256 mulier
3020 4201 3226 4258 saltem
3259 4203 3329 4259 ad
3362 4203 3597 4277 aliquod

1949 4296 2203 4363 tempus,
2229 4294 2292 4345 ut
2323 4289 2380 4343 in
2404 4289 2577 4361 epist.
2603 4291 2670 4344 47
2695 4289 2787 4344 Ivo
2821 4291 2891 4345 ad
2926 4290 3236 4348 Widonem
3267 4291 3598 4366 dapiferum

1950 4381 2173 4449 scribit,
2209 4379 2656 4451 relinqueretur.
2690 4378 2844 4437 Nihil
2879 4385 3073 4435 tamen
3107 4381 3165 4435 in
3225 4380 3319 4438 his
3375 4399 3500 4455 quae
3531 4399 3600 4438 ex

1950 4468 2194 4524 concilio
2217 4468 2488 4524 Remensi
2503 4471 2841 4540 supersunt,
2857 4468 3168 4540 legitur,de
3189 4468 3440 4543 Philippi
3456 4487 3600 4543 nup-

190 4578 375 4633 CLIX.
404 4577 571 4632 Falco
626 4591 799 4634 comes
847 4576 1244 4647 Andegavonsis
1293 4575 1566 4631 absolutus
1614 4577 1675 4630 in
1716 4593 1842 4632 con-
1873 4578 1920 4644 D
1951 4559 2049 4614 ῒίίε
2071 4577 2084 4628 ἓ
2110 4559 2219 4614 ﬂigi
2248 4559 2390 4614 forte
2413 4558 2568 4630 qu°d
2594 4557 2665 4613 ad
2690 4557 2839 4647 hanc
2881 4558 3172 4647 SynPdum
3202 4558 3483 4647 invitatus
3507 4560 3597 4616 Ῑνο

259 4653 429 4704 ventu
459 4648 604 4720 apud
634 4650 986 4704 Florentium.
1007 4648 1372 4716 Privitegium
1395 4649 1586 4704 Montis
1607 4649 1767 4703 Belli.

257 4738 423 4793 Idem
457 4737 621 4810 Hugo
653 4736 916 4808 Lugduni
946 4736 1190 4791 antistes
1214 4737 1556 4792 mandatum
1590 4735 1748 4792 aliud
1775 4753 1842 4792 eo

187 4832 454 4897 tempore
511 4825 584 4881 ab
643 4825 876 4880 Urbano
918 4824 1153 4896 recepit,
1187 4839 1396 4896 nempe
1423 4828 1488 4879 ut
1527 4824 1840 4882 Fulconem

191 4912 518 4970 Rechinum
552 4914 998 4986 Andegavorum
1027 4913 1301 4968 comitem
1354 4913 1451 4984 qui
1482 4913 1838 4984 jamdudum

186 5004 264 5058 ob
296 5008 532 5074 captum
575 5003 633 5057 in
669 5002 819 5058 bello
842 5009 897 5058 et
921 5001 1136 5057 carceri
1170 5001 1568 5074 mancipatum
1601 5003 1836 5058 fratrem

185 5109 364 5147 suum
396 5091 765 5158 Gaufridum,
787 5090 1325 5147 excommunicatus
1361 5091 1566 5158 fuerat,
1601 5090 1648 5145 si
1681 5090 1837 5152 salva

178 5180 415 5252 justitia
475 5181 600 5236 ﬁeri
650 5185 867 5253 posset,
929 5180 1331 5236 communioni
1391 5179 1737 5236 restitueret.
1768 5183 1841 5235 At

181 5271 327 5326 illud
354 5271 660 5344 negotium
683 5287 798 5325 non
820 5269 962 5325 levis
987 5285 1116 5325 esse
1152 5268 1434 5325 momenti
1465 5273 1626 5324 ratus
1648 5269 1834 5342 Hugo,

1952 4648 2036 4704 ire
2059 4647 2270 4714 renuit,
2292 4651 2355 4702 ut
2378 4651 2535 4718 patet
2563 4663 2630 4700 ex
2654 4646 2782 4715 eius
2804 4645 3048 4718 epistola
3064 4648 3134 4702 35
3155 4647 3226 4703 ad
3262 4646 3597 4706 Richerium

1953 4738 2348 4792 Senonensem
2407 4740 2464 4790 et
2521 4733 2666 4790 alios
2724 4735 2922 4789 Patres
2982 4735 3041 4790 in
3099 4752 3168 4792 ea
3219 4743 3598 4810 congregatos

1952 4826 2169 4898 scripta
2191 4825 2566 4898 potissimum
2589 4826 2660 4879 ob
2683 4825 2764 4893 id,
2789 4825 2942 4897 quod
2972 4825 3326 4896 pram'debat
3347 4843 3462 4881 non
3484 4823 3597 4882 sibi

1950 4916 2038 4970 fas
2060 4915 2322 4969 futurum
2348 4913 2456 4968 hac
2482 4914 2537 4967 in
2573 4914 2795 4986 synodo
2825 4914 3130 4970 veritatem
3163 4912 3412 4969 dicendi.
3435 4911 3597 4968 Unde

1947 5006 2169 5058 caeteris
2193 5002 2484 5073 episcopis
2520 5001 2765 5056 nimiam
2799 5018 3000 5057 eorum
3033 5000 3458 5073 indulgentiam
3499 5016 3594 5055 ex-

1947 5092 2205 5163 probrat,
2227 5090 2348 5162 regi
2385 5089 2496 5162 ipsi
2539 5090 2716 5146 nimis
2739 5090 3042 5147 exitiosam
3077 5105 3283 5161 :quem
3309 5089 3598 5164 nempe,si

1949 5179 2204 5235 remedio
2235 5181 2363 5250 ejus
2396 5177 2548 5234 malo
2602 5180 3008 5236 convenientia
3039 5182 3096 5234 et
3127 5179 3403 5246 cauteria,
3425 5180 3596 5251 juxta

1948 5287 2169 5326 morem
2200 5269 2520 5342 peritorum
2548 5269 2907 5326 medicorum
2940 5267 3216 5324 adhibere
3247 5268 3590 5339 voluissent,

181 5359 407 5434 aliquot
435 5359 746 5432 episcopos
777 5363 833 5414 et
861 5359 1102 5415 abbates
1132 5358 1414 5426 invitavit,
1443 5362 1508 5413 ut
1539 5375 1737 5414 secum
1770 5375 1838 5414 ea
1940 5358 2327 5430 perduxissent
2383 5357 2452 5412 ad
2501 5363 2800 5430 perfectam
2847 5359 3160 5413 sanitatem.
3194 5353 3408 5416 Multos
3460 5377 3594 5416 vero

180 5451 248 5505 de
275 5467 340 5505 re
377 5451 720 5505 tractarent.
752 5447 1160 5505 Convenerunt
1185 5447 1382 5521 itaque
1414 5465 1548 5503 cum
1579 5464 1646 5504 eo
1679 5448 1835 5521 apud

178 5539 513 5596 ccenobium
536 5539 736 5594 Sancti
771 5537 1046 5594 Florentii
1074 5537 1422 5595 Aldebertus
1451 5536 1836 5610 archiepisco-

175 5645 284 5714 pus
310 5628 731 5704 Biturieensis,
765 5625 1083 5703 Ouveldus,
1125 5643 1229 5689 seu
1268 5625 1479 5688 Ivellus
1516 5627 1836 5689 Cenoman-

1944 5448 2625 5521 episcoposetprincipes
2654 5447 2724 5503 ad
2747 5445 2892 5502 illud
2945 5446 3240 5504 Remense
3281 5449 3595 5506 concilium

1943 5537 2283 5595 convenisse
2304 5538 2472 5595 testis
2493 5541 2582 5594 est
2601 5536 2729 5610 ipse
2750 5535 3087 5612 Raynoldus
3117 5538 3594 5613 archiepiscopus
3669 5617 3684 5622 _

1944 5630 2262 5690 Remorum
2316 5628 2376 5688 in
2433 5626 2683 5708 epistola
2711 5626 2784 5687 ad
2816 5627 3093 5689 comitem
3119 5629 3402 5694 Flandrie
3437 5646 3454 5707 ,ς
3484 5643 3590 5694 nec
