4000 6178
356 341 363 369 ἲ
408 263 528 329 131

1716 262 1789 328 Β.
1831 260 2126 341 URBANI
2170 262 2221 326 Il
2265 259 2519 326 ΡΑΡΑΞ.

3650 278 3671 287 "
3702 266 3840 329 432

414 402 630 460 mirum
687 416 823 457 cum
855 398 906 458 ei
937 399 1063 476 ipse
1114 395 1604 481 rexrinterfuerit,
1637 402 1695 454 et
1751 397 2055 471 episcopos
2084 398 2140 466 Α
2169 396 2938 467 Suessionensis’mortem,
2997 402 3201 473 utpote
3258 412 3509 473 quorum
3558 401 3833 471 primum

412 490 793 563 quamplures
841 491 956 548 huc
1012 492 1217 549 adesse
1272 489 1536 555 voluerit,
1575 494 1639 544 ut
1676 487 1960 544 discimus
1991 503 2061 543 ex

353 566 358 573 Α
403 581 529 652 jam
551 580 787 637 laudato
811 579 1022 648 Clario,
1046 580 1146 653 qui
1181 581 1251 635 ad
1285 579 1444 635 hunc
1474 595 1698 633 annum
1717 578 1853 633 1094
1885 577 2060 633 refert

410 669 748 743 Philippum
807 686 1005 742 regem
1060 683 1447 740 congregasse
1509 666 1939 740 archiepiscopo:
2006 669 2059 722 et

388 760 679 832 episcopos
708 760 869 828 regni
895 759 986 813 sui
1025 759 1084 812 in
1140 758 1360 813 civitate
1410 758 1681 826 Remensi,
1713 772 1967 828 eumque
2023 772 2059 811 a

410 847 678 903 Ricberio
728 844 1179 921 metropolitano
1239 845 1587 911 Senonensi,
1634 861 1784 918 aegre
1841 845 2059 901 ferente

409 934 553 991 illud
583 934 894 991 concilium
930 940 1094 991 extra
1118 952 1289 992 suam
1347 935 1708 1009 provinciam
1754 933 2057 1003 celebrari,

408 1024 772 1097 impetrasse,
794 1027 861 1078 ut
882 1023 1094 1080 Remos
1115 1041 1349 1097 quoque
1370 1040 1505 1080 cum
1522 1024 1747 1080 caeteris
1767 1022 2057 1095 episcopis

316 1126 323 1134 '
406 1112 759 1179 conveniret,
782 1112 937 1184 quod
990 1112 1327 1186 Raynoldus
1349 1112 1638 1185 podagrico
1686 1112 1870 1168 dolore
1923 1128 2056 1167 con-

405 1203 614 1257 tractus
638 1200 903 1272 progredi
932 1217 1043 1257 non
1081 1204 1260 1272 posset
1290 1219 1320 1257 e
1349 1219 1451 1257 sua
1493 1202 1633 1257 sede.
1669 1202 1810 1257 Tres
1868 1200 2056 1256 archi-

403 1288 662 1363 episcopi
692 1293 749 1345 et
777 1290 1035 1362 episcopi
1068 1296 1292 1363 septem
1315 1291 1416 1363 qui
1457 1291 1595 1347 huic
1626 1290 1848 1364 synodo
1876 1290 2055 1345 inter-

406 1380 586 1446 fuere,
610 1383 991 1435 recensentur
1008 1378 1069 1435 in
1091 1379 1287 1436 codice
1309 1398 1421 1437 ms.
1442 1397 1619 1453 quem
1649 1397 1765 1452 prae
1784 1380 2056 1435 manibus

407 1468 715 1525 habemus.
740 1468 785 1522 li
817 1472 983 1524 erant
1008 1468 1347 1542 Raynoldus
1390 1467 1718 1537 Remensis,
1751 1466 2058 1525 Richerius

358 1551 365 1557 ’
406 1557 785 1622 Senonensis,
818 1562 877 1612 et
907 1556 1151 1614 Raulfus
1181 1558 1543 1614 Turonensis
1576 1556 2012 1629 metropolitani
2039 1574 2053 1624 ;

403 1644 659 1718 episcopi
683 1662 815 1701 vero
843 1645 1159 1701 Gaufridus
1182 1646 1546 1715 Parisiensis,
1571 1646 1882 1702 Gauterius
1915 1644 2054 1701 Mel-

404 1734 623 1801 densis,
646 1736 806 1807 Hugo
836 1735 1296 1803 Suessionensis,
1315 1734 1676 1792 Helinandus
1699 1734 2054 1791 Laudunen-
2082 1770 2132 1835 B

405 1823 507 1892 sis,
541 1823 817 1880 Rabodus
846 1823 1274 1891 Noviomensis,
1302 1824 1585 1881 Gervinus
1614 1822 2050 1892 Ambianensis,

405 1916 462 1968 et
485 1911 651 1985 Hugo
700 1912 1170 1969 Silvanectensis.
1204 1912 1351 1977 Quid
1411 1919 1609 1969 autem
1644 1913 1715 1969 ab
1747 1912 1833 1968 eis
1864 1916 2052 1968 statu-

403 2005 532 2057 tum
562 2000 756 2069 fuerit,
782 2017 887 2057 nec
918 2001 979 2056 in
1010 2001 1122 2057 isto
1182 2001 1378 2057 codice
1407 2000 1676 2069 habetur,
1710 2017 1815 2057 nec
1871 2000 2056 2073 liquet

405 2107 474 2145 ex
532 2088 652 2146 ullo
709 2088 821 2146 alio
874 2095 1276 2146 monumento.
1306 2092 1380 2145 At
1435 2088 1707 2146 nonnihil
1752 2089 1822 2144 de
1851 2090 2051 2145 eadem

404 2180 625 2253 synodo
684 2178 937 2235 dicimus
989 2196 1058 2235 ex
1087 2179 1268 2251 gestis
1326 2178 1624 2235 Lamberti
1654 2178 2053 2235 Atrebatcnsis

402 2267 681 2341 episcopi,
714 2284 889 2340 quem
936 2267 1259 2324 antistitem
1290 2268 1341 2323 ei
1391 2266 1727 2323 interfuisse
1785 2271 2048 2334 constat;

366 2354 377 2357 ’
402 2357 559 2412 unde
580 2356 798 2412 mirum
822 2361 910 2413 est
930 2355 1093 2412 illum
1118 2356 1271 2412 inter
1303 2360 1560 2425 caeteros,
1596 2373 1744 2428 quos
1774 2373 1953 2428 supra
1984 2372 2053 2411 ex

402 2446 530 2502 cod.
546 2462 657 2502 ms.
674 2445 1100 2515 recensuimus,
1119 2445 1311 2501 locum
1327 2462 1442 2501 non
1466 2444 1700 2501 habere.
1716 2445 1820 2500 Hic
1837 2445 2053 2517 quippe

374 2544 377 2547 '
402 2538 534 2606 post
546 2535 817 2606 adeptam
835 2534 926 2590 dic
953 2534 1338 2601 Pentecostes,
1367 2538 1432 2590 ut
1451 2532 1728 2601 diximus,
1752 2534 1909 2589 sedis
1931 2551 2050 2589 suae

401 2612 854 2696 possessionem,
869 2639 1005 2678 cum
1018 2624 1231 2679 Remos
1246 2640 1361 2679 non
1382 2622 1636 2678 venisset
1649 2622 1883 2679 solitam
1902 2638 2053 2679 com-

374 2711 847 2785 provincialium
876 2710 1113 2784 Belgicae
1146 2710 1415 2767 secundae
1432 2710 1842 2784 episcoporum
1875 2709 2051 2766 matri

373 2788 658 2855 ecclesiae
708 2794 772 2853 et
825 2798 953 2869 ejus
991 2797 1408 2854 archiantistiti
1439 2799 2063 2870 subjectionemjuxta—

402 2902 655 2943 canones
677 2887 1071 2959 professurus,
1106 2891 1464 2960 conquestus
1493 2892 1583 2943 est
1611 2905 1679 2944 ea
1706 2889 1777 2943 de
1808 2903 1869 2943 re
1901 2888 2049 2960 Ray-

406 2975 618 3031 noldus
640 2975 1027 3048 metropolita,
1063 2980 1130 3032 ut
1151 2980 1310 3049 patet
1330 2993 1465 3033 cum
1486 2993 1553 3031 ex
1573 2975 1782 3032 litteris
1807 2992 2047 3032 excusa-

2166 488 2403 543 illustris
2451 492 2501 543 et
2556 488 2886 547 veneranda
2960 490 3263 560 memoriae,
3322 487 3574 546 alterum
3638 491 3833 562 dignae

2166 579 2442 632 memoriae
2470 577 2730 633 domnum
2751 576 3027 650 appellat,
3048 578 3272 634 caeteris
3293 594 3426 634 vero
3446 579 3670 651 absque
3699 580 3829 637 ullo

2167 666 2363 721 addito
2385 670 2665 734 recenset,
2703 665 2817 722 nisi
2843 667 2994 739 quod
3032 667 3334 740 Hugonem
3378 668 3686 738 gloriosum
3707 669 3828 726 Sil-

2165 762 2537 812 vanectensem
2560 756 2873 827 episcopum
2902 756 3279 829 nuncupavit.

2238 845 2301 900 In
2327 846 2531 900 eadem
2562 844 2783 917 synodo
2804 846 3245 917 comprobatam
3267 845 3448 903 fuisse
3468 845 3823 904 divisionem

2167 933 2496 1006 utriusque,
2539 933 2976 990 Cameracensis
3034 933 3258 991 scilicet
3299 938 3359 990 et
3410 935 3815 992 Atrebatensis

2166 1021 2457 1090 Ecclesiae,
2490 1021 2686 1077 innuit
2740 1021 2867 1094 ipse
2924 1023 3268 1079 Lambertus
3326 1024 3386 1078 in
3442 1023 3691 1097 epistola
3739 1026 3818 1081 ad

2167 1110 2428 1166 Odonem
2455 1110 2794 1182 episcopum
2816 1110 3316 1180 Cameracensem,
3351 1112 3452 1184 qui
3483 1112 3629 1170 velle
3654 1112 3819 1171 vide-

2165 1199 2339 1255 batur
2364 1199 2647 1255 terminos
2679 1199 2829 1255 inter
2860 1204 3174 1272 utramque
3220 1200 3536 1257 Ecclesiam
3595 1202 3817 1258 consti-

2166 1292 2328 1343 tutos
2379 1288 2724 1344 auctoritate
2782 1289 3153 1361 imperatoris
3202 1288 3545 1347 convellere.
3581 1291 3643 1345 In
3703 1290 3819 1346 hac

2166 1376 2414 1449 epistola
2426 1377 2772 1433 Lambertus
2784 1378 3076 1433 testaturd
3087 1378 3391 1434 ivisionem
3413 1377 3817 1435 Atrebatensis

2166 1465 2432 1522 Ecclesiae
2463 1483 2499 1521 a
2543 1467 2942 1523 Cameracensi
2990 1467 3204 1522 factam
3248 1467 3455 1535 fuisse,
3482 1483 3583 1539 per
3631 1470 3816 1526 consi-

2168 1557 2308 1611 lium
2337 1559 2388 1611 et
2417 1556 2698 1611 auxilium
2742 1557 2954 1612 Robertz
3011 1558 3243 1626 comitis,
3278 1557 3339 1613 in
3358 1558 3511 1630 cujus
3554 1561 3819 1629 potestate

2164 1645 2481 1701 Atrebatum
2526 1648 2682 1712 erat;
2715 1661 2926 1701 necnon
2976 1662 3081 1718 per
3133 1647 3415 1702 licentiam
3449 1649 3498 1703 et
3529 1662 3817 1702 assensum

2164 1735 2415 1806 Philippi
2438 1735 2772 1790 Francorum
2815 1736 2958 1806 regis
2997 1735 3061 1790 de
3089 1736 3242 1806 cujus
3276 1750 3444 1805 regno
3492 1735 3816 1793 Atrebatum

2160 1839 2272 1879 esse
2320 1822 2679 1891 dignoscitur,
2703 1830 2755 1878 et
2780 1839 2882 1896 per
2935 1824 3171 1879 concilia
3217 1823 3322 1879 sub
3380 1824 3664 1897 Roynaldo
3715 1840 3812 1879 ar-

2160 1913 2492 1984 chiepiscopo
2523 1912 2700 1967 Remis
2723 1911 2932 1981 habita,
2957 1921 3009 1969 et
3047 1929 3147 1984 per
3174 1915 3554 1969 auctoritatem
3598 1921 3813 1985 aposto-

2161 2001 2289 2058 licae
2303 2000 2444 2057 sedis
2463 2008 2513 2055 et
2545 2001 2755 2057 Urbani
2787 2001 3022 2057 Romani
3037 2002 3313 2074 pontiﬁcis
3350 2003 3420 2059 Il.
3458 2000 3621 2059 Unde
3652 2005 3813 2074 patet

2162 2089 2310 2146 hanc
2354 2087 2702 2162 episc0palis
2765 2089 3022 2162 antiquae
3107 2090 3265 2147 sedis
3317 2090 3810 2147 restaurationem

2161 2180 2383 2252 absque
2413 2177 2691 2251 legitimis
2720 2178 3176 2247 conditionibus,
3207 2180 3362 2252 quod
3394 2178 3579 2252 aliqui
3608 2195 3809 2237 recen-

2160 2268 2337 2323 tiores
2368 2265 2800 2336 existimarunt,
2831 2267 2990 2323 haud
3023 2272 3497 2325 consummatam
3528 2268 3732 2325 fuisse.

2232 2355 2421 2411 Unum
2455 2359 2731 2428 praeterea
2759 2370 2827 2410 ex
2855 2360 3076 2425 nostro,
3111 2357 3251 2413 item
3290 2358 3417 2413 cod.
3452 2374 3588 2423 ms.,
3622 2356 3809 2413 disci-

2161 2461 2295 2500 mus
2316 2444 2375 2499 in
2398 2445 2600 2500 eadem
2622 2444 2844 2517 synodo
2868 2444 3106 2513 factum,
3130 2446 3462 2505 Manassem
3492 2445 3711 2502 scilicet
3727 2446 3805 2502 ad

2160 2533 2637 2589 Cameracensem
2686 2532 3006 2589 Ecclesiam
3065 2533 3334 2603 electum,
3362 2535 3557 2591 nescio
3587 2533 3809 2606 quibus

2159 2620 2385 2677 occulte
2433 2638 2569 2691 eum
2616 2620 3022 2690 incitantibus,
3053 2622 3291 2694 petiisse
3345 2627 3412 2679 ut
3456 2623 3807 2680 Atrebatum

2160 2709 2564 2765 restitueretur
2594 2708 2859 2765 Ecclesia:
2882 2710 3306 2767 Cameracensi.
3332 2710 3808 2769 Referendasunt

2160 2798 2414 2853 auctoris
2428 2797 2612 2854 nostri
2633 2798 2826 2854 verba.
2848 2822 2875 2849 «
2899 2798 3050 2854 Dum
3069 2815 3226 2873 ergo,
3250 2799 3461 2872 inquit,
3484 2804 3806 2858 Remorum

2156 2885 2507 2942 venerabilis
2538 2884 3011 2959 archiepiscopus
3052 2888 3387 2961 Raynoldus
3448 2888 3804 2956 Manassem,

2157 2969 2636 3031 archidiaconum
2680 2977 3049 3043 Remensem,
3080 2976 3482 3032 Cameracensi
3534 2975 3806 3033 Ecclesiae

302 3126 309 3131 λ
402 3064 566 3120 toriis
595 3064 885 3121 Lamberti
911 3065 982 3120 ad
1005 3064 1199 3137 ipsum
1246 3064 1619 3139 Raynoldum
1640 3107 1653 3131 ,
1688 3068 1814 3120 tum
1869 3065 2046 3120 etiam
2090 3134 2117 3139 ᾗ
2151 3065 2278 3135 jam
2300 3063 2670 3135 designatum
2691 3063 3053 3136 episcopum,
3078 3065 3616 3131 commonefaceret,
3641 3069 3707 3120 ut
3727 3065 3805 3122 ad

378 3151 471 3210 'ex
500 3152 632 3209 aliis
662 3153 735 3210 ad
768 3134 1233 3226 metropolitanaa
1278 3134 1535 3211 ecclesia:
1595 3153 1815 3209 clerum
1871 3154 2047 3222 datis,
2078 3134 2121 3201 C
2156 3134 2399 3210 titulum
2422 3134 2864 3207 Cameracensis
2893 3134 3157 3208 Ecclesiae
3188 3170 3385 3209 sacros
3414 3151 3645 3209 ordines
3673 3153 3803 3225 epi-

402 3242 615 3316 quibus
644 3227 1003 3314 pro‘testatur
1033 3242 1145 3298 sibi
1176 3243 1438 3299 nondum
1468 3241 1707 3298 licuisse
1743 3242 1853 3297 iter
1899 3241 2042 3298 illud

378 3328 659 3404 aggredi,
692 3330 846 3403 quod
878 3347 939 3386 se
969 3334 1089 3386 toto
1121 3331 1318 3387 animo
1368 3330 1659 3387 facturum
1717 3329 2044 3403 pollicetur,

402 3420 844 3493 quamprimum
864 3418 917 3474 ei
943 3417 1188 3475 facultas
1205 3419 1341 3475 data
1363 3419 1537 3476 fuerit
1563 3423 1646 3487 ;et
1668 3420 1861 3491 reipsa
1872 3418 2046 3492 paulo

402 3511 603 3580 postea
633 3508 845 3563 Remos
872 3507 1030 3562 venit
1081 3524 1148 3563 ac
1200 3507 1620 3580 professionem
1678 3506 1833 3576 fecit,
1864 3523 2048 3564 mense

384 3582 699 3669 Septembri
749 3613 826 3662 x1,
885 3595 1151 3652 Kalendas
1208 3597 1466 3665 Octobris,
1518 3597 1607 3652 die
1662 3597 1851 3651 Natali
1905 3596 2049 3652 beati

401 3683 646 3742 Malthaei
700 3685 932 3756 apostoli
961 3692 1011 3740 et
1056 3672 1433 3757 evangelistae,
1457 3685 1756 3740 indictione
1806 3699 1871 3751 ιι,
1899 3700 2045 3741 anno

405 3774 546 3829 1094
590 3777 647 3829 et
691 3773 928 3846 quidem
987 3772 1047 3828 in
1104 3773 1232 3846 ipso
1264 3772 1527 3841 concilio,
1561 3772 1716 3845 quod
1752 3773 1881 3844 jam
1914 3790 1947 3829 a
1973 3791 2048 3830 xv

402 3861 690 3918 Kalendas
748 3862 1012 3933 ejusdem
1045 3863 1266 3919 mensis
1324 3863 1643 3934 incceptum
1684 3866 1827 3929 erat,
1862 3866 1927 3918 ut
1978 3879 2047 3919 ex

401 3949 684 4025 Raynoldi
714 3949 961 4022 epistola
990 3950 1062 4005 ad
1095 3950 1414 4007 Robertum
1447 3950 1717 4006 comitem
1762 3949 2045 4007 Flandriaa

399 4044 580 4113 patet.
614 4038 908 4096 Lamberti
940 4042 1136 4094 autem
1166 4040 1494 4096 consecratio
1526 4043 1660 4112 post
1706 4044 2045 4112 susceptam

400 4129 529 4200 ejus
562 4144 723 4184 more
766 4126 1158 4183 ecclesiastico
1208 4128 1652 4200 professionem,
1683 4145 1718 4184 a
1748 4127 2046 4201 Raynaldo

401 4216 848 4288 metropolitano
865 4216 1203 4288 caeterisquc
1236 4216 1540 4289 provinciae
1564 4217 1873 4288 episcopis,
1881 4219 2049 4288 juxta

400 4304 590 4360 damni
624 4318 782 4376 papae
844 4303 1052 4359 Urbani
1087 4312 1359 4378 prxcepta
1413 4304 1758 4361 conﬁrmata
1814 4305 1945 4371 fuit,
1982 4310 2049 4361 ut

399 4394 650 4447 testatur
670 4391 827 4448 idem
852 4391 975 4464 ipse
1007 4390 1343 4464 Raynoldus
1372 4390 1430 4446 in
1460 4392 1709 4464 epistola
1741 4409 1877 4449 mox
1916 4393 2041 4449 lau-

2156 3239 2567 3314 scOpalemque
2592 3240 3089 3297 consecrationem
3109 3242 3403 3315 suscipere
3438 3245 3804 3314 procuraret,

2155 3331 2389 3388 hortatu
2408 3329 2799 3401 quorumdam
2827 3346 3072 3386 suorum
3093 3332 3174 3387 ait
3190 3348 3203 3387 :
3220 3330 3462 3387 Reddite
3479 3329 3626 3386 mihi
3645 3332 3809 3386 Atre-

2153 3422 2381 3487 batum,
2405 3418 2497 3474 cui
2519 3418 2795 3491 providus
2816 3421 2873 3474 et
2886 3418 3119 3489 sapiens
3141 3420 3616 3492 archiepiscOpus
3630 3418 3806 3491 quasi

2155 3509 2434 3565 invective
2477 3507 2781 3579 respondit
2812 3506 3090 3562 :Domine
3120 3507 3441 3575 Manasses,
3463 3506 3642 3563 vultis
3664 3523 3800 3565 esse

2155 3597 2381 3672 primus
2403 3594 2943 3652 excommunicatus
2963 3595 3035 3650 ab
3058 3594 3378 3666 apostolica
3400 3595 3557 3664 sede,
3582 3601 3642 3650 et
3669 3597 3802 3667 ejus

2155 3690 2518 3744 decretorum
2541 3687 2599 3738 et
2617 3682 3101 3738 constitutionum
3123 3682 3369 3739 violator
3397 3684 3680 3741 existere?
3694 3702 3803 3758 pro

2154 3777 2263 3832 hac
2293 3789 2428 3846 ergo
2460 3774 2927 3845 praesumptuosis.
2961 3772 3220 3827 Atrebati
3280 3772 3692 3829 reclamatione
3742 3777 3805 3830 et

2154 3862 2522 3922 oblocutione
2550 3861 2621 3917 ad
2640 3859 3095 3932 increpationem
3110 3861 3532 3934 archiepiscopi
3563 3859 3798 3933 culpam

2155 3950 2507 4025 recognovit,
2529 3949 2757 4006 veniam
2779 3948 2964 4022 petiit,
2994 3954 3051 4005 et
3080 3950 3140 4005 in
3169 3950 3416 4007 concilio
3475 3950 3800 4007 absolutio-

2155 4058 2289 4097 nem
2311 4038 2679 4096 satisfaciens
2697 4037 2976 4109 suscepit.
2994 4060 3022 4087 »
3044 4038 3159 4094 Nec
3184 4038 3355 4111 plura
3369 4039 3440 4094 de
3452 4038 3560 4094 hoc
3580 4038 3803 4111 synodo

2154 4130 2331 4186 habet
2363 4127 2459 4183 ille
2487 4131 2715 4199 auctor,
2747 4126 2861 4182 nisi
2913 4126 3067 4199 quod
3102 4126 3449 4184 Lambertus
3481 4130 3800 4199 antequam

2155 4218 2355 4274 Remio
2376 4214 3061 4289 egrederetur,invitatus
3082 4216 3153 4270 ad
3178 4215 3491 4272 concilium
3515 4216 3803 4272 [Eduense

2155 4306 2332 4362 fuerit
2379 4306 2451 4361 ab
2493 4304 2734 4376 Hugone
2764 4303 3138 4376 Lugdunensi
3181 4302 3641 4376 archiepiscopo,
3701 4302 3804 4376 qui

2153 4394 2300 4450 illud
2332 4393 2399 4450 ad
2436 4393 2591 4449 diem
2622 4393 2831 4448 Iduum
2863 4391 3126 4448 Octobris
3182 4392 3598 4448 celebrandum
3635 4393 3807 4463 juxta

393 4480 539 4536 'data
596 4479 669 4535 ad
732 4479 1011 4534 Flandriae
1070 4480 1365 4548 comitem,
1427 4480 1673 4552 ideoque
1748 4482 2126 4565 referendaD
2157 4481 2374 4540 Urbani
2394 4480 3389 4537 mandatumindixerat.Manasses
3415 4498 3547 4537 vero
3571 4480 3806 4537 nonnisi

342 4634 351 4643 .
402 4568 554 4624 inter
591 4566 807 4623 Urbani
839 4566 1084 4623 litteras.
1108 4567 1439 4624 Recitatum
1490 4586 1724 4642 quoque
1757 4570 1837 4625 ibi
1869 4571 2050 4629 fuisse

399 4656 766 4713 Atrebatensi
781 4654 1045 4711 Ecclesiae
1070 4655 1441 4729 privilegium
1465 4658 1753 4714 discimus
1773 4676 1840 4714 ex
1853 4666 2051 4717 nostro

393 4745 520 4818 jam
543 4743 778 4801 laudato
801 4757 910 4800 ms.
937 4745 1086 4812 cod.,
1116 4744 1215 4800 ubi
1240 4744 1455 4818 legitur
1474 4746 1531 4801 id
1553 4749 1609 4801 in
1629 4749 2051 4820 metropolitano

402 4834 628 4890 basilica
654 4833 817 4888 beata
847 4834 1036 4890 Mariae
1063 4850 1280 4905 semper
1309 4835 1544 4903 virginis
1575 4836 1817 4893 dominae
1845 4848 2051 4896 nostra?

400 4924 619 4979 factum
655 4921 856 4990 fuisse,
890 4923 953 4977 in
977 4924 1312 4994 provinciali
1339 4931 1391 4979 et
1420 4924 1621 4979 celebri
1675 4926 1927 4994 concilio,
1960 4929 2052 4982 cui

398 5013 654 5084 interfuit
682 5011 967 5083 Philippus
1018 5027 1121 5066 rex
1165 5012 1523 5077 Francorum,
1558 5013 1700 5083 quod
1757 5015 2052 5071 celebravit

400 5094 751 5173 Raynoldus,
811 5100 1223 5157 consedentibus
1250 5102 1368 5173 ejus
1426 5102 1654 5157 concilio
1704 5101 1913 5158 duobus
1957 5121 2049 5159 ar-

399 5189 752 5261 chiepiscOpis
780 5197 831 5245 et
857 5190 1119 5261 episcopis
1148 5197 1367 5262 septem,
1400 5206 1549 5260 quos
1606 5208 1789 5264 supra
1826 5208 2049 5248 memo-

402 5277 661 5332 ravimus
689 5294 702 5344 ;
734 5278 1136 5334 archidiaconis
1187 5294 1397 5352 quoque
1423 5283 1477 5335 et
1504 5278 1790 5335 abbatibus
1824 5283 2048 5352 provin-

401 5367 507 5423 εἰῶ
531 5366 808 5422 Remensis
839 5368 897 5421 in
926 5367 1109 5423 eodem
1136 5367 1365 5424 concilio
1392 5384 1517 5423 cum
1555 5368 1775 5424 honesto
1804 5370 1948 5425 clero
1995 5374 2051 5426 et

398 5454 600 5528 populo
630 5455 1066 5512 consistentibus.
1096 5456 1225 5513 Haec
1274 5455 1567 5513 scribebat
1615 5460 1779 5511 vetus
1840 5462 2048 5513 auctor

402 5541 577 5637 paulo
605 5547 739 5621 post
765 5542 1047 5623 Reynoldi
1074 5543 1380 5604 Remensis
1409 5546 1466 5605 et
1492 5541 1754 5619 Hugonis
1785 5544 2047 5626 episcopi

2161 4576 2293 4645 post
2309 4570 2553 4644 longum
2574 4574 2808 4642 tempus
2831 4569 3135 4625 ordinatus
3155 4568 3264 4625 fuit
3276 4570 3348 4625 ob
3363 4569 3808 4627 schismaGual-

2160 4660 2341 4717 cherii
2367 4658 2801 4714 Cameracensis
2843 4657 3261 4725 archidiaconi,
3296 4658 3398 4730 qui
3446 4676 3480 4713 a
3536 4657 3809 4714 factionis

2159 4766 2278 4805 suae
2311 4746 2651 4803 hominibus
2698 4744 2918 4803 electus
2948 4749 3425 4805 Cameracensem
3484 4746 3804 4803 Ecclesiam

2158 4836 2427 4893 invadere
2457 4835 2769 4891 nitebatur.

2159 4925 2337 4981 CLXI.
2370 4924 2675 4980 Concilium
2734 4924 3046 4980 Ostionense
3089 4940 3185 4980 seu
3240 4925 3526 4981 zEduense.
3572 4925 3802 4980 Excom-

2229 4999 2551 5052 municatur
2578 4996 2871 5067 Philippus
2899 5012 3015 5050 rex.
3041 4996 3404 5066 Privilegium
3434 4997 3799 5067 Atrebatense.

2184 5068 2634 5139 -Archiepiscopi
2700 5065 3033 5139 Turonensis,
3098 5065 3265 5123 causa
3337 5084 3463 5123 cum
3524 5065 3804 5123 monachis

2227 5138 2448 5221 Majoris
2506 5138 2848 5203 Monasterii,
2907 5140 2957 5191 et
3016 5138 3087 5193 lis
3136 5155 3257 5210 pro
3307 5156 3448 5212 pago
3498 5138 3804 5194 Salmoria-

2226 5226 2395 5265 censi.

2233 5280 2481 5336 Primam
2511 5278 3066 5351 Augustodunensis
3100 5282 3310 5353 synodi
3341 5280 3609 5339 notitiam
3632 5280 3806 5336 debe-

2157 5385 2292 5425 mus
2312 5366 2602 5433 Bertoldo,
2629 5366 2907 5424 scribenti
2933 5372 3190 5441 generale
3237 5371 3530 5428 consili-um
3578 5371 3637 5425 in
3678 5367 3827 5433 Gal-7

2159 5454 2365 5512 tiaram
2416 5457 2656 5527 civitate,
2706 5473 2872 5530 quam
2927 5459 3197 5517 Ostionem
3240 5462 3541 5534 uulgariter
3594 5457 3805 5526 dicunt,

2157 5545 2268 5622 hoc
2341 5562 2493 5610 anno
2550 5562 2655 5608 vni
2712 5546 2981 5613 Kalendas
3038 5549 3372 5620 Novembris,
3416 5551 3810 5630 congregatum
