4000 6178
218 347 343 418 {33

1826 348 2032 421 VITA.

3519 354 3637 421 134

216 491 395 560 fuisse
420 488 491 544 ob
541 489 762 560 Hugonc
814 485 1164 559 Lugdunenst
1203 487 1604 562 archiepiscopo
1644 499 1695 546 et
1740 504 1869 562 apo-
1898 491 1956 560 Α
1985 489 2204 547 exitum
2233 488 2295 546 in
2326 488 2436 547 hac
2465 482 3017 563 IEduensi’synodo,
3045 489 3095 545 si
3129 487 3415 546 Rodulfus
3444 489 3636 561 archi-

213 579 427 634 stolicae
462 576 606 634 sedis
662 578 858 647 legato,
890 594 1017 633 cum
1043 579 1459 651 archiepiscopis
1486 587 1539 636 et
1589 580 1876 636 abbatibus

214 666 568 722 diversan
580 667 1150 738 provinciarumque:
1176 666 1415 740 quidem
1434 667 1610 724 verba
1628 667 1876 724 Baronio

213 756 470 828 ejusque
521 754 876 826 sequacibus
931 772 1140 812 ansam
1208 755 1493 828 prebuere
1560 756 1875 813 concilium

216 843 484 910 Osticnse,
517 842 665 900 alias
693 843 933 899 omnino
955 843 1225 916 ignotum
1263 843 1699 902 intrudendi.At
1729 844 1872 900 illud

213 934 295 988 ab
321 931 844 1005 Augustodnnensi
876 931 1143 1001 concilio,
1176 933 1332 1004 quod
1364 932 1471 989 hoc
1503 950 1655 990 anno
1703 933 1876 990 habi-

218 1025 355 1076 tum
378 1019 564 1077 fuisse
594 1037 664 1077 ex
691 1020 1030 1077 auctoribus
1051 1021 1375 1094 aequalibus
1404 1025 1653 1090 constat,
1714 1022 1874 1079 aliud

214 1126 335 1166 non
355 1125 492 1166 esse
521 1109 917 1166 certissimum
950 1113 1075 1167 est:
1109 1111 1264 1183 quod
1291 1111 1532 1184 quidem
1564 1112 1876 1169 Ostionense

210 1197 776 1267 Bertholdus,homo
793 1202 1046 1266 exterus,
1061 1198 1374 1271 appellavit
1402 1215 1471 1255 ex
1491 1200 1654 1256 urbis
1673 1204 1874 1274 Augu-

208 1287 597 1343 stodunensis
624 1287 851 1360 vulgari
878 1287 1159 1343 vocabulo
1188 1290 1499 1357 Autun,seu
1528 1293 1593 1345 ut
1621 1307 1876 1362 pronun-

208 1375 347 1432 tiari
377 1375 552 1442 solet,
581 1377 771 1445 0stun,
803 1375 892 1432 vel
941 1376 1135 1449 potius
1166 1376 1326 1446 Otun,
1360 1394 1429 1433 ex
1481 1394 1598 1450 quo
1655 1378 1739 1433 illi
1771 1378 1872 1451 qui

207 1468 425 1538 postea
446 1465 507 1521 in
529 1465 690 1521 hunc
710 1481 967 1521 errorem
986 1465 1358 1538 impegerunt
1372 1466 1645 1523 Ostionem
1665 1467 1871 1524 urbem

211 1554 521 1610 effinxere.
551 1554 720 1626 Hugo
768 1552 1224 1611 Flaviniacensis
1256 1556 1312 1610 in
1346 1556 1475 1628 ipsa
1503 1557 1875 1628 Augustodu-

207 1643 381 1699 nensi
434 1642 672 1699 dioecesi
723 1643 927 1711 abbas,
985 1647 1191 1699 auctor
1247 1643 1480 1700 illorum
1538 1649 1872 1717 temporum

205 1731 406 1805 gravis
440 1736 500 1788 et
528 1734 859 1800 accuratus,
874 1732 1405 1804 Angustodinensis
1426 1749 1528 1788 seu
1560 1733 1873 1790 )Eduensis

204 1820 371 1876 illius
401 1821 615 1893 synodi
643 1819 915 1877 meminit
943 1821 1000 1876 in
1032 1820 1315 1877 Chronico
1343 1821 1871 1890 Virdunensis,ubi

210 1909 459 1982 triginta
477 1910 628 1965 duos
658 1909 963 1982 episcopos
992 1926 1126 1965 cum
1158 1906 1430 1981 pluribus
1471 1910 1784 1967 abbatibus
1814 1915 1873 1967 et

207 1997 351 2054 viris
373 1996 672 2072 religiosis
692 1999 765 2054 ad
789 2014 918 2054 eam
944 1998 1286 2054 convenisse
1314 2002 1552 2069 narrat;
1586 1998 1685 2055 sed
1718 1999 1866 2054 nihil

207 2086 387 2142 habet
417 2087 495 2142 de
524 2086 621 2142 his
652 2103 779 2158 quas
800 2104 835 2143 a
865 2085 1134 2143 Patribus
1163 2086 1245 2142 ibi
1276 2091 1496 2143 statuta
1524 2087 1702 2143 fuere.
1723 2087 1874 2143 Non-

206 2173 378 2230 nulla
406 2180 612 2231 tamen
643 2192 710 2229 ex
753 2175 883 2246 ejus
912 2175 1163 2232 decretis
1210 2182 1482 2248 excerpta
1528 2175 1704 2231 refert
1735 2176 1869 2233 Ber-

201 2263 430 2332 toldus,
465 2263 572 2336 qui
616 2265 696 2320 ait
724 2268 1043 2321 renovatum
1074 2264 1257 2321 fuisse
1304 2265 1365 2320 in
1396 2281 1465 2320 ea
1520 2264 1743 2337 synodo
1773 2282 1869 2321 ex-

199 2353 813 2409 communicationem
862 2353 923 2409 in
954 2353 1271 2410 Henricam
1302 2369 1520 2427 regem,
1548 2357 1607 2409 et
1635 2352 1695 2408 in
1728 2352 1869 2410 Gui-

199 2443 444 2498 bertum
477 2458 800 2514 eorumque
851 2441 1205 2514 complices;
1240 2440 1576 2514 Philippum
1637 2458 1871 2515 quoque

199 2547 405 2604 regem
440 2531 732 2604 ibi,quod,
760 2531 986 2587 vivente
1017 2548 1123 2587 sua
1154 2530 1340 2603 ipsius
1371 2547 1570 2597 uxore,
1625 2530 1869 2587 alteram

204 2620 751 2693 superinduxisset,
811 2620 1381 2676 excommunicatum
1445 2619 1666 2688 fuisse;
1726 2621 1868 2677 item

201 2709 561 2765 damnatam
587 2710 683 2766 sub
707 2711 1265 2765 excommunicatione
1277 2708 1459 2766 fuisse
1472 2708 1868 2766 Simoniaoam

199 2797 507 2864 heresim,
541 2803 601 2853 et
629 2798 1101 2871 presbyterorum
1124 2798 1610 2854 incontinentiam
1637 2816 1650 2867 ;
1674 2814 1742 2854 ac
1772 2799 1869 2855 de-

199 2886 387 2958 nique
416 2886 666 2944 vetitum
690 2886 992 2943 monachis
1022 2903 1096 2943 ne
1120 2884 1475 2959 parochialia
1495 2885 1866 2943 sacerdotum
1896 2878 1920 2896 ⁹

202 2976 403 3031 ofﬁcia
450 2975 514 3031 in
563 2976 856 3048 parochiis
886 2981 1205 3049 usurpent;
1236 2990 1362 3047 quae
1404 2978 1610 3048 omnia,
1671 2976 1868 3048 inquit

198 3065 365 3120 idem
396 3068 627 3131 auctor,
660 3065 741 3120 ibi
766 3070 893 3121 sunt
922 3067 1211 3121 constituta
1243 3068 1293 3120 et
1321 3065 1616 3137 apostolica
1647 3066 1869 3138 legatio-

197 3169 262 3209 ne
288 3153 550 3223 ﬁrmata.

1984 580 2297 652 episcopus
2354 579 2697 647 concordiae,
2759 579 2852 655 cui
2910 578 3222 634 videbatur
3242 579 3636 652 consensisse,

1987 673 2143 725 stare
2197 668 2499 725 voluisset.
2560 668 2793 725 Etenim
2849 684 2985 724 cum
3025 684 3093 723 ex
3141 684 3261 724 una
3290 672 3457 745 parte
3512 668 3639 741 ipse

1986 756 2292 823 Rodulfus,
2324 760 2380 812 et
2408 756 2631 813 Joellus
2677 756 3176 813 Cenomannensis
3229 757 3539 830 episcopus
3569 773 3639 814 ex

1984 844 2166 902 altera
2191 862 2325 901 vero
2358 845 2690 901 Bernardus
2722 845 3028 901 Remensis
3060 844 3219 918 prior
3249 845 3640 918 Maioris-Mo-

1984 934 2246 1002 nasterii,
2288 934 2572 1007 Hilgodus
2631 932 3074 990 Suessionensis
3131 933 3441 1008 episcopus
3497 938 3639 992 tunc

1983 1021 2372 1094 ejusdemloci
2386 1022 2844 1095 monachus,qui
2858 1023 3052 1096 ipsum
3068 1022 3639 1097 privilegiumRomaa

1982 1111 2452 1183 impetraverant,
2486 1117 2545 1167 et
2574 1112 2840 1183 ejusdem
2880 1111 3110 1185 Hilgodi
3143 1112 3323 1167 frater
3374 1112 3640 1170 Andreas

1983 1199 2236 1256 multum
2266 1200 2420 1256 ultro
2451 1200 2715 1272 citroque
2760 1202 3177 1268 decertassent,
3236 1217 3351 1273 pax
3399 1202 3638 1258 tandem

1983 1289 2138 1345 inter
2176 1306 2273 1345 eos
2330 1289 2478 1345 inita
2531 1295 2639 1356 est,
2697 1290 2798 1344 sed
2851 1306 2977 1361 quae
3033 1288 3188 1345 brevi
3225 1292 3427 1361 postea
3456 1289 3641 1345 fracta

1983 1378 2112 1450 fuit,
2146 1383 2212 1433 ut
2239 1395 2306 1434 ex
2337 1377 2624 1450 colloquio
2656 1377 2887 1434 Dolensi
2952 1377 3303 1451 colligimus.
3338 1378 3421 1433 Ibi
3480 1378 3638 1434 enim

1983 1484 2179 1523 coram
2212 1468 2417 1523 eodem
2450 1466 2711 1539 Hugone,
2744 1484 2809 1522 ac
2840 1469 3047 1522 Amato
3079 1466 3517 1540 Burdegalensi,
3552 1484 3643 1524 ar-

1984 1555 2373 1629 chiepiscopis
2392 1560 2451 1612 et
2480 1555 2814 1629 apostolicze
2845 1556 3002 1612 sedis
3024 1554 3232 1628 legatis
3253 1556 3639 1629 praesentibus

1983 1644 2329 1701 Pictaviensi
2387 1650 2444 1701 et
2474 1644 2963 1713 Cenomannensi,
3000 1644 3248 1717 aliisque
3281 1644 3484 1702 multis
3514 1646 3638 1718 epi-

1983 1732 2177 1806 scopis
2206 1735 2409 1790 eadem
2441 1750 2620 1790 causa
2650 1750 2782 1789 cum
2817 1732 3004 1789 multa
3021 1732 3389 1789 contentione
3402 1749 3639 1790 rursum

1983 1823 2202 1895 agitata
2229 1822 2662 1891 fuit,Bernardo
2694 1823 2905 1879 abbate
2937 1838 3072 1877 cum
3104 1821 3229 1879 suis
3245 1822 3550 1879 monachis
3572 1838 3643 1878 ex

1980 1928 2099 1965 una
2126 1914 2313 1982 parte,
2345 1914 2402 1968 et
2432 1911 2680 1969 Rodulfo
2726 1909 3141 1983 archipraasule
3171 1927 3307 1967 cum
3344 1927 3450 1967 suo
3483 1910 3638 1968 clero

1979 2016 2048 2054 ex
2077 1998 2261 2055 altera
2290 2000 2607 2056 stantibus.
2643 2000 2754 2056 Sed
2787 1999 2932 2054 nihil
2965 1999 3293 2072 quoqueibi
3310 2001 3639 2073 profectum

1979 2093 2087 2157 est,
2120 2088 2310 2161 lisque
2367 2089 2631 2145 indecisa
2662 2089 2881 2145 mansit
2912 2090 2984 2145 ad
3017 2106 3240 2145 annum
3273 2092 3638 2162 sequentem,

1981 2183 2194 2249 quo,ut
2223 2177 2303 2234 ibi
2330 2178 2543 2234 dicturi
2566 2196 2798 2248 sumus,
2831 2178 2890 2233 in
2923 2177 3167 2235 concilio
3189 2176 3639 2235 Claromontano

1983 2265 2226 2322 omnino
2257 2267 2367 2323 fuit
2423 2267 2711 2324 absoluta.
2764 2271 2897 2322 Haec
2948 2267 3140 2322 fusius
3197 2268 3529 2323 referuntur
3574 2267 3636 2322 in

1980 2354 2177 2410 libello
2201 2355 2271 2412 de
2302 2356 2476 2412 rebus
2498 2355 3110 2428 Majoris-Monasterii
3141 2371 3245 2427 per
3296 2354 3639 2429 Bochellum

1979 2444 2131 2500 edito
2161 2446 2232 2501 ad
2257 2444 2477 2502 calcem
2498 2445 2763 2501 Historiae
2785 2444 3045 2517 Gregorii
3069 2443 3637 2514 Turonensis,quem

1979 2531 2195 2588 librum
2228 2533 2333 2607 qui
2365 2533 2535 2606 plura
2564 2534 2725 2607 cupit
2753 2531 3041 2589 consulat.
3070 2532 3151 2588 De
3201 2531 3405 2588 eadem
3433 2547 3497 2587 re
3527 2531 3643 2588 Ra-

1977 2621 2140 2678 dulfo
2170 2622 2497 2680 Turonensi
2518 2622 2757 2696 scripsit
2784 2622 2876 2678 Ivo
2906 2625 3265 2679 Carnotenus
3320 2619 3490 2694 epist.
3508 2620 3635 2688 235,

1984 2728 2053 2766 ex
2083 2728 2201 2783 qua
2230 2710 2577 2785 intelligitur
2608 2712 2667 2767 id
2698 2711 3075 2785 potissimum
3110 2710 3169 2766 in
3200 2711 3310 2766 hac
3341 2726 3522 2766 causa
3549 2724 3640 2765 ar-

1976 2800 2353 2874 chiepiscopo
2385 2800 2782 2874 displicuisse,
2815 2801 2971 2873 quod
3003 2800 3054 2856 ei
3088 2799 3422 2856 Bernardus
3453 2798 3639 2856 abbas

1978 2889 2366 2961 subjectionis
2390 2890 2813 2963 professionem
2842 2889 3028 2945 facere
3049 2889 3419 2945 detractaret.

2046 2977 2454 3035 Convenerant
2482 2978 2655 3034 etiam
2687 2979 2757 3035 ad
2783 2976 2946 3033 illam
2978 2977 3267 3050 synodum
3290 2977 3643 3033 Eduensem

1977 3066 2165 3122 Guido
2195 3066 2547 3123 Viennensis
2578 3066 3053 3140 archiepiscopus
3075 3071 3131 3122 et
3151 3066 3318 3139 Hugo
3339 3064 3643 3122 Gratiano-

1976 3154 2296 3226 politanus,
2326 3172 2580 3227 quorum
2611 3155 2686 3211 lis
2745 3156 2816 3211 de
2846 3154 3303 3212 Salmoriacensi
3354 3171 3505 3228 pago
3557 3151 3642 3210 ibi

262 3243 356 3320 Ad
387 3242 665 3299 eamdem
696 3243 984 3314 synodum
1023 3241 1321 3311 invitatus,
1351 3248 1416 3300 ut
1436 3246 1564 3317 jam
1590 3243 1867 3311 diximus,
1898 3230 1942 3297 C
1982 3260 2214 3316 quoque
2246 3261 2446 3300 coram
2479 3243 2686 3315 synodi
2718 3244 2989 3299 Patribus
3016 3242 3296 3299 ventilata
3353 3242 3481 3311 fuit,
3530 3242 3634 3298 sed

206 3330 571 3388 Lambertus
595 3331 994 3387 Atrebatensis
1016 3331 1285 3399 antistes,
1320 3332 1371 3388 ei
1401 3332 1684 3401 interfuit,
1720 3337 1785 3388 ut
1805 3350 1875 3389 ex

207 3425 418 3477 nostro
452 3437 568 3476 ms.
602 3420 730 3475 cod.
757 3420 1140 3487 discimus,in
1172 3437 1289 3493 quo
1322 3421 1538 3493 legitur
1563 3438 1697 3478 eum
1726 3420 1808 3476 ibi
1840 3440 1875 3478 a

201 3510 433 3566 Dommo
464 3509 693 3580 Πυθοῖδε
722 3510 951 3577 benigne
978 3518 1309 3581 susceptum,
1339 3513 1593 3566 recitasse
1640 3511 1873 3582 privile-

194 3600 351 3668 gium
380 3598 728 3654 venerabilis
750 3600 1041 3654 Remorum
1069 3599 1484 3672 archiepiscopi,
1518 3599 1577 3656 id
1607 3605 1695 3656 est
1714 3600 1871 3673 quod

194 3688 263 3742 ab
295 3703 368 3743 eo
398 3685 669 3743 antistite
701 3686 1123 3758 impetraverat
1154 3689 1226 3744 ad
1263 3688 1421 3745 sedis
1468 3688 1873 3745 Atrebatensis

195 3775 643 3832 restitutionem
680 3775 1168 3846 confirmandam,
1227 3794 1415 3833 coram
1461 3794 1751 3834 numerosa
1778 3795 1871 3833 ar-

191 3866 677 3936 chiepiscome
733 3869 787 3920 et
841 3865 1233 3937 episcoporum,
1296 3870 1347 3921 et
1399 3867 1678 3935 abbatum,
1737 3867 1874 3922 cleri

193 3969 414 4025 quoque
438 3961 494 4008 et
520 3954 716 4025 populi
742 3971 856 4009 non
897 3971 1077 4026 parva
1106 3954 1463 4011 multitudine
1500 3957 1867 4012 consistensis.

193 4042 393 4106 Quare
421 4042 630 4098 statim
683 4042 849 4115 Hugo
911 4042 1134 4100 Urbani
1192 4043 1430 4099 nomine
1463 4049 1535 4099 ad
1593 4044 1869 4100 comitem

200 4130 496 4187 Flandrize
518 4131 847 4203 scripsit,ut
860 4132 1233 4188 Lambertum
1256 4149 1360 4204 pro
1379 4148 1516 4189 vero
1536 4136 1593 4189 et
1607 4130 1868 4205 legitimo

200 4219 553 4275 Atrebatum
585 4219 856 4293 episcopo
896 4220 1175 4287 haberet;
1209 4237 1464 4294 eumque
1518 4223 1867 4279 adhortatus

203 4313 290 4364 est
321 4312 393 4363 ut
420 4306 539 4380 ipsi
571 4308 642 4363 ad
689 4311 1086 4382 recuperanda
1134 4310 1403 4367 Ecclesia:
1462 4312 1867 4367 Atrebatensis

204 4397 381 4463 bona,
414 4396 781 4467 adjutorium
831 4398 1231 4471 impenderet;
1267 4398 1377 4455 hac
1418 4398 1683 4472 epistola,
1715 4398 1868 4455 inter

197 4484 440 4552 Urbani,
470 4486 645 4557 cujus
662 4486 899 4543 nomine
931 4486 1152 4560 scripta
1178 4486 1518 4553 est,litteras
1540 4487 1868 4561 proferetur

200 4573 270 4628 ad
302 4579 577 4630 nostrum
598 4576 856 4631 codicem
890 4593 1003 4632 ms.
1037 4575 1269 4633 collata.

271 4666 493 4718 Actum
526 4663 703 4719 etiam
736 4669 825 4719 est
856 4663 914 4719 in
946 4665 1149 4720 eadem
1181 4667 1403 4738 synodo
1436 4667 1507 4723 de
1536 4666 1696 4739 gravi
1726 4684 1867 4723 con-

1983 3332 2224 3389 minime
2255 3332 2598 3405 composita.
2622 3332 2768 3388 Nam
2799 3349 2935 3388 cum
2967 3332 3155 3387 Guido
3201 3330 3443 3403 prolatis
3473 3329 3639 3386 falsis

1980 3420 2193 3477 litteris
2216 3422 2467 3494 jamjam
2494 3425 2651 3477 esset
2683 3419 3189 3486 condemnandus,
3212 3416 3509 3491 pollicitus
3548 3422 3639 3475 est
3670 3450 3679 3461 π

1982 3528 2045 3567 se
2079 3510 2306 3585 llugoni
2340 3510 2783 3583 quamprimum
2812 3510 3043 3567 Viennae
3082 3507 3524 3565 satisfacturum
3549 3523 3638 3564 es-

1982 3617 2045 3658 se
2070 3618 2083 3668 ;
2117 3601 2219 3656 sed
2251 3616 2355 3656 nec
2386 3600 2510 3673 ipse
2541 3599 2666 3655 suis
2698 3598 3007 3673 promissis
3029 3597 3209 3666 stetit,
3243 3601 3309 3654 ut
3332 3597 3526 3653 videre
3550 3600 3640 3652 est

1981 3691 2038 3746 in
2072 3688 2335 3762 Hugonis
2368 3688 2585 3760 libello,
2620 3689 2722 3761 qui
2776 3688 2836 3745 in
2868 3687 3207 3762 Appendice
3258 3687 3440 3760 hujus
3471 3685 3639 3744 volu~

1983 3779 2158 3835 minis
2188 3778 2459 3834 habetur.

2190 3866 2401 3923 CLXII.
2436 3866 2629 3923 Turbae
2657 3867 2937 3921 occasione
2967 3865 3226 3937 Philippi
3252 3867 3419 3935 regis.

2049 3956 2215 4013 Haud
2266 3954 2513 4011 dubium
2567 3954 2710 4026 quin
2769 3952 3296 4010 excommunicatio
3353 3953 3638 4009 adversus

1978 4044 2314 4118 Philippum
2348 4060 2543 4117 regem
2576 4042 2634 4098 in
2665 4043 2870 4098 eadem
2901 4042 3121 4112 synodo
3147 4040 3635 4096 Eduensiinten-

1977 4139 2100 4190 tata
2129 4132 2429 4204 aliquotin
2461 4130 2649 4187 Gallia
2672 4135 2869 4187 motus
2900 4127 3425 4186 excitaverit.Certe
3448 4128 3641 4206 mode-

1979 4224 2224 4280 ratiores
2276 4223 2514 4277 fuerunt
2570 4220 2772 4276 Patres
2812 4218 3045 4275 concilii
3099 4217 3431 4288 Remensis,
3482 4217 3639 4290 quod

1978 4313 2124 4369 forte
2153 4310 2420 4384 Philippo
2468 4308 2659 4383 magis
2711 4308 2932 4365 addicti
2988 4314 3217 4365 essent:
3291 4312 3350 4363 et
3398 4307 3641 4380 quidem

1979 4400 2314 4475 Raynoldus
2337 4398 2644 4456 Remensis
2661 4396 3268 4470 archiepiscopus,qui
3289 4396 3374 4453 illi
3407 4397 3628 4471 synodo

1978 4490 2229 4564 praefuit,
2262 4505 2478 4562 magna
2509 4487 2666 4561 apud
2697 4504 2893 4561 regem
2951 4485 3211 4559 pollebat
3266 4485 3636 4560 auctoritate,

1898 4598 1946 4664 Β
1977 4577 2133 4633 unde
2149 4576 2418 4632 Urbanus
2440 4574 2668 4647 Hugoni
2694 4574 3074 4647 Lugdunensi
3093 4574 3356 4632 scribens
3376 4576 3447 4631 de
3459 4590 3640 4664 causa

1979 4666 2115 4740 pagi
2148 4663 2811 4731 Salmorianensis,eum
2830 4667 3121 4730 monet,ut
3137 4680 3240 4737 pro
3268 4662 3641 4721 conservanda

200 4751 509 4820 troversia,
527 4768 654 4823 quae
661 4753 1019 4823 jamdudum
1035 4754 1533 4810 vertebaturinter
1546 4754 1865 4811 Rodulium
1972 4769 2112 4826 pace
2138 4761 2190 4810 et
2221 4755 2445 4825 negotio
2479 4752 2704 4824 facilius
2757 4752 3087 4823 peragendo,
3138 4756 3343 4810 utatur
3395 4749 3640 4809 concilio

198 4839 611 4896 Turonensem
638 4841 1232 4914 arrhiepiscopum,et
1263 4842 1583 4899 monachos
1602 4843 1869 4914 Majoris-

208 4927 577 4996 Monasterii,
639 4931 942 4987 occasione
998 4931 1308 5005 privilegii,
1356 4949 1470 5005 quo
1522 4932 1643 5004 isti,
1701 4937 1766 4988 ut
1796 4934 1870 4988 ad

207 5031 440 5072 annum
468 5017 610 5073 1090
663 5018 940 5089 diximus,
974 5020 1047 5076 ab
1076 5020 1309 5077 Urbano
1369 5021 1565 5077 donati
1619 5021 1869 5077 fuerant.

206 5103 347 5161 Hac
369 5121 550 5161 causa
569 5108 694 5179 jam
714 5107 889 5180 paulo
916 5112 1089 5165 antea
1116 5109 1397 5166 ventilata
1419 5109 1609 5165 fuerat
1637 5109 1697 5165 in
1728 5126 1867 5166 con-

201 5194 339 5250 cilio
371 5193 700 5251 Brivatensi
731 5213 930 5254 coram
958 5199 1163 5254 eodem
1196 5198 1441 5271 Hugone
1472 5197 1683 5271 legato,
1718 5198 1869 5255 assi-

205 5282 494 5339 dentibus
530 5284 579 5340 ei
613 5285 845 5341 duobus
876 5284 1006 5342 aliis
1066 5286 1545 5361 archiepiscOpis,
1603 5287 1875 5347 Auxiensi

206 5370 443 5427 scilicet
472 5374 524 5428 et
550 5373 914 5441 Narbonensi,
963 5391 1092 5432 cum
1119 5377 1313 5433 multis
1362 5376 1705 5434 diuersarum
1738 5394 1874 5450 pro-

205 5461 532 5516 vinciarum
557 5464 820 5535 episcopis
849 5465 901 5520 et
930 5464 1260 5528 abbatibus;
1291 5467 1669 5522 assistentibus
1697 5467 1874 5524 etiam

199 5550 549 5606 diversorum
576 5551 853 5622 graduum
885 5562 949 5609 ac
972 5553 1310 5626 dignitatum
1326 5554 1717 5628 personis.Sed
1748 5573 1875 5628 qua:

1982 4841 2291 4899 Remensis
2316 4840 2757 4913 archiepiSCOpi,
2792 4842 2932 4913 quod
2963 4844 3021 4898 in
3051 4844 3169 4914 ejus
3195 4859 3368 4898 manu
3396 4840 3643 4912 familia-

1982 4934 2097 4987 rius
2125 4947 2288 4987 causa
2320 4933 2464 5001 regis
2493 4940 2851 4996 versaretur;
2914 4931 2988 4986 ob
3019 4930 3242 4987 scilicet
3299 4931 3427 5000 ejus
3479 4925 3637 4983 sedis

1981 5019 2352 5093 dignitatem,
2404 5022 2460 5073 et
2515 5017 2661 5074 forte
2709 5019 2948 5092 propria
2994 5018 3241 5074 merita:
3302 5032 3440 5072 nam
3476 5013 3638 5069 hunc

1983 5108 2309 5165 antistitem
2340 5107 2464 5181 ipse
2494 5107 2788 5174 Urbanus,
2848 5111 2905 5165 et
2935 5107 3034 5164 alii
3087 5121 3321 5179 quoque
3352 5104 3482 5176 ejus
3531 5102 3638 5158 aevi

1980 5197 2088 5254 Viri
2119 5196 2380 5253 illustres
2412 5196 2620 5252 multis
2652 5195 2928 5253 laudibus
2959 5200 3099 5252 sunt
3126 5193 3439 5266 prosecuti.
3463 5192 3639 5250 Caete-

1982 5305 2134 5356 rum,
2170 5285 2219 5343 si
2249 5287 2395 5343 bene
2416 5284 2687 5358 conjicio,
2719 5284 3021 5342 occasione
3041 5283 3221 5355 hujus
3243 5282 3641 5341 excommuni-

1984 5376 2233 5433 cationis
2264 5376 2486 5432 indicta
2538 5375 2651 5430 fuit
2706 5374 2968 5448 synodus
3022 5373 3353 5442 Trecensis,
3394 5390 3545 5447 quas,
3575 5375 3642 5428 ut

1982 5466 2160 5522 habet
2191 5465 2308 5537 lvo,
2357 5464 2526 5537 epist.
2561 5465 2651 5529 46,
2710 5464 2782 5519 ad
2816 5460 3121 5519 Urbanum
3176 5463 3314 5520 data
3360 5459 3640 5519 celebrari

1984 5555 2242 5612 debebat
2262 5553 2565 5610 Dominica
2584 5551 2778 5624 prima
2814 5555 2950 5624 post
2970 5551 3342 5610 festivitatem
3371 5550 3639 5609 omnium

194 5638 296 5711 ibi
314 5640 593 5718 componi
613 5658 731 5705 non
744 5643 1363 5723 potuerat,feliciorem
1380 5648 1650 5706 assecuta
1668 5645 1879 5708 fuisset
1992 5645 2367 5716 Sanctorum,
2425 5641 2498 5705 ad
2542 5656 2721 5718 quam
2752 5641 3051 5716 Remeusis,
3104 5646 3156 5706 et
3192 5641 3539 5710 Seuonmis,
3587 5640 3641 5703 et
