4000 6178
350 280 467 343 135

1643 278 1713 344 Β.
1759 282 2057 348 URBANI
2101 283 2154 346 II
2197 280 2450 347 ΡΑΡΑΞ.

3638 281 3754 345 136

350 396 671 470 Turonensis
718 410 1113 489 archiepiscopi
1164 430 1290 473 suos
1336 418 1707 488 su/fraganeos
1747 416 1985 471 invitav-
2019 418 2073 484 Α
2102 417 2471 484 ’I‘recensi,et
2491 415 2678 471 eidem
2708 412 2967 470 Waltero
2997 410 3278 483 Meldensi
3303 412 3613 487 episcopis,
3647 415 3751 487 qui

345 507 523 560 erant.
555 503 701 560 Cum
758 509 953 561 tamen
1006 503 1230 562 nullam
1293 507 1433 560 tunc
1465 504 1754 575 synodum
1800 504 1996 560 Trecis
2103 506 2474 577 pravaricati,
2499 508 2564 562 ut
2586 502 2681 559 ille
2708 508 2911 560 auctor
2931 504 3153 571 scribit,
3179 504 3558 571 fuerant,non
3578 503 3754 560 modo

347 591 693 649 celebratam
743 592 1131 661 inveniamus,
1178 594 1299 649 hac
1347 593 1475 665 ipsa
1524 592 1669 647 forte
1718 596 1829 659 est,
1866 609 1994 665 quae

347 682 502 754 apud
524 686 735 738 Remos
757 681 866 739 hoc
886 699 1039 738 anno
1062 696 1261 737 mense
1275 679 1993 754 Septembri,utvidimus,

345 771 418 826 ab
467 770 614 843 ipsis
660 771 851 826 tribus
898 768 1353 842 archiepiscopis
1408 769 1611 826 habita
1655 770 1786 836 fuit,
1834 770 1992 826 haud

347 859 592 917 dubium
616 859 674 915 in
697 858 846 915 hanc
864 859 1069 914 urbem
1092 858 1397 927 translata,
1417 859 1592 931 quod,
1615 863 1678 915 ut
1706 876 1774 916 ex
1802 857 1992 915 Clario

343 948 799 1014 observavimus,
822 945 1157 1018 Raynoldus
1192 946 1498 1004 Remensis
1528 947 1794 1017 antistes,
1828 948 1993 1003 inﬁr-

343 1036 543 1092 mitate
598 1035 891 1100 detentus,
920 1038 1084 1091 extra
1115 1035 1323 1092 urbem
1369 1052 1540 1092 suam
1572 1036 1839 1110 progredi
1873 1053 1990 1093 non

338 1124 785 1196 valeretzatque
822 1140 888 1180 eo
927 1128 1097 1196 pacto
1131 1122 1279 1179 illud
1302 1123 1637 1191 concilium,
1673 1142 1789 1181 non
1822 1141 1989 1180 occa-

339 1214 504 1269 sione
516 1213 644 1285 jam
664 1212 795 1267 latae
816 1212 1464 1282 excommunicationis,
1481 1230 1617 1269 nam
1634 1214 1987 1271 zEduensem

338 1302 627 1375 synodum
677 1301 994 1375 praecessit,
1041 1302 1249 1359 fuisset
1300 1301 1584 1358 indictum
1622 1319 1636 1371 ;
1681 1303 1783 1359 sed
1833 1303 1988 1375 quod

337 1390 647 1465 Philippus
702 1392 758 1447 id
819 1395 884 1446 ut
914 1392 1079 1447 ﬁeret
1128 1391 1189 1445 in
1222 1392 1443 1463 synodo
1497 1391 1796 1459 IEduensi,
1831 1392 1987 1464 quod

337 1492 536 1537 revera
575 1479 836 1552 contigit,
865 1483 1178 1535 vereretur.
1213 1478 1285 1535 Ut
1325 1483 1392 1535 ut
1421 1479 1616 1548 fuerit,
1651 1497 1720 1537 ex
1751 1480 1989 1536 laudata

338 1569 532 1625 Ivonis
561 1567 806 1641 epistola
835 1566 1139 1635 discimus,
1174 1567 1508 1641 Philippum
1549 1568 1658 1624 hac
1698 1569 1989 1625 sententia

338 1662 746 1731 exasperatum
797 1657 1020 1729 legatos
1088 1657 1160 1713 ad
1208 1657 1511 1713 Urbanum
1567 1658 1823 1727 misisse,
1884 1657 1986 1730 qui

336 1748 721 1819 impunitatem
750 1745 916 1818 hujus
943 1747 1174 1819 ﬂagitii,
1207 1746 1291 1802 sic
1330 1745 1594 1819 loquitur
1633 1745 1750 1817 Ivo,
1776 1764 1810 1802 a
1846 1763 1983 1818 pon-

335 1838 478 1909 tiﬁce
506 1835 892 1909 postularent,
922 1835 1113 1891 minas
1146 1835 1511 1904 intentaturi,
1529 1841 1593 1891 ut
1623 1835 1733 1891 nisi
1767 1836 1887 1909 regi
1910 1836 1983 1892 ab

336 1924 705 1982 anathemate
726 1924 915 1980 soluto
937 1940 1156 1992 corona,
1181 1923 1239 1979 id
1270 1927 1381 1991 est,
1406 1925 1750 1981 caeremonia
1770 1941 1903 1981 eum
1922 1924 1981 1980 in

336 2013 648 2088 praecipuis
695 2012 1112 2070 festivitatibus
1134 2013 1451 2069 coronandi
1482 2013 1540 2069 in
1574 2013 1831 2070 Ecclesia
1890 2031 1982 2070 re-

335 2103 692 2172 stitueretur,
722 2118 857 2159 cum
888 2102 1046 2158 brevi
1078 2103 1151 2158 ab
1182 2103 1312 2174 ejus
1342 2101 1673 2158 obedientia
1693 2103 1982 2160 discessu-

335 2193 601 2249 rum.Ivo
623 2191 863 2261 interea,
887 2191 986 2264 qui
1016 2190 1152 2246 huic
1170 2190 1413 2248 concilio
1444 2190 1727 2248 interesse
1771 2190 1978 2259 noluit,

334 2283 533 2338 timens
561 2297 633 2336 ne
661 2280 795 2352 quid
829 2288 1020 2336 contra
1040 2280 1341 2352 justitiam,
1363 2287 1459 2335 aut
1500 2279 1679 2335 sedem
1722 2281 1979 2352 apostoli-

332 2386 454 2425 cam
498 2371 787 2426 moliretur
840 2369 937 2425 ille
977 2376 1290 2436 conventus,
1340 2366 1559 2441 quique
1618 2367 1979 2425 adulterinas

332 2458 587 2533 Philippi
608 2456 844 2531 nuptias
862 2457 1054 2531 palam
1077 2462 1134 2514 et
1144 2457 1435 2530 privatim,
1451 2456 1683 2529 scriptis
1701 2463 1755 2514 et
1766 2458 1976 2525 verbis,

334 2550 679 2622 impugnare
692 2564 808 2603 non
831 2547 1116 2614 cessabat,
1141 2547 1213 2602 ab
1235 2545 1437 2602 eodem
1460 2562 1594 2619 rege
1614 2547 1686 2602 ad
1700 2546 1977 2619 placitum

334 2638 637 2705 invitatus,
688 2638 771 2693 ire
828 2637 1139 2703 recusavit,
1192 2637 1265 2692 ob
1314 2635 1711 2703 interdictum,
1746 2642 1813 2692 ut
1865 2636 1979 2709 ipsi

334 2729 455 2801 regi
478 2727 679 2785 scribit
695 2728 862 2799 epist.
888 2728 976 2796 28,
1002 2725 1053 2781 ei
1077 2726 1150 2781 ab
1181 2724 1413 2780 Urbano
1457 2728 1652 2780 torum
1714 2723 1977 2781 mulieris

334 2817 631 2885 adulterae,
652 2832 828 2889 quam
881 2815 1079 2871 uxoris
1115 2815 1238 2871 loco
1260 2813 1561 2887 illegitime
1588 2814 1837 2870 habebat
1870 2834 1882 2870 :
1916 2816 1975 2869 in

333 2909 503 2980 cujus
533 2906 615 2963 rei
635 2905 836 2961 odium
858 2904 1012 2961 idem
1036 2904 1285 2960 antistes
1304 2904 1363 2959 in
1384 2919 1673 2960 carcerem
1700 2904 1976 2961 inductus

334 2999 516 3065 est,et
542 2996 671 3067 ejus
706 2993 970 3050 Ecclesia:
988 2993 1141 3049 bona
1168 2993 1397 3065 direpta
1427 2997 1584 3061 sunt,
1609 2997 1676 3048 ut
1705 3010 1773 3049 ex
1800 2994 1976 3051 variis

334 3087 462 3158 ejus
483 3081 748 3156 epistolis
770 3085 947 3155 patet,
973 3098 1089 3137 non
1112 3081 1349 3154 quidem
1382 3080 1743 3155 regisjussu,
1759 3084 1861 3138 sed
1875 3081 1975 3155 qui

2102 594 2337 667 culpam
2386 592 2655 661 remisit;
2685 610 2888 649 verum
2949 591 3125 649 etiam
3157 591 3461 666 Hugonem
3492 591 3754 665 legatum

2104 700 2278 739 suum
2300 699 2366 739 eo
2389 682 2604 758 adegit,
2622 682 2775 737 datis
2796 682 2991 737 Romae
3023 680 3253 749 litteris,
3279 684 3346 736 ut
3374 698 3472 737 eos
3503 679 3560 736 in
3595 697 3754 737 com-

2106 772 2383 830 munione
2403 776 2460 829 et
2482 772 2640 844 pacis
2658 770 2860 828 osculo
2883 770 3183 843 reciperet.
3214 770 3395 826 Nemo
3422 773 3617 826 tamen
3639 770 3754 827 sibi

2101 863 2455 935 persuadeat
2484 860 2785 917 Urbanum
2810 877 3070 933 unquam
3103 859 3223 916 illis
3253 858 3507 933 Philippi
3528 859 3756 932 nuptiis

2100 951 2493 1015 consensisse,
2517 954 2618 1006 aut
2643 948 2855 1006 saltem
2878 949 3183 1022 cupiditati
3214 949 3406 1022 regiae,
3437 948 3511 1004 ob
3541 947 3757 1004 huma-

2101 1057 2209 1095 nos
2265 1040 2508 1096 timores
2568 1055 2684 1094 non
2746 1037 2889 1093 satis
2944 1038 3190 1093 viriliter
3232 1037 3540 1107 restitisse,
3573 1040 3637 1092 ut
3669 1036 3751 1092 ibi

2095 1128 2337 1185 innuere
2365 1129 2596 1183 videtur
2651 1127 2816 1200 Hugo
2875 1126 3350 1183 Flaviniacensis.
3377 1126 3417 1181 E
3446 1125 3747 1182 contrario

2098 1222 2323 1273 certum
2345 1221 2429 1273 est
2453 1234 2587 1273 eum
2620 1216 2728 1271 hac
2759 1215 2818 1270 in
2850 1232 2911 1271 re
2942 1233 3248 1288 nunquam
3280 1233 3314 1271 a
3341 1232 3473 1271 vero
3505 1218 3563 1271 et
3593 1218 3751 1269 recto

2097 1307 2421 1373 deﬂexisse,
2448 1309 2513 1362 ut
2542 1308 2701 1379 patet
2731 1322 2798 1361 ex
2829 1306 2957 1377 ejus
2987 1304 3237 1379 epistola
3266 1303 3337 1360 ad
3377 1302 3751 1376 Rayuoldum

2099 1395 2447 1452 Remensem
2482 1395 2985 1468 archiepiscopum
3017 1411 3083 1450 ac
3110 1396 3239 1466 ejus
3261 1393 3663 1467 suﬂ'raganeos
3680 1408 3755 1448 ea

2097 1486 2167 1541 de
2196 1502 2254 1541 re
2284 1485 2439 1541 data.
2474 1486 2594 1541 Imo
2649 1484 2774 1556 ipse
2834 1485 2946 1553 Ivo,
2973 1501 3150 1555 quem
3181 1500 3357 1538 nemo
3402 1480 3612 1537 dixerit
3643 1481 3752 1537 hac

2096 1574 2153 1630 in
2185 1591 2245 1629 re
2275 1573 2656 1641 Urbano,aut
2698 1573 2974 1645 cuiquam
3026 1571 3340 1627 hominum
3396 1569 3748 1644 pepercisse.

2094 1662 2265 1735 epist.
2307 1663 2379 1718 3O
2408 1662 2481 1717 ad
2537 1661 2848 1717 Fulcouem
2880 1659 3348 1717 Bellovacensem
3379 1658 3748 1733 episcopum,

2093 1751 2233 1808 talia
2263 1751 2510 1807 fortasse
2566 1750 2940 1824 cogitantem,
2989 1751 3061 1805 ad
3093 1748 3587 1823 perseverantiam
3641 1747 3751 1804 ad-

2093 1839 2382 1908 hortatur,
2405 1839 2575 1913 eique
2604 1837 2901 1912 exemplar
2929 1838 3257 1895 litterarum
3283 1836 3581 1912 pontiﬁcis
3613 1840 3750 1910 post

2090 1927 2417 2003 legatorum
2442 1929 2595 2001 regis
2617 1928 2944 1984 discessum
2958 1928 3422 1999 conscriptarum
3442 1924 3747 1982 transmit-

2088 2018 2180 2084 tit,
2208 2022 2273 2074 ut
2321 2018 2542 2086 sciatis,
2576 2018 2792 2090 inquit,
2824 2019 2956 2088 quia
2996 2017 3223 2072 domnus
3270 2032 3433 2088 papa,
3478 2016 3579 2071 etsi
3632 2030 3747 2070 non

2089 2107 2377 2175 antecedit,
2410 2123 2521 2163 non
2545 2111 2732 2162 tamen
2760 2115 2904 2163 retro
2935 2106 3096 2162 cedit.
3128 2108 3201 2161 At
3248 2106 3347 2178 qui
3405 2103 3525 2178 regi
3588 2103 3743 2161 fave-

2090 2197 2233 2252 bant
2253 2196 2312 2251 id
2340 2197 2693 2268 spargebant
2722 2195 2779 2250 in
2810 2194 3043 2268 vulgus,
3068 2195 3226 2267 quod
3257 2211 3461 2251 ansam
3494 2193 3747 2267 praebuit

2092 2285 2315 2359 Hugoni
2346 2284 2766 2341 Flaviniacensi
2799 2289 2855 2340 et
2884 2285 3030 2340 forte
3055 2282 3187 2340 aliis
3233 2281 3533 2340 nonnullis
3566 2280 3742 2355 paulo

2089 2374 2331 2430 liberius
2387 2373 2496 2429 hac
2551 2372 2853 2430 occasione
2913 2374 2983 2429 de
3027 2373 3258 2429 Urbano
3303 2370 3604 2446 loquendi,
3636 2371 3741 2428 sed

2088 2461 2381 2519 immerito
2405 2462 2594 2535 plane.
2617 2462 2731 2518 Nec
2771 2462 3084 2518 defuerunt
3114 2462 3291 2518 etiam
3318 2461 3421 2534 qui
3454 2477 3733 2517 conaren-

2087 2556 2183 2606 tur
2205 2551 2436 2606 Ivonem
2455 2551 2527 2605 ad
2569 2542 2723 2623 regis
2745 2553 2938 2622 partes
2969 2549 3280 2617 attrahere,
3305 2552 3407 2604 aut
3436 2546 3645 2604 saltem
3677 2548 3731 2603 ei

2088 2639 2436 2712 persuadere
2458 2643 2522 2694 ut
2536 2655 2658 2694 rem
2682 2637 3101 2694 dissimularet.
3122 2637 3183 2693 Id
3202 2637 3591 2710 probantduae
3607 2637 3737 2708 ejus

2087 2727 2345 2801 epistolae
2378 2727 2448 2782 23
2474 2722 2697 2783 scilicet
2726 2731 2783 2782 et
2817 2728 2884 2782 47
2913 2726 2985 2782 ad
3020 2726 3329 2782 Widonem
3360 2724 3512 2799 regis
3568 2722 3731 2798 dapi-

2088 2816 2413 2889 ferum,qui
2445 2832 2579 2872 eum
2602 2816 2675 2871 ad
2696 2816 3065 2871 concordiam
3089 2816 3199 2872 sub
3240 2814 3349 2870 hac
3376 2813 3565 2886 specie
3596 2830 3732 2870 cum

2086 2923 2219 2979 rege
2248 2906 2564 2961 ineundam
2617 2904 2978 2972 invitaverat,
3013 2906 3113 2960 sed
3162 2904 3485 2960 incassum.
3516 2900 3733 2976 Caeptis

2086 2995 2300 3068 quippe
2361 2995 2592 3050 fortiter
2649 2994 2819 3050 haesit
2859 2993 3187 3066 intrepidus
3218 2993 3486 3062 antistes,
3513 2991 3733 3048 Urbani

2084 3084 2315 3153 litteris,
2338 3101 2486 3156 quas
2508 3100 2574 3139 ea
2594 3084 2666 3139 de
2692 3101 2752 3139 re
2773 3084 2845 3139 ad
2862 3082 3330 3155 archiepiscopos
3352 3086 3408 3137 et
3430 3080 3733 3153 episcopos

333 3174 443 3230 hoc
468 3174 542 3229 ab
571 3170 703 3229 aliis
760 3173 981 3227 factum
1038 3168 1470 3226 dissimulabat.
1502 3170 1624 3225 Imo
1654 3187 1811 3237 vero,
1842 3188 1976 3227 cum
2009 3158 2052 3224 C
2091 3173 2584 3229 Galliarumidem
2599 3172 2856 3245 pontifex
2873 3170 3736 3243 scripseratcommunitus;un-

334 3279 433 3319 rex
454 3263 724 3319 eumdem
748 3261 980 3317 Ivonem
1011 3260 1082 3316 ad
1104 3258 1415 3316 concilium
1436 3259 1759 3328 invitasset,
1778 3265 1976 3316 tamen

334 3368 449 3409 non
509 3352 700 3409 solum
751 3354 825 3417 ei,
859 3366 976 3423 qua
1018 3349 1092 3405 de
1150 3365 1212 3405 re
1270 3347 1443 3421 epist.
1474 3348 1545 3404 35
1576 3348 1973 3420 conqueritur,

334 3446 729 3498 commeatum
777 3439 1080 3512 providere
1126 3436 1340 3504 renuit,
1375 3436 1477 3492 sed
1535 3436 1713 3492 etiam
1772 3438 1974 3507 vetuit,

334 3535 400 3587 ut
419 3531 670 3602 ipsemet
688 3532 939 3585 testatur
960 3527 1076 3592 Ivo,
1100 3527 1271 3599 epist.
1294 3527 1386 3593 28,
1419 3540 1491 3580 ne
1520 3526 1701 3581 ultum
1731 3525 1804 3594 ei,
1820 3527 1975 3597 quod

334 3624 530 3676 tamen
569 3620 920 3689 praeceperat
964 3614 1242 3687 pontifex,
1272 3622 1679 3671 sacramentum
1723 3614 1788 3670 de
1826 3631 1977 3672 secu-

334 3709 500 3765 ritate
527 3705 858 3778 ﬁeret.Hinc
880 3705 971 3760 Ivo
992 3702 1161 3758 taedio
1183 3702 1447 3769 aii‘ectus,
1474 3708 1530 3759 et
1558 3707 1642 3759 tot
1669 3704 1976 3761 turbarum

336 3805 616 3871 pertaesus
667 3794 899 3850 Urbano
959 3809 1075 3848 non
1127 3791 1308 3861 semel
1362 3791 1617 3864 scripsit,
1678 3796 1742 3848 ut
1796 3794 1845 3849 ei
1905 3795 1977 3850 ab

335 3882 771 3959 episcopalibus
801 3882 958 3939 curis
975 3880 1267 3949 absoluto,
1291 3881 1577 3953 privatam
1598 3880 1779 3939 vitam
1809 3898 1979 3955 agere

333 3975 711 4051 permitteret.

513 4062 745 4122 CLXIII.
784 4062 1035 4120 Urbanus
1064 4078 1190 4117 cum
1219 4076 1343 4132 rege
1369 4060 1642 4117 moderate
1661 4065 1797 4132 agit.

404 4158 685 4212 Caeterum
729 4151 1001 4208 Urbanus
1031 4154 1164 4223 post
1201 4149 1513 4205 concilium
1546 4152 1853 4219 Eduense,
1888 4168 1978 4208 re-

337 4249 505 4318 cepta
532 4239 787 4313 Philippi
817 4239 1127 4313 legatione,
1152 4255 1326 4311 quam
1358 4255 1428 4294 ex
1456 4238 1649 4295 Ivonis
1678 4239 1848 4313 epist.
1909 4242 1978 4296 46

336 4348 517 4405 supra
544 4328 1020 4399 memoravimus,
1041 4327 1348 4384 remissius
1378 4344 1513 4383 cum
1534 4344 1599 4383 eo
1620 4328 1809 4401 egisse
1819 4330 1977 4386 vide-

336 4427 468 4489 tur;
497 4420 651 4493 quod
712 4419 857 4475 forte
914 4417 1063 4473 hanc
1103 4432 1362 4485 causam,
1393 4432 1518 4488 quae
1550 4433 1690 4473 sane
1718 4418 1978 4476 difficilis

2089 3264 2158 3319 de
2182 3263 2294 3331 Ivo,
2319 3260 2491 3317 sicuti
2530 3277 2761 3332 semper
2780 3262 3012 3323 fecerat,
3038 3259 3229 3316 invehi
3270 3276 3385 3315 non
3418 3256 3641 3313 destitit
3671 3257 3732 3311 in

2086 3368 2186 3408 eos
2214 3351 2539 3424 episcopos,
2563 3366 2712 3422 quos
2733 3350 3006 3406 credebat
3023 3350 3178 3423 regis
3199 3346 3466 3422 pravitati
3480 3346 3732 3403 nimium

2088 3439 2407 3513 indulgere.

2088 3546 2323 3601 CLXIV.
2357 3546 2579 3603 Littera?
2637 3546 2842 3602 Urbani
2885 3544 2954 3600 ad
3004 3546 3253 3600 comitem
3288 3543 3607 3598 iolosanum
3630 3557 3735 3614 pro

2157 3617 2453 3684 Moissiaco,
2478 3621 2527 3673 et
2557 3618 2860 3672 cmmeterio
2891 3616 3063 3672 beatae
3090 3615 3281 3671 Mariae
3321 3614 3623 3669 Dea-arata.

2159 3707 2349 3762 Pauca
2360 3711 2676 3778 antequam
2690 3704 2846 3760 hunc
2862 3720 3082 3760 annum
3101 3701 3476 3758 absolvemus
3489 3701 3735 3757 dicenda

2090 3799 2229 3851 sunt
2258 3795 2329 3850 de
2354 3793 2650 3850 nonnullis
2683 3793 2897 3848 Urbani
2922 3790 3209 3864 epistolis,
3241 3808 3370 3863 quae
3420 3789 3530 3846 etsi
3578 3789 3732 3845 notis

2087 3882 2347 3939 chronici
2385 3883 2674 3939 destitutae
2710 3882 2847 3949 sint,
2871 3897 2940 3936 ex
2978 3880 3051 3935 iis
3081 3883 3278 3935 tamen
3309 3896 3437 3951 quae
3473 3876 3733 3950 comple-

2087 3977 2345 4039 ctuntur,
2368 3972 2638 4028 videntur
2655 3970 2852 4044 potius
2869 3986 3023 4026 anno
3047 3968 3318 4042 praesenti
3349 3984 3527 4041 quam
3562 3965 3730 4023 alteri

2087 4062 2297 4119 debere
2318 4060 2551 4134 illigari.
2586 4065 2749 4116 Certe
2778 4076 2847 4115 ex
2893 4059 2967 4114 iis
3025 4057 3323 4114 nonnullae
3364 4057 3519 4113 ultra
3576 4055 3733 4111 hunc

2086 4167 2307 4207 annum
2364 4149 2582 4205 differri
2640 4166 2754 4205 non
2804 4151 3073 4221 possunt.
3102 4147 3297 4203 Prima
3326 4145 3496 4202 exiis
3525 4149 3613 4200 est
3660 4143 3734 4200 ad

2087 4239 2465 4297 Guillelmum
2487 4238 2763 4294 comitem
2784 4237 3159 4307 Tolosanum,
3178 4236 3240 4291 in
3273 4252 3388 4308 qua
3405 4234 3561 4290 hunc
3573 4231 3732 4306 prin-

2087 4329 2276 4402 cipem
2306 4326 2508 4383 laudat
2528 4327 2787 4399 pontifex
2807 4325 2879 4382 ob
2908 4326 3005 4398 pia
3035 4324 3302 4397 quaedam
3359 4324 3488 4395 ejus
3535 4338 3732 4395 Opera,

2085 4422 2143 4476 et
2179 4416 2484 4473 tuitionem
2518 4416 2577 4471 in
2627 4414 2987 4471 monasteria
3036 4412 3452 4469 Moissiacense
3474 4415 3530 4467 et
3561 4411 3735 4467 Leza-

336 4514 460 4568 erat
515 4513 572 4565 et
626 4506 865 4579 maximi
924 4505 1224 4573 momenti,
1258 4506 1317 4559 in
1377 4504 1715 4562 Placentina
1758 4509 1977 4581 synodo
2006 4525 2054 4592 D
2087 4512 2250 4563 tenze
2275 4505 2612 4577 irrogatam.
2637 4505 2791 4560 Tum
2822 4507 2879 4559 et
2909 4500 3196 4592 indulget,
3217 4505 3284 4557 ut
3314 4500 3641 4556 cmmeterio
3674 4498 3735 4592 in

336 4598 668 4656 accuratius
726 4612 862 4652 cum
920 4594 1142 4651 cmteris
1170 4593 1457 4667 episcopis
1495 4595 1825 4652 examinare
1849 4597 1974 4661 iam
2006 4585 2046 4592 —
2084 4600 2263 4652 beatae
2294 4594 2485 4649 Mariae
2517 4592 2761 4650 ecclesia
2793 4592 3083 4658 instituto,
3118 4590 3200 4645 ibi
3242 4606 3377 4645 cum
3409 4606 3518 4646 sua
3572 4585 3733 4643 omni

337 4680 725 4744 decrevisset:
756 4684 961 4740 exinde
1017 4688 1214 4740 tamen
1261 4682 1528 4739 nonnulli
1560 4684 1839 4758 episcopi,
1874 4686 1974 4759 qui

337 4774 508 4834 antea
537 4775 655 4849 regi
688 4774 858 4848 plane
897 4772 1376 4839 adversabantur,
1410 4770 1777 4844 aliquantum
1834 4775 1974 4830 titu-

337 4868 475 4924 bare
504 4868 987 4938 coeperunt,un
1004 4862 1130 4917 Ivos
1160 4861 1219 4915 in
1249 4860 1437 4934 primo
1461 4863 1760 4934 proposito
1773 4863 1979 4919 confir-

339 4972 497 5013 mare
528 4954 694 5011 nisus
724 4956 830 5009 est.
865 4956 990 5006 Huc
1021 4967 1229 5022 nempe
1289 4950 1539 5005 revocari
1595 4950 1805 5005 debere
1861 4967 1975 5006 non

338 5044 677 5100 dubitamus
705 5044 833 5114 ejus
863 5038 1171 5113 epistolam
1202 5038 1290 5105 46,
1315 5038 1373 5093 in
1399 5054 1515 5110 qua
1545 5037 1802 5095 Waltero
1836 5039 1975 5095 Mel-

338 5132 504 5189 densi
537 5134 811 5205 episcopo
842 5130 926 5186 sic
954 5128 1162 5185 scribit
1195 5145 1208 5183 :
1247 5127 1398 5183 Vobis
1447 5128 1686 5195 consuto,
1720 5131 1781 5183 ut
1823 5128 1978 5201 regis

336 5223 669 5293 conjugium,
702 5219 843 5291 quod
888 5223 1014 5275 ante
1057 5220 1264 5290 factum
1293 5218 1509 5272 ratione
1535 5218 1815 5272 resistente
1868 5233 1979 5273 non

339 5310 640 5373 taudastis;
663 5316 786 5380 post
802 5311 1008 5380 factum
1036 5322 1136 5362 nec
1162 5306 1300 5361 dicto
1328 5320 1428 5359 nec
1480 5305 1621 5375 facto
1679 5306 1979 5363 inconsulte

337 5396 662 5471 approbatis.
696 5396 857 5452 Idem
888 5396 1200 5452 dicendum
1224 5393 1294 5449 de
1322 5392 1587 5463 ejusdem
1619 5393 1865 5465 epistola
1905 5395 1977 5451 ad

340 5485 651 5543 Fulcouem
673 5483 1134 5557 Bellovacensem
1156 5481 1403 5539 interius
1433 5479 1746 5539 laudanda.
1762 5483 1911 5548 Quin
1924 5488 1981 5541 et

339 5573 913 5658 pontifex,siI-Iugoui
932 5570 1352 5637 Flaviauicensi
1368 5570 1699 5651 credamus,
1712 5570 1980 5655 Philippo

2087 4686 2218 4757 ejus
2241 4682 2517 4756 progenie
2542 4680 2716 4737 liceat
2740 4679 2992 4752 sepeliri.
3016 4679 3079 4734 In
3103 4678 3211 4735 hac
3230 4678 3479 4751 epistola
3509 4693 3734 4732 memo-

2086 4780 2175 4830 rat
2204 4773 2471 4829 Urbanus
2503 4769 2649 4827 alias
2680 4769 2903 4824 litteras
2926 4786 2959 4824 a
2987 4785 3048 4824 se
3083 4768 3143 4823 in
3171 4766 3468 4839 Asquilini
3503 4765 3735 4821 abbatis

2088 4860 2520 4919 Moissiacensis
2558 4859 2806 4929 gratiam
2839 4858 3008 4913 datas
3039 4858 3311 4930 episcopo
3366 4853 3729 4921 Caturcensi,

2085 4968 2228 5022 quas
2260 4966 2374 5023 prae
2433 4949 2707 5004 manibus
2760 4946 3047 5004 habemus
3087 4964 3155 5002 ex
3183 4946 3310 5002 cod.
3345 4961 3457 5000 ms.
3492 4943 3553 4998 in
3614 4959 3733 5014 quo

2089 5040 2373 5097 Guillelmo
2404 5039 2532 5110 ejus
2562 5037 2724 5093 urbis
2756 5037 3027 5108 episcopo
3060 5034 3353 5107 inscriptas
3398 5032 3727 5099 habentur;

2086 5130 2187 5186 sed
2217 5144 2350 5183 cum
2385 5124 2584 5181 nullus
2609 5125 2737 5197 ejus
2772 5123 3047 5192 nominis,
3079 5124 3308 5179 vivente
3337 5121 3591 5187 Urbano,
3623 5120 3736 5175 Ca-

2086 5216 2345 5275 turcensi
2397 5213 2661 5270 Ecclesiae
2719 5211 3012 5285 praefuerit
3066 5211 3397 5284 episcopus,
3429 5225 3632 5265 vereor
3662 5223 3737 5263 ne

2088 5307 2148 5362 in
2162 5302 2463 5360 referendo
2484 5318 2550 5357 eo
2577 5300 2813 5357 nomine
2843 5316 3004 5355 error
3033 5299 3093 5354 in
3126 5300 3381 5356 codicem
3413 5296 3732 5369 irrepserit,

2087 5393 2402 5467 legendum
2423 5389 2582 5445 haud
2613 5389 2789 5444 dubie
2822 5388 3080 5458 Gerardo,
3103 5389 3203 5462 qui
3226 5392 3345 5444 toto
3375 5384 3735 5442 Urbanivitas

2087 5488 2350 5554 tempore
2372 5478 2519 5535 rexit
2540 5476 2694 5533 hanc
2737 5477 3058 5535 Ecclesiam
3079 5497 3095 5543 ;
3119 5478 3273 5534 unde
3304 5474 3513 5549 conjici
3543 5476 3739 5547 potest

2089 5571 2150 5634 in
2184 5566 2484 5650 primariis
2514 5567 2644 5645 ejus
2673 5567 2932 5645 epistolae
2957 5567 3240 5651 exemplis
3253 5562 3737 5645 primamsolum—
