4000 6176
131 288 264 358 {Si

132 508 327 590 quam
362 534 757 577 amanuenses
790 524 1003 576 temere
1027 521 1101 576 ad
1132 521 1511 577 Guillelmum
1563 540 1667 595 pro
1697 523 1806 580 Ge-

135 607 321 663 rardo
348 607 739 664 deﬂexerunt.
770 607 934 664 Certe
963 610 1333 682 Aymericum
1380 610 1583 683 Peyrat
1629 613 1809 669 abba-

134 702 269 752 tem
298 695 614 768 Moissyaci
644 697 705 751 in
738 695 1022 753 Chronico
1052 698 1152 770 qui
1184 715 1304 765 eas,
1348 698 1434 754 uti
1482 700 1583 767 ait,
1633 702 1811 757 refert

132 802 211 841 ex
225 784 537 853 originale,
568 784 673 841 sed
705 784 859 858 quod
878 787 974 843 vix
1003 786 1112 857 tegi
1140 792 1383 858 poterat,
1410 787 1471 843 in
1502 788 1703 845 multis
1725 807 1812 845 er-

130 889 307 930 rasse
336 890 415 929 ex
444 873 575 946 ipso
603 874 733 945 ejus
760 873 1095 931 authentico
1122 880 1300 947 patet,
1328 877 1482 948 quod
1506 876 1563 932 in
1593 877 1806 933 Biblio-

128 964 308 1018 theca
330 961 675 1019 Colbertina
694 968 1047 1019 asservatur.
1082 964 1254 1020 Porro
1284 964 1413 1021 ideo
1443 965 1552 1021 has
1582 965 1820 1022 litteras-

132 1051 208 1107 ad
239 1057 603 1123 praesenlem
630 1066 852 1107 annum
895 1068 1257 1121 revocamus,
1291 1054 1447 1126 quod
1499 1053 1607 1110 hoc
1652 1054 1803 1127 ipso,

131 1145 237 1195 aut
266 1144 439 1195 certe
499 1155 655 1195 anno
713 1141 1003 1213 sequenti,
1060 1138 1410 1198 Guillelmus
1457 1142 1803 1199 comitatum

130 1228 367 1285 Tolosae
400 1227 691 1300 abjecisse
713 1228 999 1297 videatur;
1045 1231 1392 1303 praecedenti
1448 1247 1603 1297 vero,
1659 1249 1803 1288 non-

130 1317 277 1372 dum
302 1314 568 1372 ecclesia
595 1316 822 1375 Sanctae
851 1317 1042 1373 Maria;
1072 1319 1143 1375 ad
1176 1318 1539 1391 sepeliendos
1563 1321 1806 1377 comites

132 1407 427 1478 deputata
444 1405 650 1471 fuerit,
683 1410 750 1462 ut
778 1410 936 1479 patet
964 1424 1033 1464 ex
1061 1408 1236 1464 veteri
1254 1409 1643 1465 instrumento
1666 1410 1803 1466 anni

134 1496 271 1552 1093
298 1494 469 1567 apud
495 1493 785 1550 Catellum
818 1495 1022 1552 relati:
1074 1513 1189 1569 quo
1224 1502 1353 1570 post
1401 1497 1805 1570 longas.inter

130 1583 419 1641 ecclesias
447 1582 655 1640 Sancti
704 1584 987 1657 Stephani
1037 1590 1095 1641 et
1124 1584 1321 1642 Sancti
1371 1587 1667 1642 Saturnini
1703 1604 1804 1659 pro

122 1676 251 1745 jure
272 1673 609 1729 cameterii
628 1674 1111 1745 concertationes,
1127 1680 1418 1730 statutum
1447 1692 1515 1730 ex
1544 1675 1801 1747 partium

132 1779 426 1819 consensu
461 1762 543 1818 ab
556 1762 763 1818 Isarno
776 1762 1064 1820 Tolosano
1080 1764 1421 1837 cmterisque
1436 1764 1802 1836 comprovin-

1810 300 2025 365 VITA.

134 428 325 485 modo
357 428 489 501 ejus
518 427 775 485 nominis
806 426 1062 487 litteram
1100 432 1169 487 G.
1219 432 1545 505 appositam
1598 432 1800 503 fuisse,
1831 441 1885 509 Α
1915 434 2147 492 CLXVI.
2213 436 2458 509 Urbanus
2491 440 2548 493 in
2611 440 2797 496 Tuscia

3446 312 3564 373 138

2849 441 3134 513 praevalet.
3192 441 3458 501 Earinus
3504 444 3568 499 in

2106 508 2499 577 Longobardia.
2534 508 2861 569 Placentina
2879 511 3115 585 synodus
3147 513 3372 581 indidit.

1990 595 2174 650 Roma
2213 596 2543 667 jamdudum
2601 598 2838 671 exierat,
2873 605 2939 656 ut
2993 599 3300 665 Bertoldus
3341 601 3568 671 scribit,

1917 682 2350 751 Urbanus,cum
2372 686 2484 741 sub
2501 685 2680 757 hujus
2708 690 2847 745 anni
2870 690 3045 745 finem
3074 688 3322 757 Natalem
3348 691 3572 759 Domini

1918 773 1979 826 in
2014 773 2200 829 Tuscia
2229 774 2628 842 gloriosissime
2677 777 3004 840 celebravit;
3049 778 3149 835 ubi
3210 778 3570 851 indefessum

1918 877 2157 917 suarum
2182 862 2436 933 partium
2478 864 2843 921 defensorem
2891 865 3143 924 habebat
3188 868 3565 940 Dagobertum,

1917 966 2019 1004 seu
2049 949 2385 1006 Daibertum
2435 952 2757 1013 antistitem
2815 954 3116 1024 Pisanum,
3175 971 3351 1028 quem
3408 957 3566 1025 idem

1917 1038 2195 1110 pontifex,
2230 1044 2294 1095 ut
2323 1040 2601 1107 diximus,
2632 1041 2793 1114 pallii
2824 1042 3044 1101 honore
3082 1044 3332 1117 aliisque
3374 1045 3567 1111 archi-

1915 1127 2348 1200 episcopalibus
2362 1129 2694 1202 insignibus
2706 1148 2771 1187 ac
2792 1133 3031 1204 jurihus
3048 1134 3166 1203 iam
3197 1137 3371 1193 antea
3385 1134 3567 1201 dona-

1914 1222 2094 1271 verat.
2128 1216 2393 1273 Octobris
2426 1218 2593 1275 initio
2624 1220 2773 1276 Pisis
2803 1221 3148 1279 versabatur
3188 1221 3478 1293 Urbanus,
3516 1222 3567 1281 si

1915 1304 2209 1361 credimus
2242 1306 2322 1377 (et
2350 1322 2455 1362 cur
2483 1307 2557 1363 iis
2588 1324 2657 1364 ea
2687 1308 2746 1364 in
2778 1313 2943 1382 parte
2971 1327 3087 1366 non
3128 1311 3499 1377 crederemus
3519 1311 3567 1384 ⁸1)

1913 1390 1987 1446 iis
2022 1391 2231 1450 litteris
2258 1410 2407 1466 quas
2438 1394 2806 1454 Humhaldus
2838 1398 3208 1454 Lemovicum
3255 1399 3567 1472 episcopus

1914 1478 2168 1549 falsavit,
2203 1485 2267 1535 ut
2297 1482 2368 1536 ad
2396 1481 2631 1539 initium
2651 1484 2789 1540 anni
2814 1486 2954 1541 1096
2970 1485 3255 1544 dicemus.
3281 1486 3568 1557 Henricus

1913 1569 2156 1659 interea,
2190 1570 2247 1626 id
2279 1577 2367 1628 est
2392 1573 2501 1628 sub
2532 1572 2711 1646 hujus
2762 1574 2901 1630 anni
2956 1575 3133 1659 finem
3163 1579 3220 1633 et
3266 1575 3567 1659 sequentis

1915 1657 2101 1727 initio,
2136 1664 2201 1714 ut
2255 1662 2632 1733 prosequitur
2689 1662 3018 1731 Bertoldus,
3048 1654 3110 1721 in
3161 1654 3568 1737 Langobardia

1913 1747 2254 1803 morabatur
2276 1766 2417 1821 pene
2446 1754 2599 1807 omni
2627 1755 2779 1822 regia
2810 1751 3076 1825 dignitate
3086 1755 3360 1826 privatus,
3407 1753 3565 1827 quod

132 1851 379 1909 cialibus
400 1850 713 1924 episcopis
736 1851 866 1919 fuit,
882 1856 947 1907 ut
970 1852 1252 1925 episOOpi,
1284 1811 1805 1919 cdmitesjnilitcs,
1834 1811 1884 1876 Β
1915 1837 2214 1925 Cotlradus
2245 1839 2374 1910 eius
2435 1840 2614 1907 ﬁlius:
2672 1811 2771 1913 (illi
2804 1811 2958 1899 ⁸ουηο
3017 1811 3156 1897 ίθξκδ
3198 1811 3445 1903 intimate.
3467 1858 3571 1915 ι’θᾷ

136 1957 436 1997 aeeorum
482 1956 728 2005 uxores,
771 1956 837 1996 ac
898 1939 1003 1995 filii
1037 1945 1094 1997 et
1126 1941 1255 1996 tiliae
1314 1942 1467 2014 apud
1529 1942 1807 1998 Sanctum

136 2029 576 2097 Saturninum;
639 2028 829 2085 caeteri
879 2046 1012 2085 vero
1053 2047 1257 2086 omnes
1314 2031 1467 2104 apud
1527 2031 1807 2087 Sanctum

134 2120 513 2191 Stephanum
546 2116 961 2191 sepelirentur,
995 2117 1157 2175 nulla
1188 2119 1368 2174 beata:
1407 2118 1594 2174 Mariae
1644 2136 1805 2174 men-

132 2208 277 2263 tione
304 2208 498 2263 facta.
541 2206 690 2262 Hinc
722 2206 958 2264 nonnisi
986 2212 1119 2280 post
1151 2207 1356 2263 initam
1380 2207 1542 2263 illam
1569 2224 1807 2264 concor-

133 2297 305 2364 diam,
337 2294 743 2363 Guillelmus,
763 2295 861 2367 qui
894 2312 1032 2367 erga
1048 2296 1421 2352 sanctamDei
1457 2296 1807 2352 Genitricem

136 2387 270 2442 bene
300 2385 577 2442 aﬂ’ectus
606 2388 755 2451 erat,
784 2383 858 2439 ab
890 2383 1122 2440 Urbano
1153 2385 1497 2457 impetrasse
1527 2385 1809 2441 dicendus
1847 2409 1857 2417 -

137 2482 213 2531 est
240 2479 305 2530 ut
333 2479 471 2530 tam
510 2474 647 2546 ipse
675 2489 856 2546 quam
889 2472 979 2529 sui
1012 2474 1228 2546 posteri
1262 2473 1319 2529 in
1334 2475 1463 2546 ejus
1495 2473 1808 2546 percelebri

138 2564 374 2620 basilica
400 2561 897 2619 tumularentur:
933 2578 1109 2635 quam
1136 2562 1349 2618 Urbani
1372 2563 1809 2619 concessionem

142 2652 441 2710 Paschalis
476 2652 533 2708 II
560 2652 697 2724 ejus
714 2666 1019 2707 successor
1030 2656 1232 2724 postea
1253 2652 1637 2708 confirmavit.
1656 2650 1810 2707 Visi-

141 2748 227 2798 tur
280 2741 597 2814 hodieque
658 2740 718 2796 in
750 2756 820 2796 ea
876 2738 1141 2807 ecclesia,
1174 2739 1348 2813 vulgo
1386 2741 1572 2797 Beatte
1619 2741 1811 2799 Maria:

144 2831 441 2888 Deauratse
473 2831 585 2901 (La
613 2828 888 2901 Daurade)
928 2828 1101 2899 dicta,
1134 2846 1260 2902 quae
1314 2833 1525 2885 nostra;
1572 2846 1813 2903 congre-

150 2920 353 2992 gationi
387 2918 609 2975 Sancti
625 2918 812 2974 Mauri
828 2917 1051 2974 ordinis
1074 2916 1432 2973 Benedictini
1454 2918 1686 2974 addicta
1700 2923 1810 2987 est,

153 3008 523 3081 epitaphium
556 3007 741 3063 unius
770 3021 840 3062 ex
867 3005 1088 3062 Αποηεὶ
1120 3006 1354 3063 comitis
1393 3006 1551 3075 filiis,
1601 3007 1814 3063 saeculo

154 3098 409 3170 sequenti
443 3097 513 3152 in
545 3095 718 3152 cunis
748 3094 987 3163 mortui,
1012 3097 1293 3151 marmori
1346 3096 1718 3169 inscriptum,
1752 3096 1811 3151 in

1918 1923 2093 1981 Italia:
2125 1927 2496 1985 renuntiatus
2527 1929 2734 1998 fuerat,
2752 1929 3365 2001 Mathildicomitissas,
3396 1934 3565 1999 estte-

1918 2014 2117 2086 risque
2147 2014 2343 2071 Sancti
2380 2016 2551 2085 Petri,
2586 2018 2671 2073 uti
2703 2035 2802 2075 eos
2848 2018 3242 2092 appellabant,
3292 2018 3569 2089 ﬁdelibus

1917 2103 2287 2174 conjunctus,
2318 2106 2508 2159 totum
2540 2105 2717 2160 robur
2744 2106 2969 2179 paterni
3001 2106 3289 2165 exercitus
3324 2105 3382 2165 in
3416 2106 3568 2165 Lon-

1916 2191 2198 2263 gohardia
2227 2191 2531 2261 obtineret;
2562 2209 2743 2265 quare
2773 2194 3052 2266 pontifex,
3084 2194 3256 2263 cujus
3285 2210 3377 2251 res
3425 2193 3568 2253 adeo

1916 2284 2055 2335 tunc
2086 2296 2375 2352 prosperae
2408 2286 2597 2346 erant,
2629 2281 2739 2337 hac
2769 2287 3099 2354 temporum
3129 2281 3564 2355 opportunitate

1918 2368 2066 2423 bene
2122 2370 2409 2425 utendum
2469 2373 2651 2435 ratus,
2710 2372 2767 2425 in
2828 2370 3012 2426 media
3062 2367 3460 2443 Longobardia,
3487 2368 3577 2427 ait

1920 2456 2244 2526 Bertoldus,
2277 2459 2337 2512 in
2356 2459 2579 2514 civitate
2600 2460 2943 2529 Placentina,
2974 2459 3120 2516 inter
3140 2460 3280 2533 ipsos
3307 2457 3573 2538 schismaf

1919 2547 2071 2613 ticos,
2099 2550 2151 2601 et
2179 2550 2370 2603 contra
2399 2550 2540 2619 ipsos
2569 2548 2882 2617 generalem
2910 2547 3180 2620 synodum
3206 2546 3472 2627 condixit,
3499 2545 3571 2607 ad

1919 2651 2085 2711 quam
2111 2637 2384 2707 episcopos
2414 2638 2613 2703 Italiae,
2642 2636 2996 2709 Burgundiae,
3019 2637 3283 2705 Francia,
3315 2637 3571 2715 Aleman-

1920 2726 2049 2795 πίω,
2080 2726 2372 2797 Bajoariaz,
2402 2727 2749 2798 aliarumque
2773 2727 3188 2798 provinciarum
3231 2726 3497 2787 canonica
3524 2726 3587 2805 ei

1921 2814 2213 2886 apostolica
2242 2816 2569 2871 auctoritate
2596 2816 2783 2871 missis
2830 2816 3033 2872 litteris
3079 2814 3409 2875 convocavit.
3457 2816 3576 2871 Has

1922 2901 1995 2957 ad
2027 2901 2506 2974 metmpolitanos
2539 2903 2842 2960 universos
2873 2903 3257 2962 transmissas
3286 2903 3488 2974 fuisse,
3511 2904 3579 2959 ut

1922 2990 2033 3063 ipsi
2068 3007 2208 3046 suos
2238 2991 2641 3064 sutl'raganeos
2672 3009 2807 3049 cum
2839 2992 3151 3049 abbatibus
3181 2992 3267 3051 eis
3297 2991 3577 3071 subjectis

1922 3080 1993 3136 ad
2026 3079 2338 3136 concilium
2372 3080 2708 3149 invitarent,
2741 3080 3032 3138 discimus
3054 3098 3124 3139 ex
3155 3080 3402 3155 epistola
3432 3081 3580 3159 Bay:-

160 3168 257 3257 quo
283 3185 529 3242 Urbani
561 3201 635 3241 ea
683 3184 755 3240 de
784 3200 846 3240 re
888 3183 1185 3240 decretum
1231 3183 1506 3241 laudatur
1536 3168 1638 3241 his
1687 3200 1813 3240 ver-
1842 3170 1886 3238 C
1926 3168 2085 3225 ηοιάί
2110 3169 2425 3257 Βθωοηιῐη
2457 3169 2881 3244 ειόῐιίθρὶεοορὶ
2904 3170 2976 3225 ad
3008 3169 3386 3229 Lambertum
3406 3170 3576 3257 Αῐῗθῗ

162 3274 333 3332 sibus:

283 3409 381 3465 Vir
407 3423 577 3465 sacer
608 3408 859 3465 Urbanus
888 3407 1162 3463 Romanus
1183 3423 1333 3479 papa
1356 3407 1627 3464 secundus

354 3499 494 3555 Esse
524 3497 871 3552 cimeterium
895 3497 1151 3568 praecipit
1177 3495 1276 3553 hoc
1301 3498 1578 3553 comitum.

280 3589 551 3658 Insuper,
582 3593 644 3641 ut
672 3583 864 3651 didici,
882 3586 1040 3657 jubet
1070 3585 1196 3641 illos
1226 3584 1317 3641 hic
1341 3587 1584 3658 sepeliri,

358 3675 539 3730 Sacro
567 3672 830 3729 mandato
856 3673 1065 3729 civibus
1095 3673 1224 3730 inde
1250 3673 1394 3730 dato.

217 3808 387 3863 Circa
413 3807 578 3862 idem
610 3809 846 3878 tempus
880 3804 1188 3862 monachis
1236 3805 1402 3862 Silva:
1451 3806 1688 3879 Majoris
1716 3806 1818 3880 qui

170 3897 306 3967 apud
320 3896 623 3952 Sanctum
640 3893 956 3949 Antonium
972 3894 1262 3966 degebant
1287 3894 1535 3951 indulsit
1565 3896 1822 3969 pontifex

172 3990 223 4037 at
244 3984 302 4039 in
338 3982 589 4056 prepria
620 3980 868 4038 ecclesia
886 3980 1116 4054 sepeliri
1136 3989 1398 4055 possent,
1428 3990 1821 4057 contraquam

174 4090 199 4127 ι
218 4075 461 4130 Simone
492 4072 771 4145 episcopo
804 4075 1093 4127 statutum
1127 4071 1336 4141 fuerat,
1368 4076 1432 4128 ut
1461 4089 1531 4128 ex
1557 4072 1824 4145 ejusdem

172 4160 414 4218 Simonis
446 4162 851 4216 instrumento
876 4162 1058 4232 patet,
1089 4159 1181 4215 cui
1214 4161 1272 4217 S.
1325 4160 1612 4217 Geraldus
1659 4160 1826 4217 Silva;

176 4249 393 4321 Maioris
424 4249 621 4306 abbas
650 4247 1009 4321 subscripsit
1037 4265 1190 4304 anno
1226 4249 1366 4305 1095
1393 4249 1725 4305 defunctus.

206 4391 399 4449 CLXV.
454 4392 868 4448 Bitionensium
909 4392 1300 4517 caponicm‘um
1342 4407 1587 4463 repressa
1630 4395 1790 4449 teme—

925 4479 971 4517 ri
1001 4479 1080 4517 as.

925 4479 1080 4518 ruas.

1922 3258 2226 3315 batensem
2248 3255 2590 3330 episcopum
2622 3273 2690 3313 ea
2700 3256 3004 3314 occasione
3021 3257 3259 3331 scripta,
3283 3273 3409 3331 quae
3431 3256 3585 3335 adeo.

1922 3347 2075 3402 inter
2105 3345 2323 3403 Urbani
2356 3345 2654 3418 epistolas,
2683 3362 2819 3402 cum
2849 3345 2989 3419 ipsae
3019 3344 3331 3418 pontiﬁcim
3369 3343 3572 3419 litteris

1922 3433 2178 3508 amplius
2210 3451 2325 3490 non
2350 3435 2621 3503 existant,
2655 3434 2956 3492 referetur.

2207 3540 2465 3597 CLXVII.
2502 3541 2750 3598 Urbanus
2778 3541 3081 3598 Bononiam
3116 3541 3288 3599 venit.

1994 3628 2335 3685 Pontiﬁcem
2368 3647 2398 3686 e
2428 3630 2641 3686 Tuscia
2667 3629 2993 3703 profectum
3010 3629 3332 3691 Bononiam
3363 3628 3580 3686 adiisse

1926 3717 2131 3774 scribit
2179 3716 2628 3783 Ghirardaceus,
2678 3718 2739 3774 in
2771 3718 2900 3790 ejus
2956 3717 3120 3775 urbis
3169 3717 3446 3788 Historia,
3479 3716 3582 3785 ubi

1928 3807 2139 3863 asserit
2166 3823 2300 3863 eum
2326 3824 2538 3880 magno
2559 3824 2694 3863 cum
2710 3810 2991 3880 apparatu
3006 3806 3086 3863 ibi
3105 3806 3288 3867 fuisse
3309 3806 3585 3877 acivibus

1930 3900 2293 3968 susceptum,
2330 3900 2503 3968 atque
2529 3895 2664 3951 inde
2681 3895 2990 3952 abeuntem
3015 3898 3246 3967 septum
3278 3894 3462 3960 fuisse
3481 3894 3585 3953 tri-

1932 3985 2046 4040 bus
2077 3984 2344 4056 equitum
2388 3983 2841 4040 Bononiensium
2854 3982 3215 4051 cohortibus,
3238 3998 3366 4054 quas
3389 3981 3588 4055 ipsum

1933 4072 2367 4129 Claromontem
2398 4088 2587 4144 usque
2607 4073 2897 4129 comitatae
2910 4072 3166 4136 fuerunt,
3182 4070 3438 4144 praesidii
3459 4086 3590 4144 pro-

1937 4160 2029 4217 cu]
2066 4159 2243 4216 dubio
2274 4159 2451 4217 simul
2480 4164 2539 4216 et
2566 4159 2807 4217 honoris
2831 4177 3029 4217 causa.

1938 4267 2233 4324 CLXVIII.
2266 4269 2515 4325 Urbanus
2543 4268 2815 4339 synodum
2852 4267 3291 4339 rGuastctlensem
3332 4266 3589 4324 celebrat.

2313 4339 2541 4395 Canusii
2570 4338 2605 4394 a
2634 4338 2890 4397 Mathilde
2918 4340 3210 4410 excipitur.

2012 4428 2296 4484 Eumdem
2326 4431 2465 4483 tunc
2488 4427 2769 4501 temporis
2792 4444 3006 4501 magno
3038 4426 3450 4497 cardinalium,
3471 4426 3595 4500 epi-

1864 4531 1913 4595 ι]
1945 4533 2256 4590 scoporum
2287 4533 2354 4573 ac
2382 4516 2716 4589 principum
2748 4516 2928 4573 Italia:
2978 4516 3258 4574 comitatu
3308 4516 3595 4591 stipatum

234 4607 769 4679 Adhujusqnoque
800 4603 939 4660 anni
972 4604 1147 4659 ﬁnem
1169 4603 1424 4660 revocari
1459 4604 1835 4677 possevisum
1946 4606 2100 4677 apud
2133 4604 2635 4675 Guardescallum,
2670 4621 2775 4662 seu
2808 4609 2871 4661 ut
2899 4604 3074 4680 vulgo
3104 4603 3434 4679 appellatur
3452 4603 3605 4665 Gua-

182 4702 253 4751 est
275 4696 547 4769 ejusdem
565 4693 862 4766 pontiﬁcis
881 4692 1187 4766 epistolam
1214 4692 1489 4748 Duranno
1510 4693 1827 4749 Avernensi
1939 4693 2201 4764 stallum,
2228 4694 2517 4767 synodum
2535 4692 2816 4752 habuisse
2829 4699 3031 4752 narrat
3062 4694 3360 4769 Sigonius,
3383 4692 3604 4757 librant

182 4786 454 4857 episcopo,
474 4783 583 4856 qui
615 4798 770 4838 anno
783 4782 1459 4856 sequentimortuusest,
1485 4782 1825 4855 inscriptam
1938 4782 2018 4838 De
2049 4798 2230 4854 regno
2262 4780 2459 4851 Italiae;
2489 4782 2644 4854 quod
2677 4783 2856 4839 etiam
2899 4782 2999 4839 alii
3050 4788 3317 4841 auctores
3362 4781 3603 4847 habent.

186 4874 442 4930 adversus
476 4870 848 4927 Bilionenses
871 4869 1309 4943 canonicos,qui
1346 4871 1834 4927 immanisacrile-

186 4962 970 5033 gioecclesiam,omnemque
986 4976 1213 5015 sacram
1227 4964 1284 5014 et
1298 4976 1669 5015 communem
1689 4977 1835 5032 sup-

186 5050 515 5122 pellectilem
532 5049 827 5122 prioratus
844 5047 1041 5104 Sancti
1064 5048 1232 5120 Lupi,
1252 5064 1287 5103 a
1302 5046 1727 5104 Celsinianensi
1744 5066 1836 5104 or-

184 5137 741 5195 dinisCluniacensis
769 5136 1121 5194 monasterio
1142 5136 1550 5209 dependentis,
1569 5136 1677 5192 diri
1688 5154 1826 5210 pue-

185 5234 297 5285 rant
320 5227 451 5284 Haec
466 5226 887 5295 controversia,
909 5242 1087 5298 quam
1122 5231 1313 5280 Duran
1324 5241 1433 5280 nus
1464 5242 1579 5281 non
1593 5241 1830 5298 compo-

186 5324 380 5385 saerat,
406 5313 593 5390 paulo
607 5320 740 5388 post
750 5316 800 5387 ej
811 5332 881 5371 us
897 5318 1145 5371 mortem
1162 5313 1479 5380 recruduit,
1505 5331 1563 5370 re
1577 5315 1647 5370 ad
1666 5312 1835 5370 Guil-

184 5408 321 5464 lelmi
358 5405 532 5462 illius
566 5403 929 5461 successoris
960 5404 1196 5460 curiam
1229 5401 1444 5459 delata.
1480 5402 1839 5461 Bilionenses

186 5514 340 5554 causa
352 5510 611 5570 prorsus
626 5493 980 5562 eecidere,ut
992 5491 1184 5549 fusius
1198 5494 1474 5548 narratur
1490 5491 1549 5547 in
1562 5491 1741 5547 veteri
1758 5493 1842 5549 in-

184 5588 505 5647 “ramento
529 5583 689 5656 quod
716 5581 1089 5642 exchartario
1117 5579 1843 5642 Gelcinianensividimus.

498 5708 774 5777 ΡΑτιιοι.
830 5708 975 5775 GLI.

1944 4872 2010 4926 Et
2040 4870 2277 4943 quidem
2306 4870 2632 4927 Pandulfus
2655 4870 2715 4926 in
2747 4870 3136 4939 UrbaniVita,
3162 4871 3314 4926 inter
3333 4868 3447 4926 alia
3465 4882 3604 4939 con-

1946 4958 2082 5013 cilia
2114 4976 2240 5030 quze
2272 4959 2345 5013 ab
2378 4974 2444 5014 eo
2490 4958 2779 5016 celebrata
2827 4960 3007 5017 fuisse
3061 4960 3367 5027 memorat,
3416 4969 3605 5019 unum

1949 5048 2201 5103 occurrit
2250 5048 2744 5107 Ewardastatlense
2800 5050 2861 5104 in
2891 5045 3311 5119 Langobardia:
3371 5045 3429 5100 in
3487 5059 3605 5117 quo

1941 5136 2159 5193 factam
2191 5136 2372 5193 fuisse
2404 5138 2801 5208 praefationem
2827 5138 2897 5193 de
2929 5138 3099 5193 beata
3144 5133 3330 5191 Maria
3379 5133 3603 5212 scribit,

1943 5242 2071 5299 quae
2102 5224 2402 5299 vulgoipsi
2435 5225 2735 5282 tribuitur.
2759 5226 2973 5282 Verum
3004 5240 3137 5281 cum
3156 5222 3304 5279 nihil
3324 5222 3404 5279 ibi
3423 5226 3610 5285 statu-

1948 5320 2079 5370 tum
2112 5315 2297 5371 fuisse
2317 5331 2568 5387 usquam
2593 5315 2840 5387 legatur,
2865 5314 2938 5370 ob
2966 5312 3022 5369 id
3055 5311 3247 5371 solum
3269 5312 3421 5370 hanc
3441 5328 3614 5387 syno-

1950 5403 2095 5460 dum
2144 5408 2404 5460 coactam
2448 5403 2630 5461 fuisse
2646 5401 2960 5459 verisimile
2976 5406 3085 5473 est,
3122 5406 3185 5458 ut
3204 5419 3331 5476 qua;
3352 5402 3423 5459 ad
3440 5398 3618 5461 Galli-

1952 5510 2168 5549 canum
2227 5493 2356 5561 iter,
2389 5496 2447 5548 et
2495 5491 2567 5547 ad
2626 5488 2940 5548 concilium
3000 5491 3426 5561 Placentinum,
3458 5488 3616 5571 quod

1942 5581 2203 5661 'jamjam
2235 5580 2495 5661 pontifex
2508 5582 2633 5639 erat
2642 5577 3066 5657 celebraturus,
3081 5580 3412 5644 necessaria
3424 5581 3623 5659 erant,

3254 5707 3299 5791 lt
