4000 6178
364 314 481 374 139

1660 313 1731 375 Β.
1778 276 2073 378 URBANI
2114 313 2166 377 Π
2210 311 2467 376 ΡΑΡλΕ.

3650 317 3765 380 MO

361 446 474 502 rite
499 445 966 519 disponerentur.
1001 448 1174 506 Favet
1201 449 1339 505 huic
1367 448 1708 519 conjectum
1738 445 2007 519 Sigonius
2034 448 2091 516 Α
2120 447 2248 518 ejus
2276 449 2418 503 Acta
2446 448 2601 521 apud
2633 448 3000 506 Holstenium
3031 452 3088 506 et
3126 447 3422 507 Labbeum
3470 455 3768 509 testantur

360 533 508 606 ipse,
540 534 642 607 qui
668 526 934 594 eamdem
964 539 1253 612 synodum
1284 538 1354 593 ad
1386 536 1564 607 hujus
1594 535 1733 591 anni
1766 534 1904 590 4094
1931 535 2004 590 ﬁ-

361 622 776 693 nem‘revocat;
809 630 936 682 tum
966 625 1274 698 subjungit
1303 625 1605 680 Urbanum
1638 622 1776 680 inde
1815 625 2005 696 profe-

359 716 519 769 ctum
549 714 860 787 magnifico
891 719 1177 787 apparatu
1206 713 1437 769 Canusii
1471 712 1803 769 aMathilde
1834 713 2008 768 comi-

357 800 505 858 tissa
532 790 833 876 exceptum
863 803 1065 858 fuisse.
1098 801 1556 858 Wardastellum
1590 819 1655 857 ac
1687 801 2003 858 Canusium

358 889 695 962 pontiﬁcem
714 890 928 946 adiisse
957 889 1123 945 testis
1152 907 1384 963 quoque
1435 893 1525 946 est
1572 889 2004 962 Ripamontius,

358 979 454 1033 cui
485 978 583 1034 alii
597 977 1286 1051 auctoresastipulantur.
1302 978 1597 1035 Nonnulla
1625 978 1803 1035 habet
1832 984 2005 1033 Dom-

359 1067 489 1122 nizo
515 1067 587 1122 de
600 1066 814 1121 Urbani
831 1066 891 1122 in
910 1067 1376 1139 Longobardiam
1391 1068 1669 1133 adventu,
1692 1068 1791 1123 sed
1809 1067 2004 1122 locum

358 1172 475 1210 non
506 1155 780 1226 exprimit
811 1157 910 1212 ubi
936 1174 972 1212 a
1003 1156 1283 1213 Mathilde
1315 1157 1490 1212 fuerit
1536 1161 1867 1230 susceptus,
1902 1174 2004 1211 nec

359 1242 536 1299 aliam
567 1248 772 1315 praeter
804 1244 1199 1301 Placentinam
1240 1248 1530 1318 synodum
1561 1250 2001 1301 commemorat.

356 1334 432 1387 At
461 1332 770 1389 Ciaconius
800 1335 1020 1406 synodo
1077 1334 1425 1391 Placentina:
1475 1334 1773 1407 praemittit
1829 1334 2004 1390 aliam

358 1421 502 1493 apud
540 1424 765 1479 Willam
792 1425 1101 1480 Rastollam
1128 1441 1293 1495 super
1322 1426 1501 1495 ripam
1532 1424 1689 1492 Padi,
1740 1423 1833 1479 cui
1884 1424 2003 1479 Ma-

357 1509 603 1568 thildem
634 1511 970 1569 interfuisse
1003 1512 1227 1569 scribit.

357 1617 580 1675 CLXIX.
616 1620 862 1675 Urbanus
896 1620 1194 1676 Cremonae.
1228 1620 1592 1689 Privilcgium
1633 1619 1727 1674 dat
1757 1618 1811 1673 S.
1853 1621 2005 1688 {Egi-

710 1691 797 1771 dio
827 1694 879 1746 et
895 1691 1243 1747 Part/lenoni
1275 1692 1647 1748 Cremonensi.

2114 537 2407 592 concilium
2427 538 2609 609 primo
2640 555 2703 593 ac
2730 540 2889 595 tertio
2919 538 3010 596 die
3039 541 3097 594 in
3124 556 3314 612 campo
3346 540 3563 609 sedisse,
3611 544 3763 616 quod

2112 627 2296 680 tantus
2311 627 2545 697 populus
2578 627 2648 682 ad
2708 626 2853 682 illud
2904 628 3290 697 convenisset,
3327 633 3393 685 ut
3452 628 3617 685 nulla
3667 648 3767 688 eos

2114 713 2359 771 ecclesia
2388 730 2591 787 capere
2617 715 2884 772 valuerit.

2114 819 2343 877 CLXXI.
2405 823 2519 890 Quo
2549 830 2784 894 tempore
2839 824 3088 879 habitum
3116 825 3190 878 sit
3235 825 3540 883 Placentiae
3587 830 3764 883 conci-

2556 895 2714 961 lium,
2746 903 2797 949 et
2826 896 2921 966 qui
2948 896 3001 950 ei
3023 894 3327 966 adfuerint.

2186 981 2343 1036 llanc
2400 983 2689 1054 synodum
2758 985 2903 1039 circa
2974 984 3212 1039 mediam
3285 986 3768 1058 Quadragesimam

2114 1069 2465 1125 celebratam
2498 1071 2678 1126 fuisse
2710 1072 2913 1127 scribit
2937 1072 3266 1128 Bertoldus.
3286 1074 3343 1129 id
3376 1079 3466 1130 est
3494 1075 3638 1147 ipsis
3661 1077 3769 1132 Ka-

2113 1158 2304 1213 lendis
2338 1159 2549 1227 Martii,
2583 1166 2647 1215 ut
2678 1160 2852 1216 habet
2868 1162 3223 1216 vetuscodex
3253 1180 3287 1217 a
3317 1162 3542 1220 Labbco
3568 1164 3767 1221 lauda-

2113 1252 2230 1314 tus,
2263 1254 2320 1303 et
2349 1249 2635 1304 consentit
2659 1251 2932 1305 Domnizo
2963 1251 3021 1304 in
3055 1251 3317 1307 versibus
3349 1269 3496 1324 quos
3535 1253 3595 1308 in
3627 1272 3761 1327 app.

2115 1337 2451 1392 referemus.
2486 1338 2622 1392 Eam
2638 1354 2771 1393 vero
2789 1339 2997 1394 diebus
3025 1344 3246 1411 septem
3261 1342 3611 1412 perdurasse
3622 1345 3767 1399 Acta

2107 1427 2230 1495 jam
2264 1425 2502 1481 laudata
2532 1426 2943 1498 perhibenthis
2963 1428 3176 1484 verbis:
3202 1428 3767 1501 Septimotandemdie

2110 1519 2228 1584 post
2271 1516 2646 1571 tractationem
2673 1516 2997 1571 diuturnam
3031 1517 3228 1588 synodi
3249 1520 3491 1590 capitula
3522 1522 3760 1592 prolata,

2114 1613 2164 1657 et
2193 1619 2414 1658 assensu.
2435 1606 2596 1659 totius
2616 1603 2845 1660 concilii
2873 1606 3218 1676 comprobata
3242 1607 3415 1677 fuere.
3451 1608 3614 1665 Certe
3634 1626 3761 1665 eam

2115 1691 2265 1746 altra
2297 1691 2423 1747 dies
2456 1695 2582 1747 octo
2614 1710 2728 1747 non
2755 1694 3096 1764 productam
3127 1694 3310 1750 fuisse
3331 1694 3666 1769 colligimus
3695 1714 3766 1753 ex

426 1777 780 1859 Placentiam
810 1795 1058 1852 pergens
1088 1779 1357 1835 Urbanus
1400 1779 1686 1835 Cremona
1714 1778 1999 1880 transivit,
2034 1815 2081 1880 Β
2117 1779 2330 1878 Urbani
2362 1780 2609 1851 epistola
2639 1781 3154 1873 adNoviomenses
3183 1784 3320 1840 data
3364 1783 3460 1840 die
3505 1802 3583 1841 vn
3626 1787 3765 1843 ldus

356 1868 556 1940 ibique
587 1869 1141 1941 scripsitepistolam
1157 1870 1229 1924 ad
1263 1868 1567 1925 universos
1599 1867 1842 1924 Gotthiae
1861 1867 2004 1922 lide-

355 1956 441 2013 les
470 1958 531 2013 in
562 1957 811 2031 gratiam
866 1957 1286 2014 monachorum
1328 1958 1525 2013 Sancti
1579 1956 1790 2030 zEgidii
1820 1956 2002 2011 Vallis

356 2045 660 2114 Flavianas,
692 2047 907 2119 quibus
919 2046 1299 2119 Raymundus
1313 2062 1506 2102 comes
1532 2046 1815 2101 nonnulla
1835 2045 2004 2101 resti-

353 2139 564 2205 tuerat,
617 2153 743 2208 quae
772 2135 909 2192 huic
960 2137 1317 2192 monasterio
1350 2136 1475 2207 ipse
1505 2140 1562 2190 et
1589 2136 1718 2207 ejus
1748 2139 2004 2190 anteces-

354 2240 519 2295 sores,
545 2225 763 2296 injuste
819 2224 1203 2281 abstulerant.
1239 2229 1304 2278 In
1365 2224 1682 2295 pontificiis
1733 2241 1801 2280 ea
1840 2224 1911 2278 de
1941 2241 2002 2280 re

353 2312 586 2381 litteris,
621 2300 747 2386 quae
774 2317 976 2386 postea
1008 2313 1067 2368 in
1097 2314 1317 2387 synodo
1340 2311 1673 2369 Placentina
1704 2311 1925 2368 relecta:
1946 2317 2003 2369 et

354 2403 710 2459 conﬁrmatae
740 2403 995 2469 fuerunt,
1030 2402 1185 2457 datis
1228 2402 1525 2457 Cremonae
1573 2401 1682 2457 hoc
1732 2418 1883 2456 anno
1922 2419 2000 2457 x11

352 2491 645 2548 Kalendas
696 2491 908 2558 Martii,
959 2491 1175 2547 mentio
1233 2492 1298 2545 ﬁt
1329 2490 1574 2546 Hervira:
1624 2490 1823 2545 uxoris
1852 2491 2000 2564 Bay-

353 2580 760 2651 mundi,cujus
772 2596 981 2635 nomen
997 2579 1089 2634 hic
1112 2596 1667 2646 commemoramus,
1682 2580 1836 2652 quod
1856 2579 2000 2635 illud

350 2669 523 2738 varie.
539 2668 694 2740 apud
706 2668 897 2724 varios
919 2668 1095 2743 etiam
1113 2667 1387 2738 antiquos
1406 2674 1670 2723 auctores
1696 2668 1997 2724 referatur.

350 2756 511 2813 Idem
541 2756 800 2828 pontifex
815 2754 1184 2828 privilegium
1198 2755 1489 2811 concessit
1500 2755 1681 2812 Gissre
1694 2756 2000 2813 abbatissa:

352 2841 1526 2917 monasteriiSanctiJoannisEvangelistae
1542 2861 1720 2916 prope
1731 2846 1999 2901 eamdem

350 2936 698 2992 Cremonam
755 2934 982 3001 urbem,
1045 2933 1199 3004 quod
1231 2948 1363 2988 cum
1418 2932 1647 2988 nullum
1700 2933 1912 2990 habeat
1940 2935 1999 2990 in

351 3024 548 3081 codice
577 3041 646 3080 ex
673 3039 788 3096 quo
819 3022 963 3078 illud
994 3021 1301 3088 habemus,
1344 3021 1733 3094 chronologia:
1776 3028 1995 3091 notam,

352 3113 467 3170 huc
498 3128 766 3169 revocare
794 3110 987 3168 visum
1017 3114 1123 3167 est.
1160 3111 1373 3167 Mirum
1407 3115 1604 3167 autem
1634 3116 1725 3168 est
1773 3111 1993 3168 nullam

2115 1867 2326 1934 Martii,
2360 1873 2492 1939 post
2521 1865 2852 1925 absolutam
2869 1871 3179 1943 synodum.
3212 1875 3288 1926 At
3316 1889 3608 1946 nusquam
3625 1873 3765 1947 legi-

2112 1962 2208 2011 tur
2236 1962 2377 2028 quot
2408 1957 2492 2011 vel
2526 1958 2626 2028 qui
2649 1958 2905 2030 episcopi
2936 1959 2987 2015 ei
3020 1960 3410 2028 interfuerint,
3446 1962 3560 2018 nisi
3604 1965 3761 2035 quod

2110 2045 2169 2099 in
2202 2047 2378 2101 veteri
2414 2047 2698 2102 Chronico
2741 2048 3042 2114 Saxonico,
3100 2051 3254 2121 quod
3290 2066 3399 2106 ms.
3446 2050 3758 2122 habemus,

2111 2134 2339 2190 dicatur
2368 2134 2650 2190 Henricus
2680 2135 2738 2190 in
2771 2138 3762 2210 easynodoaducentis/"erePatribus

2111 2223 2521 2279 communione
2548 2224 2946 2281 ecclesiastica
3013 2226 3278 2298 privatus
3339 2227 3543 2284 fuisse.
3599 2229 3760 2287 Idem

2109 2313 2358 2365 testatur
2384 2309 2657 2367 Albertus
2688 2312 2990 2369 Stadensis
3022 2314 3204 2370 abbas
3238 2314 3298 2370 in
3315 2333 3423 2372 suo
3453 2316 3755 2374 Chronico.

2110 2400 2252 2455 Acta
2280 2416 2413 2455 vero
2443 2417 2569 2472 quae
2603 2400 2773 2457 modo
2786 2418 2854 2456 ex
2875 2401 3526 2474 Labbcolaudabamus,
3544 2407 3762 2463 habent

2110 2487 2260 2542 hanc
2291 2488 2579 2559 synodum
2606 2489 2930 2561 prwsidcnte
2976 2490 3194 2547 domino
3224 2493 3435 2550 Urbano
3474 2511 3597 2549 cum
3642 2498 3757 2566 epi-

2107 2576 2277 2645 scopis
2305 2580 2353 2631 et
2385 2576 2669 2633 abbatibus
2700 2581 2813 2632 tam
2842 2578 3152 2635 Galliarum
3180 2597 3344 2652 quam
3370 2586 3420 2638 et
3449 2583 3756 2655 Langobar-

2108 2664 2219 2721 di}?
2247 2668 2296 2719 et
2359 2666 2565 2722 Tusciae
2603 2666 2785 2722 fuisse
2839 2666 3226 2738 celebratam;
3286 2670 3385 2727 sed
3444 2671 3757 2728 nonnullos

2109 2768 2341 2825 quoque
2373 2755 2677 2826 episcopos
2705 2771 2774 2810 ex
2802 2756 3148 2824 Alemannia,
3191 2759 3472 2829 Bajoaria,
3523 2762 3759 2832 aliisque

2108 2842 2425 2913 provinciis
2473 2843 2588 2898 huc
2621 2844 2963 2901 convenisse
3009 2845 3317 2903 Bertoldus
3362 2848 3636 2919 afﬁrmat,
3687 2867 3756 2907 ex

2108 2931 2323 3002 quibus
2354 2933 2678 3000 Dimonem,
2713 2950 2816 2989 seu
2848 2934 3229 2991 Tbiemonem
3247 2936 3755 3012 Salisburgensem

2106 3019 2608 3093 archiepiscopum
2637 3026 2694 3077 et
2724 3021 3062 3079 Udalricum
3094 3024 3435 3099 episcopum
3457 3028 3756 3084 Patavien-

2107 3125 2231 3163 sem
2253 3126 2321 3165 ex
2351 3110 2636 3181 Bajoaria,
2669 3110 3079 3168 Gebehardum
3127 3114 3634 3172 Constantiensem
3686 3134 3755 3173 ex

351 3202 533 3275 hujus
560 3200 900 3258 monasterii
947 3200 1303 3256 mentionem
1334 3198 1600 3268 inveniri,
1655 3216 1726 3255 ne
1755 3200 1994 3271 quidem
2025 3180 2068 3247 (ἶ
2104 3196 2446 3254 Alemannia
2475 3204 2534 3255 et
2562 3199 3109 3274 UdalricumAugiae
3122 3203 3411 3271 abbatem,
3436 3205 3571 3260 data
3588 3221 3751 3262 occa-

354 3291 507 3365 apud
539 3290 835 3362 Lubinum
865 3290 925 3344 in
951 3289 1168 3345 Notitia
1197 3288 1565 3344 abhatiarum
1596 3288 1794 3356 Italiae,
1828 3291 1998 3362 cujus

351 3380 683 3437 conditores
709 3378 892 3435 fuisse
920 3377 1283 3434 Bernardum
1313 3377 1605 3445 comitem,
1637 3382 1695 3433 et
1723 3378 1995 3435 Bertham

347 3473 477 3544 ejus
505 3487 745 3527 uxorem
775 3474 1036 3542 tempore
1053 3468 1311 3540 Gregorii
1337 3468 1518 3524 Vllex
1538 3467 1647 3524 hoc
1677 3468 1996 3540 diplomate

346 3561 651 3618 discimus.

724 3648 922 3706 CLXX.
958 3648 1261 3704 Concilium
1294 3647 1605 3702 Placentia.

412 3741 528 3796 Sub
557 3739 734 3796 ﬁnem
763 3736 1062 3794 Februarii
1093 3734 1349 3808 pontifex
1380 3734 1737 3790 Placentiam
1761 3735 1992 3792 advenit

337 3816 651 3886 conCilium
682 3845 817 3884 mox
828 3824 1412 3895 celebraturus,quod
1435 3823 1543 3879 hoc
1556 3839 1706 3878 anno
1720 3823 1986 3880 habitum

335 3919 519 3975 fuisse
544 3906 749 3975 omnes
779 3914 1169 3973 consentiunt.
1185 3912 1241 3967 Si
1271 3929 1403 3968 vero
1422 3911 1730 3967 concilium
1754 3911 1989 3969 Placen-

262 4011 271 4014 ’
329 4009 521 4064 tinum
552 3994 1693 4073 auctorChroniciMalleacensis,aliique
1716 4001 1985 4056 nonnulli

332 4101 598 4155 auctores
627 4112 780 4152 anno
817 4094 953 4150 1094
983 4090 1403 4165 consignarint,
1444 4090 1551 4145 hac
1599 4090 1658 4145 in
1690 4107 1751 4146 re
1796 4091 1982 4146 secuti

334 4189 474 4243 sunt
502 4189 757 4241 veterem
797 4181 1095 4237 Gallorum
1145 4179 1523 4252 computandi
1583 4196 1826 4247 morem,
1879 4180 1979 4251 qui

332 4275 471 4331 anni
498 4272 801 4330 exordium
834 4288 868 4325 a
892 4269 1174 4325 Paschate
1196 4268 1552 4341 repetebant.
1581 4266 1978 4323 Placentiuam

332 4362 648 4419 Ecclesiam
676 4364 815 4415 tunc
847 4358 1103 4431 regebat,
1133 4358 1183 4414 si
1202 4355 1441 4430 Ughello
1471 4357 1978 4425 credamus,Addo

332 4468 435 4508 seu
463 4449 668 4526 Aldus,
702 4448 931 4504 Henrici
960 4446 1205 4520 Augusti
1242 4444 1631 4515 consiliarius,
1682 4446 1796 4512 cui,
1847 4451 1980 4518 post

2108 3288 2291 3357 sione,
2324 3293 2602 3357 recenset;
2635 3294 2788 3345 certe
2817 3290 3124 3347 Udalricus
3145 3291 3261 3348 illis
3283 3293 3658 3364 temporibus,
3684 3298 3753 3350 ut

2106 3375 2263 3432 idem
2295 3380 2498 3433 auctor
2528 3377 2749 3447 scribit,
2802 3379 2874 3433 ab
2904 3379 3031 3451 ipso
3077 3380 3346 3451 pontiﬁce
3381 3380 3441 3435 in
3481 3381 3749 3439 abbatem

2105 3471 2479 3522 consecratus
2561 3466 2690 3522 fuit.
2764 3467 3024 3523 Aliorum
3109 3485 3359 3540 quorum
3421 3470 3751 3527 antistitum

2104 3556 2344 3611 nomina
2372 3573 2441 3611 ex
2462 3555 2592 3612 aliis
2625 3559 3026 3613 monumentis
3052 3557 3355 3614 discimus.
3392 3558 3485 3614 Sic
3528 3558 3751 3616 Hoellus

2101 3647 2605 3700 Cenomannorum
2638 3645 2882 3701 antistes
2912 3645 2970 3700 in
2995 3646 3150 3700 Actis
3179 3646 3308 3717 ejus
3336 3644 3607 3703 Ecclesiae
3628 3648 3751 3720 epi-

2100 3750 2434 3806 scoporum,
2465 3733 2637 3789 editis
2675 3737 2832 3789 tomo
2865 3733 2941 3789 III
2958 3733 3368 3790 Analectorum
3385 3734 3751 3792 Mabillonia-

2100 3839 2330 3888 norum,
2365 3822 2579 3878 dicitur
2608 3839 2674 3878 eo
2702 3829 2960 3894 tempore
2992 3822 3239 3879 Romam
3289 3823 3523 3892 adiisse,
3575 3830 3751 3897 atque

2096 3910 2345 3983 benigne
2376 3912 2448 3966 ab
2478 3910 2710 3967 Urbano
2741 3915 3012 3982 acceptus
3043 3927 3176 3967 cum
3208 3928 3276 3968 eo
3316 3912 3463 3983 apud
3508 3915 3747 3970 Placen-

2092 4001 2228 4055 tiam
2249 4000 2540 4071 apostolico
2572 4001 2888 4071 inter/uisse
2916 4001 3173 4056 amcitia.
3212 4000 3371 4056 Idem
3413 4001 3747 4075 colligimus

2094 4089 2164 4143 de
2192 4088 2470 4144 Radbodo
2501 4088 2773 4160 episcopo
2807 4088 3175 4145 Noviomensi
3208 4105 3277 4145 ex
3314 4089 3563 4162 epistola
3609 4106 3747 4147 mox

2090 4175 2344 4244 laudata,
2379 4181 2437 4232 et
2468 4176 2538 4232 de
2570 4176 2809 4248 Hugone
2831 4176 3745 4250 Gratianopolitano,exepistolis

2090 4266 2160 4320 de
2187 4265 2582 4321 controversia
2612 4265 2744 4337 pagi
2770 4265 3272 4322 Salmoriacensis.
3297 4265 3462 4321 Haud
3494 4266 3742 4323 dubium

2088 4354 2229 4426 quin
2262 4354 2449 4410 eidem
2482 4353 2703 4426 synodo
2735 4354 3103 4410 interfuerint
3119 4354 3513 4411 Narbonensis
3535 4360 3592 4410 et
3610 4357 3746 4412 Are-

2086 4442 2329 4498 latensis
2361 4442 2783 4514 archiepiscopi
2815 4459 2948 4498 cum
2970 4442 3259 4516 episcopis
3281 4444 3663 4499 Nemausensi
3685 4448 3745 4499 et

331 4541 684 4597 Bonizonem
712 4537 1094 4603 Sutriensem,
1115 4533 1530 4608 prmmittitille
1561 4539 1761 4591 auctor
1780 4535 1979 4590 Vindi-
2008 4548 2053 4614 ι)
2086 4530 3534 4604 Magalonensi,quibusUrbanusPsalmodiensium
3551 4548 3743 4588 causa

327 4631 483 4688 cium
505 4646 657 4686 anno
680 4626 808 4683 1091
848 4631 904 4682 et
933 4626 1247 4696 Watrium,
1283 4624 1516 4681 natione
1559 4624 1774 4693 Gallos,
1828 4641 1976 4696 quos

324 4722 476 4777 forte
503 4718 638 4774 huic
670 4716 1013 4773 Henriciano
1026 4714 1296 4787 episcopo
1317 4714 1585 4769 Urbanus
1602 4716 1971 4785 opposuerat,

325 4827 392 4866 eo
424 4809 597 4865 modo
631 4824 745 4880 quo
778 4806 967 4877 ipsius
998 4804 1170 4860 Urbis
1201 4803 1353 4859 cives
1383 4802 1649 4857 Ecclesiae
1701 4802 1973 4856 Romanis

326 4896 716 4956 addictissimi
744 4895 1093 4951 Bonizonem
1116 4896 1287 4949 antea
1304 4891 1667 4963 adoptarant.
1694 4890 1867 4945 Porro
1900 4890 1972 4945 ad

324 4987 636 5044 concilium
664 4990 830 5042 tanta
858 4983 1125 5040 convenit
1155 4999 1221 5037 ex
1253 4980 1410 5036 omni
1447 4981 1677 5034 natione
1702 4996 1828 5050 quae
1862 4980 1971 5033 sub

324 5077 465 5131 cmlo
495 5079 586 5130 est
615 5074 923 5131 hominum
957 5070 1293 5136 multitudo,
1317 5074 1381 5124 ut
1411 5086 1509 5123 eos
1540 5069 1703 5123 nulla
1732 5068 1975 5123 ecclesia

327 5163 557 5223 uullave
578 5164 789 5218 domus
816 5161 1052 5234 publica
1069 5164 1169 5214 aut
1198 5159 1440 5230 privata,
1461 5157 1578 5212 imo
1610 5155 1772 5211 nulla
1795 5157 1970 5211 etiam

328 5249 520 5322 platea
568 5251 730 5305 urbis
786 5248 1082 5305 continere
1144 5245 1432 5316 potuerit;
1490 5262 1669 5317 quare
1716 5244 1975 5316 pontifex

326 5338 533 5408 synodi
563 5343 881 5393 conventus
901 5340 1063 5393 extra
1085 5337 1287 5391 urbem
1319 5335 1376 5387 in
1409 5350 1616 5406 campo
1638 5332 1971 5401 celebravit,

322 5427 453 5498 ipso
482 5430 733 5482 testante
790 5424 1081 5492 Bertoldo,
1136 5421 1234 5496 qui
1285 5421 1459 5478 etiam
1513 5419 1688 5493 paulo
1730 5421 1975 5477 inferius

323 5515 529 5573 scribit
560 5515 628 5570 ad
662 5531 791 5571 eam
804 5513 1145 5570 clericorum
1159 5516 1409 5585 quatuor
1424 5510 1541 5567 fere
1572 5508 1776 5577 millia,
1796 5509 1978 5568 laico-

322 5618 455 5665 rum
484 5618 619 5662 vero
631 5602 765 5679 plus
796 5617 973 5683 quam
985 5600 1229 5681 triginta
1261 5598 1447 5659 millia
1476 5598 1978 5667 occurrisse.Hinc

2085 4621 2474 4693 cognitionem
2507 4621 2787 4676 adversus
2819 4619 3217 4676 Massilienses
3248 4619 3447 4676 Sancti
3488 4619 3741 4675 Victoris

2085 4710 2401 4766 monachos
2434 4710 2540 4764 hoc
2574 4726 2728 4764 anno
2762 4708 3079 4775 commisit,
3116 4708 3166 4764 si
3193 4725 3309 4763 non
3341 4706 3489 4763 fallit
3520 4709 3742 4762 instru-

2085 4802 2347 4853 mentum
2361 4798 2511 4854 ea'de
2525 4815 2585 4852 re
2598 4797 3024 4852 confectum.At
3035 4796 3397 4869 probabilius
3408 4802 3499 4852 est
3514 4813 3741 4852 annum

2083 4888 2218 4942 4095
2253 4903 2356 4958 pro
2417 4886 2555 4941 1096
2612 4886 2778 4941 initio
2811 4886 2940 4956 ejus
2996 4885 3375 4941 instrumenti
3405 4884 3737 4957 irrepsisse.

2083 4975 2239 5030 Alios
2266 4977 2515 5031 fortasse
2546 4975 2714 5030 nobis
2745 4975 3207 5047 suppeditabunt
3222 4973 3337 5029 alia
3353 4973 3594 5046 antiqua
3614 4990 3741 5029 mo-

2083 5069 2383 5132 numenta,
2417 5064 2517 5119 sed
2552 5063 2778 5118 nullum
2802 5063 3000 5134 plures
3029 5062 3248 5118 indicat
3295 5079 3473 5135 quam
3506 5061 3742 5135 privile-

2081 5153 2242 5226 gium
2276 5152 2470 5208 Sancti
2501 5152 2710 5223 Aigidii
2750 5153 2879 5223 jam
2926 5150 3255 5220 laudatum,
3307 5151 3462 5224 quod
3513 5151 3570 5205 in
3620 5150 3731 5206 hac

2082 5242 2302 5313 synodo
2329 5256 2462 5296 cum
2494 5240 2725 5295 Urbano
2742 5239 3167 5298 conﬁrmarunt
3197 5239 3368 5296 multi
3387 5238 3732 5306 cardinales,

2082 5329 2340 5402 episcopi
2372 5334 2430 5385 et
2457 5332 2576 5385 tres
2606 5329 2870 5400 abbates,
2902 5345 3156 5401 quorum
3191 5330 3430 5386 nomina
3457 5328 3597 5384 huic
3614 5329 3735 5402 pri-

2081 5416 2292 5490 vilegio
2343 5418 2794 5473 subnectuntur.
2855 5417 3119 5475 Pontiﬁci
3151 5420 3211 5474 in
3259 5420 3463 5475 eadem
3511 5418 3737 5493 synodo

2086 5504 2483 5564 consiliarium
2499 5506 2758 5564 adfuisse
2771 5512 3041 5565 sanctum
3055 5509 3410 5576 Brunonem,
3430 5512 3734 5582 parentem

2087 5594 2630 5667 Carthusianorum,
2692 5613 2896 5657 omnes
2953 5598 3134 5661 ferme
3189 5596 3411 5675 vulgati
3466 5601 3737 5661 auctores
