4000 6176
200 263 311 326 Ml

1814 270 2023 334 VITA.

3508 265 3628 331 142

204 399 602 467 tradiderunt,
637 416 743 455 nec
772 400 1007 456 animus
1037 408 1127 458 est
1147 401 1297 458 banc
1317 403 1648 476 opinionem
1671 406 1863 479 impu-
1892 412 1947 473 Α
1976 405 2201 461 cedenti
2234 407 2600 479 convenerat,
2623 403 2793 475 eique
2822 402 3056 458 nomine
3088 400 3429 474 patriarcha:
3457 404 3623 459 Jero-

198 487 453 559 gnandi;
484 492 548 544 at
576 487 697 545 illis
726 490 999 547 assentiri
1041 508 1156 548 non
1189 508 1431 564 possum
1464 493 1560 565 qui
1590 498 1864 550 asserunt

198 575 333 633 huic
378 582 591 635 sancto
643 578 764 635 viro
812 584 955 636 tunc
1004 580 1284 653 temporis
1324 581 1583 638 oblatum
1616 582 1800 640 fuisse
1830 601 1865 639 a

198 666 475 738 pontifice
493 667 1062 742 archiepiscopatum
1086 670 1472 744 Rhegiensem
1498 671 1557 727 in
1575 671 1859 729 Calabria.

198 755 313 811 Hoc
343 756 515 812 enim
544 757 615 812 ad
640 757 797 813 aliud
813 763 1049 832 tempus
1071 761 1460 816 revocandum
1481 777 1629 829 esse,
1657 763 1858 833 utjam

197 843 341 899 alias
362 845 658 914 diximus,
678 862 747 902 ex
766 864 834 903 eo
855 847 1141 904 evincitur
1161 849 1315 921 quod
1350 852 1488 904 tunc
1519 849 1859 921 ejus‘Eccle-

199 934 291 989 sie
340 935 527 991 sedes
566 952 751 992 vacua
780 953 898 993 non
931 937 1122 994 fuerit.
1154 938 1228 993 Ut
1259 944 1322 994 ut
1347 938 1443 1005 sit,
1500 943 1724 995 certum
1773 944 1862 996 est

194 1023 564 1091 Brunonem,
584 1024 692 1081 etsi
717 1025 1018 1082 Urbanum
1044 1026 1397 1083 Placentiam
1418 1045 1607 1098 usque
1627 1028 1863 1083 comita-

191 1116 285 1169 tus
309 1112 417 1181 sit,
448 1114 515 1168 in
539 1112 759 1170 Gallias
784 1131 918 1171 cum
945 1132 1012 1172 eo
1036 1133 1150 1171 non
1173 1116 1447 1183 rediisse;
1468 1117 1618 1189 quod
1648 1118 1791 1173 forte
1807 1118 1859 1173 ei

188 1215 370 1273 grave
408 1201 629 1257 fuisset
649 1219 752 1273 per
778 1207 863 1257 tot
893 1204 1156 1260 civitates
1186 1222 1253 1261 ac
1284 1204 1613 1278 provincias
1662 1221 1858 1278 perer-

188 1306 352 1346 rare:
389 1307 581 1363 quare
638 1292 695 1346 in
726 1291 1053 1348 Calabriam
1110 1293 1372 1361 secessit,
1407 1293 1506 1349 ubi
1556 1295 1683 1365 jam
1732 1298 1857 1349 tum

184 1378 423 1436 ordinis
447 1380 545 1436 sui
567 1380 947 1438 fundamenta
966 1387 1241 1455 posuerat
1262 1381 1585 1455 multisque
1607 1383 1858 1439 donatus

186 1468 389 1525 fuerat
438 1470 940 1542 possessionibus,
974 1476 1038 1526 ut
1076 1476 1236 1545 patet
1263 1488 1332 1528 ex
1363 1471 1593 1545 Rogerii
1625 1472 1859 1528 comitis

185 1564 246 1614 et
274 1556 540 1614 aliorum
573 1558 1005 1627 instrumentis,
1030 1577 1157 1633 qua:
1175 1561 1398 1632 passim
1416 1560 1475 1615 in
1498 1560 1663 1618 libris
1684 1560 1857 1618 editis

190 1652 539 1703 occurrunt.

188 1754 452 1843 CLXXII.
678 1757 742 1843 in
787 1755 1249 1843 eodemicon'cilio
1292 1760 1604 1843 tractatum.
1642 1757 1853 1843 Qeurli-
1886 1779 1934 1843 Β

258 1828 440 1882 ros-tio
469 1826 744 1901 Praaedis
762 1827 1047 1901 Augustae.
1099 1828 1621 1885 Excommunicatur
1648 1829 1856 1901 Philip-

252 1915 363 1971 pus
393 1914 525 1953 rex.
561 1897 945 1969 Expeditiones
972 1914 1165 1956 sacrae.

252 2006 484 2060 Auctor
507 2007 599 2059 est
623 2003 935 2059 Ordericus
966 2003 1195 2075 Vitalis,
1219 2005 1385 2061 initio
1404 2005 1533 2061 libri
1558 2024 1636 2070 1x,
1672 2006 1846 2062 Urba-

188 2110 329 2148 num
366 2107 591 2166 papam
622 2091 683 2147 in
715 2091 960 2147 concilio
990 2092 1323 2149 Placentino
1368 2095 1432 2150 de
1456 2112 1590 2167 pace
1620 2096 1856 2168 aliisque

180 2182 533 2237 utilitatibus
564 2184 772 2237 sanctae
814 2182 1072 2239 Ecclesiae
1100 2182 1396 2252 diligenter
1426 2188 1704 2239 tractasse.
1740 2184 1852 2239 Sed

173 2289 309 2344 quae
344 2270 449 2325 hic
478 2274 689 2327 auctor
715 2270 1057 2327 summatim
1109 2271 1352 2345 protulit
1382 2288 1567 2346 operae
1594 2273 1853 2346 pretium

174 2368 265 2417 est
296 2358 487 2433 paulo
518 2358 852 2415 accuratius
881 2376 951 2415 ex
979 2358 1109 2416 aliis
1142 2362 1546 2433 scriptoribus,
1582 2379 1646 2417 ac
1671 2361 1851 2435 potis-

172 2450 409 2506 simum
463 2464 538 2504 ex
582 2448 869 2516 Bertoldo,
921 2448 1284 2522 singulatim,
1348 2455 1520 2521 prout
1578 2450 1667 2506 fas
1720 2451 1851 2517 erit,

172 2539 543 2612 expendere.
592 2537 679 2593 Ad
736 2537 890 2593 hanc
939 2538 1228 2610 synodum
1286 2542 1525 2594 venerat
1580 2539 1852 2595 Praxedis

172 2629 480 2698 Augusta,
507 2641 543 2679 a
564 2623 1011 2698 chronographo
1044 2624 1349 2697 Saxonico,
1374 2642 1549 2698 quem
1573 2627 1700 2698 jam
1730 2626 1852 2683 lau-

173 2716 487 2779 davimus,
521 2717 581 2769 et
608 2712 993 2769 aDodechino
1024 2714 1179 2769 dicta
1207 2714 1562 2782 Adbeleidis,
1587 2717 1756 2787 cujus
1779 2716 1852 2771 ab

174 2802 443 2860 Henrico
468 2802 824 2875 imperatore
874 2819 1169 2859 secessum
1201 2803 1602 2876 approbarunt
1632 2805 1850 2875 Patres,

180 2908 321 2951 cum
353 2889 874 2946 abeaaudiissent
889 2891 1082 2946 varias
1112 2890 1519 2960 contumelias,
1553 2896 1605 2947 et
1636 2893 1853 2948 inaudi-

180 2985 265 3037 tas
293 2979 748 3053 fornicationum
800 2980 1093 3051 spurcitias
1152 2996 1301 3052 quas
1349 2997 1383 3035 a
1438 2981 1647 3037 marito
1688 2999 1853 3055 passa

184 3071 408 3128 fuerat.
444 3067 596 3124 Hinc
640 3069 1048 3124 commissorum
1093 3067 1417 3125 delictorum
1459 3087 1585 3142 quis
1617 3070 1850 3127 nonnisi

1974 493 2309 568 solymitani
2361 476 2706 566 Exposuerat
2750 508 2927 566 quam
2977 490 3342 548 necessrium
3384 491 3531 547 foret
3558 492 3625 547 ut

1971 582 2285 640 Christiani
2320 582 2635 655 principes,
2660 581 2833 637 simul
2852 581 2911 636 in
2933 597 3119 636 unum
3142 579 3473 652 conjunctis
3492 577 3626 635 viri-

1973 673 2104 739 bus,
2138 689 2366 728 sacram
2390 671 2817 743 expeditionem
2840 670 3205 742 susciperent
3223 669 3281 725 in
3303 669 3620 738 Orientem,

1973 761 2045 816 ad
2076 761 2335 817 locorum
2373 776 2675 817 sacrorum
2708 758 3209 832 recuperationem
3253 761 3311 813 et
3357 761 3623 814 tutamen

1970 849 2458 919 Christianorum,
2492 849 2593 922 qui
2639 849 2699 904 in
2753 848 2846 903 his
2892 847 3232 920 regionibus
3287 846 3459 919 positi
3511 846 3624 903 sub

1970 939 2323 1011 infideliumj
2334 956 2445 1013 ugo
2462 937 2972 1011 opprimebantur;
2996 952 3176 1008 quare
3198 936 3340 991 dum
3354 935 3622 992 Urbanus

1969 1029 2239 1086 absoluta
2286 1028 2623 1085 Placentina
2675 1027 2920 1101 synodo,
2990 1024 3165 1082 aliam
3221 1023 3621 1080 celebraturus

1968 1119 2171 1174 eadem
2219 1119 2291 1174 de
2348 1134 2527 1174 causa
2574 1117 2633 1172 in
2663 1114 2879 1172 Gallias
2932 1113 3174 1182 veniret,
3232 1113 3439 1168 Petrus
3494 1113 3621 1184 ipse

1970 1207 2158 1263 varias
2171 1206 2501 1280 provincias
2515 1223 2581 1262 eo
2597 1206 2793 1262 animo
2809 1204 3248 1278 peragrabat,ut
3268 1199 3620 1275 populorum

1968 1301 2023 1352 et
2044 1296 2417 1368 potissimum
2434 1296 2686 1352 virorum
2702 1294 2986 1350 nobilium
3000 1292 3229 1349 animos
3242 1307 3308 1347 ac
3323 1289 3621 1364 principes

1969 1386 2040 1441 ad
2070 1385 2177 1441 has
2213 1384 2610 1458 expeditiones
2635 1382 3074 1456 amplectendas
3103 1383 3474 1454 praepararet.

2322 1473 2572 1529 CLXXII.
2632 1475 2875 1531 Haereses
2912 1471 3258 1544 proscripta}.

2039 1563 2379 1635 Proscriptae
2412 1562 2471 1618 in
2503 1562 2705 1618 eadem
2737 1561 2957 1634 synodo
2978 1559 3228 1617 haereses
3254 1573 3383 1631 quae
3411 1555 3607 1614 Eccle-

1967 1652 2115 1707 siam
2152 1656 2291 1707 tunc
2322 1651 2602 1725 temporis
2636 1649 3077 1718 perturbabant.
3120 1648 3425 1721 Praecipua:
3454 1647 3622 1703 erant

1968 1740 2436 1797 Simoniacorum
2459 1744 2517 1796 et
2546 1755 2747 1795 eorum
2771 1739 2873 1812 qui
2904 1738 2977 1794 ab
3007 1737 3174 1810 ipsis,
3198 1754 3347 1810 quos
3366 1736 3453 1792 uti
3472 1733 3618 1792 tales

1966 1832 2265 1896 noverant,
2302 1829 2531 1885 fuerant
2562 1828 2847 1898 ordinati;
2878 1828 3019 1884 item
3048 1825 3489 1896 Nicolaitarum,
3512 1838 3618 1880 seu

1964 1919 2437 1991 presbyterorum
2496 1918 2865 1990 aliorumque
2916 1916 3209 1987 majorum
3270 1913 3617 1971 clericorum

1964 2008 2474 2063 incontinentium.
2501 2007 2797 2062 Renovata
2827 2009 2969 2062 sunt
2997 2005 3172 2061 etiam
3206 2003 3313 2072 ibi,
3344 2006 3413 2059 ut
3441 2001 3618 2059 refert

1964 2096 2291 2162 Bertoldus,
2323 2096 2452 2151 dira
2480 2096 2537 2150 in
2573 2097 3042 2166 Berengarianam
3089 2094 3341 2150 lueresim
3384 2093 3507 2165 jam
3546 2089 3617 2146 ab

1961 2187 2186 2257 antiquo
2235 2185 2535 2256 sa’pissime
2576 2183 3132 2251 anathemitazatam;
3179 2186 3238 2237 et
3270 2184 3464 2239 contra
3494 2193 3616 2234 eam

1960 2274 2230 2329 sententia
2256 2272 2543 2328 catholicae
2584 2271 2714 2342 ﬁdei
2748 2273 2970 2343 ﬁrmata
2999 2269 3138 2326 fuit:
3170 2268 3417 2325 videlicet
3475 2263 3616 2336 quod

1956 2364 2121 2433 panis
2149 2365 2197 2417 et
2228 2362 2417 2416 vinum
2433 2376 2559 2414 cum
2588 2361 2648 2414 in
2677 2359 2848 2415 altari
2874 2360 3281 2422 consecrantur,
3301 2370 3410 2410 non
3439 2354 3617 2410 solum

1960 2453 2213 2522 ﬁgurate,
2256 2449 2347 2505 sed
2397 2450 2564 2505 etiam
2616 2463 2737 2503 rere
2766 2452 2815 2504 et
2844 2447 3206 2503 essentialiter
3233 2446 3291 2500 in
3338 2458 3534 2516 corpus
3563 2444 3618 2498 et

1960 2541 2289 2611 sanguinem
2317 2539 2540 2594 Domini
2555 2540 2918 2594 covertantur.
2947 2535 3205 2607 Denique
3235 2531 3615 2590 anathemata

1959 2646 2083 2685 cum
2127 2627 2368 2684 candelis
2397 2626 2714 2683 ardentibus
2744 2626 2805 2681 in
2837 2624 3184 2681 Guibertum
3214 2625 3272 2679 et
3299 2622 3429 2695 ejus
3459 2634 3614 2677 com-

1963 2718 2159 2791 plices.
2192 2717 2346 2789 quod
2388 2717 2514 2788 jam
2549 2732 2663 2771 non
2697 2714 2877 2772 semel
2904 2714 3121 2770 factum
3154 2712 3363 2781 fuerat,
3393 2708 3610 2766 iterum

1958 2805 2339 2879 pronuntiata
2354 2810 2411 2861 et
2428 2808 2701 2860 renovata
2722 2820 2837 2859 uno
2850 2801 3117 2859 omnium
3140 2800 3379 2856 Patrum
3398 2800 3532 2855 voto
3552 2799 3612 2854 et

1959 2912 2246 2952 consensu
2264 2894 2518 2951 fuerunt.
2537 2893 2813 2965 Ejusdem
2832 2896 2889 2949 et
2908 2889 3135 2947 Henrici
3155 2892 3307 2962 facta
3329 2887 3612 2944 damnata

1961 3003 1994 3042 a
2024 2983 2294 3040 Patribus
2326 2983 2508 3039 fuisse
2539 2985 2739 3038 narrat
2781 2981 3081 3046 Domnizo,
3117 2977 3218 3052 qui
3246 2977 3422 3034 refert
3449 2975 3608 3032 Hen-

1960 3073 2063 3131 rici
2122 3074 2180 3129 in
2228 3072 2543 3128 Praxedem
2591 3069 2812 3143 ﬂagitia
2842 3069 2897 3125 in
2955 3067 3259 3142 publicum
3314 3064 3605 3139 evulgata,

184 3160 381 3216 invita
424 3161 793 3231 perpetrasse
838 3156 1163 3226 videbatur,
1199 3157 1370 3214 venia
1413 3158 1463 3215 ei
1490 3159 1625 3214 data
1656 3163 1763 3227 est,
1793 3147 1922 3216 etC
1963 3160 2540 3219 multisoccasionem
2556 3155 3244 3230 deserendiimperatoris
3265 3153 3605 3229 praebuisse:

184 3247 451 3304 remissa
483 3245 827 3319 paenitentia
850 3262 977 3319 quae
1010 3247 1371 3321 injungenda
1402 3248 1609 3304 fuisset
1638 3247 1709 3304 ad
1732 3252 1857 3304 tan-

188 3342 393 3393 torum
442 3334 776 3393 facinorum
823 3335 1235 3408 expiationem,
1284 3336 1440 3409 quod
1491 3336 1702 3399 delicta
1748 3355 1857 3394 sua

190 3426 399 3500 palam
421 3442 543 3482 non
563 3425 897 3482 erubuisset
916 3426 1196 3482 confiteri.
1221 3426 1350 3481 Haec
1369 3443 1521 3494 vero,
1548 3431 1777 3498 recepta
1796 3426 1853 3483 in

189 3514 451 3571 concilio
482 3513 873 3583 absolutione,
923 3515 983 3570 in
1032 3515 1282 3587 patriam
1335 3533 1504 3572 suam
1553 3515 1856 3572 revertisse

191 3603 442 3681 dicitur,
502 3604 603 3659 ubi
645 3603 871 3660 reclusa
914 3604 972 3659 in
1006 3604 1359 3661 monasterio
1412 3605 1540 3660 vitae
1574 3605 1856 3678 religiosa:

192 3693 500 3750 exercitiis
529 3708 764 3764 operam
798 3709 1041 3761 navans,
1074 3697 1278 3751 sancto
1310 3694 1423 3750 (ine
1455 3693 1693 3766 quievit.

265 3782 591 3854 Philippus
618 3781 977 3839 Francorum
1010 3799 1131 3849 rex,
1158 3783 1258 3855 qui
1291 3799 1443 3838 anno
1487 3782 1855 3855 praecedenti,

196 3878 259 3928 ut
291 3871 585 3937 diximus,
617 3871 689 3925 ab
732 3870 974 3944 Hugone
1012 3870 1204 3945 legato
1233 3871 1391 3927 sedis
1422 3871 1752 3943 apostolicae
1783 3873 1858 3927 ob

194 3959 575 4017 adulterinas
605 3961 734 4031 ejus
756 3959 997 4032 nuptias
1016 3959 1555 4016 excommunicatus
1584 3959 1643 4015 in
1668 3966 1861 4033 Augu-

196 4048 557 4106 stodunensi
585 4047 830 4104 concilio
862 4049 1070 4113 fuerat,
1101 4050 1372 4118 legatione
1398 4050 1469 4105 ad
1502 4049 1651 4105 hanc
1682 4067 1860 4122 syno-

196 4140 347 4196 dum
378 4136 590 4203 missa,
622 4136 888 4193 inducias
919 4156 953 4192 a
984 4138 1259 4210 pontiﬁce
1290 4135 1512 4210 accepit
1541 4137 1614 4193 ad
1647 4139 1860 4195 festum

200 4229 611 4294 Pentecostes;
636 4225 763 4298 ipse
784 4242 919 4282 vero
938 4229 1128 4299 Hugo,
1149 4226 1329 4298 quod,
1348 4225 1422 4281 ab
1445 4225 1677 4283 Urbano
1698 4243 1861 4283 voca-

203 4326 307 4373 tus
338 4315 411 4372 ad
462 4315 774 4387 synodum,
825 4330 932 4370 nec
962 4314 1089 4386 ipse
1119 4331 1223 4371 nec
1254 4314 1412 4371 ullus
1441 4315 1513 4370 ab
1543 4331 1610 4371 eo
1639 4315 1861 4372 missus

206 4403 598 4471 interfuisset,
629 4419 663 4458 a
691 4400 1002 4475 legationis
1028 4400 1358 4475 apostolica:
1386 4401 1576 4458 officio
1609 4418 1859 4474 suspen-

207 4511 317 4551 sus
338 4497 452 4551 est.

280 4583 658 4638 Advenerunt
676 4581 748 4635 ad
772 4580 1038 4637 eamdem
1071 4579 1360 4653 synodum
1381 4577 1561 4636 Alexii
1579 4578 1862 4635 Constan-

208 4668 581 4743 tinopolitani
636 4668 1009 4742 imperatoris
1055 4667 1251 4741 legati,
1302 4668 1373 4723 ad
1434 4667 1863 4741 implorandum

208 4759 1043 4833 pontificisetChristiancrum
1057 4756 1387 4830 principum
1402 4773 1572 4829 opem
1585 4757 1864 4813 adversus

206 4848 505 4917 infideles,
526 4848 626 4921 qui
658 4848 731 4903 ad
755 4864 956 4903 muros
978 4863 1164 4919 usque
1194 4844 1865 4918 Constantinopolitanae

212 4936 415 4994 omnia
446 4938 856 5011 subjugarant.
882 4936 985 4992 His
1016 4936 1073 4990 in
1097 4933 1341 4991 concilio
1363 4933 1662 5006 expositis,
1695 4934 1865 4989 multi

213 5027 287 5083 ad
317 5026 745 5098 expeditionem
776 5026 836 5081 in
868 5025 976 5081 has
995 5024 1260 5098 regiones
1291 5022 1721 5095 suscipiendam
1737 5024 1863 5094 jam

214 5122 357 5171 tunc
372 5132 434 5171 se
451 5115 882 5182 astrinxerant;
906 5114 1060 5186 quod
1085 5110 1646 5183 famosaeillius,quze
1664 5115 1865 5183 postea

214 5207 273 5261 in
306 5204 758 5284 Clarpmontano
788 5202 1032 5261 concilio
1063 5203 1298 5259 decreta
1328 5201 1456 5267 fuit,
1480 5200 1865 5273 expeditionis

214 5294 455 5368 aliquod
486 5292 664 5350 veluti
692 5292 1041 5367 praeludium
1077 5292 1205 5347 fuit.
1254 5291 1324 5346 Et
1370 5289 1609 5362 quidem
1658 5293 1866 5348 Petrus

212 5384 482 5449 eremita,
500 5387 565 5439 ut
584 5382 853 5440 scribunt
871 5381 1092 5455 vulgati
1113 5383 1383 5436 auctores
1412 5378 1666 5434 historiae
1694 5396 1864 5453 expe-

212 5474 509 5532 ditionum
550 5470 1196 5547 Jerosolymitanarum,
1228 5486 1296 5526 ex
1338 5467 1570 5525 Oriente
1600 5483 1864 5528 reversus

210 5562 575 5647 pontiﬁcem,
606 5566 925 5643 antequam
956 5559 1142 5621 Roma
1170 5556 1368 5627 exiret,
1392 5555 1520 5635 jam
1551 5572 1704 5616 anno
1724 5574 1866 5637 pre-

1964 3251 2119 3323 quod
2150 3249 2382 3306 Urbano
2426 3246 2689 3303 animum
2721 3247 3012 3317 adjecerat
3043 3245 3114 3299 ad
3145 3245 3256 3299 iter
3283 3243 3343 3297 in
3389 3243 3609 3313 Longo-

1964 3338 2229 3395 bardiam
2271 3333 2736 3407 suscipiendum,
2768 3332 2967 3405 ibique
2988 3330 3280 3404 synodum
3310 3328 3610 3384 celebran-

1964 3429 2117 3485 dam.
2154 3424 2386 3482 Videsis
2414 3425 2543 3495 ejus
2574 3420 2831 3478 auctoris
2859 3436 3064 3477 versus
3092 3419 3154 3475 in
3184 3416 3537 3492 Appendice.

2035 3515 2308 3572 CLXXIV.
2345 3514 2523 3583 Λυσία
2570 3512 2817 3584 episcopo
2849 3509 3250 3567 Constantiensi
3276 3506 3539 3579 subjecta.

2035 3604 2228 3661 Testis
2254 3606 2341 3660 est
2354 3599 2661 3658 Bertoldus
2680 3599 2982 3657 Urbanum
2999 3598 3060 3655 in
3081 3614 3151 3656 ea
3167 3596 3388 3671 synodo
3400 3610 3613 3653 manem

1960 3698 2277 3767 potestatem
2306 3694 2367 3747 in
2417 3692 2626 3747 clerum
2672 3697 2724 3746 et
2757 3689 3024 3762 populum
3077 3687 3369 3759 Augiensis
3417 3683 3615 3741 insula

1966 3783 2234 3840 Udalrico
2265 3780 2463 3854 Augiaa
2510 3778 2729 3846 abbati,
2764 3793 2940 3850 quem
2972 3777 3225 3850 ipsemet
3253 3791 3321 3832 eo
3349 3778 3614 3847 tempore

1967 3874 2423 3937 consecraverat,
2503 3866 2897 3933 interdixisse,
2947 3879 3195 3937 eamque
3253 3862 3614 3919 concessisse

1966 3959 2305 4017 Gebebardo
2326 3954 2759 4013 Constantiensi
2775 3954 3069 4026 episcopo,
3093 3951 3195 4024 qui
3207 3949 3452 4006 concilio
3474 3963 3617 4021 pre-

1968 4065 2104 4106 sens
2124 4052 2275 4109 erat;
2310 4045 2444 4101 hinc
2471 4059 2603 4099 cum
2626 4041 2800 4115 paulo
2823 4044 2955 4113 post
2976 4038 3280 4095 Udalricus
3300 4037 3368 4092 de
3383 4037 3488 4092 illa
3502 4049 3618 4092 sese

1968 4135 2349 4193 intromisissct
2380 4129 2589 4187 litteris
2622 4129 2839 4186 Urbani
2872 4127 3220 4201 redargutus
3237 4128 3344 4182 est.
3367 4123 3476 4182 Sed
3500 4121 3614 4179 illa:

1969 4225 2173 4281 littera:
2207 4220 2571 4277 interierunt.

2146 4309 2392 4368 CLXXV.
2442 4308 2704 4364 Canones.
2735 4307 2810 4362 De
2840 4306 3097 4363 Ecclesia
3122 4302 3433 4377 disciplina.
3526 4324 3531 4327 -

2042 4399 2320 4457 Praeclara
2348 4398 2526 4454 etiam
2558 4396 2618 4452 in
2648 4396 2853 4453 eadem
2884 4394 3106 4468 synodo
3150 4392 3306 4449 circa
3337 4406 3531 4448 mores
3560 4393 3618 4446 et

1894 4515 1940 4578 Β
1971 4489 2340 4562 disciplinam
2371 4485 2827 4578 ecclesiasticam
2860 4483 3130 4578 instituta
3159 4487 3216 4538 et
3244 4480 3617 4578 promulgata

1974 4581 2152 4645 fuere,
2187 4592 2438 4649 quorum
2470 4573 2751 4630 nonnulla
2775 4571 2969 4645 capita
3000 4574 3261 4627 recenset
3286 4569 3442 4626 idem
3475 4570 3618 4626 Ber-

1972 4668 2187 4724 toldus.
2217 4688 2243 4716 (ι
2270 4667 2425 4720 Inter
2448 4662 2580 4731 alia,
2610 4662 2803 4734 inquit
2821 4660 2918 4717 ille
2938 4664 3161 4728 auctor,
3185 4663 3423 4716 cautum
3442 4662 3533 4714 est
3552 4661 3619 4713 ut

1972 4758 2044 4812 ad
2078 4754 2478 4829 paenitentiam
2503 4768 2618 4807 non
2640 4749 3001 4822 recipiantur
3027 4749 3127 4822 qui
3149 4748 3528 4814 concubinas,
3559 4748 3619 4801 et

1972 4845 2173 4901 odium
2206 4860 2274 4899 ex
2298 4841 2493 4908 corde,
2512 4844 2570 4895 et
2599 4838 2899 4911 quodlibet
2927 4837 3171 4894 mortale
3201 4840 3500 4909 peccatum
3527 4831 3618 4887 di-

1973 4936 2231 4991 mitteret
2260 4930 2501 4987 nollent.
2536 4929 2607 4984 Ut
2636 4927 2837 4984 nullus
2858 4928 3176 5001 presbyter,
3209 4925 3323 4981 nisi
3343 4920 3618 4995 proprius

1973 5024 2283 5098 episcopus
2303 5020 2454 5075 hanc
2475 5017 2525 5074 ei
2555 5034 2757 5073 curam
2788 5015 3167 5083 commiserit,
3188 5009 3523 5085 quempiam
3542 5007 3617 5065 ad

1972 5110 2373 5187 pmnitentiam
2420 5106 2679 5178 recipiat.
2719 5105 2791 5161 Ut
2821 5105 2893 5161 iis
2921 5105 3021 5176 qui
3053 5116 3292 5173 corpore
3320 5114 3437 5154 non
3479 5113 3616 5155 vero

1973 5185 2169 5258 mente
2198 5199 2347 5255 inter
2377 5194 2911 5252 excommunicatos
2936 5194 3259 5257 morantur,
3288 5188 3361 5244 ad
3387 5185 3616 5244 confes-

1973 5292 2199 5348 sionem
2222 5288 2331 5343 rite
2349 5283 2717 5342 venientibus
2736 5279 3105 5338 Eucharistia
3120 5295 3237 5334 non
3262 5278 3613 5351 denegetur;

1973 5379 2146 5435 modo
2164 5372 2799 5433 excommunicatorum
2817 5366 3201 5424 sacramentis
3222 5382 3338 5423 non
3359 5380 3620 5422 commu-

1974 5465 2313 5525 nicaverint.
2350 5462 2422 5520 Ut
2449 5476 2653 5519 eorum
2682 5457 2785 5532 qui
2814 5457 2888 5512 ab
2917 5455 3441 5513 excommunicatis
3459 5452 3616 5511 ordi-

1975 5555 2096 5618 nati
2115 5553 2333 5617 fuerint
2350 5550 2516 5624 irrita
2536 5564 2652 5617 non
2671 5546 2747 5607 sit
2757 5546 3066 5627 ordinatio,
3080 5546 3254 5607 modo
3266 5544 3513 5629 probare
3522 5558 3616 5617 vas
