4000 6178
373 354 491 422 M3

1672 357 1743 417 B.
1787 353 2087 417 URBANI
2130 354 2183 415 ΙΙ
2228 351 2479 414 ΡΑΡᾸΞ.

3663 350 3782 414 Ml

370 491 1042 553 leantsenesciissesuos
1056 490 1415 548 ordinatores
1428 486 2019 545 fuisseexcommuni-
2047 490 2102 559 Α
2132 485 2486 553 Placentina,
2521 484 2622 542 lib.
2654 503 2732 544 xu
2763 487 2837 543 ad
2868 503 2963 543 an.
2988 487 3155 558 4095;
3182 502 3308 559 quae
3331 501 3467 542 cum
3496 502 3608 543 non
3632 486 3780 544 satis

373 588 619 642 catos:»
651 599 721 641 ex
767 600 882 656 quo
928 598 1148 639 canone
1200 583 1357 654 patet
1404 579 1533 649 ejus
1562 577 1789 635 concilii
1824 578 2021 634 Patres

374 693 494 734 non
524 675 824 733 censuisse
854 670 1249 731 ordinationes
1287 669 1357 724 ab
1389 667 1907 725 excommunicatis
1940 669 2021 723 fa-

375 771 522 837 ctas,
546 763 833 822 invalidas
864 779 1015 819 esse.
1062 784 1089 812 «
1115 761 1412 816 Statutum
1434 774 1667 831 quoque
1694 756 1802 812 fuit
1830 761 1893 811 ut
1924 774 2025 828 pro

377 856 715 921 chrismate,
736 852 1029 925 baptismo
1052 853 1109 905 et
1138 847 1442 921 sepultura
1462 847 1606 903 nihil
1629 863 1890 919 unquam
1912 845 2028 901 exi-

379 952 593 1021 gatur:
647 942 919 1013 denique,
982 943 1047 994 ut
1078 937 1308 1010 jejunia
1364 938 1623 1001 Quatuor
1670 937 2025 1008 Temporum

381 1032 791 1092 custodiantur
819 1028 989 1085 statis
1015 1026 1422 1094 hebdomadis,
1448 1043 1576 1098 quae
1608 1024 1688 1080 ibi
1721 1024 2030 1097 designan-

381 1129 496 1181 tur.
518 1143 548 1173 »
589 1120 869 1192 Ejusdem
900 1116 1130 1174 concilii
1161 1132 1414 1172 canones
1444 1114 1778 1187 quindecim
1827 1112 2030 1169 haberi

384 1214 445 1269 in
475 1210 813 1269 collectione
848 1206 1109 1265 Anselmi
1153 1206 1432 1263 Lucensis
1489 1204 1746 1277 episcopi
1796 1202 2033 1274 scripsit

386 1299 696 1369 Baronius,
720 1298 831 1371 qui
852 1298 1047 1369 reipsa
1074 1296 1293 1367 passim
1325 1294 1381 1349 in
1413 1293 1713 1351 codicibus
1740 1309 1881 1349 mss.
1906 1293 2034 1363 ejus

391 1390 645 1448 auctoris
666 1390 1003 1455 occurrunt,
1028 1386 1129 1442 sed
1152 1385 1209 1440 id
1244 1383 1686 1455 intelligendum
1713 1386 1803 1438 est
1832 1383 1902 1438 de
1934 1380 2033 1437 ad-

390 1479 711 1536 ditionibus
733 1478 806 1534 ad
837 1478 987 1533 hanc
1017 1474 1417 1530 collectionem
1444 1473 1629 1541 factis,
1654 1473 1873 1544 quippe
1902 1487 2037 1527 cum

390 1568 704 1626 Anselmus
754 1566 1039 1624 novennio
1068 1567 1202 1621 ante
1248 1562 1409 1619 illam
1443 1563 1731 1636 synodum
1761 1562 1833 1617 ad
1864 1560 2037 1615 caelos

394 1659 621 1716 abierit.
638 1657 729 1713 llli
752 1660 947 1713 autem
979 1670 1232 1712 canones
1261 1651 1642 1721 Anselmiani,
1678 1652 1712 1707 ii
1748 1650 1863 1723 ipsi
1901 1654 2041 1704 sunt

396 1746 546 1821 quos
567 1747 837 1803 Labbeus
870 1763 937 1802 ex
965 1744 1141 1801 variis
1172 1744 1472 1799 codicibus
1504 1759 1647 1797 mss.
1674 1740 1929 1813 vulgavit
1953 1744 2038 1793 to-

396 1855 493 1894 mo
525 1836 567 1892 Χ
595 1835 984 1893 Conciliorum
1011 1851 1024 1889 :
1057 1833 1273 1906 quippe
1304 1834 1401 1905 qui
1432 1832 1669 1888 omnino
1691 1830 2042 1886 conveniunt

399 1943 532 1983 cum
554 1924 628 1983 iis
649 1925 887 1982 statutis
908 1940 1036 1996 quae
1052 1940 1121 1979 ex
1153 1922 1422 1979 Bertoldo
1444 1921 1835 1978 laudavimus.
1861 1920 2065 1987 Iidem,

399 2016 623 2090 passim
651 2015 712 2071 in
738 2014 913 2071 variis
944 2012 1204 2070 Gratiani
1234 2017 1291 2068 et
1315 2010 1567 2067 aliorum
1598 2009 2047 2083 compilatorum

402 2105 653 2162 decretis
699 2107 1034 2160 occurrunt.
1086 2102 1167 2157 Ex
1196 2101 1287 2157 his
1329 2105 1551 2173 septem
1584 2099 1807 2172 priores
1831 2096 2048 2153 conditi

404 2199 544 2252 sunt
570 2195 851 2251 adversus
881 2191 1264 2257 Simoniacos,
1289 2195 1393 2246 aut
1420 2207 1519 2246 eos
1541 2189 1639 2261 qui
1662 2190 1733 2244 ab
1756 2187 1870 2243 illis
1901 2185 2051 2243 ordi-

406 2301 511 2341 nes
560 2282 964 2355 susceperint;
1015 2282 1276 2354 quinque
1307 2284 1619 2352 sequentes
1666 2295 1765 2334 eos
1801 2279 2053 2349 tangunt

346 2360 361 2367 ’
405 2373 507 2446 qui
538 2373 611 2428 ab
634 2372 761 2445 ipso
781 2372 1061 2427 Guiberto
1084 2371 1362 2441 antipapa
1391 2373 1493 2424 aut
1517 2370 1646 2439 ejus
1667 2366 2053 2439 complicibus

407 2460 610 2518 etaliis
631 2460 1027 2516 schismaticis
1049 2459 1279 2514 fuerant
1296 2458 1570 2513 ordinati.
1594 2457 1868 2513 Decimus
1889 2455 2081 2528 quin--

407 2555 525 2617 tus,
550 2550 651 2623 qui
683 2551 741 2605 in
773 2548 998 2621 aliquot
1018 2548 1319 2603 codicibus
1350 2547 1737 2614 desideratur,
1774 2550 1828 2601 et
1858 2549 2054 2601 tamen

408 2639 685 2696 laudatur
714 2655 747 2695 a
778 2637 1072 2706 Gratiano,
1094 2640 1249 2693 vetat
1269 2653 1339 2692 ne
1366 2637 1500 2707 quis
1522 2636 1823 2691 ordinetur
1834 2634 2056 2705 absque

406 2728 600 2796 titulo,
632 2731 734 2785 aut
778 2744 851 2783 ne
897 2726 1202 2783 ordinatus
1248 2726 1310 2780 in
1342 2742 1460 2780 una
1500 2724 1745 2780 ecclesia
1774 2723 1848 2779 ad
1880 2722 2055 2779 aliam

407 2822 535 2874 tran
544 2817 953 2891 s'migret,neve
966 2815 1181 2887 aliquis
1195 2814 1421 2870 duabus
1436 2812 1773 2869 inEcclesiis
1786 2812 2053 2869 tituletur.

410 2899 653 2962 Addunt
681 2902 949 2962 nonnulli
979 2904 1207 2961 codices
1239 2919 1522 2960 canonem
1552 2918 1738 2957 unum
1772 2900 1993 2973 passim
2026 2917 2062 2957 a

409 2992 590 3052 variis
616 2995 955 3052 auctoribus
984 2992 1310 3059 laudatum,
1338 2997 1541 3048 contra
1562 2990 1801 3047 clericos
1835 2990 1934 3061 qui
1966 2989 2061 3045 in-

413 3084 756 3141 vestituram
784 3083 1137 3157 dignitatum
1169 3080 1696 3138 ecclesiasticarum
1723 3097 1757 3136 a
1785 3078 1949 3135 laicis
1980 3094 2062 3134 re~

418 3173 661 3246 cipiunt.

740 3260 1022 3319 CLXXVI.
1053 3263 1315 3333 Praefatio
1344 3262 1408 3316 de
1440 3263 1501 3317 Β.
1548 3262 1740 3316 Μανία.

490 3344 743 3427 Recepta
772 3344 861 3409 est
888 3352 1045 3424 apud
1075 3356 1344 3408 auctores
1374 3349 1640 3423 vulgatos
1668 3348 1925 3415 traditio,
1958 3347 2061 3403 Ur-

420 3445 643 3499 banum
664 3456 877 3514 papam
893 3441 953 3496 in
971 3441 1078 3496 hoc
1094 3440 1339 3497 concilio
1355 3439 1643 3495 decimam
1665 3437 2064 3509 praefationem

420 3549 547 3603 qua:
569 3534 658 3587 est
677 3531 750 3586 de
778 3530 949 3585 beata
977 3527 1179 3596 Maria,
1213 3543 1421 3583 novem
1454 3526 1713 3597 antiquis
1742 3525 2062 3581 addidisse.

419 3619 483 3675 Id
507 3619 721 3675 diserte
739 3618 990 3674 habetur
1018 3618 1079 3673 in
1109 3616 1284 3673 veteri
1317 3615 1511 3671 codice
1542 3631 1653 3670 ms.
1698 3614 2062 3670 archimona-

390 3706 582 3764 'sterii
632 3706 961 3780 Remigiani
1017 3707 1173 3778 apud
1221 3706 1453 3774 Remos,
1505 3705 1577 3760 ab
1628 3702 1798 3760 annis
1834 3704 2066 3760 circiter

420 3789 760 3869 quingentis
781 3794 1017 3868 scripto,
1038 3794 1138 3851 ubi
1160 3799 1292 3867 post
1311 3793 1557 3850 relatum
1580 3794 1691 3848 sub
1715 3792 1929 3865 Pelagii
1962 3810 2061 3866 pa-

418 3902 503 3959 pa
525 3885 760 3942 nomine
772 3886 842 3943 de
855 3901 1060 3942 novem
1076 3884 1514 3958 praefationibus
1534 3883 2062 3949 decretum,eadem

417 3982 599 4032 manu
630 3976 927 4032 adduntur
962 3974 1085 4031 haec
1131 3974 1343 4031 verba:
1390 3974 1607 4048 Decima
1655 3972 1843 4028 addita
1866 3974 1976 4045 fuit
2003 3973 2065 4027 in

384 4065 649 4121 'eoneilio
694 4065 1016 4121 Placentino
1062 4064 1164 4119 sub
1197 4063 1409 4120 Urbano
1429 4078 1577 4135 papa
1604 4062 1886 4118 celebrato.
1926 4063 2063 4116 Rem

392 4160 553 4210 vero
582 4153 668 4210 sic
697 4154 1013 4226 contigisse
1041 4154 1255 4209 ferunt.
1288 4156 1429 4209 Cum
1463 4153 1717 4225 pontifex
1747 4151 1893 4223 apud
1923 4151 2061 4206 San-

419 4246 563 4298 ctam
588 4244 821 4299 Mariam
848 4242 915 4297 de
944 4243 1263 4315 Campania,
1287 4242 1906 4312 vetustissimaepielati:
1934 4242 2064 4295 tem-

415 4332 594 4403 plum,
644 4333 817 4385 sueris
866 4336 1202 4402 operaretur,
1262 4333 1323 4385 ut
1372 4332 1510 4386 Deus
1563 4332 1794 4401 inccepta
1844 4330 2066 4385 concilii

422 4422 554 4477 bene
582 4427 825 4488 verteret,
868 4420 1093 4492 jamque
1127 4421 1517 4492 prmfationem
1563 4419 1820 4491 offerret;
1849 4422 2067 4490 repente

418 4526 489 4566 ea:
538 4511 802 4566 instinctu
847 4510 1032 4566 divino
1089 4510 1281 4565 initia
1316 4509 1630 4565 dulcissima
1678 4510 1842 4565 verba
1864 4509 2065 4580 populo

2133 576 2244 631 sibi
2275 578 2563 642 constent,
2595 576 2710 631 huc
2740 576 2951 633 referre
2978 576 3169 633 visum
3202 593 3315 633 non
3347 581 3457 634 est.

2133 664 2435 738 CLXXVII.
2512 664 2926 738 Con/ﬁrmatum,
2984 667 3043 722 S.
3119 666 3327 737 ,μίζθὶιίἰὶ
3403 666 3778 738 privilegium.

2204 740 2340 792 Item
2372 737 2748 793 Cluniaeense.
2777 739 2867 792 Lis
2894 737 2959 793 de
2979 754 3119 810 pago
3151 737 3592 795 Salmoriacemi.

2206 826 2412 880 Actum
2444 825 2617 882 etiam
2640 825 2697 880 iri
2721 825 3060 883 Placentina
3079 828 3301 900 synodo
3328 827 3398 884 de
3419 827 3643 900 aliquot
3664 827 3780 901 pri-

2135 915 2283 970 vatis
2317 915 2806 971 monasteriorum
2836 921 2893 971 et
2922 915 3172 973 aliarum
3194 916 3587 973 Ecclesiarum
3608 934 3785 989 nego-

2136 1002 2255 1058 tiis.
2280 1004 2441 1059 Certe
2455 1004 2581 1076 jam
2601 1021 2780 1076 supra
2799 1004 3238 1061 observavimus
3264 1005 3482 1062 Urbani
3503 1004 3782 1077 diploma,

2140 1109 2254 1164 quo
2302 1093 2454 1148 bona
2503 1093 2774 1164 quaedam
2824 1094 3179 1151 monasterio
3235 1095 3429 1151 Sancti
3495 1096 3704 1168 Egidii
3754 1113 3789 1153 a

2142 1179 2488 1256 Raymundo
2521 1181 2731 1235 comite
2764 1181 3053 1249 restituta,
3087 1199 3282 1239 coram
3331 1184 3511 1255 hujus
3557 1183 3787 1240 concilii

2140 1267 2411 1323 Patribus
2434 1269 2740 1325 recitatum
2773 1287 2839 1326 ac
2872 1269 3177 1327 laudatum
3211 1273 3410 1329 fuisse.
3434 1274 3791 1330 Confirmata

2143 1357 2318 1412 etiam
2352 1357 2427 1412 ibi
2464 1358 2625 1415 fuere
2663 1359 2965 1433 privilegia
2993 1362 3332 1418 monasterii
3363 1362 3784 1432 Cluniacensis,

2146 1450 2210 1500 ut
2237 1447 2358 1517 ipse
2385 1447 2638 1517 pontifex
2668 1451 2916 1504 testatur
2935 1450 2994 1504 in
3026 1450 3342 1523 diplomate
3371 1469 3439 1508 ea
3470 1453 3540 1509 de
3571 1469 3632 1509 re
3653 1455 3790 1511 dato

2148 1538 2277 1607 post
2298 1533 2684 1606 aliquntdies,
2719 1543 2920 1593 sancto
2959 1538 3208 1612 Hugoni,
3254 1539 3553 1614 inscripto.
3605 1543 3791 1598 Litem

2148 1625 2217 1679 de
2265 1624 2709 1682 Salmoriacensi
2743 1643 2892 1699 pago
2940 1626 3091 1683 inter
3118 1629 3441 1687 Guidoncm
3471 1631 3706 1688 Viennae
3738 1638 3796 1688 et

2148 1715 2448 1785 llngonem
2473 1715 2899 1788 Gratianopolis
2916 1718 3359 1790 episcoposjam
3382 1720 3440 1776 in
3464 1721 3638 1777 variis
3667 1739 3801 1778 con-

2148 1804 2437 1870 ventibus,
2474 1810 2535 1858 ut
2568 1803 2842 1870 diximus,
2888 1807 3250 1876 ventilatam,
3301 1809 3361 1865 in
3410 1809 3517 1866 hac
3562 1828 3797 1885 quoque

2072 1883 2119 1949 Β
2151 1893 2369 1963 synodo
2397 1892 2674 1965 agitatam
2699 1894 2879 1949 fuisse
2909 1895 3196 1953 discimus
3224 1915 3292 1954 ex
3319 1898 3504 1971 ipsius
3536 1883 3799 1974 Hugonis

2155 1979 2373 2045 libello,
2404 1983 2461 2035 in
2484 2000 2598 2053 quo
2641 1984 2811 2037 refert
2833 1984 3126 2055 pontificis
3146 1986 3453 2059 epistolam
3488 1990 3558 2045 ad
3586 1990 3808 2048 Gnido-

2158 2087 2290 2125 nem
2323 2070 2519 2125 datam
2544 2070 2847 2127 Placentiae
2874 2073 2965 2129 die
2988 2092 3041 2132 ιν
3065 2074 3201 2131 ldus
3233 2076 3451 2146 Martii,
3475 2084 3539 2134 ut
3568 2096 3701 2136 eum
3730 2080 3805 2136 ad

2159 2157 2458 2215 meliorem
2518 2177 2757 2216 sensum
2817 2168 3128 2219 revocaret.
3159 2166 3268 2220 Sed
3328 2166 3575 2236 frustra;
3621 2173 3681 2225 at
3712 2169 3809 2225 die

2158 2248 2508 2321 praecedenti
2557 2250 2872 2321 scripserat
2896 2252 3155 2324 pontifex
3184 2255 3256 2310 ad
3290 2255 3606 2314 Robertum
3633 2259 3810 2315 Flan-

2160 2338 2297 2393 drize
2331 2338 2626 2402 comitem,
2679 2343 2744 2395 ut
2770 2340 3076 2398 Lamberto
3119 2344 3393 2417 episcopo
3438 2347 3812 2405 Atrebatensi

2163 2428 2463 2499 suppetias
2493 2428 2669 2483 ferret
2700 2429 2769 2483 ad
2804 2432 3202 2502 recuperanda
3232 2450 3352 2490 sua:
3382 2434 3573 2507 ipsius
3616 2437 3816 2494 Eccle-

2163 2516 2261 2571 siae
2303 2517 2474 2587 bona,
2503 2532 2629 2589 quae
2662 2519 2733 2572 ob
2764 2518 2893 2589 ejus
2924 2536 3059 2575 cum
3107 2520 3366 2579 Ecclesia
3411 2514 3820 2582 Cameracensi

2164 2604 2441 2660 unionem
2472 2606 2752 2661 distracta
2781 2608 3030 2664 fuerant.
3060 2608 3176 2665 llac
3217 2611 3395 2667 etiam
3429 2612 3561 2686 ipsa
3605 2615 3716 2682 die,
3752 2619 3822 2670 ut

2165 2694 2344 2750 codex
2402 2700 2600 2750 noster
2644 2712 2755 2751 ms.
2807 2696 3054 2768 praefert,
3107 2698 3254 2756 alias
3303 2699 3526 2758 litteras
3580 2703 3821 2775 scripsit

2165 2784 2322 2840 idem
2356 2783 2616 2856 pontifex
2630 2784 2953 2841 Gnalchero
2976 2785 3158 2844 electo
3191 2788 3616 2859 Cameracensi,
3648 2797 3713 2848 ut
3744 2809 3819 2849 ne

2168 2874 2475 2945 impeteret
2495 2874 2650 2945 quod
2673 2891 2708 2929 a
2729 2874 2864 2930 sede
2885 2876 3205 2947 apostolica
3224 2878 3296 2935 de
3316 2880 3600 2937 divisione
3621 2880 3822 2938 Came-

2169 2962 2426 3018 racensis
2453 2966 2511 3018 et
2540 2963 2939 3020 Atrebatensis
2992 2965 3379 3024 Ecclesiarum
3430 2971 3819 3027 constitutum

2170 3051 2395 3124 fuerat;
2447 3068 2516 3107 ex
2558 3050 2773 3123 quibus
2802 3052 3068 3125 epistolis
3115 3055 3385 3130 colligere
3434 3057 3571 3115 licet
3622 3063 3822 3116 actum

2170 3156 2403 3212 quoque
2432 3140 2615 3197 fuisse
2645 3140 2705 3197 in
2737 3141 2981 3198 concilio
3004 3143 3337 3203 Placentino
3360 3147 3431 3203 de
3451 3147 3825 3204 restitutione

2093 3250 2136 3318 ρ
2172 3229 2572 3286 Atrebatensis
2602 3229 2819 3287 Eccles.
2845 3232 2972 3303 jam
3000 3232 3060 3288 in
3084 3234 3285 3292 multis
3316 3235 3578 3292 conciliis
3607 3237 3826 3292 confir-

2174 3323 2352 3374 mata.

2172 3425 2500 3512 CLXXXIII.
2545 3428 2792 3512 Urtianus
2830 3430 3035 3512 synodo
3086 3432 3333 3512 absoluta
3364 3436 3543 3512 varia
3562 3432 3830 3512 remedii

2238 3498 2551 3569 privilegia.
2613 3498 3022 3571 Hirsaugiense,
3058 3507 3167 3559 etc.
3219 3506 3469 3571 Epistula
3502 3504 3574 3559 ad
3621 3507 3829 3560 Novio-

2245 3585 2484 3650 inemes._
2521 3571 2667 3650 Duae
2707 3588 2814 3650 pro
2854 3573 3197 3650 {trebatensi
3245 3571 3502 3650 Ecclesia.
3549 3575 3684 3650 .Una
3703 3591 3829 3650 _pro

2245 3641 2344 3715 lite
2390 3640 2829 3715 Salmoriacensi.
2866 3644 3226 3713 Privilegium
3264 3642 3662 3715 Magalonense.
3695 3640 3826 3702 Pri-

2243 3713 2504 3782 vilegium
2533 3712 2903 3769 Cluniacense.

2241 3804 2371 3854 Haec
2393 3800 2463 3855 de
2483 3801 2730 3874 negotiis
2760 3819 2887 3873 quae
2918 3803 2975 3858 in
3007 3804 3135 3876 ipsa
3164 3806 3387 3876 synodo
3416 3809 3665 3864 tractata
3695 3806 3823 3863 fue-

2172 3893 2327 3956 runt,
2353 3894 2640 3961 quantum
2661 3890 2827 3947 licuit
2846 3891 3211 3965 collegimus,
3232 3898 3292 3950 at
3310 3893 3449 3951 hinc
3470 3895 3679 3952 inferre
3700 3910 3823 3951 non

2171 3976 2307 4033 licet
2325 3977 2601 4049 epistolas
2624 3995 2771 4051 quas
2796 3979 3185 4050 laudavimus,
3210 3983 3459 4040 durante
3474 3984 3665 4040 adhuc
3686 4000 3826 4040 con-

2172 4066 2302 4122 cilio
2332 4068 2689 4140 conscriptas
2724 4069 2925 4135 fuisse,
2956 4087 3091 4126 cum
3123 4076 3347 4128 certum
3375 4073 3453 4129 sit
3481 4090 3550 4129 ex
3574 4088 3642 4131 ea
3689 4088 3822 4145 quae

2172 4156 2244 4210 ad
2263 4154 2482 4211 clerum
2499 4162 2556 4212 et
2573 4157 2856 4230 populum
2880 4157 3142 4215 Noviomi
3159 4160 3230 4216 de
3245 4160 3524 4217 Radbodo
3547 4161 3824 4234 episcopo

2171 4245 2308 4300 data
2333 4251 2440 4311 est,
2500 4245 2652 4301 hanc
2710 4248 2999 4319 synodum
3055 4246 3309 4304 solutam
3368 4250 3551 4305 fuisse
3607 4248 3700 4304 die
3738 4264 3825 4305 v11

2174 4333 2385 4388 Iduum
2405 4333 2614 4389 Martii.
2644 4334 2707 4389 ln
2730 4350 2797 4390 ea
2817 4334 3033 4407 quippe
3057 4335 3324 4390 Urbanus
3345 4335 3550 4391 scribit
3579 4351 3640 4391 se
3666 4334 3829 4390 Rad-

2171 4422 2392 4477 bodum
2424 4423 2766 4478 remandare
2795 4423 2867 4479 ad
2901 4439 3068 4479 suam
3101 4423 3288 4495 ipsius
3320 4425 3546 4491 urbem,
3581 4439 3714 4479 cum
3746 4423 3824 4479 ad

2173 4510 2510 4579 concilium,
2533 4512 2710 4584 quod,
2728 4512 3268 4583 inquit,Placentiz,
3291 4521 3566 4568 annuente
3579 4512 3826 4579 domino,

418 4598 725 4655 demirante
766 4600 1047 4671 prorupit:
1098 4621 1127 4649 «
1160 4599 1229 4654 Et
1256 4602 1310 4655 te
1341 4598 1397 4653 in
1460 4597 1825 4654 veneratione
1882 4599 2062 4654 beata:
2094 4621 2144 4686 ι)
2172 4602 2403 4671 egimus,
2431 4602 2785 4673 pervenisset.
2809 4599 3069 4656 Pontifex
3089 4599 3288 4672 itaque
3314 4616 3429 4657 non
3461 4601 3661 4657 statim
3689 4604 3829 4671 post

420 4688 612 4744 Maria:
634 4687 879 4761 virginis
912 4687 1265 4754 collaudare,
1290 4687 1627 4744 benedicere
1649 4692 1705 4744 et
1726 4689 2058 4760 praedicare;

419 4794 546 4851 quae
577 4784 636 4835 et
664 4777 1039 4851 Unigenitum
1070 4782 1240 4833 tuum
1273 4777 1457 4833 sancti
1480 4776 1732 4850 Spiritus
1753 4779 2066 4835 obumbra-

388 4867 575 4941 ‘tione
626 4867 909 4940 concepit,
952 4872 1008 4923 et
1054 4867 1402 4939 virginitatis
1450 4866 1635 4939 gloria
1689 4873 2065 4939 permanente

418 4954 555 5012 huic
568 4958 787 5012 mundo
809 4957 1005 5011 lumen
1021 4960 1302 5012 aeternum
1320 4956 1523 5011 effudit
1542 4956 1743 5011 Jesum
1768 4956 2060 5011 Christum

418 5042 735 5101 Dominum
764 5050 1052 5109 nostrum,
1083 5062 1184 5117 per
1214 5061 1409 5115 quem,
1443 5067 1470 5093 n
1504 5050 1611 5099 etc.
1647 5062 1823 5116 quam
1857 5046 2062 5117 prmfa-

417 5133 636 5189 tionem
668 5133 1014 5190 universalis
1036 5140 1167 5205 post
1189 5135 1428 5189 modum
1452 5132 1707 5189 Ecclesia
1731 5134 2060 5205 adoptando

420 5221 703 5293 probavit,
737 5229 793 5278 et
830 5222 1007 5279 etiam
1040 5239 1195 5277 nunc
1240 5221 1469 5277 retinet.
1522 5222 1679 5278 Hanc
1729 5221 1994 5278 nonnulli
2028 5240 2062 5277 a

417 5304 587 5366 beato
616 5311 886 5369 Brunone
906 5313 1120 5369 editam
1144 5311 1325 5367 fuisse
1344 5310 1577 5377 volunt;
1603 5316 1660 5364 at
1690 5326 1817 5365 eam
1839 5311 1909 5365 ab
1931 5310 2059 5382 ipso

390 5398 646 5469 'Urbano
694 5402 903 5471 factam
950 5402 1134 5457 fuisse
1182 5400 1396 5455 diserte
1436 5397 1615 5451 tradit
1643 5396 1965 5454 Pandulfus
1995 5398 2057 5455 in

394 5489 540 5560 'ejus
567 5489 715 5557 Vita,
748 5507 862 5546 non
895 5490 1133 5561 quidem
1167 5487 1225 5543 in
1251 5485 1605 5553 Placentina,
1639 5485 1739 5540 sed
1782 5485 1840 5541 in
1870 5488 2055 5543 Ewar-

389 5578 745 5649 ’dastallensi,
773 5586 836 5635 nt
849 5581 977 5651 jam
1002 5576 1363 5643 monuimus,
1390 5574 1632 5648 synodo;
1656 5574 1832 5630 Plura
1853 5576 1923 5632 de
1946 5575 2055 5632 hac

403 5668 742 5752 praefatione
772 5668 948 5727 habet
979 5666 1182 5727 Petrus
1210 5665 1393 5726 Maria
1421 5663 1675 5740 Campus
1706 5662 1767 5722 in
1794 5664 2053 5725 Historia

2171 4689 2397 4745 concilii
2422 4690 2598 4745 finem
2623 4688 2914 4744 Placentia
2933 4689 3200 4755 excessit,
3233 4688 3355 4745 sive
3377 4689 3534 4760 quod
3560 4689 3827 4744 nondum

2172 4778 2369 4834 omnia
2395 4779 2467 4834 ad
2500 4778 2627 4847 ejus
2658 4777 2767 4832 iter
2787 4775 3152 4833 Gallicanum
3173 4776 3505 4834 necessaria
3535 4777 3826 4849 disposita

2171 4872 2385 4931 essent,
2414 4867 2535 4923 sive
2589 4871 2823 4939 propter
2880 4864 3027 4921 alias
3058 4866 3295 4938 quasvis
3334 4866 3609 4931 rationes,
3669 4881 3818 4938 quas

2171 4955 2428 5009 divinare
2471 4955 2614 5010 nihil
2666 4957 2923 5010 interest.
2972 4956 3050 5009 Eo
3093 4971 3227 5010 vero
3274 4953 3554 5026 temporis
3602 4953 3814 5026 spatio,

2171 5046 2326 5115 quod
2360 5044 2437 5101 ibi
2484 5044 2691 5117 exegit,
2741 5045 2811 5098 de
2838 5042 3017 5098 variis
3064 5043 3239 5098 rebus
3283 5042 3506 5099 litteras
3554 5041 3813 5113 scripsit,

2170 5150 2420 5205 quarum
2452 5132 2786 5200 nonnullas,
2820 5131 2977 5202 quod
3006 5132 3079 5186 ad
3102 5131 3389 5204 synodum
3414 5129 3818 5187 Placentinam

2169 5226 2517 5292 spectarent,
2574 5237 2755 5292 supra
2785 5219 3260 5276 memoravimus.
3312 5220 3392 5276 De
3433 5219 3652 5276 caeteris
3681 5233 3819 5275 vero

2158 5310 2327 5381 juxta
2355 5309 2636 5382 temporis
2668 5309 2877 5364 seriem
2900 5308 3105 5380 paucis
3126 5308 3220 5364 hic
3250 5310 3563 5382 agendum.

2236 5399 2431 5454 Primo
2461 5396 2711 5453 occurrit
2742 5396 2911 5452 nobis
2940 5396 3175 5469 insigne
3198 5396 3567 5471 privilegium
3589 5395 3827 5453 Hirsau-

2165 5487 2353 5559 giensi
2376 5485 2751 5552 monasterio,
2769 5485 2921 5558 quod
2945 5485 3825 5544 GehehardussanctiWillelmi

2163 5574 2509 5648 discipulus,
2544 5574 2639 5631 cui
2672 5575 3025 5648 inscriptum
3059 5578 3168 5642 est,
3202 5578 3341 5631 tunc
3382 5576 3641 5649 regebat,
3686 5590 3827 5633 con-

2161 5680 2395 5725 cessum
2419 5664 2512 5724 die
2533 5680 2635 5727 VIII
2664 5664 2802 5725 Idus
2815 5663 3031 5737 Martii,
3058 5663 3421 5741 proindeque
3441 5663 3652 5727 ultimo
3677 5680 3821 5727 con-
