4000 6178
218 348 344 418 us
1826 355 2037 426 VITA.‘
3516 367 3641 443 ne

216 487 336 580 cilii
363 486 694 580 Placentini
716 487 829 562 die,
858 493 963 547 aut
1015 494 1187 562 certe,
1218 488 1267 547 si
1310 491 1463 549 intra
1493 490 1617 552 dies
1648 498 1873 569 septem
1902 502 1957 569 Α
1986 499 2330 569 potestatem
2361 513 2494 555 vero
2525 500 2723 558 utendi
2756 501 2930 561 mitra
2959 507 3016 562 et
3038 502 3170 564 aliis
3199 502 3633 580 pontificalibus

215 578 561 670 absolutum
591 579 722 649 fuit,
754 580 849 637 die
875 581 1139 654 proximo
1169 587 1305 657 post
1342 584 1479 656 ejus.
1528 585 1874 643 celebratio-
1984 585 2363 658 ornamentis,
2397 606 2525 662 quae
2548 589 2674 663 jam
2705 591 2933 667 Hugoni
2957 592 3155 653 abbati
3183 578 3288 670 pro
3319 598 3446 653 octo
3470 596 3629 654 festi-

213 686 372 727 nem.
406 669 564 728 Nihil
596 673 795 728 autem
844 671 1061 729 mirum
1116 677 1208 729 est
1236 673 1535 731 Urbanum
1569 676 1871 732 monachis
1980 674 2257 732 vitatibus
2305 679 2614 752 praecipuis
2673 698 2951 740 concessa
3008 669 3215 754 fuerat,
3267 686 3529 761 pontifex
3557 686 3630 744 ad

209 760 742 833 Hirsaugiensibus
786 762 929 818 adeo
979 762 1373 837 favisseLcum
1407 767 1630 819 certum
1664 766 1739 821 sit
1771 783 1869 822 ne-

210 849 432 907 minem
458 849 520 906 in
542 850 857 907 Germania
878 851 1283 909 ferventiorem
1321 852 1442 909 illis
1468 854 1526 909 in
1554 854 1867 927 insequen-

208 940 302 995 dis
331 939 514 995 verba
544 944 603 996 et
630 940 846 1013 scripto
886 940 1277 998 schismaticis
1310 942 1509 1010 fuisse,
1544 948 1609 998 ut
1639 961 1707 999 ex
1729 961 1865 1017 apo-

204 1027 363 1101 logia
384 1027 621 1084 Henrici
642 1028 891 1102 Augusti
914 1034 1072 1101 patet
1106 1048 1140 1087 a
1178 1031 1425 1088 Frehero
1447 1032 1504 1087 in
1529 1032 1867 1090 collectione

206 1122 523 1174 auctorum
553 1119 909 1176 Germanicas
953 1119 1209 1176 historiae
1264 1122 1438 1177 edita.
1471 1122 1619 1187 Quin
1649 1126 1707 1178 et
1736 1123 1866 1178 Hir-

204 1207 526 1279 saugicnse
557 1208 980 1264 monasterium
996 1226 1229 1282 semper
1246 1211 1610 1266 tutissimum
1633 1211 1862 1285 asylum

200 1299 472 1369 tempore
504 1295 784 1352 Willclmi
817 1296 1048 1353 abbatis
1077 1297 1260 1353 fuisse
1291 1300 1567 1355 omnibus
1602 1302 1700 1373 qui
1758 1319 1863 1373 pro

198 1384 483 1459 Gregorio
516 1384 618 1441 VII
649 1384 903 1455 stabant,
933 1384 1218 1441 discimus
1257 1404 1324 1442 ex
1372 1388 1638 1459 ejusdem
1673 1391 1860 1446 sancti

199 1470 348 1540 Vita,
375 1492 511 1547 quas
534 1473 758 1531 Saecula
773 1490 831 1532 v1
850 1474 1221 1531 Benedictino
1239 1476 1476 1550 vulgata
1498 1482 1604 1533 est.
1630 1479 1859 1535 Trithc-

200 1562 355 1619 mius
368 1562 595 1635 aliique
607 1562 874 1619 nonnulli
892 1563 1045 1620 aliud
1067 1565 1242 1621 etiam
1263 1564 1581 1639 vulgarunt
1596 1568 1857 1637 ejusdem

197 1651 300 1708 loci
327 1650 727 1725 privilegium,
756 1653 857 1709 sed
877 1652 1060 1710 multo
1084 1655 1352 1722 minoris,
1381 1655 1429 1712 si
1463 1660 1616 1711 recte
1628 1658 1853 1729 judico,

198 1741 591 1809 auctoritatis,
628 1742 782 1813 quod
825 1746 1020 1798 tamen
1072 1743 1312 1800 omnino
1367 1745 1633 1801 omittere
1663 1746 1856 1802 visum

197 1848 307 1887 non
340 1831 478 1898 fuit,
517 1848 612 1900 ne,
645 1831 798 1904 quod
831 1831 928 1886 alii
958 1848 1062 1903 pro
1105 1832 1365 1906 legitimo
1396 1834 1731 1903 habuerint,
1766 1841 1854 1892 te-

199 1937 350 1977 mere
377 1920 591 1976 videar
617 1920 906 1992 rejecisse.
932 1920 1182 1978 Maxime
1212 1923 1369 1995 quod
1400 1924 1761 1980 Trithemius
1791 1924 1851 1981 in

197 2011 464 2083 ejusdem
511 2009 623 2067 loci
668 2010 952 2067 Chronico
994 2014 1242 2067 testetur
1283 2011 1393 2068 hoc
1452 2013 1648 2086 ipsum
1698 2014 1851 2069 ειΗὶ-

194 2101 412 2157 chanda
444 2100 791 2173 Moguntina
841 2099 1286 2173 metropolitano
1315 2101 1628 2173 probatum
1659 2107 1716 2159 et
1749 2104 1849 2158 ad-

190 2190 444 2245 missum
478 2189 686 2245 fuisse.

254 2279 355 2335 Die
382 2279 681 2351 sequenti,
703 2278 763 2334 id
784 2283 875 2335 est
894 2296 1048 2335 nona
1069 2278 1283 2344 Martii,
1308 2280 1544 2353 scripsit
1577 2280 1849 2339 Urbanus

184 2367 495 2440 epistolam
527 2368 599 2423 ad
642 2367 1069 2441 'Noviomenses
1121 2385 1300 2441 quam
1339 2370 1465 2441 jam
1517 2386 1633 2425 non
1667 2371 1845 2427 semel

185 2456 584 2525 laudavimus,
614 2473 718 2528 pro
752 2457 1028 2513 Radbodo
1050 2474 1253 2514 eorum
1285 2458 1579 2531 episcopo,
1615 2464 1681 2514 ut
1708 2476 1843 2515 eum

185 2546 241 2602 in
270 2550 579 2620 pastorem
610 2545 989 2617 recipiant.Et
1018 2546 1258 2618 quidem
1289 2563 1423 2603 eum
1457 2565 1841 2620 nemo,quan-

188 2633 286 2691 diu
316 2635 378 2691 in
402 2634 573 2691 curia
615 2635 877 2691 Romana
922 2635 1110 2692 fuerat
1161 2641 1449 2706 versatus,
1488 2638 1841 2709 cujusquam

191 2725 461 2781 criminis
491 2728 882 2780 accusaverat.

254 2815 397 2872 Post
426 2814 579 2869 duos
609 2812 982 2881 dies,scilicet
1002 2816 1312 2871 undecima
1335 2816 1599 2887 ejusdem
1620 2816 1841 2871 mensis

191 2903 403 2970 Martii,
441 2901 595 2958 idem
626 2903 884 2974 pontifex
920 2903 1226 2976 epistolam
1266 2921 1443 2960 unam
1495 2904 1841 2961 Gualcherio

189 2990 360 3047 electo
425 2991 853 3061 Cameracensi,
913 2996 971 3047 et
1027 2992 1266 3049 alteram
1334 2994 1581 3049 Roberto
1638 2993 1839 3049 comiti

190 3079 474 3136 Flandriaa
504 3079 877 3151 conscripsit,
904 3080 963 3136 in
1004 3080 1250 3154 gratiam
1302 3083 1703 3139 Atrebatensis
1732 3084 1836 3139 Ec-

192 3168 399 3237 clesiae,
439 3173 505 3223 ut
532 3168 795 3224 diximus
822 3186 1068 3226 numero
1099 3170 1467 3243 praecedenti.
1502 3171 1618 3228 Has
1648 3172 1836 3244 sequi-

190 3260 278 3312 tur
305 3257 581 3329 ejusdem
613 3257 908 3329 pontificis
939 3238 1186 3331 epistola
1214 3260 1285 3315 ad
1316 3259 1641 3316 Guidonem
1666 3238 1837 3317 Vi-en-
1869 3238 1912 3307 C

192 3362 428 3402 uensem
461 3344 967 3418 archiepiscopum
1010 3347 1313 3404 occasione
1361 3348 1840 3405 Salmoriacensis

193 3434 339 3507 pagi,
374 3434 586 3489 itidem
614 3434 887 3506 superius
933 3434 1187 3503 laudata,
1235 3452 1361 3508 quae
1407 3454 1462 3491 ιν
1504 3436 1646 3492 Idus
1665 3437 1723 3492 id
1753 3442 1842 3493 est

196 3526 255 3579 t2
275 3523 371 3579 die
403 3521 602 3578 Martii
632 3523 963 3595 conscripta
986 3525 1113 3580 fuit.

256 3612 453 3668 Pridie
482 3612 622 3669 Idus
650 3613 914 3685 ejusdem
948 3614 1170 3670 mensis
1191 3614 1460 3670 Urbanus
1490 3614 1682 3670 varias
1706 3631 1839 3687 pos-

189 3701 485 3759 sessiones
513 3717 550 3756 a
579 3701 886 3758 Gotofrcdo
925 3702 1197 3775 episcopo
1244 3719 1552 3759 concessas
1584 3702 1841 3775 Megalo-

189 3790 478 3847 nensibus
502 3790 924 3863 canonicis,qui
949 3790 1276 3865 regularem
1296 3791 1472 3848 vitam
1489 3792 1659 3863 juxta
1681 3809 1843 3864 regu-

190 3877 301 3935 lam
323 3879 860 3952 SauctiAugustini
882 3879 1132 3952 amplexi
1168 3881 1419 3947 fuerant,
1454 3880 1838 3945 confirmavit,

191 3967 327 4022 data
354 3968 447 4023 eis
478 3984 587 4023 sua
617 3968 1002 4036 benedictione,
1028 3972 1086 4023 et
1110 3972 1454 4039 peccatorum
1485 3970 1835 4024 absolutione.

188 4057 378 4125 Huius
412 4056 680 4128 rescripti
714 4056 978 4112 meminit
996 4057 1284 4113 Antonius
1305 4057 1376 4112 de
1402 4057 1670 4113 Verdalia
1686 4058 1841 4129 ejus-

190 4144 323 4200 dem
346 4142 624 4199 Ecclesiae
667 4144 997 4216 episcopus,
1030 4146 1131 4217 qui
1160 4145 1318 4202 sedis
1349 4162 1470 4201 suae
1510 4145 1841 4201 antistitum

191 4232 509 4288 Historiam
538 4232 773 4304 scripsit
817 4234 1035 4289 editam
1067 4240 1223 4291 toma
1254 4252 1272 4289 ι
1308 4233 1675 4290 Bibliotheca:
1699 4235 1842 4290 Lab-

191 4320 413 4377 beanae.
450 4323 536 4376 An
587 4337 721 4377 vero
750 4358 753 4361 -
782 4321 1126 4378 Gotofredus
1178 4324 1325 4395 ipse,
1358 4323 1457 4395 qui
1516 4324 1660 4379 forte
1704 4328 1844 4379 tunc

194 4408 503 4465 Placentiae
535 4415 680 4476 erat,
712 4408 856 4465 illud
890 4410 1013 4481 ipse
1043 4410 1460 4483 impetraverit,
1494 4428 1604 4466 non
1655 4410 1845 4482 expri-

193 4497 569 4568 mitur,quod
591 4500 784 4554 tamen
808 4498 1124 4555 verisimile
1144 4503 1254 4566 est,
1283 4516 1415 4555 cum
1442 4499 1566 4571 ipse
1590 4498 1843 4554 multum

1979 761 2138 821 illius
2171 782 2404 839 quoque
2430 784 2798 825 successores
2825 772 3102 829 extendit.

2047 853 2251 910 Adhuc
2283 854 2584 913 Placentiae
2618 862 2739 914 erat
2759 859 3029 918 Urbanus
3069 862 3232 919 initio
3263 864 3499 937 Aprilis,
3527 865 3629 923 ubi

1978 942 2163 1013 pridie
2192 943 2384 1000 Nonas
2396 946 2658 1017 ejusdem
2679 948 2899 1005 mensis
2917 949 3109 1006 simile
3122 952 3239 1013 fere
3253 953 3628 1028 privilegium

1976 1033 2332 1089 monasterio
2363 1034 2557 1090 Sancti
2602 1036 2850 1093 Victoris
2898 1038 3284 1096 Massiliensis
3316 1045 3623 1114 concessit,

1974 1120 2262 1177 Richardo
2288 1123 2569 1179 cardinali
2625 1128 2682 1181 et
2740 1126 2936 1182 abbati
2968 1126 3341 1202 inscriptum,
3390 1132 3491 1203 qui
3521 1133 3624 1189 diu

1974 1210 2304 1280 apostolicae
2335 1212 2491 1268 sedis
2539 1212 2712 1285 legati
2764 1232 3007 1271 munere
3062 1217 3299 1274 functus
3348 1220 3537 1276 fuerat
3562 1221 3623 1278 in

1969 1298 2269 1371 Hispania.
2304 1305 2513 1357 Datum
2544 1302 2599 1357 in
2634 1303 2851 1359 nostris
2902 1305 3182 1378 exemplis
3225 1307 3441 1364 dicitur
3469 1327 3661 1367 ann0'

1972 1388 2111 1442 1096
2137 1407 2149 1454 ;
2185 1390 2283 1445 sed
2314 1392 2590 1447 mendum
2624 1397 2713 1448 est
2742 1395 2813 1449 ab
2845 1395 3309 1453 amanuensibus
3341 1400 3621 1456 commis-

1969 1493 2124 1545 sum,
2159 1480 2311 1551 quod
2344 1479 2514 1536 facile
2552 1498 2621 1537 ex
2678 1482 2811 1538 aliis
2866 1482 3157 1540 chronicis
3211 1486 3367 1543 notis
3425 1489 3620 1544 sanari

1967 1571 2178 1639 potest,
2213 1568 2324 1624 nisi
2355 1585 2566 1636 annus,
2600 1574 2663 1625 ut
2711 1571 2766 1625 in
2817 1571 3110 1645 plerisque
3164 1573 3295 1630 aliis
3353 1575 3533 1647 hujus
3564 1582 3623 1633 et

1965 1657 2267 1728 sequentis
2296 1658 2435 1713 anni
2467 1658 2890 1731 diplomatibus
2923 1661 3257 1737 .observare
3287 1661 3502 1733 licebit,
3537 1665 3619 1722 ibi

1964 1760 1999 1799 a
2028 1745 2234 1802 Martio
2261 1763 2462 1803 mense
2510 1749 2881 1820 praecedenti,
2916 1750 2976 1804 in
3031 1749 3145 1806 ista
3203 1750 3505 1825 privilegia
3535 1753 3620 1809 in-

1963 1833 2224 1890 cboetur.

1998 1940 2273 1996 CLXXIX.
2308 1944 2565 1998 Richerus
2594 1945 2874 2015 cpiscopus
2903 1945 3132 2001 Virduni
3164 1946 3379 2003 Urbano
3399 1956 3576 2020 paret.

2031 2029 2153 2094 Quo
2183 2033 2444 2103 tempore
2476 2031 2596 2087 hac
2627 2032 2686 2087 in
2731 2032 2898 2089 Italia
2927 2035 3269 2107 agebantur,
3303 2036 3609 2108 Richerus,

1959 2119 2059 2191 qui
2093 2121 2164 2175 ab
2196 2120 2367 2176 annis
2415 2125 2637 2193 septem
2669 2121 2727 2177 in
2784 2122 3216 2180 Virdunensem
3270 2114 3611 2199 episcopum

1958 2207 2178 2264 electus
2208 2208 2483 2264 baculum
2517 2210 2589 2265 ab
2621 2210 2866 2267 Henrico
2887 2211 3149 2285 Augusto
3181 2220 3504 2286 acceperat,
3537 2217 3609 2271 ad

1959 2297 2258 2369 Hugonem
2292 2297 2563 2370 Lugduni
2593 2298 3100 2371 archiepiscopum
3132 2302 3395 2370 accessit,
3429 2318 3463 2358 a
3493 2320 3607 2376 qua

1955 2390 2090 2457 post
2131 2387 2422 2457 ejuratum
2473 2386 2733 2443 scbisma
2784 2391 3154 2444 consecratus
3208 2393 3298 2445 est
3354 2389 3482 2462 ipso
3512 2390 3606 2447 dio

1954 2478 2156 2530 sancto
2210 2475 2673 2531 Resurrectionis
2732 2475 3068 2544 Dominicae,
3102 2493 3169 2532 ac
3225 2477 3399 2549 paulo
3449 2483 3602 2550 post,

1954 2562 2256 2620 Dominica
2285 2562 2507 2619 scilicet
2560 2565 2820 2619 secunda
2877 2568 3011 2636 post
3067 2564 3310 2635 Pascha,
3353 2565 3603 2622 Virduni

1952 2666 2087 2708 cum
2106 2651 2327 2725 ingenti
2349 2651 2561 2708 civium
2584 2652 2873 2726 applausu
2891 2656 3202 2725 susceptus
3236 2653 3365 2721 fuit,
3397 2659 3603 2728 agente

1954 2741 2202 2797 Rodulfo
2245 2741 2440 2797 Sancti
2486 2740 2735 2797 Victoris
2794 2742 3025 2811 abbate,
3060 2743 3161 2814 qui
3221 2741 3437 2800 Urbani
3468 2760 3599 2816 par-

1951 2829 2100 2885 tium
2140 2836 2264 2885 erat
2315 2830 2586 2886 defensor
2637 2831 2978 2886 acerrimus.
3037 2830 3167 2886 Haec
3218 2831 3504 2889 discimus
3532 2851 3601 2891 ex

1951 2919 2262 2975 Laurentio
2318 2918 2637 2975 de’Leodio
2692 2919 2751 2974 in
2783 2918 3038 2975 Historia
3093 2920 3221 2992 ejus
3277 2918 3442 2978 urbis
3471 2921 3598 2995 epi-

1949 3023 2282 3081 scoporum,
2318 3024 2445 3079 qua:
2474 3010 2633 3063 torno
2663 3007 2759 3063 XII
2786 3007 3082 3082 Spicilegii
3107 3008 3413 3065 Acheriani
3444 3009 3600 3068 edita

1946 3101 2054 3152 est.

2022 3185 2272 3241 CLXXX.
2308 3186 2555 3242 Urbanus
2596 3202 2630 3240 a
2663 3185 2915 3241 Conrado
2964 3201 3084 3256 rege
3113 3188 3386 3258 excipitur
3407 3187 3528 3245 Cre-

2678 3272 2875 3311 mm.

2022 3344 2280 3403 Pontifex
2305 3361 2437 3401 vero
2472 3343 2766 3399 Placentia
2811 3343 2978 3400 initio
3030 3343 3245 3416 Aprilis
3304 3358 3599 3415 egressus,

1950 3434 2169 3490 multas
2200 3433 2395 3500 urbes,
2444 3436 2511 3488 ut
2559 3432 2735 3489 habet
2785 3432 3082 3498 Domnizo,
3139 3430 3505 3505 peragravit;
3538 3446 3605 3487 ac

1949 3522 2161 3595 primo,
2193 3525 2260 3577 ut
2305 3521 2544 3593 quidem
2593 3520 2823 3594 exigere
2868 3520 3099 3577 videtur
3147 3519 3377 3576 itineris
3423 3518 3605 3577 series

1951 3628 2084 3667 cum
2116 3611 2491 3683 antiquorum
2524 3614 2830 3666 auctorum
2852 3609 3234 3666 relationibus
3258 3602 3600 3683 composita.

1950 3701 2297 3756 Cremonam
2313 3716 2519 3754 rursus
2532 3699 2801 3766 adiit,ubi
2821 3699 3153 3756 Conradum
3167 3698 3400 3755 Henrici
3414 3697 3601 3755 ﬁlium

1952 3790 2127 3846 Italiae
2177 3805 2371 3861 regem
2404 3804 2459 3842 1v
2512 3788 2645 3843 Idus
2694 3788 2928 3865 Aprilis,
2958 3793 3024 3843 ut
3069 3780 3377 3844 BertoIdUs
3407 3788 3600 3855 refert,

1951 3877 2155 3934 habuit
2184 3877 2442 3946 obvium,
2469 3876 2569 3947 qui
2601 3878 2652 3931 ei
2676 3878 2930 3931 stratoris
2960 3877 3205 3947 ofﬁcium
3232 3875 3505 3941 exhibuit,
3536 3892 3603 3931 ac

1949 3969 2078 4039 fecit
2107 3966 2425 4036 ﬁdelitatem
2454 3966 2771 4037 juramento
2801 3964 2866 4020 de
2911 3966 3046 4029 vita,
3078 3963 3145 4018 de
3178 3964 3437 4019 membris
3465 3968 3517 4019 et
3540 3964 3605 4020 de

1946 4063 2155 4128 papam
2186 4056 2442 4109 Romano.
2476 4053 2741 4109 Urbanus
2772 4068 2905 4107 vero
2928 4053 3130 4123 recepit
3171 4052 3334 4106 illum
3350 4053 3410 4105 in
3423 4052 3602 4122 ﬁlium

1949 4151 2159 4199 sanctae
2185 4144 2436 4197 Romana:
2482 4142 2757 4209 Ecclesiw,
2792 4142 2948 4211 eique
2987 4140 3277 4196 consilium
3306 4143 3359 4194 et
3385 4139 3605 4211 adjuto-

1952 4234 2101 4287 rium
2148 4232 2217 4285 ad
2266 4230 2617 4285 obtinendum
2673 4245 2920 4300 regnum,
2971 4236 3024 4284 et
3066 4244 3326 4284 coronam
3384 4229 3606 4301 imperii

1953 4320 2341 4393 acquirendam
2369 4336 2554 4374 coram
2578 4319 2778 4390 papula
2810 4318 3123 4388 ﬁrmissime
3147 4318 3424 4389 promisit,
3453 4318 3607 4373 salva

1952 4410 2171 4483 quidem
2184 4410 2416 4481 justitia
2437 4408 2591 4462 illius
2613 4409 2869 4464 Ecclesia:
2895 4416 2948 4463 et
2990 4408 3206 4463 statutis
3258 4402 3606 4479 apostolicis;

1954 4501 2193 4555 maxime
2217 4500 2281 4554 de
2309 4498 2649 4553 investituris
2682 4498 2736 4551 in
2768 4497 3152 4568 spiritualibus
3182 4497 3432 4567 ofﬁciisa
3469 4496 3608 4552 laico

193 4586 521 4642 desudasse
545 4584 775 4640 dicatur
820 4586 880 4641 in
909 4588 1271 4645 restituenda
1299 4587 1568 4645 Ecclesiae
1601 4605 1719 4644 sua:
1752 4606 1845 4644 ca-
1878 4608 1922 4673 ι)
1951 4606 2061 4645 non
2090 4586 2440 4659 usurpandis.
2476 4586 2606 4642 Haec
2640 4601 2775 4641 cum
2799 4585 3121 4657 accepisset
3165 4588 3262 4640 Ivo
3292 4587 3608 4641 Carnoten-

193 4675 546 4731 nonicorum
580 4673 830 4749 regulari
859 4675 997 4730 vita.

263 4762 384 4818 Hoc
404 4760 779 4834 privilegium
794 4761 949 4819 aliud
967 4764 1679 4836 sequituramplissimum
1693 4765 1849 4837 quod

194 4856 332 4922 post
358 4852 508 4906 duos
537 4848 683 4917 dies,
709 4850 768 4906 id
791 4855 881 4907 est
901 4852 968 4906 16
990 4851 1199 4919 Martii,
1225 4857 1424 4909 sancto
1461 4854 1689 4927 Hugoni
1719 4853 1847 4910 Clu-

196 4938 459 4994 niacensi
488 4939 685 4995 abbati
708 4938 965 5013 pontifex
995 4940 1257 4997 indulsit.
1293 4941 1355 4997 In
1389 4959 1455 4997 eo
1473 4947 1852 4999 recensentur

193 5025 469 5082 Ecclesiae
488 5027 679 5082 eidem
698 5029 1053 5084 monasterio
1087 5029 1146 5083 in
1168 5029 1344 5084 variis
1364 5030 1678 5101 provinciis
1709 5030 1848 5086 sub-

184 5116 943 5190 jecta,confirmanturque
976 5116 1172 5173 omnia
1202 5116 1316 5173 alia
1346 5117 1649 5191 privilegia
1678 5135 1847 5191 supe-

194 5206 416 5263 riorum
478 5204 862 5277 pontificum;
898 5209 1021 5260 tum
1067 5204 1382 5271 interdicit,
1440 5206 1597 5272 sicut,
1658 5206 1852 5278 inquit

191 5293 477 5367 pontifex,
509 5311 544 5349 a
575 5292 830 5365 Gregorio
887 5296 946 5348 in
997 5295 1239 5349 Romana
1281 5294 1505 5366 synodo,
1530 5298 1585 5349 et
1611 5311 1791 5367 nuper
1818 5313 1852 5351 α

187 5384 351 5437 nobis
402 5385 466 5437 in
515 5383 847 5438 Placentina
901 5385 1168 5437 statutum
1221 5382 1433 5449 fuerat,
1467 5382 1707 5439 cuilibet
1758 5401 1848 5439 ar-

188 5471 591 5543 chiepiscopo,
618 5471 911 5545 episcopo,
945 5475 1046 5525 aut
1074 5470 1249 5526 etiam
1298 5470 1486 5544 legato
1535 5471 1850 5544 apostolico

186 5575 429 5617 omnem
463 5558 801 5617 facultatem
844 5558 1257 5617 Cluniacenses
1314 5559 1701 5616 interdicendi
1760 5561 1849 5616 vel

187 5648 771 5717 cxcommunicandi,
806 5652 909 5706 aut
953 5649 1339 5723 cognoscendi
1388 5666 1590 5707 eorum
1617 5666 1848 5720 causas,

1954 4678 2108 4734 sium
2132 4676 2378 4732 antistes
2425 4674 2650 4730 litteras
2700 4673 2963 4745 pontifici
3020 4672 3257 4746 scripsit
3311 4674 3527 4746 quibus
3557 4673 3609 4729 ei

1956 4763 2498 4839 gratularetur.Huc
2532 4763 2687 4818 enim
2715 4762 3101 4819 revocandam
3122 4778 3252 4819 esse
3269 4779 3383 4819 non
3406 4761 3610 4818 dubito

1957 4855 2085 4925 ejus
2115 4851 2426 4926 epistolam
2457 4853 2522 4907 43
2574 4851 2685 4922 ipsi
2744 4850 2977 4907 Urbano
3010 4850 3377 4923 inscriptam,
3408 4849 3466 4903 in
3496 4865 3616 4919 qua

1957 4941 2231 5015 gaudium
2288 4957 2449 4995 suum
2504 4940 2678 4995 nullis
2734 4939 3080 5011 syllabarum
3130 4939 3290 4994 metis
3342 4936 3617 5007 explicari

1959 5046 2132 5103 posse
2162 5029 2471 5093 affirmat,«
2496 5027 2651 5099 quod
2677 5026 2928 5083 audierit
2948 5026 3271 5081 Romanam
3291 5021 3613 5078 Ecclesium

1961 5118 2072 5174 sub
2104 5118 2231 5189 ejus
2264 5116 2547 5190 regimine
2608 5116 2687 5172 ita
2745 5129 3107 5189 prosperare,
3138 5114 3205 5166 ut
3251 5110 3323 5166 ad
3378 5113 3615 5183 portum

1960 5223 2106 5279 pene
2158 5209 2452 5278 perventa,
2506 5204 2681 5261 Italiae
2734 5218 2981 5277 regnum
3032 5198 3265 5273 jamdiu
3313 5197 3526 5256 rebelle
3554 5199 3615 5255 in

1961 5299 2275 5368 conspectu
2320 5296 2450 5366 ejus
2480 5298 2671 5350 totum
2694 5310 2839 5364 pene
2860 5290 3167 5359 conticeat,
3200 5292 3257 5345 et
3285 5305 3470 5346 novus
3496 5305 3617 5361 rex,

1960 5383 2188 5456 (procul
2219 5381 2397 5440 dubio
2420 5382 2743 5450 Conradus)
2774 5397 2900 5437 sese
2930 5377 3171 5435 omnino
3201 5379 3273 5435 ad
3304 5378 3426 5447 Dei,
3458 5379 3616 5450 ejus-

1961 5489 2073 5546 que
2103 5471 2465 5529 voluntatem
2497 5471 2555 5525 in
2596 5470 2726 5541 ejus
2775 5485 2987 5523 manus
3040 5467 3288 5525 dederit.
3326 5490 3355 5518 ››
3386 5467 3456 5523 Et
3485 5466 3616 5541 qui-

1961 5565 2117 5630 dem,
2153 5567 2220 5618 ut
2268 5558 2596 5619 observavit
2643 5557 2940 5629 Sigonius,
2973 5575 3107 5615 cum
3167 5557 3450 5616 Henricus
3508 5558 3617 5614 im-

1961 5656 2195 5726 perator
2253 5668 2322 5707 ex
2374 5647 2538 5705 Italia
2618 5645 2985 5713 excessisset,
3043 5648 3201 5705 brevi
3280 5662 3485 5705 omnes
3544 5646 3617 5702 ad
