4000 6176
378 324 497 440 liv

1677 371 1749 436 B.
1797 328 2096 437 nemo
2137 362 2190 431 ll
2231 367 2484 432 PAPzE.

3669 328 3787 429 iis

377 510 629 573 Conradi
651 512 847 587 partes
867 512 1264 580 accurrerunt,
1298 526 1430 567 cum
1474 508 1601 578 jam
1642 506 1808 564 initio
1839 505 2020 578 hujus
2048 502 2106 572 Α
2133 503 2472 578 proceribus
2494 498 2770 578 przeclara
2790 499 2928 575 jura
2951 500 3219 561 concedit
3235 498 3296 558 in
3317 497 3615 571 ecclesias,
3640 517 3788 576 quas

378 603 542 672 anni,
574 605 642 659 ut
669 619 740 659 ex
767 601 1034 659 Bertoldo
1083 600 1360 667 diximus,
1392 599 1546 654 idern
1605 598 1875 670 princeps
1907 597 2029 653 Ma-

283 728 289 735 -
379 692 555 750 thildi
575 693 823 765 junctus
852 693 1038 746 totum
1068 687 1296 761 paterni
1342 686 1628 744 exercitus
1674 687 1852 743 robur
1879 685 2026 742 obti-

382 782 631 841 nuisset.
730 820 731 825 η

452 888 734 946 CLXXXI.
771 886 992 958 Welpho
1022 886 1081 939 in
1108 884 1435 958 Mathildem
1462 892 1651 958 movet.
1683 883 1960 939 Conradst

644 959 865 1027 Rogerii
888 956 1104 1013 comitis
1134 956 1312 1026 ﬁliam
1342 972 1569 1012 morem
1596 956 1764 1012 ducit.

449 1069 673 1125 Novum
702 1068 898 1121 tamen
919 1064 1151 1119 hostem
1177 1079 1243 1119 eo
1266 1076 1528 1135 tempore
1552 1063 1843 1120 sustinere
1871 1078 2028 1119 com-

380 1156 554 1231 pulsa
566 1152 1280 1225 Mathildis,Welphonem
1305 1152 1527 1208 scilicet
1549 1157 1792 1225 patrem,
1821 1152 2028 1207 ducem

378 1243 771 1315 Bavarite,qui
801 1259 953 1315 aegro
987 1240 1184 1297 animo
1214 1242 1404 1297 ferens
1437 1241 1824 1315 Welphonem
1852 1257 2029 1295 suum

378 1333 568 1392 ﬁlium
600 1349 635 1389 a
664 1330 965 1388 Mathildis
1023 1331 1152 1401 ejus
1204 1330 1400 1386 uxoris
1457 1335 1580 1387 toro
1633 1334 2030 1403 sequestratum

375 1424 586 1491 vivere,
617 1420 837 1478 veritus
862 1437 935 1476 ne
972 1435 1037 1475 eo
1062 1423 1229 1491 pacto
1268 1420 1440 1475 bonis
1469 1421 1598 1492 ejus
1627 1420 2025 1485 frustraretur,

379 1512 453 1570 ad
481 1510 798 1568 Henricum
832 1508 1095 1574 descivit,
1115 1512 1181 1564 ut
1208 1525 1275 1563 ea
1306 1509 1459 1564 bona
1487 1508 1537 1565 si
1570 1526 1685 1566 non
1717 1514 1942 1582 sponte,
1973 1507 2029 1562 vi

378 1600 676 1659 saltemab
698 1615 767 1656 ea
785 1600 1187 1669 extorqueret;
1221 1597 1321 1653 sed
1341 1597 1486 1653 irriti
1510 1598 1670 1654 fuere
1716 1600 2030 1669 ejuscona-

378 1687 806 1747 tus.Mathildis
827 1682 1279 1760 quippe,animo
1301 1687 1871 1760 imperterrita,artes
1901 1691 2031 1761 ejus

379 1778 557 1836 elusit
583 1780 641 1834 et
668 1777 989 1851 potentiam
1023 1776 1230 1848 fregit;
1257 1792 1362 1832 nec
1412 1777 1653 1833 mirum.
1704 1776 1809 1833 Illa
1847 1778 2026 1849 enim,

2140 594 2225 653 vel
2248 594 2621 651 liberaverint
2650 611 2683 650 a
2729 594 3151 649 Saracenorum
3174 593 3339 666 jugo,
3368 596 3468 649 aut
3513 595 3668 648 certe
3717 591 3789 648 de

2140 700 2285 740 novo
2334 683 2744 740 exstruxerint.
2799 682 2917 738 Iloc
2952 680 3342 755 privilegium,
3378 697 3448 737 ex
3492 679 3789 739 historicis

2139 772 2471 846 Hispanicis
2503 772 2739 828 dabitur
2783 771 2940 828 inter
2986 769 3203 827 Urbani
3234 768 3549 843 epistolas;
3585 769 3644 824 in
3676 786 3790 842 quo

2140 861 2374 935 quidem
2406 860 2548 918 satis
2579 860 2692 917 sibi
2744 863 3011 917 constant
3069 858 3350 915 chronica;
3392 863 3561 927 notae,
3597 859 3701 915 sed
3736 860 3790 916 id

2138 951 2315 1008 habet
2360 950 2741 1020 incommodi,
2772 950 2927 1022 quod
2978 949 3182 1004 datum
3239 946 3468 1003 dicatur
3509 949 3698 1006 Romae
3736 951 3794 1003 16

2137 1041 2355 1114 Aprilis
2383 1041 2564 1112 hujus
2594 1039 2766 1095 anni:
2802 1055 2918 1111 quo
2946 1041 3208 1110 tempore
3239 1039 3463 1092 certum
3488 1040 3573 1093 est
3606 1037 3789 1093 Urba-

2138 1146 2282 1186 num
2300 1129 2358 1185 in
2382 1128 2788 1202 Longobardia
2808 1130 3104 1183 versatum
3124 1124 3590 1182 fuisse.Joanncs
3613 1126 3790 1182 etiam

2140 1218 2218 1275 ibi
2240 1222 2607 1291 pransignator
2647 1217 2859 1273 domini
2912 1216 3120 1274 Urbani
3174 1215 3407 1282 dicitur,
3441 1231 3617 1287 quem
3652 1215 3793 1271 titu-

2137 1308 2357 1376 lum,ut
2379 1305 3051 1378 obs_crvavimus,primis
3082 1308 3313 1361 tantum
3346 1303 3563 1360 Urbani
3596 1305 3791 1371 annis,

2138 1398 2357 1469 quibus
2386 1376 2590 1453 Petrus
2612 1376 2874 1452 nondum
2898 1394 3195 1468 regnabat,
3224 1392 3544 1465 usurpavit.
3572 1392 3793 1449 Verum

2138 1486 2261 1541 hac
2290 1502 2360 1541 ex
2388 1484 2839 1540 amanuensium
2874 1482 3102 1538 incuria
3124 1481 3424 1555 provenire
3450 1485 3790 1554 potuerunt:

2139 1575 2293 1647 quod
2316 1591 2382 1631 eo
2416 1573 2789 1630 verisimilius
2817 1576 2925 1638 est,
2960 1589 3072 1645 quo
3105 1576 3311 1627 caetera
3350 1571 3409 1626 in
3438 1570 3546 1626 hoc
3581 1587 3792 1626 monu-

2140 1666 2336 1719 mento
2361 1679 2554 1718 rerum
2585 1660 2834 1729 veritati,
2866 1660 2923 1719 et
2952 1666 3287 1733 temporum
3328 1658 3795 1716 circumstantiis

2139 1752 2403 1825 apprime
2424 1752 2789 1808 conveniant.

379 1866 467 1924 uti
524 1840 702 1923 refert
756 1840 1086 1921 Willelmus
1108 1840 1713 1933 “Malmesburiensis,
1765 1867 1865 1938 qui
1926 1840 2030 1924 nec
2060 1874 2108 1941 Β
2139 1840 3184 1941 CLXXXIIILE
3213 1840 3498 1941 Λζῗξίίζξῗίδ
3538 1841 3796 1895 θθηθηίθί

379 1955 613 2014 Urbano
643 1971 749 2011 nec
770 1952 1037 2010 Mathildi
1067 1953 1258 2009 favere
1294 1953 1612 2021 consuevit,
1646 1954 1817 2010 oblita
1843 1971 2025 2023 sexus,

376 2061 477 2103 nec
529 2044 718 2116 dispar
774 2043 1019 2113 antiquis
1084 2042 1466 2108 amawnibus,
1515 2044 1726 2112 ferrata
1782 2046 2030 2101 virorum

375 2135 603 2206 agmina
657 2134 722 2188 in
769 2131 975 2188 bellum
1019 2130 1214 2201 agebat
1266 2133 1495 2203 femina.
1528 2132 1643 2188 Nec
1688 2132 1911 2189 felicior
1965 2135 2026 2190 in

373 2221 722 2280 Alemannis.
761 2219 1010 2292 Welpho
1064 2219 1195 2287 fuit,
1228 2219 1331 2275 ubi
1387 2219 1663 2291 multum,
1696 2225 1843 2278 teste
1894 2224 2025 2279 Ber-

372 2309 556 2379 toldo,
613 2326 749 2366 cum
798 2307 930 2365 aliis
985 2306 1351 2380 principibus
1436 2309 1735 2367 nonnullis
1807 2311 2027 2368 frustra

369 2398 658 2459 laboravit
712 2397 773 2454 in
829 2398 1198 2471 procuranda
1253 2396 1484 2454 Henrici
1544 2400 1912 2458 restitutione
1964 2403 2023 2457 in

371 2476 642 2564 regnum.

443 2578 669 2633 Interea
699 2575 1020 2643 Conradus,
1036 2579 1332 2632 crescente
1359 2575 1420 2631 in
1442 2576 1567 2632 dies
1595 2576 1723 2648 ejus
1746 2578 2020 2650 potentia.

371 2664 540 2722 Pisas
569 2680 706 2720 cum
736 2667 1022 2736 apparatu
1054 2664 1211 2736 regio
1233 2663 1398 2733 adiit,
1430 2663 1629 2736 ibique
1666 2666 1897 2738 Rogerii
1929 2684 2022 2723 co-

372 2751 537 2811 mitis
574 2750 788 2808 Sicilia
831 2756 889 2807 et
907 2750 1182 2807 Calabriae
1204 2750 1384 2807 tiliam
1415 2767 1550 2807 cum
1580 2754 1833 2811 inaudita
1856 2773 2020 2828 pecu-

371 2844 474 2899 nia
501 2841 561 2897 in
587 2856 868 2914 sponsam
897 2839 1154 2912 accepit:
1188 2839 1343 2912 quod
1384 2839 1600 2896 Urbani
1633 2845 1689 2897 et
1721 2841 2021 2899 Matbildis

374 2929 621 2989 consilio
643 2929 864 2986 factum
888 2927 1069 2984 fuisse
1089 2931 1339 2984 testatur
1367 2927 1605 2985 Gaufrid
1615 2947 1683 2985 us
1697 2932 2021 2988 monachus

370 3017 521 3077 libro
544 3036 618 3087 IV,
650 3016 751 3074 ubi
772 3016 997 3074 litteras
1035 3034 1069 3072 a
1088 3015 1358 3089 pontiﬁce
1382 3033 1449 3073 ea
1469 3019 1772 3074 occasione
1801 3020 1874 3074 ad
1915 3020 2019 3076 Ro-

374 3106 606 3182 gerium
636 3105 888 3179 scriptas
917 3111 1353 3162 commemorat.
1386 3105 1495 3161 Sed
1543 3105 1628 3161 hae
1659 3106 2018 3173 exciderunt,

375 3212 614 3255 summa
649 3211 854 3252 earum
883 3211 948 3251 ex
981 3194 1081 3250 illo
1111 3197 1345 3251 auctore
1375 3194 1496 3249 haec
1525 3200 1682 3251 erat:
1715 3195 2016 3252 Urbanum

371 3283 619 3358 Rogerio
640 3282 951 3356 scripsisse
996 3285 1108 3340 sibi
1135 3299 1334 3353 magno
1364 3283 1561 3340 honori
1586 3288 1637 3340 et
1662 3284 1903 3356 proﬁcuo
1930 3286 2019 3355 fu-

371 3381 583 3443 turum,
609 3374 662 3430 si
687 3372 810 3445 ﬁlia
839 3372 955 3443 ﬁlio
984 3374 1128 3443 regis
1174 3374 1365 3443 futuro
1393 3388 1585 3444 sponso
1630 3373 1943 3443 jungatur;
1969 3377 2023 3429 et

360 3463 583 3536 juvenis
609 3464 817 3519 sanam
846 3463 1106 3518 Romanae
1132 3461 1384 3516 Ecclesiae
1415 3460 1677 3530 ﬁdelitate
1711 3461 2020 3527 adhaerens,

370 3551 466 3608 sed
492 3549 815 3622 sumptibus,
865 3549 1064 3620 quibus
1107 3551 1299 3604 contra
1350 3557 1584 3619 patrem,
1634 3551 1732 3619 qui
1775 3565 1901 3605 eum
1931 3551 2021 3604 in-

362 3639 516 3712 juste
542 3635 910 3709 oppugnabat,
945 3638 1133 3691 minus
1178 3636 1482 3708 sufﬁciens,
1543 3653 1675 3709 quos
1716 3642 1873 3708 pater
1900 3655 2023 3694 cum

373 3727 496 3798 ﬁlia
521 3725 702 3793 daret,
730 3724 943 3780 viribus
972 3725 1142 3781 victus
1171 3725 1263 3796 [f.,
1292 3725 1522 3797 auctus]
1577 3724 1648 3780 ad
1680 3726 2025 3783 debellandos

373 3815 629 3872 inimicos
672 3816 877 3871 saneta
921 3813 1020 3870 Dei
1074 3813 1331 3871 Ecclesiae
1380 3814 1727 3886 praevaleret.
1784 3816 1945 3881 Quod
1991 3833 2026 3872 a

377 3901 622 3976 Rogerio
680 3900 1008 3975 praestitum
1074 3900 1256 3958 fuisse
1331 3902 1658 3976 subjungit,
1710 3903 1894 3959 missa
1949 3904 2023 3959 ad

374 3990 529 4049 hanc
577 4006 699 4047 rem
728 3989 953 4063 ingenti
992 3988 1179 4046 classe
1218 4006 1342 4045 eum
1398 3990 1592 4047 multis
1645 3993 2025 4048 thesaurorum

371 4081 576 4139 xeniis.

373 4184 685 4244 CLXXXII.
717 4186 913 4241 Petrus
960 4200 1085 4268 rea;-
1109 4185 1423 4268 dragonum
1457 4185 1575 4242 sedi
1596 4187 1900 4260 apostolicae
1929 4187 2025 4243 ad-

1026 4256 1381 4312 dictissimus.

446 4347 562 4402 Hoc
581 4344 709 4418 ipso
755 4347 1017 4417 tempore
1065 4346 1325 4417 suscepit
1380 4344 1650 4401 Urbanus
1707 4345 1932 4402 litteras
1989 4364 2023 4402 a

371 4434 543 4490 Petro
572 4434 907 4505 Aragonum
938 4447 1094 4504 rege,
1126 4432 1343 4504 quibus
1373 4432 1470 4488 ille
1508 4437 1718 4505 praeter
1746 4434 2024 4490 obedien-

370 4521 516 4578 tiam
546 4519 785 4576 ﬁlialem
816 4537 977 4593 papa
1015 4518 1294 4589 debitam,
1328 4537 1456 4577 sese
1514 4522 1692 4577 etiam
1724 4520 2022 4594 obligabat

373 4610 446 4668 ad
477 4626 691 4667 census
708 4608 868 4665 illius
898 4607 1271 4677 solutionem,
1305 4625 1478 4681 quem
1512 4609 1650 4666 olim
1682 4627 1826 4666 suus
1859 4614 2023 4682 pater
2055 4607 2102 4672 D

371 4699 620 4758 Saucius
652 4703 914 4770 tempore
950 4696 1209 4770 Gregorii
1248 4698 1349 4754 VII
1380 4699 1502 4756 sedi
1536 4699 1867 4772 apostolicae
1900 4699 2027 4755 red-

372 4787 632 4845 dendum
681 4786 1033 4843 instituerat.
1082 4786 1198 4843 Has
1245 4785 1467 4844 litteras
1508 4805 1578 4844 ex
1625 4789 1850 4844 Joanne
1900 4788 2026 4843 Briz

373 4875 679 4934 Martineio
693 4875 901 4932 abbate
915 4875 1260 4931 Pennatensi
1274 4874 1475 4932 laudat
1487 4877 1574 4932 vir
1584 4875 2024 4933 illustrissimus

374 4964 580 5022 Petrus
609 4964 682 5021 de
711 4964 907 5020 Marce.
933 4962 994 5018 in
1020 4962 1277 5019 Historia
1309 4965 1650 5032 Bearnensi,
1674 4982 1889 5038 easque
1918 4965 2027 5021 hoc

374 5069 528 5110 anno
560 5052 810 5126 scriptas
836 5051 1019 5108 fuisse
1051 5051 1213 5107 dicit.
1248 5053 1318 5107 Et
1348 5052 1584 5125 quidem
1616 5053 1772 5109 hunc
1802 5070 2024 5109 annum

376 5140 606 5213 praefert
643 5139 894 5215 insignis
949 5139 1168 5196 Urbani
1214 5140 1394 5207 bulla,
1428 5140 1638 5197 harum
1696 5141 2025 5197 litterarum

376 5227 700 5297 occasione,
729 5229 815 5285 uti
860 5227 1108 5295 videtur,
1158 5227 1219 5283 in
1267 5230 1531 5300 ejusdem
1580 5230 1732 5302 regis
1774 5229 2025 5302 gratiam

377 5314 532 5370 data.
556 5315 620 5371 In
649 5332 719 5372 ea
745 5317 1015 5373 Urbanus
1064 5333 1258 5390 regem
1307 5318 1379 5373 de
1417 5318 1545 5390 ejus
1594 5320 1651 5374 in
1705 5316 2027 5374 Ecclesiam
2066 5336 2081 5350 ο

377 5403 700 5459 reverentia
726 5408 785 5460 et
813 5406 1199 5477 propensione
1228 5405 1587 5478 gratulatur;
1622 5411 1747 5463 tum
1770 5423 2026 5479 conque-

376 5491 529 5546 ritur
561 5493 715 5563 quod
749 5492 1060 5548 nonnullos
1109 5494 1421 5561 antistites,
1476 5496 1573 5568 qui
1625 5495 1676 5552 ei
1710 5497 1897 5552 favere
1926 5495 2025 5551 de-

377 5578 667 5649 buissent,
699 5579 1061 5635 adversarios
1092 5586 1423 5652 pateretur;
1452 5601 1516 5640 ac
1558 5584 1811 5656 denique
1841 5583 2028 5639 multa

385 5666 435 5724 ei
484 5667 730 5738 ejusque
778 5666 1060 5738 prosapiae
1114 5668 1494 5742 principibus,
1553 5689 1617 5729 ac
1675 5672 1804 5728 aliis
1864 5670 2027 5743 regni

2449 1911 2727 1984 regulares
2749 1914 2933 1983 primo
2957 1911 3174 1966 abbates
3210 1911 3470 1966 obtinent.

2206 1988 2410 2057 Varias
2442 2004 2581 2057 tunc
2612 2002 2959 2074 peragrabat
2984 1999 3399 2073 Longobardiae
3449 1999 3625 2057 urbes
3652 2017 3793 2073 pon-

2136 2091 2295 2160 tifex,
2327 2095 2475 2147 teste
2507 2089 2796 2157 Bertoldo,
2821 2094 2887 2145 ut
2933 2106 3142 2162 nempe
3174 2104 3273 2146 eas
3304 2088 3417 2144 sibi
3447 2076 3788 2156 devinciret,

2136 2197 2203 2236 ac
2254 2197 2362 2236 sua
2406 2178 2716 2252 praesentia
2762 2179 3156 2245 conﬁrmaret,
3189 2194 3295 2234 nec
3342 2180 3477 2250 post
3518 2193 3697 2233 suum
3731 2178 3790 2233 in

2135 2268 2322 2327 Gallia
2353 2269 2679 2325 discessum
2730 2269 2803 2323 ab
2847 2285 2913 2324 eo
2962 2267 3292 2322 deficerent.
3346 2265 3512 2322 Certe
3568 2265 3632 2322 in
3674 2266 3790 2323 illis

2134 2359 2401 2432 partibus
2421 2356 2763 2413 versabatur
2775 2372 2909 2411 cum
2922 2354 3122 2412 Lutolf
3119 2372 3187 2411 us
3207 2353 3503 2411 Tullensis
3516 2354 3790 2412 Ecclesiae

2133 2448 2389 2503 decanos
2410 2446 2479 2501 ab
2503 2462 2569 2502 eo
2591 2443 2960 2518 privilegium
2990 2443 3323 2517 impetravit
3353 2459 3459 2516 pro
3491 2448 3789 2501 monaste-

2133 2538 2220 2593 rio
2249 2554 2283 2592 a
2313 2553 2374 2592 se
2404 2551 2607 2592 recens
2645 2534 2878 2590 condito
2929 2549 3110 2606 prope
3160 2533 3429 2590 eamdem
3490 2533 3699 2590 urbem
3731 2533 3790 2588 in

2132 2627 2413 2683 honorem
2439 2623 2592 2680 beati
2626 2640 2788 2696 papae
2826 2622 3038 2678 Leonis
3086 2623 3177 2692 IX,
3212 2623 3312 2695 qui
3342 2628 3477 2679 ante
3508 2623 3787 2695 adeptum

2131 2710 2860 2788 pontiﬁcatum‘Tullensis
2889 2711 3199 2784 episcopus
3225 2711 3431 2768 fuerat.
3463 2712 3542 2768 Eo
3572 2710 3634 2766 in
3664 2710 3789 2767 loco

2131 2801 2441 2860 canonicos
2487 2799 2784 2873 regulares
2831 2800 3294 2873 Augustinianos
3338 2800 3451 2857 sub
3494 2801 3790 2873 praepositi

2130 2890 2414 2965 regimine
2446 2888 2781 2944 instituerat
2801 2887 3088 2954 Lutolfus,
3104 2888 3206 2945 sed
3219 2888 3375 2944 hunc
3406 2888 3786 2962 praepositum

2129 2976 2426 3035 Tullensis
2457 2975 2706 3032 antistes
2754 2981 2955 3049 postea
2998 2976 3057 3032 in
3106 2976 3377 3033 abbatem
3439 2975 3783 3033 solemniter

2088 3120 2094 3126 .
2128 3064 2504 3124 consecravit.
2533 3065 2680 3130 Quid
2706 3081 2840 3122 vero
2893 3066 2951 3121 in
3000 3065 3216 3122 Urbani
3267 3064 3571 3138 privilegio
3601 3066 3784 3121 conti-

2128 3155 2547 3223 neretur,haud
2579 3158 2804 3211 certum
2835 3159 2944 3221 est,
2963 3172 3094 3211 cum
3128 3155 3257 3227 ejus
3286 3153 3585 3227 exemplar
3615 3171 3783 3211 recu-

2049 3240 2092 3308 C
2130 3261 2333 3318 perure
2366 3260 2480 3300 non
2514 3242 2780 3309 licuerit;
2816 3248 2874 3298 at
2904 3244 3032 3315 ejus
3071 3243 3376 3300 occasione
3421 3259 3541 3299 rem
3574 3246 3782 3299 notato

2131 3335 2369 3404 dignam
2401 3332 2726 3388 observavit
2744 3331 3051 3388 Bertoldus
3080 3348 3092 3388 :
3128 3349 3339 3405 nempe
3368 3332 3525 3388 hunc
3556 3348 3785 3388 morem

2132 3421 2320 3495 primo
2346 3420 2404 3475 in
2436 3419 2554 3476 illis
2566 3420 2836 3494 partibus
2859 3420 3271 3487 invaluisse,ut
3293 3419 3785 3477 monasteriorum

2131 3510 2499 3576 clericorum,
2533 3526 2660 3581 quae
2691 3509 2939 3565 Romani
2968 3511 3235 3565 canonica
3266 3508 3654 3583 appellabant,
3692 3526 3790 3565 re-

2133 3603 2341 3663 ctores,
2369 3602 2539 3654 antea
2566 3599 2858 3669 praepositi
2902 3597 3091 3654 solum
3141 3598 3301 3664 dicti,
3335 3590 3788 3654 nominarentur

2134 3688 2393 3752 abbates,
2425 3702 2609 3758 eoque
2655 3685 2828 3742 titulo
2866 3692 3365 3753 consecrarentur,
3397 3686 3506 3743 hoc
3548 3690 3785 3742 tantum

2132 3779 2367 3847 excepto
2394 3775 2549 3847 quod
2580 3773 2822 3830 baculos
2854 3790 2971 3830 non
2996 3775 3422 3847 gestarent.Hic
3451 3790 3596 3830 usus
3623 3778 3784 3847 post-

2134 3864 2376 3920 modum
2408 3864 2466 3919 in
2499 3862 2642 3920 alias
2666 3879 2900 3936 quoque
2940 3864 3207 3937 regiones
3236 3863 3579 3937 penetravit,
3611 3866 3668 3918 et
3688 3880 3786 3919 ca-

2135 3953 2478 4009 nonicorum
2494 3951 2852 4027 regularium
2870 3952 3163 4026 praepositi
3177 3952 3452 4025 deinceps
3472 3969 3587 4008 non
3610 3952 3787 4008 modo

2134 4040 2378 4098 dimisso
2405 4041 2698 4115 praepositi
2745 4040 2914 4098 titulo
2962 4057 3090 4098 sese
3141 4041 3383 4097 abbates
3414 4058 3787 4114 nuncupave-

2134 4134 2292 4197 runt,
2326 4130 2428 4186 sed
2459 4129 2632 4185 etiam
2667 4130 2852 4185 mitrae
2884 4146 3058 4186 usum
3093 4133 3151 4186 et
3193 4128 3309 4186 alia
3337 4130 3618 4187 abbatum
3647 4128 3791 4185 insi-

2133 4218 2291 4291 gnia,
2345 4217 2821 4290 permittentibus
2870 4217 3276 4290 pontificibus,
3333 4223 3400 4274 ut
3445 4217 3564 4283 alii,
3614 4233 3789 4272 usur-

2134 4305 2604 4379 parunt.Videsis
2635 4306 2954 4379 Rupertum
2970 4306 3122 4363 libro
3143 4325 3200 4363 iv
3228 4307 3287 4362 in
3311 4306 3573 4380 regulam
3588 4306 3787 4361 Sancti

2132 4394 2447 4459 Benedicti,
2481 4393 2578 4449 ubi
2612 4393 2920 4466 epistolam
2967 4411 3036 4449 ea
3083 4395 3386 4451 occasione
3434 4412 3469 4451 a
3497 4392 3788 4449 Friderico

2134 4481 2569 4555 archiepiscopo
2599 4482 2931 4538 Coloniensi
2964 4482 3243 4555 scriptam
3278 4483 3470 4539 refert.

2133 4572 2462 4628 CLXXXIV.
2496 4572 2746 4644 Urbanus
2794 4571 3098 4644 Mediolani
3127 4572 3485 4644 privilegium
3528 4572 3790 4628 Ecclesia

2207 4644 2621 4715 Carcassonensi
2669 4643 2781 4697 dat.
2843 4644 3014 4715 Epist.
3066 4643 3136 4698 de
3186 4644 3283 4715 lite
3337 4644 3785 4699 Salmoriacensi.

2207 4713 2543 4770 Humbaldus
2615 4713 2895 4785 episcopus
2970 4714 3335 4771 Antissiodori
3413 4722 3783 4771 consecratur.

2207 4786 2472 4857 Amulius
2536 4785 2977 4842 Mediolanensis.
3045 4785 3415 4842 Herlembaldi
3469 4785 3785 4840 translatio.

2208 4871 2516 4929 Mediolani
2566 4889 2842 4947 magnam
2889 4873 3112 4931 mensis
3158 4873 3293 4930 Maii
3342 4880 3569 4946 partem
3598 4872 3790 4946 exegit

2135 4962 2424 5031 Urbanus,
2447 4962 2545 5018 ubi
2577 4961 2671 5018 die
2713 4965 2781 5017 24
2814 4961 3112 5036 regulares
3141 4962 3481 5027 canonicos,
3514 4978 3661 5034 quos
3691 4960 3790 5017 Pe-

2134 5055 2263 5106 trus
2309 5049 2790 5107 Carcassonensis
2839 5050 3151 5123 episcopus
3201 5051 3261 5106 in
3310 5063 3419 5107 sua
3467 5048 3787 5106 cathedrali

2136 5139 2382 5211 aliisque
2429 5138 2690 5194 ecclesiis
2737 5137 3074 5195 instituerat
3133 5139 3519 5207 confirmavit,
3553 5138 3689 5195 dato
3720 5155 3790 5195 ca

2135 5229 2207 5284 de
2240 5246 2299 5284 re
2349 5228 2651 5300 rescripto,
2695 5227 2789 5282 cui
2849 5226 3008 5283 aliud
3060 5226 3202 5285 olim
3234 5229 3626 5302 subjungetur
3652 5230 3790 5300 post

2137 5315 2360 5389 aliquot
2379 5315 2505 5372 dies
2526 5316 2595 5370 ad
2629 5313 2849 5371 clerum
2883 5318 2941 5371 et
2977 5316 3263 5389 populum
3302 5316 3787 5375 Salmoriacensis

2135 5404 2644 5461 arcbidiaconatus
2673 5403 2900 5473 datum,
2928 5421 3044 5477 quo
3091 5406 3177 5463 eis
3224 5404 3488 5487 praecipit
3526 5404 3788 5479 pontifex

2136 5498 2203 5548 ut
2234 5492 2503 5565 episcopo
2534 5491 3073 5565 Gratianopolitano
3106 5493 3592 5563 obediant,donec
3623 5492 3784 5549 aliud

2136 5598 2170 5636 a
2199 5582 2337 5637 sede
2366 5579 2687 5653 apostolica
2714 5581 3011 5639 decretum
3039 5583 3234 5640 fuerit.
3265 5584 3339 5639 At
3363 5582 3490 5655 jam
3524 5582 3597 5637 ab
3620 5580 3786 5637 initio

2136 5670 2315 5741 hujus
2352 5669 2573 5727 mensis
2623 5669 2893 5727 Urbanus
2942 5670 3337 5728 Mediolanum
3369 5672 3701 5737 advenerat,
3735 5669 3783 5723 si
