4000 6178
257 347 382 413 H9

1861 347 2072 417 Vl'l‘A.

3546 314 3671 430 uso

254 499 375 540 non
402 480 619 541 fallunt
634 487 828 542 vetera
848 487 1230 547 monumenta
1247 484 1515 545 Ecclesiae
1542 483 1905 544 Antissiodo-
1933 485 1989 552 Α
2016 490 2140 561 fora
2168 505 2231 545 ac
2258 490 2394 557 vias,
2415 490 2767 549 manantibus
2794 507 2915 565 prae
2943 489 3417 568 gaudiolacrymis
3436 495 3663 556 darent.

251 574 467 643 rensis,
490 574 551 631 in
602 575 814 647 quibus
870 574 1088 650 legitur
1138 575 1536 633 Humbaldum
1569 577 1696 649 ejus
1741 576 1905 633 urbis

250 665 602 737 episcopum
650 666 722 721 ab
770 666 899 739 ipso
951 667 1222 739 pontiﬁce
1261 666 1569 724 Mediolani
1602 684 1657 723 v1
1710 667 1905 722 Nonas

249 753 391 808 Maii
422 753 759 810 ordinatum
780 754 959 811 fuisse
984 773 998 811 :
1022 761 1081 811 et
1112 755 1349 828 quidem
1381 756 1491 811 hoc
1522 760 1779 821 anno,ut
1809 756 1908 811 ha-

251 842 353 897 bet
381 843 554 899 breve
593 843 917 899 Chronicon
960 861 994 899 a
1033 845 1260 901 Labbeo
1291 845 1514 900 editum
1564 849 1725 900 tomo
1758 844 1781 899 Ι
1813 844 1903 899 Bi-

250 931 558 987 bliotheca:
581 949 762 999 novze,
787 934 880 988 cui
905 934 1278 990 consentiunt
1308 934 1552 1006 antiqua
1581 933 1697 989 alia
1726 935 1905 990 docu-

249 1025 473 1077 menta.
494 1021 640 1077 Hinc
663 1023 975 1078 emendare
1003 1026 1228 1096 oportet
1260 1022 1613 1080 Chronicum
1644 1022 1905 1095 Hugonis

248 1110 533 1165 monachi
558 1112 756 1167 Sancti
782 1112 1026 1167 Mariani
1060 1114 1325 1183 ejusdem
1351 1112 1535 1181 urbis,
1572 1111 1671 1166 ubi
1695 1111 1908 1182 legitur

246 1200 657 1256 Humbaldum
698 1218 851 1255 anno
890 1200 1053 1265 4096,
1081 1206 1215 1272 post
1247 1202 1559 1257 Robertum
1590 1199 1903 1255 Ecclesiam

246 1288 831 1345 Antissiodorensem
864 1290 1101 1356 rexisse,
1138 1290 1185 1344 si
1220 1294 1413 1346 tamen
1459 1292 1580 1344 haec
1612 1290 1788 1344 verba
1836 1289 1906 1343 de

247 1379 383 1450 ejus
419 1378 724 1450 regiminis
746 1378 917 1434 initio
936 1378 1273 1451 accipienda
1298 1378 1435 1443 sint,
1468 1383 1569 1432 aut
1604 1379 1651 1431 si
1684 1395 1907 1433 annum

246 1484 369 1523 non
407 1467 687 1540 inceperit
707 1484 739 1522 a
758 1485 960 1524 mense
986 1469 1213 1524 Martio.
1239 1468 1404 1523 Hunc
1425 1467 1581 1523 enim
1614 1466 1906 1522 calculum

246 1556 522 1628 plerique
566 1556 663 1611 alii
711 1561 981 1613 auctores
1030 1556 1335 1623 Gallicani,
1365 1556 1618 1612 maxime
1662 1574 1795 1611 cum
1836 1557 1907 1611 de

247 1644 474 1700 Urbani
506 1645 712 1701 itinere
744 1646 958 1718 agitur,
983 1646 1169 1702 secuti
1200 1646 1454 1701 fuerunt.
1492 1646 1653 1711 Quod
1681 1662 1814 1701 vero
1847 1646 1905 1701 in

248 1733 446 1790 Gestis
513 1735 791 1789 abbatum
854 1735 1048 1791 Sancti
1110 1735 1379 1791 Germani
1442 1733 1662 1805 legitur
1719 1733 1905 1806 primo

246 1823 569 1879 Humbaldi
594 1824 900 1896 regiminis
930 1840 1105 1891 anno,
1137 1823 1450 1879 concilium
1512 1824 1906 1879 Nemausense

249 1914 323 1968 ab
370 1912 610 1969 Urbano
670 1913 852 1969 fuisse
900 1912 1280 1977 celebratum,
1312 1911 1559 1985 intelligi
1618 1912 1788 1967 debet
1836 1912 1907 1968 de

248 2001 570 2058 Humbaldi
591 2002 1082 2058 inthronizatione
1107 2019 1118 2055 :
1147 2000 1363 2074 quippe
1393 2000 1493 2073 qui
1526 2017 1725 2057 mense
1760 2000 1905 2056 Maio

250 2090 310 2146 in
348 2089 519 2147 Italia
569 2095 963 2157 consecratus,
999 2095 1132 2146 ante
1189 2090 1414 2146 Julium
1464 2106 1728 2145 mensem
1786 2108 1904 2145 suae

250 2179 412 2235 sedis
443 2180 876 2251 possessionem
910 2179 1055 2234 inire
1077 2196 1193 2234 non
1227 2179 1414 2251 potuit
1436 2196 1469 2233 a
1500 2195 1615 2249 quo
1645 2181 1905 2250 tempore

248 2270 382 2339 ejus
416 2267 722 2342 regiminis
753 2284 940 2323 annos
970 2266 1067 2324 ille
1096 2271 1300 2323 auctor
1321 2267 1567 2340 repetiit.
1599 2266 1671 2321 Ut
1712 2272 1776 2322 ut
1805 2268 1898 2323 sit.

248 2374 387 2413 cum
412 2360 644 2412 constet
688 2373 824 2412 eum
847 2362 980 2412 ante
1009 2356 1227 2413 Urbani
1260 2356 1371 2412 iter
1399 2356 1457 2410 in
1501 2355 1752 2412 Galliam
1785 2355 1902 2411 Me-

247 2445 473 2501 diolani
534 2445 713 2501 fuisse
771 2449 1199 2512 consecratum,
1234 2446 1361 2516 ejus
1402 2443 1691 2500 ordinatio
1751 2443 1905 2498 ultra

247 2534 472 2590 Maium
528 2535 704 2605 hujus
754 2535 892 2590 anni
948 2534 1167 2589 differri
1217 2551 1331 2589 non
1364 2536 1571 2604 potest.
1605 2532 1682 2587 De
1722 2549 1789 2587 ea
1820 2532 1902 2587 sic

246 2622 429 2679 habet
448 2621 693 2679 historia
703 2622 1111 2695 episcoporum
1133 2620 1757 2688 Antissiodorensium,
1772 2636 1898 2692 cap.

242 2713 336 2780 53,
361 2730 399 2768 a
422 2712 652 2769 Labbeo
673 2711 830 2768 edita
864 2712 988 2768 loco
1024 2712 1259 2767 laudato
1290 2727 1302 2765 :
1333 2709 1669 2765 Humbaldus
1704 2726 1735 2763 a
1759 2710 1902 2764 clero

243 2811 297 2857 et
320 2801 528 2873 populo
558 2802 792 2857 civitatis
816 2800 1205 2856 Antissiodori
1229 2801 1287 2854 in
1304 2798 1627 2867 Pontiﬁcem
1655 2798 1901 2868 eligitur,-

240 2891 448 2946 (ιρι-ιω
495 2891 717 2962 quidem
766 2889 916 2961 apud
943 2889 1308 2946 Mediolanum
1348 2888 1522 2943 Italize
1576 2888 1901 2942 civitatema

240 2981 465 3035 clericis
480 2994 644 3051 papa?
675 2980 911 3044 Urbano,
934 2980 1027 3050 qui
1048 2994 1151 3050 pro
1196 2976 1521 3048 quibusdam
1552 2992 1586 3030 a
1621 2992 1759 3030 sana
1807 2974 1898 3030 do-

242 3071 427 3124 ctrina
443 3068 847 3124 declinantibus
871 3070 931 3122 in
964 3066 1347 3122 Lombardiam
1383 3064 1748 3130 descenderat,
1772 3079 1898 3118 con-

238 3156 542 3213 secrandus
567 3164 959 3228 praesentatur,
977 3160 1029 3211 et
1057 3156 1124 3211 ab
1154 3155 1339 3211 eodem
1380 3153 1584 3208 ibidem
1613 3169 1895 3209 consecra-

241 3250 327 3300 tus
355 3245 433 3300 ad
452 3247 740 3317 propriam
765 3246 1041 3300 civitatem
1069 3244 1367 3310 reducitur,
1392 3246 1500 3297 etc.

313 3337 409 3403 At,
434 3350 553 3405 pra:
596 3334 819 3389 ceteris
839 3350 965 3404 quae
998 3330 1309 3387 Mediolani
1351 3328 1574 3402 peregit
1607 3328 1894 3393 Urbanus,

244 3421 491 3478 celebris
519 3420 815 3493 imprimis
836 3420 947 3476 fuit
968 3420 1194 3475 Arnulﬁ
1218 3420 1482 3490 ejusdem
1510 3417 1679 3472 urbis
1708 3415 1896 3471 archi-

246 3509 509 3582 episcopi
531 3511 843 3577 restitutio,
868 3526 992 3575 seu,
1017 3513 1076 3565 ut
1100 3509 1293 3565 verius
1323 3507 1535 3570 dicam,
1559 3505 1750 3577 prima
1770 3505 1898 3575 ejus

241 3597 541 3655 institutio
572 3599 632 3654 in
661 3598 771 3654 hac
802 3599 959 3665 sede,
984 3598 1054 3653 ad
1077 3614 1254 3669 quam
1287 3596 1522 3651 biennio
1560 3598 1731 3649 antea
1783 3592 1896 3648 ele-

241 3692 371 3742 ctus
400 3688 613 3743 fuerat.
646 3687 699 3742 Is
757 3703 990 3759 nempe,
1023 3691 1087 3741 ut
1131 3689 1330 3741 narrat
1385 3682 1711 3750 Bertoldus,
1744 3698 1897 3736 anno

240 3776 383 3832 1093
404 3775 465 3830 in
481 3775 674 3831 locum
696 3774 960 3831 Anselmi
984 3773 1241 3830 defuncti
1264 3768 1897 3842 substitutus,alegato

233 3864 564 3938 apostolico
584 3865 932 3921 interdictus
956 3863 1161 3925 fuerat,
1177 3863 1333 3934 quod
1356 3859 1641 3916 annulum
1656 3864 1713 3914 et
1725 3859 1897 3913 bacu-

232 3954 359 4009 lum
391 3955 469 4009 ab
505 3955 855 4026 imperatore
886 3952 1236 4024 recepisset;
1269 3965 1446 4023 quam
1476 3963 1706 4021 poenam
1732 3962 1896 4018 aequo

226 4042 325 4099 ille
356 4042 563 4099 animo
597 4042 791 4099 ferens
841 4042 902 4096 in
951 4039 1374 4097 monasterium
1411 4036 1660 4094 secessit
1685 4051 1896 4089 noxam

230 4133 387 4187 hanc
420 4131 787 4203 expiaturus,
818 4130 1018 4202 ibique
1046 4128 1189 4184 vixit
1213 4128 1491 4200 privatus,
1519 4125 1721 4189 donec,
1756 4138 1897 4177 con—

233 4221 477 4276 cedente
500 4224 760 4274 Romano
783 4218 1075 4291 pontiﬁce,
1100 4222 1165 4273 ut
1182 4217 1360 4271 habet
1382 4215 1536 4269 idem
1570 4210 1895 4277 Bertoldus,

231 4326 267 4363 a
293 4308 616 4363 Tbiemone
645 4306 1085 4379 Salisburgensi
1130 4304 1596 4375 archiepiscopo,
1630 4298 1898 4355 Udalrico

234 4397 566 4453 Pataviensi
595 4401 653 4451 et
698 4396 1037 4451 Gebehardo
1096 4391 1552 4457 Constantiensi,
1582 4387 1896 4461 episcopis,

233 4487 334 4557 qui
365 4486 443 4540 ad
474 4483 789 4540 concilium
822 4483 1229 4540 Placentinum
1261 4480 1653 4553 properabant
1692 4492 1898 4531 conse-

2015 578 2147 635 Haec
2190 577 2288 635 ille
2317 582 2539 647 auctor,
2588 580 2688 653 qui
2737 585 2933 639 tamen
2964 582 3150 640 falsus
3206 588 3314 651 est,
3347 590 3414 643 ut
3433 588 3561 658 jam
3591 588 3665 645 ad

2016 684 2237 723 annum
2271 669 2409 724 1093
2429 669 2886 739 observavimus,
2914 672 3219 729 scribendo
3250 674 3560 731 Arnulfum
3591 676 3667 732 ob

2015 757 2073 811 id
2107 774 2140 811 a
2170 756 2472 813 catholicis
2503 759 2793 831 episcOpis
2815 763 3046 827 tunc,ut
3075 762 3665 832 putat,reordinatum

2016 845 2378 916 fuisse,quod
2414 846 2486 902 ab
2516 864 2632 902 uno
2664 851 2891 902 tantum
2924 849 3195 921 episcopo
3227 851 3511 908 catholico
3542 870 3667 910 ma-

2015 951 2127 989 nus
2159 935 2495 1005 imponente
2523 941 2897 992 consecratus
2920 937 3431 995 fuisset.Caaterum
3455 942 3669 999 Arnul-

2014 1023 2187 1085 fus,si
2211 1022 2862 1096 Ughello,Ripamuntio
2884 1028 2942 1081 et
2955 1026 3087 1081 aliis
3104 1027 3668 1103 nonnullisvulgatis

2016 1112 2356 1167 auctoribus
2384 1114 2675 1181 credatur,
2709 1114 3007 1168 Urbanum
3040 1116 3099 1169 in
3154 1115 3401 1172 Galliam
3441 1120 3669 1189 proﬁci-

2016 1205 2275 1256 scentem
2328 1202 2648 1257 comitatus
2678 1206 2786 1267 est,
2820 1220 2884 1257 ac
2933 1204 3178 1260 concilio
3220 1205 3666 1265 Claromontano

2016 1308 2149 1345 cum
2185 1307 2251 1346 co
2273 1290 2555 1346 interfuit.
2582 1295 2800 1347 Verum
2831 1290 3173 1364 priusquam
3204 1311 3272 1348 ex
3299 1313 3367 1350 ea
3397 1297 3541 1352 urbe
3569 1313 3667 1353 ex-

2017 1380 2307 1447 cederent,
2340 1379 2731 1435 Herlembaldi
2783 1397 2886 1435 seu
2938 1382 3306 1449 Hernebaldi,
3356 1384 3666 1454 cujusdam

2018 1469 2311 1537 martyris,
2349 1468 2766 1524 catholicorum
2807 1486 2874 1524 ea
2904 1470 2962 1524 in
2994 1472 3137 1526 urbe
3173 1472 3363 1538 ducis,
3396 1472 3495 1544 qui
3526 1477 3669 1529 tem-
3728 1477 3741 1491 ’

2016 1575 2155 1629 pore
2186 1558 2445 1630 Gregorii
2469 1558 2622 1613 Vlla
2641 1558 3436 1633 schismaticisinteremptus
3459 1562 3665 1627 fuerat,

2016 1663 2229 1719 corpus
2262 1645 2611 1702 transtulere
2640 1647 2699 1701 in
2731 1646 3037 1703 ecclesiam
3061 1649 3258 1703 Sancti
3282 1649 3668 1721 Dionysii,ubi

2007 1735 2177 1806 juxta
2209 1734 2457 1790 alterum
2492 1735 2739 1790 istorum
2771 1740 3103 1808 temporum
3136 1738 3669 1810 martyrem,Arial-

1936 1846 1985 1912 Β
2016 1824 2157 1878 dum
2181 1824 2437 1891 nomine,
2471 1824 2784 1880 diaconum
2809 1824 3665 1898 Mediolanensem.depositum

2018 1914 2271 1984 est.Ejus
2302 1913 2666 1985 epitaphium
2713 1930 2782 1969 ex
2814 1913 3055 1986 Ughello
3086 1913 3200 1969 huc
3229 1915 3442 1971 referre
3471 1915 3665 1972 visum

2015 2003 2229 2066 est,sed
2261 2003 2478 2057 mirum
2508 2002 2689 2058 videri
2722 2007 2917 2075 potest
2960 2004 3088 2074 ejus
3138 2003 3479 2061 memoriam
3522 2021 3663 2062 nus-

2016 2108 2192 2163 quam
2223 2090 2283 2146 in
2316 2090 2745 2164 Martyrologiis
2777 2092 3048 2163 reperiri;
3080 2093 3164 2149 sic
3182 2110 3316 2150 vero
3342 2093 3518 2150 habet
3550 2112 3563 2149 :

2157 2234 2253 2287 Hic
2281 2232 2705 2288 HERNEBALDUS
2738 2234 2895 2288 miles
2929 2232 3136 2289 Christi
3162 2234 3485 2290 reverendus

2157 2322 2374 2377 Occisus
2404 2323 2622 2392 tegitur,
2656 2324 2751 2393 qui
2778 2323 2901 2377 caeli
2927 2322 3050 2378 sede
3072 2325 3286 2394 potitur
3305 2340 3327 2385 ;

2155 2412 2386 2466 Incestos
2417 2411 2685 2481 reprobat,
2717 2412 2981 2467 simonias
3010 2415 3061 2466 et
3091 2412 3219 2481 quia
3247 2410 3490 2479 damnat,

2157 2502 2309 2555 Hunc
2338 2501 2554 2557 Veneris
2575 2502 2719 2556 servi
2741 2502 3021 2572 perimunt
3042 2500 3383 2571 Simonisque
3401 2501 3659 2571 maligni.

2158 2590 2408 2646 Urbanus
2426 2605 2673 2644 summus
2687 2605 2886 2661 praeses
2916 2590 3197 2661 dictusque
3223 2589 3510 2660 secundus,

2152 2678 2350 2731 Noster
2376 2684 2427 2731 ct
2454 2676 2743 2747 Arnulfus,
2773 2684 2963 2747 pastor
2985 2678 3114 2748 pius
3141 2680 3301 2748 atque
3331 2678 3616 2750 benignus,

2225 2766 2394 2837 Hujus
2422 2781 2543 2820 ossa
2570 2767 2680 2820 viri
2710 2764 2992 2822 tumulant
3023 2767 3183 2822 beati.

2008 2907 2316 2962 CLXXXV.
2356 2908 2605 2964 Urbanus
2651 2908 2803 2963 Comi
2849 2908 3062 2964 dedicat
3097 2909 3379 2965 ecclesiam
3406 2916 3459 2964 et
3495 2909 3656 2967 Asiae.

2080 2980 2521 3052 Fructuariensis
2561 2981 2883 3035 monasterii
2928 2982 3289 3052 privilegium
3333 2981 3660 3052 conﬁrmat;

2081 3051 2210 3105 item
2251 3051 2668 3106 Pinariolensis.

2082 3157 2248 3211 Initio
2278 3157 2437 3212 Junii
2470 3158 2741 3213 Urbanus
2773 3158 3019 3213 Comum
3048 3156 3228 3228 venit,
3259 3157 3459 3230 ibique
3482 3157 3663 3215 eccle-

1927 3215 1970 3282 (ἶ
2009 3242 2155 3298 siam
2188 3242 2384 3299 Sancti
2410 3243 2663 3298 Abundii
2691 3244 2952 3314 ejusdem
2987 3245 3151 3300 urbis
3180 3215 3434 3318 episcopi
3466 3250 3523 3302 et
3553 3263 3661 3318 pa-

2009 3331 2182 3392 troni,
2231 3348 2389 3402 quem
2428 3330 2720 3402 principua
2760 3331 3057 3403 religione,
3111 3331 3192 3387 ait
3230 3332 3525 3405 Sigonius,
3560 3335 3663 3390 illa

2006 3420 2198 3474 civitas
2224 3420 2372 3484 colit,
2400 3435 2602 3488 magna
2623 3420 2947 3474 caaremonia
2977 3418 3263 3474 dedicavit
3289 3438 3302 3486 ;
3335 3424 3393 3475 et
3420 3420 3657 3492 quidem

2005 3506 2179 3562 tertia
2208 3506 2301 3561 die
2329 3506 2512 3571 Junii,
2537 3512 2602 3562 ut
2630 3508 2740 3562 fert
2780 3507 3025 3579 antiqua
3053 3507 3183 3578 ejus
3206 3508 3372 3564 urbis
3395 3508 3654 3579 traditio,

2008 3595 2100 3650 cui
2131 3611 2351 3655 rerum,
2376 3598 2672 3668 gestarum
2705 3596 2885 3652 series
2927 3596 3167 3653 omnino
3199 3598 3488 3654 convenit.
3518 3598 3658 3655 Inde

2007 3700 2353 3757 progressus
2394 3685 2653 3756 pervenit
2695 3683 3014 3752 Vercellas,
3066 3686 3151 3741 uti
3210 3686 3544 3759 colligimus
3597 3688 3657 3743 in

2007 3772 2259 3828 Historia
2279 3772 2804 3845 Hierosolymitana
2823 3773 3041 3829 Alberti
3062 3774 3325 3831 canonici
3345 3776 3658 3848 Aquensis.
3736 3774 3743 3777 ⁴

2007 3863 2171 3917 Tunc
2203 3864 2401 3917 Astam
2437 3862 2684 3933 Liguria;
2724 3863 2930 3917 urbem
2963 3861 3183 3928 adiit,si
3210 3879 3346 3919 vera
3382 3868 3472 3920 est
3509 3865 3660 3921 anti-

2008 3967 2125 4022 qua
2155 3950 2354 4021 patriae
2386 3950 2622 4005 traditio
2645 3967 2762 4021 qua
2791 3950 3008 4005 dicitur
3029 3951 3160 4020 ejus
3182 3950 3348 4006 urbis
3377 3952 3660 4024 majorem

2008 4037 2313 4094 ecclesiam
2347 4039 2418 4092 ab
2476 4054 2543 4093 eo
2589 4036 2862 4109 pontiﬁce
2911 4042 3311 4093 consecratam
3363 4038 3565 4096 fuisse.
3602 4041 3663 4095 Id

2007 4126 2246 4197 quidem
2308 4124 2586 4197 Ughellus
2619 4127 2688 4180 ad
2722 4141 2943 4180 annum
2984 4128 3329 4197 sequentem
3386 4126 3580 4196 refert,
3601 4127 3662 4183 in

2008 4215 2197 4270 reditu
2233 4212 2447 4268 Urbani
2466 4228 2495 4266 e
2518 4212 2723 4267 Gallia.
2742 4217 2815 4267 At
2837 4211 3210 4267 verisimilior
3239 4216 3329 4269 est
3350 4215 3664 4286 Augustini

1966 4303 2081 4359 -ab
2113 4301 2369 4358 Ecclesia
2416 4301 2635 4372 opinio,
2686 4302 2978 4358 censentis
3038 4301 3190 4357 hanc
3239 4302 3666 4360 dedicationem

2010 4391 2345 4464 pontiﬁcem
2360 4388 2686 4445 celebrasse
2698 4394 2830 4445 ante
2845 4407 3020 4446 suum
3035 4390 3094 4445 in
3111 4389 3330 4447 Gallias
3352 4392 3669 4449 adventum

2011 4497 2188 4553 quam
2208 4485 2399 4534 tamen
2436 4479 2671 4534 ineunte
2702 4496 2855 4534 anno
2877 4480 3018 4533 1096
3040 4479 3670 4553 consignavit,secutus

232 4579 459 4641 cratus,
484 4590 550 4628 ac
602 4572 773 4644 paulo
830 4577 962 4644 post
992 4572 1063 4627 ab
1098 4570 1330 4626 Urbano
1393 4565 1568 4639 pallio
1622 4566 1899 4629 donatUS,
1936 4583 1981 4646 [)
2014 4571 2258 4624 fortasse
2317 4567 2756 4639 inscriptionem
2815 4568 2887 4622 ab
2936 4567 3178 4641 Ughello
3224 4568 3490 4638 relatam,
3542 4587 3671 4642 quas

232 4662 470 4736 plenam
500 4661 768 4716 Ecclesite
823 4659 1253 4732 possessionem
1307 4657 1556 4728 adeptus
1607 4653 1799 4709 luerit.
1829 4652 1895 4707 In

227 4751 407 4806 veteri
416 4751 528 4805 bus
540 4749 801 4819 ejusdem
817 4747 1082 4803 Ecclesiae
1096 4746 1429 4803 antistitum
1446 4742 1726 4814 catalogis
1743 4757 1882 4795 mss.

232 4838 474 4909 legitur,
489 4838 773 4892 referente
796 4835 1097 4903 Puricello,
1122 4835 1432 4890 Arnull‘um
1453 4835 1511 4887 in
1541 4834 1678 4903 /esto
1703 4830 1890 4883 Sancti

240 4926 456 4997 Georgii
482 4944 647 4998 super
676 4926 907 4997 quodam
934 4941 1069 4997 equo
1106 4926 1229 4979 albo
1280 4923 1582 4978 sedentem
1615 4935 1728 4974 una
1776 4933 1899 4971 cum

237 5017 655 5086 confanonariis
682 5014 1173 5070 Mcdiolanensibus
1204 5026 1433 5066 numero
1487 5008 1773 5064 duodecim
1831 5004 1898 5059 ab

239 5105 469 5161 ecclesia
502 5104 700 5160 Sancti
744 5103 998 5173 Dionysii
1026 5104 1088 5156 in
1116 5100 1296 5155 sedem
1332 5114 1492 5154 suam
1520 5093 1897 5168 processisse.

236 5197 309 5249 Bt
340 5193 583 5266 quidem
614 5193 745 5263 ejus
775 5208 839 5246 ac
872 5190 1086 5245 Urbani
1111 5188 1284 5261 paulo
1312 5191 1472 5259 .post
1506 5182 1899 5240 Mediolanum

239 5283 533 5339 adventus
565 5282 646 5337 ita
676 5297 871 5336 rerum
904 5283 1122 5335 statum
1167 5294 1235 5333 ea
1260 5278 1319 5331 in
1350 5276 1498 5331 urbe
1529 5272 1793 5336 mutavit,
1831 5272 1894 5324 ut

236 5373 371 5445 ejus
390 5371 550 5427 cives
569 5370 774 5428 Urbani
801 5369 1153 5434 auctoritate,
1176 5365 1372 5438 inquit
1412 5363 1712 5436 Sigonius,
1742 5360 1896 5426 victi,

238 5462 341 5534 qui
369 5468 535 5515 antea
560 5462 703 5515 inter
730 5476 787 5514 se
815 5456 1179 5521 decertabant,
1202 5455 1471 5511 veteribus
1488 5454 1679 5525 positis
1697 5445 1893 5506 simul-

235 5549 467 5616 tatibus,
484 5551 545 5603 in
589 5549 831 5619 gratiam
869 5553 1024 5601 tanta
1058 5546 1396 5611 animorum,
1427 5545 1576 5612 facta
1608 5545 1905 5599 mutatione

239 5637 550 5702 redierant,
570 5644 631 5693 ut
658 5637 868 5692 nobiles
896 5652 960 5691 ac
985 5634 1277 5706 populares
1306 5633 1489 5689 oscula
1522 5634 1668 5687 inter
1714 5648 1769 5687 se
1801 5650 1904 5704 per

2007 4657 2281 4714 eumdem
2313 4672 2535 4710 annum
2553 4655 2975 4727 prsel‘ert,haud
2994 4656 3176 4711 dubie
3199 4657 3372 4726 juxta
3392 4657 3670 4714 Pisanum

2000 4745 2437 4814 calculum,quo
2469 4760 2659 4798 annus
2692 4760 2725 4798 a
2758 4743 2965 4800 Martio
2981 4744 3331 4816 praecedenti
3364 4745 3672 4801 inchoatus

2009 4850 2195 4890 annos
2226 4831 2502 4902 vulgares
2536 4831 2843 4887 mensibus
2868 4848 3077 4887 novem
3112 4830 3420 4904 praevertit.
3447 4834 3515 4885 Et
3542 4831 3673 4901 qui-

2011 4922 2143 4976 dem
2175 4919 2302 4974 dies
2335 4918 2703 4975 Kalendarum
2731 4920 3032 4984 Iuliarum,
3068 4935 3184 4990 quo
3230 4918 3354 4973 haec
3384 4917 3691 4973 dedicatio-

2009 5010 2163 5065 facta
2194 5008 2378 5063 fuisse
2425 5007 2643 5063 dicitur
2671 5007 2730 5062 in
2774 5008 2873 5062 illa
2916 5006 3316 5078 inscriptione,
3350 5021 3503 5060 anno
3530 5004 3675 5061 4096

2010 5096 2319 5153 convenire
2348 5112 2464 5150 non
2497 5099 2689 5167 potest
2722 5113 2734 5150 :
2769 5098 2996 5151 certum
3021 5092 3237 5165 quippe
3256 5095 3346 5147 est
3371 5091 3675 5149 Urbanum

2012 5203 2080 5242 ea
2110 5184 2202 5240 die
2252 5201 2405 5239 anno
2446 5186 2578 5238 1096
2608 5184 2798 5239 adhuc
2828 5185 2887 5238 in
2907 5181 3093 5239 Gallia
3122 5178 3525 5237 exstitisse.En
3544 5181 3676 5255 ipsa

2010 5273 2337 5345 inscriptio,
2372 5272 2606 5345 qualem
2640 5272 2803 5327 illam
2838 5269 3119 5343 Ughellus
3151 5285 3220 5325 ex
3252 5269 3432 5324 veteri
3463 5270 3674 5327 Kalen-

2014 5362 2203 5430 dario,
2236 5365 2300 5417 ut
2329 5362 2454 5433 ipse
2500 5361 2602 5425 ait,
2636 5360 2836 5416 retulit
2865 5364 3023 5415 tomo
3068 5358 3136 5414 IV
3177 5356 3354 5414 Italia;
3405 5376 3582 5415 sacra
3611 5360 3673 5415 in

2014 5451 2276 5524 catalogo
2319 5451 2727 5522 episcoporum
2788 5449 3152 5504 Astensium.
3205 5448 3463 5503 Kalendis
3511 5450 3671 5515 Julii,

2013 5558 2159 5597 anno
2188 5542 2249 5596 D.
2285 5539 2690 5596 Incamationis
2724 5539 2882 5605 1096,
2915 5538 3097 5594 dicata
3123 5545 3201 5594 est
3246 5538 3483 5593 Astensis
3512 5539 3675 5594 eccle-

2011 5633 2099 5687 sia
2127 5649 2159 5685 a
2191 5632 2253 5685 ι).
2290 5630 2502 5686 Urbano
2526 5644 2693 5700 papa,
2722 5630 2817 5699 qui
2846 5628 3099 5686 omnibus
3128 5643 3250 5684 vere
3276 5627 3685 5699 pwnitentibus'
