  <div class='ocr_page' id='page_1' title='image "/cluster/home/n/w/nwhite01/storage/ocr_20150623/151/hvd.32044054760095/081.png"; bbox 0 0 4000 6178; ppageno 0'>
   <div class='ocr_carea' id='block_1_1' title="bbox 392 310 516 389">
    <p class='ocr_par' dir='ltr' id='par_1_1' title="bbox 392 310 516 389">
     <span class='ocr_line' id='line_1_1' title="bbox 392 310 516 389; baseline -0.065 1"><span class='ocrx_word' id='word_1_1' title='bbox 392 310 516 389; x_wconf 59' lang='grc' dir='ltr'>1εὲ</span> 
     </span>
    </p>
   </div>
   <div class='ocr_carea' id='block_1_2' title="bbox 397 455 1082 527">
    <p class='ocr_par' dir='ltr' id='par_1_2' title="bbox 397 455 1082 527">
     <span class='ocr_line' id='line_1_2' title="bbox 397 455 1082 527; baseline 0.01 -17"><span class='ocrx_word' id='word_1_2' title='bbox 397 459 448 510; x_wconf 89' lang='lat' dir='ltr'>et</span> <span class='ocrx_word' id='word_1_3' title='bbox 476 455 735 527; x_wconf 78' lang='lat' dir='ltr'>confessis</span> <span class='ocrx_word' id='word_1_4' title='bbox 784 458 856 515; x_wconf 81' lang='lat' dir='ltr'>ad</span> <span class='ocrx_word' id='word_1_5' title='bbox 884 459 1082 517; x_wconf 80' lang='lat' dir='ltr'>dictam</span> 
     </span>
    </p>
   </div>
   <div class='ocr_carea' id='block_1_3' title="bbox 395 544 2035 623">
    <p class='ocr_par' dir='ltr' id='par_1_3' title="bbox 395 544 2035 623">
     <span class='ocr_line' id='line_1_3' title="bbox 395 544 2035 623; baseline 0.007 -22"><span class='ocrx_word' id='word_1_6' title='bbox 395 551 447 601; x_wconf 78' lang='lat' dir='ltr'>et</span> <span class='ocrx_word' id='word_1_7' title='bbox 473 544 866 606; x_wconf 19' lang='lat' dir='ltr'>beataerblaria</span> <span class='ocrx_word' id='word_1_8' title='bbox 895 554 1126 623; x_wconf 75' lang='lat' dir='ltr'>virginis</span> <span class='ocrx_word' id='word_1_9' title='bbox 1158 557 1403 609; x_wconf 84' lang='lat' dir='ltr'>venerint</span> <span class='ocrx_word' id='word_1_10' title='bbox 1436 556 1493 610; x_wconf 85' lang='lat' dir='ltr'>in</span> <span class='ocrx_word' id='word_1_11' title='bbox 1539 554 1628 611; x_wconf 88' lang='lat' dir='ltr'>die</span> <span class='ocrx_word' id='word_1_12' title='bbox 1678 555 2035 613; x_wconf 72' lang='lat' dir='ltr'>dedicationis</span> 
     </span>
    </p>
   </div>
   <div class='ocr_carea' id='block_1_4' title="bbox 394 634 2037 709">
    <p class='ocr_par' dir='ltr' id='par_1_4' title="bbox 394 634 2037 709">
     <span class='ocr_line' id='line_1_4' title="bbox 394 634 2037 709; baseline 0.007 -21"><span class='ocrx_word' id='word_1_13' title='bbox 394 634 588 705; x_wconf 72' lang='lat' dir='ltr'>ipsius,</span> <span class='ocrx_word' id='word_1_14' title='bbox 610 640 662 692; x_wconf 84' lang='lat' dir='ltr'>et</span> <span class='ocrx_word' id='word_1_15' title='bbox 685 653 787 709; x_wconf 86' lang='lat' dir='ltr'>per</span> <span class='ocrx_word' id='word_1_16' title='bbox 812 642 981 695; x_wconf 83' lang='lat' dir='ltr'>totam</span> <span class='ocrx_word' id='word_1_17' title='bbox 1027 648 1274 698; x_wconf 78' lang='lat' dir='ltr'>octavam</span> <span class='ocrx_word' id='word_1_18' title='bbox 1298 661 1467 698; x_wconf 85' lang='lat' dir='ltr'>unum</span> <span class='ocrx_word' id='word_1_19' title='bbox 1507 661 1717 699; x_wconf 76' lang='lat' dir='ltr'>(ninam</span> <span class='ocrx_word' id='word_1_20' title='bbox 1747 654 1798 701; x_wconf 90' lang='lat' dir='ltr'>et</span> <span class='ocrx_word' id='word_1_21' title='bbox 1827 647 1896 701; x_wconf 80' lang='grc'>40</span> <span class='ocrx_word' id='word_1_22' title='bbox 1922 646 2037 703; x_wconf 79' lang='lat' dir='ltr'>dies</span> 
     </span>
    </p>
   </div>
   <div class='ocr_carea' id='block_1_5' title="bbox 393 722 2036 802">
    <p class='ocr_par' dir='ltr' id='par_1_5' title="bbox 393 722 2036 802">
     <span class='ocr_line' id='line_1_5' title="bbox 393 722 2036 802; baseline 0.007 -24"><span class='ocrx_word' id='word_1_23' title='bbox 393 722 461 779; x_wconf 87' lang='lat' dir='ltr'>de</span> <span class='ocrx_word' id='word_1_24' title='bbox 491 725 738 796; x_wconf 78' lang='lat' dir='ltr'>injuncta</span> <span class='ocrx_word' id='word_1_25' title='bbox 761 731 1086 799; x_wconf 74' lang='lat' dir='ltr'>pauitantia</span> <span class='ocrx_word' id='word_1_26' title='bbox 1125 732 1396 787; x_wconf 63' lang='lat' dir='ltr'>relaxavit</span> <span class='ocrx_word' id='word_1_27' title='bbox 1426 742 1475 789; x_wconf 84' lang='lat' dir='ltr'>et</span> <span class='ocrx_word' id='word_1_28' title='bbox 1508 734 1738 791; x_wconf 76' lang='lat' dir='ltr'>indulsit</span> <span class='ocrx_word' id='word_1_29' title='bbox 1770 752 1782 802; x_wconf 93' lang='lat'>;</span> <span class='ocrx_word' id='word_1_30' title='bbox 1819 736 1880 790; x_wconf 88' lang='lat' dir='ltr'>D.</span> <span class='ocrx_word' id='word_1_31' title='bbox 1912 751 2036 791; x_wconf 74' lang='lat' dir='ltr'>vero</span> 
     </span>
    </p>
   </div>
   <div class='ocr_carea' id='block_1_6' title="bbox 394 815 2037 887">
    <p class='ocr_par' dir='ltr' id='par_1_6' title="bbox 394 815 2037 887">
     <span class='ocr_line' id='line_1_6' title="bbox 394 815 2037 887; baseline 0.005 -18"><span class='ocrx_word' id='word_1_32' title='bbox 394 815 671 887; x_wconf 73' lang='lat' dir='ltr'>episcopus</span> <span class='ocrx_word' id='word_1_33' title='bbox 725 817 985 884; x_wconf 84' lang='lat' dir='ltr'>Astensis,</span> <span class='ocrx_word' id='word_1_34' title='bbox 1019 822 1087 874; x_wconf 77' lang='grc'>40</span> <span class='ocrx_word' id='word_1_35' title='bbox 1116 820 1249 877; x_wconf 86' lang='lat' dir='ltr'>dies.</span> <span class='ocrx_word' id='word_1_36' title='bbox 1283 822 1412 878; x_wconf 88' lang='lat' dir='ltr'>Jam</span> <span class='ocrx_word' id='word_1_37' title='bbox 1474 841 1608 879; x_wconf 89' lang='lat' dir='ltr'>vero</span> <span class='ocrx_word' id='word_1_38' title='bbox 1667 828 1864 878; x_wconf 90' lang='lat' dir='ltr'>utrum</span> <span class='ocrx_word' id='word_1_39' title='bbox 1914 824 2037 878; x_wconf 83' lang='lat' dir='ltr'>hac</span> 
     </span>
    </p>
   </div>
   <div class='ocr_carea' id='block_1_7' title="bbox 392 902 2036 984">
    <p class='ocr_par' dir='ltr' id='par_1_7' title="bbox 392 902 2036 984">
     <span class='ocr_line' id='line_1_7' title="bbox 392 902 2036 984; baseline 0.006 -26"><span class='ocrx_word' id='word_1_40' title='bbox 392 902 945 976; x_wconf 84' lang='lat' dir='ltr'>inscriptioomnino</span> <span class='ocrx_word' id='word_1_41' title='bbox 966 912 1121 964; x_wconf 85' lang='lat' dir='ltr'>certa</span> <span class='ocrx_word' id='word_1_42' title='bbox 1142 910 1218 964; x_wconf 94' lang='lat' dir='ltr'>sit</span> <span class='ocrx_word' id='word_1_43' title='bbox 1242 914 1297 965; x_wconf 88' lang='lat' dir='ltr'>et</span> <span class='ocrx_word' id='word_1_44' title='bbox 1318 912 1581 984; x_wconf 87' lang='lat' dir='ltr'>antiqua,</span> <span class='ocrx_word' id='word_1_45' title='bbox 1607 911 1737 968; x_wconf 88' lang='lat' dir='ltr'>aliis</span> <span class='ocrx_word' id='word_1_46' title='bbox 1762 913 2036 983; x_wconf 84' lang='lat' dir='ltr'>judican-</span> 
     </span>
    </p>
   </div>
   <div class='ocr_carea' id='block_1_8' title="bbox 398 991 2039 1074">
    <p class='ocr_par' dir='ltr' id='par_1_8' title="bbox 398 991 2039 1074">
     <span class='ocr_line' id='line_1_8' title="bbox 398 991 2039 1074; baseline 0.007 -28"><span class='ocrx_word' id='word_1_47' title='bbox 398 991 540 1048; x_wconf 87' lang='lat' dir='ltr'>dum</span> <span class='ocrx_word' id='word_1_48' title='bbox 574 994 859 1067; x_wconf 84' lang='lat' dir='ltr'>relinquo.</span> <span class='ocrx_word' id='word_1_49' title='bbox 880 997 1010 1053; x_wconf 90' lang='lat' dir='ltr'>Otto</span> <span class='ocrx_word' id='word_1_50' title='bbox 1044 1002 1182 1054; x_wconf 90' lang='lat' dir='ltr'>tunc</span> <span class='ocrx_word' id='word_1_51' title='bbox 1214 1000 1531 1056; x_wconf 89' lang='lat' dir='ltr'>Ecclesiam</span> <span class='ocrx_word' id='word_1_52' title='bbox 1553 1004 1858 1059; x_wconf 85' lang='lat' dir='ltr'>Astenscm</span> <span class='ocrx_word' id='word_1_53' title='bbox 1882 1018 2039 1074; x_wconf 88' lang='lat' dir='ltr'>rege-</span> 
     </span>
    </p>
   </div>
   <div class='ocr_carea' id='block_1_9' title="bbox 399 1080 2039 1153">
    <p class='ocr_par' dir='ltr' id='par_1_9' title="bbox 399 1080 2039 1153">
     <span class='ocr_line' id='line_1_9' title="bbox 399 1080 2039 1153; baseline 0.006 -18"><span class='ocrx_word' id='word_1_54' title='bbox 399 1080 518 1147; x_wconf 87' lang='lat' dir='ltr'>bat,</span> <span class='ocrx_word' id='word_1_55' title='bbox 543 1083 714 1153; x_wconf 82' lang='lat' dir='ltr'>cujus</span> <span class='ocrx_word' id='word_1_56' title='bbox 763 1084 1008 1142; x_wconf 83' lang='lat' dir='ltr'>invitatu</span> <span class='ocrx_word' id='word_1_57' title='bbox 1040 1086 1313 1145; x_wconf 78' lang='lat' dir='ltr'>Urbanus</span> <span class='ocrx_word' id='word_1_58' title='bbox 1351 1089 1501 1145; x_wconf 90' lang='lat' dir='ltr'>hanc</span> <span class='ocrx_word' id='word_1_59' title='bbox 1533 1089 1840 1146; x_wconf 86' lang='lat' dir='ltr'>ecclesiam</span> <span class='ocrx_word' id='word_1_60' title='bbox 1873 1090 2039 1145; x_wconf 87' lang='lat' dir='ltr'>dedi-</span> 
     </span>
    </p>
   </div>
   <div class='ocr_carea' id='block_1_10' title="bbox 396 1171 2041 1248">
    <p class='ocr_par' dir='ltr' id='par_1_10' title="bbox 396 1171 2041 1248">
     <span class='ocr_line' id='line_1_10' title="bbox 396 1171 2041 1248; baseline 0.005 -24"><span class='ocrx_word' id='word_1_61' title='bbox 396 1171 792 1228; x_wconf 81' lang='lat' dir='ltr'>cassedicitur</span> <span class='ocrx_word' id='word_1_62' title='bbox 812 1176 965 1246; x_wconf 89' lang='lat' dir='ltr'>apud</span> <span class='ocrx_word' id='word_1_63' title='bbox 991 1175 1320 1248; x_wconf 83' lang='lat' dir='ltr'>Ughellum,</span> <span class='ocrx_word' id='word_1_64' title='bbox 1346 1178 1738 1234; x_wconf 75' lang='lat' dir='ltr'>intercedente</span> <span class='ocrx_word' id='word_1_65' title='bbox 1770 1180 2041 1234; x_wconf 89' lang='lat' dir='ltr'>Brunone</span> 
     </span>
    </p>
   </div>
   <div class='ocr_carea' id='block_1_11' title="bbox 397 1257 2041 1335">
    <p class='ocr_par' dir='ltr' id='par_1_11' title="bbox 397 1257 2041 1335">
     <span class='ocr_line' id='line_1_11' title="bbox 397 1257 2041 1335; baseline 0.004 -21"><span class='ocrx_word' id='word_1_66' title='bbox 397 1257 669 1331; x_wconf 85' lang='lat' dir='ltr'>Signensi</span> <span class='ocrx_word' id='word_1_67' title='bbox 689 1262 1215 1335; x_wconf 87' lang='lat' dir='ltr'>episc0po,Urbani</span> <span class='ocrx_word' id='word_1_68' title='bbox 1243 1266 1765 1324; x_wconf 85' lang='lat' dir='ltr'>comiteindividuo</span> <span class='ocrx_word' id='word_1_69' title='bbox 1798 1272 1857 1323; x_wconf 78' lang='lat' dir='ltr'>et</span> <span class='ocrx_word' id='word_1_70' title='bbox 1885 1266 2041 1322; x_wconf 86' lang='lat' dir='ltr'>ﬁdeli</span> 
     </span>
    </p>
   </div>
   <div class='ocr_carea' id='block_1_12' title="bbox 396 1346 2043 1428">
    <p class='ocr_par' dir='ltr' id='par_1_12' title="bbox 396 1346 2043 1428">
     <span class='ocr_line' id='line_1_12' title="bbox 396 1346 2043 1428; baseline 0.007 -27"><span class='ocrx_word' id='word_1_71' title='bbox 396 1346 606 1414; x_wconf 86' lang='lat' dir='ltr'>amico,</span> <span class='ocrx_word' id='word_1_72' title='bbox 625 1350 727 1421; x_wconf 91' lang='lat' dir='ltr'>qui</span> <span class='ocrx_word' id='word_1_73' title='bbox 745 1350 804 1406; x_wconf 93' lang='lat' dir='ltr'>in</span> <span class='ocrx_word' id='word_1_74' title='bbox 830 1352 972 1407; x_wconf 89' lang='lat' dir='ltr'>urbe</span> <span class='ocrx_word' id='word_1_75' title='bbox 992 1354 1223 1409; x_wconf 79' lang='lat' dir='ltr'>Astensi</span> <span class='ocrx_word' id='word_1_76' title='bbox 1249 1360 1420 1412; x_wconf 90' lang='lat' dir='ltr'>natus</span> <span class='ocrx_word' id='word_1_77' title='bbox 1445 1363 1501 1412; x_wconf 86' lang='lat' dir='ltr'>et</span> <span class='ocrx_word' id='word_1_78' title='bbox 1532 1358 1659 1428; x_wconf 78' lang='lat' dir='ltr'>ejus</span> <span class='ocrx_word' id='word_1_79' title='bbox 1672 1357 1939 1412; x_wconf 88' lang='lat' dir='ltr'>Ecclesia</span> <span class='ocrx_word' id='word_1_80' title='bbox 1954 1374 2043 1411; x_wconf 89' lang='lat' dir='ltr'>ca-</span> 
     </span>
    </p>
   </div>
   <div class='ocr_carea' id='block_1_13' title="bbox 396 1436 2035 1517">
    <p class='ocr_par' dir='ltr' id='par_1_13' title="bbox 396 1436 2035 1517">
     <span class='ocr_line' id='line_1_13' title="bbox 396 1436 2035 1517; baseline 0.007 -27"><span class='ocrx_word' id='word_1_81' title='bbox 396 1436 653 1499; x_wconf 73' lang='lat' dir='ltr'>nonicus.</span> <span class='ocrx_word' id='word_1_82' title='bbox 675 1438 863 1495; x_wconf 81' lang='lat' dir='ltr'>fuerat</span> <span class='ocrx_word' id='word_1_83' title='bbox 885 1447 1198 1514; x_wconf 79' lang='lat' dir='ltr'>antequam</span> <span class='ocrx_word' id='word_1_84' title='bbox 1220 1445 1529 1517; x_wconf 89' lang='lat' dir='ltr'>episcopus</span> <span class='ocrx_word' id='word_1_85' title='bbox 1551 1451 1780 1502; x_wconf 86' lang='lat' dir='ltr'>creatus</span> <span class='ocrx_word' id='word_1_86' title='bbox 1814 1446 2035 1502; x_wconf 80' lang='lat' dir='ltr'>fuisset.</span> 
     </span>
    </p>
   </div>
   <div class='ocr_carea' id='block_1_14' title="bbox 396 1524 2040 1608">
    <p class='ocr_par' dir='ltr' id='par_1_14' title="bbox 396 1524 2040 1608">
     <span class='ocr_line' id='line_1_14' title="bbox 396 1524 2040 1608; baseline 0.005 -28"><span class='ocrx_word' id='word_1_87' title='bbox 396 1524 543 1581; x_wconf 82' lang='lat' dir='ltr'>Cum</span> <span class='ocrx_word' id='word_1_88' title='bbox 563 1542 695 1584; x_wconf 86' lang='lat' dir='ltr'>vero</span> <span class='ocrx_word' id='word_1_89' title='bbox 718 1528 799 1585; x_wconf 87' lang='lat' dir='ltr'><strong><em>ibi</em></strong></span> <span class='ocrx_word' id='word_1_90' title='bbox 820 1530 1010 1587; x_wconf 89' lang='lat' dir='ltr'>adhuc</span> <span class='ocrx_word' id='word_1_91' title='bbox 1036 1532 1491 1606; x_wconf 80' lang='lat' dir='ltr'>esset‘pontifex,</span> <span class='ocrx_word' id='word_1_92' title='bbox 1518 1534 1817 1608; x_wconf 86' lang='lat' dir='ltr'>privilegia</span> <span class='ocrx_word' id='word_1_93' title='bbox 1840 1552 2040 1590; x_wconf 90' lang='lat' dir='ltr'>mona-</span> 
     </span>
    </p>
   </div>
   <div class='ocr_carea' id='block_1_15' title="bbox 396 1614 2043 1696">
    <p class='ocr_par' dir='ltr' id='par_1_15' title="bbox 396 1614 2043 1696">
     <span class='ocr_line' id='line_1_15' title="bbox 396 1614 2043 1696; baseline 0.007 -27"><span class='ocrx_word' id='word_1_94' title='bbox 396 1614 556 1670; x_wconf 88' lang='lat' dir='ltr'>sterii</span> <span class='ocrx_word' id='word_1_95' title='bbox 596 1616 1189 1689; x_wconf 87' lang='lat' dir='ltr'>Fructuariensis,cui</span> <span class='ocrx_word' id='word_1_96' title='bbox 1224 1629 1364 1679; x_wconf 90' lang='lat' dir='ltr'>tunc</span> <span class='ocrx_word' id='word_1_97' title='bbox 1388 1630 1628 1696; x_wconf 73' lang='lat' dir='ltr'>praeerat</span> <span class='ocrx_word' id='word_1_98' title='bbox 1660 1625 1908 1680; x_wconf 87' lang='lat' dir='ltr'>Ubertus</span> <span class='ocrx_word' id='word_1_99' title='bbox 1940 1642 2043 1680; x_wconf 85' lang='lat' dir='ltr'>seu</span> 
     </span>
    </p>
   </div>
   <div class='ocr_carea' id='block_1_16' title="bbox 397 1701 2038 1785">
    <p class='ocr_par' dir='ltr' id='par_1_16' title="bbox 397 1701 2038 1785">
     <span class='ocr_line' id='line_1_16' title="bbox 397 1701 2038 1785; baseline 0.006 -27"><span class='ocrx_word' id='word_1_100' title='bbox 397 1701 711 1762; x_wconf 87' lang='lat' dir='ltr'>Guibertus</span> <span class='ocrx_word' id='word_1_101' title='bbox 732 1707 936 1775; x_wconf 85' lang='lat' dir='ltr'>abbas,</span> <span class='ocrx_word' id='word_1_102' title='bbox 955 1710 1318 1766; x_wconf 82' lang='lat' dir='ltr'>conﬁrmavit</span> <span class='ocrx_word' id='word_1_103' title='bbox 1336 1718 1391 1767; x_wconf 89' lang='lat' dir='ltr'>et</span> <span class='ocrx_word' id='word_1_104' title='bbox 1418 1712 1737 1784; x_wconf 83' lang='lat' dir='ltr'>ampliavit,</span> <span class='ocrx_word' id='word_1_105' title='bbox 1772 1713 1819 1768; x_wconf 90' lang='lat' dir='ltr'>si</span> <span class='ocrx_word' id='word_1_106' title='bbox 1850 1716 2038 1785; x_wconf 87' lang='lat' dir='ltr'>Augu-</span> 
     </span>
    </p>
   </div>
   <div class='ocr_carea' id='block_1_17' title="bbox 392 1791 2043 1872">
    <p class='ocr_par' dir='ltr' id='par_1_17' title="bbox 392 1791 2043 1872">
     <span class='ocr_line' id='line_1_17' title="bbox 392 1791 2043 1872; baseline 0.006 -25"><span class='ocrx_word' id='word_1_107' title='bbox 392 1791 635 1849; x_wconf 85' lang='lat' dir='ltr'>stinoab</span> <span class='ocrx_word' id='word_1_108' title='bbox 658 1795 913 1854; x_wconf 80' lang='lat' dir='ltr'>Ecclesia</span> <span class='ocrx_word' id='word_1_109' title='bbox 932 1798 1259 1869; x_wconf 82' lang='lat' dir='ltr'>credamus,</span> <span class='ocrx_word' id='word_1_110' title='bbox 1286 1801 1386 1872; x_wconf 88' lang='lat' dir='ltr'>qui</span> <span class='ocrx_word' id='word_1_111' title='bbox 1418 1802 1473 1856; x_wconf 90' lang='lat' dir='ltr'>id</span> <span class='ocrx_word' id='word_1_112' title='bbox 1508 1801 1718 1857; x_wconf 76' lang='lat' dir='ltr'>asserit</span> <span class='ocrx_word' id='word_1_113' title='bbox 1761 1804 1820 1856; x_wconf 91' lang='lat' dir='ltr'>in</span> <span class='ocrx_word' id='word_1_114' title='bbox 1865 1802 2043 1857; x_wconf 85' lang='lat' dir='ltr'>Chro-</span> 
     </span>
    </p>
   </div>
   <div class='ocr_carea' id='block_1_18' title="bbox 397 1881 2039 1961">
    <p class='ocr_par' dir='ltr' id='par_1_18' title="bbox 397 1881 2039 1961">
     <span class='ocr_line' id='line_1_18' title="bbox 397 1881 2039 1961; baseline 0.005 -23"><span class='ocrx_word' id='word_1_115' title='bbox 397 1881 631 1956; x_wconf 89' lang='lat' dir='ltr'>nologia</span> <span class='ocrx_word' id='word_1_116' title='bbox 669 1885 1119 1955; x_wconf 88' lang='lat' dir='ltr'>Pedemontana,</span> <span class='ocrx_word' id='word_1_117' title='bbox 1145 1906 1269 1961; x_wconf 90' lang='lat' dir='ltr'>cap.</span> <span class='ocrx_word' id='word_1_118' title='bbox 1294 1893 1392 1959; x_wconf 87' lang='lat'>27;</span> <span class='ocrx_word' id='word_1_119' title='bbox 1432 1894 1490 1945; x_wconf 88' lang='lat' dir='ltr'>at</span> <span class='ocrx_word' id='word_1_120' title='bbox 1519 1891 1740 1947; x_wconf 88' lang='lat' dir='ltr'>fallitur</span> <span class='ocrx_word' id='word_1_121' title='bbox 1768 1892 1825 1947; x_wconf 90' lang='lat' dir='ltr'>in</span> <span class='ocrx_word' id='word_1_122' title='bbox 1887 1908 2039 1946; x_wconf 90' lang='lat' dir='ltr'>anno</span> 
     </span>
    </p>
   </div>
   <div class='ocr_carea' id='block_1_19' title="bbox 394 1971 2038 2052">
    <p class='ocr_par' dir='ltr' id='par_1_19' title="bbox 394 1971 2038 2052">
     <span class='ocr_line' id='line_1_19' title="bbox 394 1971 2038 2052; baseline 0.004 -24"><span class='ocrx_word' id='word_1_123' title='bbox 394 1971 543 2029; x_wconf 73' lang='grc'>4089</span> <span class='ocrx_word' id='word_1_124' title='bbox 582 1974 944 2049; x_wconf 81' lang='lat' dir='ltr'>designanda</span> <span class='ocrx_word' id='word_1_125' title='bbox 966 1979 1122 2049; x_wconf 89' lang='lat' dir='ltr'>quod</span> <span class='ocrx_word' id='word_1_126' title='bbox 1152 1978 1210 2033; x_wconf 90' lang='lat' dir='ltr'>id</span> <span class='ocrx_word' id='word_1_127' title='bbox 1245 1980 1559 2052; x_wconf 83' lang='lat' dir='ltr'>contigisse</span> <span class='ocrx_word' id='word_1_128' title='bbox 1603 1981 1824 2048; x_wconf 87' lang='lat' dir='ltr'>scribit,</span> <span class='ocrx_word' id='word_1_129' title='bbox 1853 1996 2038 2052; x_wconf 87' lang='lat' dir='ltr'>quan-</span> 
     </span>
    </p>
   </div>
   <div class='ocr_carea' id='block_1_20' title="bbox 397 2063 2037 2143">
    <p class='ocr_par' dir='ltr' id='par_1_20' title="bbox 397 2063 2037 2143">
     <span class='ocr_line' id='line_1_20' title="bbox 397 2063 2037 2143; baseline 0.004 -26"><span class='ocrx_word' id='word_1_130' title='bbox 397 2074 578 2132; x_wconf 86' lang='lat' dir='ltr'>quam</span> <span class='ocrx_word' id='word_1_131' title='bbox 617 2063 775 2121; x_wconf 89' lang='lat' dir='ltr'>hunc</span> <span class='ocrx_word' id='word_1_132' title='bbox 817 2082 1093 2134; x_wconf 88' lang='lat' dir='ltr'>errorem,</span> <span class='ocrx_word' id='word_1_133' title='bbox 1143 2067 1445 2139; x_wconf 89' lang='lat' dir='ltr'>deperdito</span> <span class='ocrx_word' id='word_1_134' title='bbox 1490 2069 1666 2126; x_wconf 90' lang='lat' dir='ltr'>hocce</span> <span class='ocrx_word' id='word_1_135' title='bbox 1717 2068 2037 2143; x_wconf 87' lang='lat' dir='ltr'>privilegio,</span> 
     </span>
    </p>
   </div>
   <div class='ocr_carea' id='block_1_21' title="bbox 398 2153 1469 2213">
    <p class='ocr_par' dir='ltr' id='par_1_21' title="bbox 398 2153 1469 2213">
     <span class='ocr_line' id='line_1_21' title="bbox 398 2153 1469 2213; baseline 0.005 -7"><span class='ocrx_word' id='word_1_136' title='bbox 398 2153 554 2207; x_wconf 87' lang='lat' dir='ltr'>certo</span> <span class='ocrx_word' id='word_1_137' title='bbox 585 2154 897 2209; x_wconf 88' lang='lat' dir='ltr'>emendare</span> <span class='ocrx_word' id='word_1_138' title='bbox 925 2154 1341 2213; x_wconf 76' lang='lat' dir='ltr'>difficillimum</span> <span class='ocrx_word' id='word_1_139' title='bbox 1374 2156 1469 2212; x_wconf 88' lang='lat' dir='ltr'>sit.</span> 
     </span>
    </p>
   </div>
   <div class='ocr_carea' id='block_1_22' title="bbox 467 2240 2042 2317">
    <p class='ocr_par' dir='ltr' id='par_1_22' title="bbox 467 2240 2042 2317">
     <span class='ocr_line' id='line_1_22' title="bbox 467 2240 2042 2317; baseline 0.003 -22"><span class='ocrx_word' id='word_1_140' title='bbox 467 2240 653 2297; x_wconf 83' lang='lat' dir='ltr'>Etiam</span> <span class='ocrx_word' id='word_1_141' title='bbox 674 2240 965 2298; x_wconf 86' lang='lat' dir='ltr'>Pinariolo</span> <span class='ocrx_word' id='word_1_142' title='bbox 989 2243 1287 2300; x_wconf 89' lang='lat' dir='ltr'>Urbanum</span> <span class='ocrx_word' id='word_1_143' title='bbox 1302 2244 1584 2302; x_wconf 83' lang='lat' dir='ltr'>transisse</span> <span class='ocrx_word' id='word_1_144' title='bbox 1607 2247 1735 2317; x_wconf 88' lang='lat' dir='ltr'>conj</span> <span class='ocrx_word' id='word_1_145' title='bbox 1746 2246 1955 2302; x_wconf 88' lang='lat' dir='ltr'>icimus</span> <span class='ocrx_word' id='word_1_146' title='bbox 1974 2262 2042 2301; x_wconf 86' lang='lat' dir='ltr'>ex</span> 
     </span>
    </p>
   </div>
   <div class='ocr_carea' id='block_1_23' title="bbox 392 2328 2038 2393">
    <p class='ocr_par' dir='ltr' id='par_1_23' title="bbox 392 2328 2038 2393">
     <span class='ocr_line' id='line_1_23' title="bbox 392 2328 2038 2393; baseline 0.004 -9"><span class='ocrx_word' id='word_1_147' title='bbox 392 2328 556 2386; x_wconf 87' lang='lat' dir='ltr'>bulla</span> <span class='ocrx_word' id='word_1_148' title='bbox 576 2329 689 2385; x_wconf 87' lang='lat' dir='ltr'>hoc</span> <span class='ocrx_word' id='word_1_149' title='bbox 706 2347 858 2387; x_wconf 90' lang='lat' dir='ltr'>anno</span> <span class='ocrx_word' id='word_1_150' title='bbox 885 2347 1161 2389; x_wconf 89' lang='lat' dir='ltr'>concessa</span> <span class='ocrx_word' id='word_1_151' title='bbox 1182 2333 1394 2389; x_wconf 89' lang='lat' dir='ltr'>Uberto</span> <span class='ocrx_word' id='word_1_152' title='bbox 1418 2335 1610 2390; x_wconf 88' lang='lat' dir='ltr'>abbati</span> <span class='ocrx_word' id='word_1_153' title='bbox 1632 2336 1815 2391; x_wconf 81' lang='lat' dir='ltr'>Beata</span> <span class='ocrx_word' id='word_1_154' title='bbox 1848 2336 2038 2393; x_wconf 87' lang='lat' dir='ltr'>Maria</span> 
     </span>
    </p>
   </div>
   <div class='ocr_carea' id='block_1_24' title="bbox 395 2420 2041 2495">
    <p class='ocr_par' dir='ltr' id='par_1_24' title="bbox 395 2420 2041 2495">
     <span class='ocr_line' id='line_1_24' title="bbox 395 2420 2041 2495; baseline 0.004 -21"><span class='ocrx_word' id='word_1_155' title='bbox 395 2420 925 2493; x_wconf 89' lang='lat' dir='ltr'>monasteriiprope</span> <span class='ocrx_word' id='word_1_156' title='bbox 950 2421 1100 2477; x_wconf 88' lang='lat' dir='ltr'>hanc</span> <span class='ocrx_word' id='word_1_157' title='bbox 1123 2423 1327 2478; x_wconf 91' lang='lat' dir='ltr'>urbem</span> <span class='ocrx_word' id='word_1_158' title='bbox 1351 2423 1444 2478; x_wconf 87' lang='lat' dir='ltr'>siti</span> <span class='ocrx_word' id='word_1_159' title='bbox 1466 2440 1583 2495; x_wconf 90' lang='lat' dir='ltr'>qua</span> <span class='ocrx_word' id='word_1_160' title='bbox 1604 2424 1653 2479; x_wconf 92' lang='lat' dir='ltr'>ei</span> <span class='ocrx_word' id='word_1_161' title='bbox 1675 2426 1873 2480; x_wconf 89' lang='lat' dir='ltr'>omnia</span> <span class='ocrx_word' id='word_1_162' title='bbox 1889 2426 2041 2480; x_wconf 90' lang='lat' dir='ltr'>bona</span> 
     </span>
    </p>
   </div>
   <div class='ocr_carea' id='block_1_25' title="bbox 393 2500 2039 2581">
    <p class='ocr_par' dir='ltr' id='par_1_25' title="bbox 393 2500 2039 2581">
     <span class='ocr_line' id='line_1_25' title="bbox 393 2500 2039 2581; baseline 0.004 -19"><span class='ocrx_word' id='word_1_163' title='bbox 393 2500 817 2565; x_wconf 82' lang='lat' dir='ltr'>confirmantur</span> <span class='ocrx_word' id='word_1_164' title='bbox 846 2527 973 2581; x_wconf 78' lang='lat' dir='ltr'>qua</span> <span class='ocrx_word' id='word_1_165' title='bbox 1007 2513 1077 2567; x_wconf 90' lang='lat' dir='ltr'>ab</span> <span class='ocrx_word' id='word_1_166' title='bbox 1109 2510 1383 2567; x_wconf 88' lang='lat' dir='ltr'>Adelaide</span> <span class='ocrx_word' id='word_1_167' title='bbox 1444 2514 1748 2568; x_wconf 89' lang='lat' dir='ltr'>comitissa</span> <span class='ocrx_word' id='word_1_168' title='bbox 1800 2517 1857 2569; x_wconf 91' lang='lat' dir='ltr'>et</span> <span class='ocrx_word' id='word_1_169' title='bbox 1908 2513 2039 2569; x_wconf 88' lang='lat' dir='ltr'>aliis</span> 
     </span>
    </p>
   </div>
   <div class='ocr_carea' id='block_1_26' title="bbox 394 2596 2038 2675">
    <p class='ocr_par' dir='ltr' id='par_1_26' title="bbox 394 2596 2038 2675">
     <span class='ocr_line' id='line_1_26' title="bbox 394 2596 2038 2675; baseline 0.004 -25"><span class='ocrx_word' id='word_1_170' title='bbox 394 2596 697 2669; x_wconf 82' lang='lat' dir='ltr'>quibusvis</span> <span class='ocrx_word' id='word_1_171' title='bbox 724 2597 935 2654; x_wconf 86' lang='lat' dir='ltr'>collata</span> <span class='ocrx_word' id='word_1_172' title='bbox 965 2601 1215 2656; x_wconf 79' lang='lat' dir='ltr'>fuerant.</span> <span class='ocrx_word' id='word_1_173' title='bbox 1265 2606 1411 2656; x_wconf 89' lang='lat' dir='ltr'>Tum</span> <span class='ocrx_word' id='word_1_174' title='bbox 1453 2607 1608 2659; x_wconf 83' lang='lat' dir='ltr'>vetat</span> <span class='ocrx_word' id='word_1_175' title='bbox 1665 2602 1922 2675; x_wconf 81' lang='lat' dir='ltr'>pontifex</span> <span class='ocrx_word' id='word_1_176' title='bbox 1967 2618 2038 2657; x_wconf 90' lang='lat' dir='ltr'>ne</span> 
     </span>
    </p>
   </div>
   <div class='ocr_carea' id='block_1_27' title="bbox 392 2686 2037 2763">
    <p class='ocr_par' dir='ltr' id='par_1_27' title="bbox 392 2686 2037 2763">
     <span class='ocr_line' id='line_1_27' title="bbox 392 2686 2037 2763; baseline 0.002 -20"><span class='ocrx_word' id='word_1_177' title='bbox 392 2686 717 2760; x_wconf 89' lang='lat' dir='ltr'>quidquam</span> <span class='ocrx_word' id='word_1_178' title='bbox 746 2704 815 2743; x_wconf 84' lang='lat' dir='ltr'>ex</span> <span class='ocrx_word' id='word_1_179' title='bbox 842 2686 958 2743; x_wconf 89' lang='lat' dir='ltr'>illis</span> <span class='ocrx_word' id='word_1_180' title='bbox 984 2704 1018 2743; x_wconf 91' lang='lat' dir='ltr'>a</span> <span class='ocrx_word' id='word_1_181' title='bbox 1047 2689 1253 2760; x_wconf 91' lang='lat' dir='ltr'>quovis</span> <span class='ocrx_word' id='word_1_182' title='bbox 1280 2690 1585 2746; x_wconf 89' lang='lat' dir='ltr'>hominum</span> <span class='ocrx_word' id='word_1_183' title='bbox 1618 2690 1678 2746; x_wconf 90' lang='lat' dir='ltr'>in</span> <span class='ocrx_word' id='word_1_184' title='bbox 1738 2696 2037 2763; x_wconf 87' lang='lat' dir='ltr'>posterum</span> 
     </span>
    </p>
   </div>
   <div class='ocr_carea' id='block_1_28' title="bbox 393 2776 2036 2852">
    <p class='ocr_par' dir='ltr' id='par_1_28' title="bbox 393 2776 2036 2852">
     <span class='ocr_line' id='line_1_28' title="bbox 393 2776 2036 2852; baseline 0.002 -20"><span class='ocrx_word' id='word_1_185' title='bbox 393 2776 773 2833; x_wconf 83' lang='lat' dir='ltr'>distrahatur.</span> <span class='ocrx_word' id='word_1_186' title='bbox 788 2777 913 2832; x_wconf 90' lang='lat' dir='ltr'>Non</span> <span class='ocrx_word' id='word_1_187' title='bbox 945 2777 1113 2833; x_wconf 90' lang='lat' dir='ltr'>licuit</span> <span class='ocrx_word' id='word_1_188' title='bbox 1142 2778 1319 2849; x_wconf 89' lang='lat' dir='ltr'>hujus</span> <span class='ocrx_word' id='word_1_189' title='bbox 1336 2779 1671 2851; x_wconf 85' lang='lat' dir='ltr'>diplomatis</span> <span class='ocrx_word' id='word_1_190' title='bbox 1702 2780 2036 2852; x_wconf 83' lang='lat' dir='ltr'>exemplum</span> 
     </span>
    </p>
   </div>
   <div class='ocr_carea' id='block_1_29' title="bbox 394 2864 2036 2941">
    <p class='ocr_par' dir='ltr' id='par_1_29' title="bbox 394 2864 2036 2941">
     <span class='ocr_line' id='line_1_29' title="bbox 394 2864 2036 2941; baseline 0.001 -20"><span class='ocrx_word' id='word_1_191' title='bbox 394 2864 915 2939; x_wconf 81' lang='lat' dir='ltr'>habere,quamvis</span> <span class='ocrx_word' id='word_1_192' title='bbox 931 2884 999 2923; x_wconf 90' lang='lat' dir='ltr'>ea</span> <span class='ocrx_word' id='word_1_193' title='bbox 1020 2868 1092 2923; x_wconf 91' lang='lat' dir='ltr'>de</span> <span class='ocrx_word' id='word_1_194' title='bbox 1106 2884 1184 2929; x_wconf 54' lang='lat' dir='ltr'>te</span> <span class='ocrx_word' id='word_1_195' title='bbox 1205 2868 1385 2924; x_wconf 88' lang='lat' dir='ltr'>semel</span> <span class='ocrx_word' id='word_1_196' title='bbox 1425 2872 1482 2924; x_wconf 89' lang='lat' dir='ltr'>et</span> <span class='ocrx_word' id='word_1_197' title='bbox 1512 2869 1725 2925; x_wconf 87' lang='lat' dir='ltr'>iterum</span> <span class='ocrx_word' id='word_1_198' title='bbox 1758 2885 1860 2941; x_wconf 87' lang='lat' dir='ltr'>per</span> <span class='ocrx_word' id='word_1_199' title='bbox 1890 2869 2036 2924; x_wconf 90' lang='lat' dir='ltr'>ami-</span> 
     </span>
    </p>
   </div>
   <div class='ocr_carea' id='block_1_30' title="bbox 395 2953 2034 3029">
    <p class='ocr_par' dir='ltr' id='par_1_30' title="bbox 395 2953 2034 3029">
     <span class='ocr_line' id='line_1_30' title="bbox 395 2953 2034 3029; baseline 0 -16"><span class='ocrx_word' id='word_1_200' title='bbox 395 2968 493 3013; x_wconf 88' lang='lat' dir='ltr'>cos</span> <span class='ocrx_word' id='word_1_201' title='bbox 514 2953 871 3012; x_wconf 84' lang='lat' dir='ltr'>Pinariolum</span> <span class='ocrx_word' id='word_1_202' title='bbox 895 2957 1070 3012; x_wconf 86' lang='lat' dir='ltr'>scribi</span> <span class='ocrx_word' id='word_1_203' title='bbox 1106 2957 1479 3023; x_wconf 87' lang='lat' dir='ltr'>curavimus,</span> <span class='ocrx_word' id='word_1_204' title='bbox 1502 2957 1659 3012; x_wconf 88' lang='lat' dir='ltr'>haud</span> <span class='ocrx_word' id='word_1_205' title='bbox 1692 2958 1867 3019; x_wconf 86' lang='lat' dir='ltr'>dubie</span> <span class='ocrx_word' id='word_1_206' title='bbox 1881 2959 2034 3029; x_wconf 91' lang='lat' dir='ltr'>quod</span> 
     </span>
    </p>
   </div>
   <div class='ocr_carea' id='block_1_31' title="bbox 391 3044 2031 3119">
    <p class='ocr_par' dir='ltr' id='par_1_31' title="bbox 391 3044 2031 3119">
     <span class='ocr_line' id='line_1_31' title="bbox 391 3044 2031 3119; baseline 0.002 -19"><span class='ocrx_word' id='word_1_207' title='bbox 391 3044 553 3102; x_wconf 81' lang='lat' dir='ltr'>istud</span> <span class='ocrx_word' id='word_1_208' title='bbox 584 3045 1028 3113; x_wconf 83' lang='lat' dir='ltr'>monasterium,</span> <span class='ocrx_word' id='word_1_209' title='bbox 1053 3063 1208 3101; x_wconf 91' lang='lat' dir='ltr'>nunc</span> <span class='ocrx_word' id='word_1_210' title='bbox 1231 3064 1262 3101; x_wconf 92' lang='lat' dir='ltr'>a</span> <span class='ocrx_word' id='word_1_211' title='bbox 1284 3046 1656 3103; x_wconf 87' lang='lat' dir='ltr'>Fuliensibus</span> <span class='ocrx_word' id='word_1_212' title='bbox 1670 3063 2031 3119; x_wconf 90' lang='lat' dir='ltr'>possessum,</span> 
     </span>
    </p>
   </div>
   <div class='ocr_carea' id='block_1_32' title="bbox 390 3131 2033 3208">
    <p class='ocr_par' dir='ltr' id='par_1_32' title="bbox 390 3131 2033 3208">
     <span class='ocr_line' id='line_1_32' title="bbox 390 3131 2033 3208; baseline 0.001 -18"><span class='ocrx_word' id='word_1_213' title='bbox 390 3131 457 3190; x_wconf 81' lang='lat' dir='ltr'>in</span> <span class='ocrx_word' id='word_1_214' title='bbox 473 3132 763 3193; x_wconf 81' lang='lat' dir='ltr'>hesternis</span> <span class='ocrx_word' id='word_1_215' title='bbox 802 3134 973 3192; x_wconf 90' lang='lat' dir='ltr'>bellis</span> <span class='ocrx_word' id='word_1_216' title='bbox 992 3136 1389 3208; x_wconf 86' lang='lat' dir='ltr'>conﬂagravit.</span> <span class='ocrx_word' id='word_1_217' title='bbox 1414 3137 1501 3190; x_wconf 90' lang='lat' dir='ltr'>An</span> <span class='ocrx_word' id='word_1_218' title='bbox 1532 3136 1707 3192; x_wconf 90' lang='lat' dir='ltr'>etiam</span> <span class='ocrx_word' id='word_1_219' title='bbox 1731 3136 2033 3194; x_wconf 87' lang='lat' dir='ltr'>Clusinum</span> 
     </span>
    </p>
   </div>
   <div class='ocr_carea' id='block_1_33' title="bbox 1693 326 2495 397">
    <p class='ocr_par' dir='ltr' id='par_1_33' title="bbox 1693 326 2495 397">
     <span class='ocr_line' id='line_1_33' title="bbox 1693 326 2495 397; baseline -0.002 -5"><span class='ocrx_word' id='word_1_220' title='bbox 1693 327 1767 392; x_wconf 85' lang='grc' dir='ltr'><strong>Β.</strong></span> <span class='ocrx_word' id='word_1_221' title='bbox 1813 327 2205 397; x_wconf 72' lang='lat' dir='ltr'>URBARl‘ﬂ</span> <span class='ocrx_word' id='word_1_222' title='bbox 2245 326 2495 394; x_wconf 72' lang='lat' dir='ltr'>PAPE.</span> 
     </span>
    </p>
   </div>
   <div class='ocr_carea' id='block_1_34' title="bbox 1133 462 3796 541">
    <p class='ocr_par' dir='ltr' id='par_1_34' title="bbox 1133 462 3796 541">
     <span class='ocr_line' id='line_1_34' title="bbox 1133 462 3796 541; baseline 0.002 -22"><span class='ocrx_word' id='word_1_223' title='bbox 1133 464 1433 532; x_wconf 56' lang='lat' dir='ltr'>ecclesiam,</span> <span class='ocrx_word' id='word_1_224' title='bbox 1467 467 1513 521; x_wconf 72' lang='lat' dir='ltr'>et</span> <span class='ocrx_word' id='word_1_225' title='bbox 1547 468 1907 521; x_wconf 67' lang='lat' dir='ltr'>reverentiam</span> <span class='ocrx_word' id='word_1_226' title='bbox 1942 468 2042 523; x_wconf 88' lang='lat' dir='ltr'>Dei</span> <span class='ocrx_word' id='word_1_227' title='bbox 2066 473 2126 541; x_wconf 71' lang='grc' dir='ltr'><strong>Α</strong></span> <span class='ocrx_word' id='word_1_228' title='bbox 2155 466 2489 535; x_wconf 77' lang='lat' dir='ltr'>scanderat;</span> <span class='ocrx_word' id='word_1_229' title='bbox 2510 468 2574 521; x_wconf 90' lang='lat' dir='ltr'>at</span> <span class='ocrx_word' id='word_1_230' title='bbox 2597 481 2694 521; x_wconf 86' lang='lat' dir='ltr'>rex</span> <span class='ocrx_word' id='word_1_231' title='bbox 2731 464 2779 521; x_wconf 91' lang='lat' dir='ltr'>ei</span> <span class='ocrx_word' id='word_1_232' title='bbox 2804 462 3089 534; x_wconf 83' lang='lat' dir='ltr'>infensus,</span> <span class='ocrx_word' id='word_1_233' title='bbox 3116 468 3182 520; x_wconf 91' lang='lat' dir='ltr'>ut</span> <span class='ocrx_word' id='word_1_234' title='bbox 3202 462 3329 536; x_wconf 88' lang='lat' dir='ltr'>jam</span> <span class='ocrx_word' id='word_1_235' title='bbox 3362 463 3639 534; x_wconf 86' lang='lat' dir='ltr'>diximus,</span> <span class='ocrx_word' id='word_1_236' title='bbox 3666 467 3796 537; x_wconf 82' lang='lat' dir='ltr'>ejus</span> 
     </span>
    </p>
   </div>
   <div class='ocr_carea' id='block_1_35' title="bbox 3679 329 3803 395">
    <p class='ocr_par' dir='ltr' id='par_1_35' title="bbox 3679 329 3803 395">
     <span class='ocr_line' id='line_1_35' title="bbox 3679 329 3803 395; baseline 0.016 -2"><span class='ocrx_word' id='word_1_237' title='bbox 3679 329 3803 395; x_wconf 62' lang='lat' dir='ltr'>{Si</span> 
     </span>
    </p>
   </div>
   <div class='ocr_carea' id='block_1_36' title="bbox 2147 553 3795 627">
    <p class='ocr_par' dir='ltr' id='par_1_36' title="bbox 2147 553 3795 627">
     <span class='ocr_line' id='line_1_36' title="bbox 2147 553 3795 627; baseline -0.001 -13"><span class='ocrx_word' id='word_1_238' title='bbox 2147 554 2369 614; x_wconf 88' lang='lat' dir='ltr'>monita</span> <span class='ocrx_word' id='word_1_239' title='bbox 2415 554 2592 611; x_wconf 90' lang='lat' dir='ltr'>veluti</span> <span class='ocrx_word' id='word_1_240' title='bbox 2645 555 2894 627; x_wconf 87' lang='lat' dir='ltr'>injurias</span> <span class='ocrx_word' id='word_1_241' title='bbox 2933 553 3335 612; x_wconf 83' lang='lat' dir='ltr'>aversabatur.</span> <span class='ocrx_word' id='word_1_242' title='bbox 3369 553 3533 612; x_wconf 88' lang='lat' dir='ltr'>Unde</span> <span class='ocrx_word' id='word_1_243' title='bbox 3563 571 3700 612; x_wconf 89' lang='lat' dir='ltr'>cum</span> <span class='ocrx_word' id='word_1_244' title='bbox 3719 556 3795 613; x_wconf 85' lang='lat' dir='ltr'>ab</span> 
     </span>
    </p>
   </div>
   <div class='ocr_carea' id='block_1_37' title="bbox 2146 644 3796 718">
    <p class='ocr_par' dir='ltr' id='par_1_37' title="bbox 2146 644 3796 718">
     <span class='ocr_line' id='line_1_37' title="bbox 2146 644 3796 718; baseline -0.001 -16"><span class='ocrx_word' id='word_1_245' title='bbox 2146 662 2213 703; x_wconf 88' lang='lat' dir='ltr'>eo</span> <span class='ocrx_word' id='word_1_246' title='bbox 2243 662 2444 701; x_wconf 90' lang='lat' dir='ltr'>recens</span> <span class='ocrx_word' id='word_1_247' title='bbox 2494 646 2550 701; x_wconf 89' lang='lat' dir='ltr'>in</span> <span class='ocrx_word' id='word_1_248' title='bbox 2583 646 2849 718; x_wconf 82' lang='lat' dir='ltr'>Angliam</span> <span class='ocrx_word' id='word_1_249' title='bbox 2874 661 3102 702; x_wconf 84' lang='lat' dir='ltr'>reverso</span> <span class='ocrx_word' id='word_1_250' title='bbox 3134 644 3450 703; x_wconf 84' lang='lat' dir='ltr'>Anselmus</span> <span class='ocrx_word' id='word_1_251' title='bbox 3482 644 3591 701; x_wconf 92' lang='lat' dir='ltr'>hoc</span> <span class='ocrx_word' id='word_1_252' title='bbox 3641 661 3796 701; x_wconf 88' lang='lat' dir='ltr'>anno</span> 
     </span>
    </p>
   </div>
   <div class='ocr_carea' id='block_1_38' title="bbox 2145 733 3798 807">
    <p class='ocr_par' dir='ltr' id='par_1_38' title="bbox 2145 733 3798 807">
     <span class='ocr_line' id='line_1_38' title="bbox 2145 733 3798 807; baseline -0.002 -16"><span class='ocrx_word' id='word_1_253' title='bbox 2145 734 2477 807; x_wconf 76' lang='lat' dir='ltr'>pontificem</span> <span class='ocrx_word' id='word_1_254' title='bbox 2517 758 2537 783; x_wconf 76' lang='grc' dir='ltr'>αι</span> <span class='ocrx_word' id='word_1_255' title='bbox 2574 734 2825 790; x_wconf 85' lang='lat' dir='ltr'>adeundi</span> <span class='ocrx_word' id='word_1_256' title='bbox 2878 733 3173 789; x_wconf 84' lang='lat' dir='ltr'>licentiam</span> <span class='ocrx_word' id='word_1_257' title='bbox 3216 750 3316 805; x_wconf 87' lang='lat' dir='ltr'>pro</span> <span class='ocrx_word' id='word_1_258' title='bbox 3341 734 3511 806; x_wconf 84' lang='lat' dir='ltr'>pallii</span> <span class='ocrx_word' id='word_1_259' title='bbox 3534 735 3798 806; x_wconf 81' lang='lat' dir='ltr'>petitione</span> 
     </span>
    </p>
   </div>
   <div class='ocr_carea' id='block_1_39' title="bbox 2146 821 3801 895">
    <p class='ocr_par' dir='ltr' id='par_1_39' title="bbox 2146 821 3801 895">
     <span class='ocr_line' id='line_1_39' title="bbox 2146 821 3801 895; baseline -0.001 -18"><span class='ocrx_word' id='word_1_260' title='bbox 2146 823 2566 895; x_wconf 88' lang='lat' dir='ltr'>proposuisset,</span> <span class='ocrx_word' id='word_1_261' title='bbox 2595 840 2660 878; x_wconf 90' lang='lat' dir='ltr'>ac</span> <span class='ocrx_word' id='word_1_262' title='bbox 2693 822 3009 878; x_wconf 86' lang='lat' dir='ltr'>sciscitanti</span> <span class='ocrx_word' id='word_1_263' title='bbox 3044 822 3154 895; x_wconf 90' lang='lat' dir='ltr'>ipsi</span> <span class='ocrx_word' id='word_1_264' title='bbox 3184 838 3358 894; x_wconf 89' lang='lat' dir='ltr'>quem</span> <span class='ocrx_word' id='word_1_265' title='bbox 3390 838 3602 894; x_wconf 85' lang='lat' dir='ltr'>papam</span> <span class='ocrx_word' id='word_1_266' title='bbox 3626 821 3801 877; x_wconf 84' lang='lat' dir='ltr'>vellet</span> 
     </span>
    </p>
   </div>
   <div class='ocr_carea' id='block_1_40' title="bbox 2146 910 3793 983">
    <p class='ocr_par' dir='ltr' id='par_1_40' title="bbox 2146 910 3793 983">
     <span class='ocr_line' id='line_1_40' title="bbox 2146 910 3793 983; baseline -0.002 -16"><span class='ocrx_word' id='word_1_267' title='bbox 2146 911 2323 978; x_wconf 86' lang='lat' dir='ltr'>adire,</span> <span class='ocrx_word' id='word_1_268' title='bbox 2360 911 2657 967; x_wconf 87' lang='lat' dir='ltr'>Urbanum</span> <span class='ocrx_word' id='word_1_269' title='bbox 2708 911 3159 983; x_wconf 89' lang='lat' dir='ltr'>respondisset»</span> <span class='ocrx_word' id='word_1_270' title='bbox 3194 912 3263 967; x_wconf 90' lang='lat' dir='ltr'>ad</span> <span class='ocrx_word' id='word_1_271' title='bbox 3327 910 3545 966; x_wconf 88' lang='lat' dir='ltr'>Urbani</span> <span class='ocrx_word' id='word_1_272' title='bbox 3578 928 3793 967; x_wconf 90' lang='lat' dir='ltr'>nomen</span> 
     </span>
    </p>
   </div>
   <div class='ocr_carea' id='block_1_41' title="bbox 2147 1000 3800 1072">
    <p class='ocr_par' dir='ltr' id='par_1_41' title="bbox 2147 1000 3800 1072">
     <span class='ocr_line' id='line_1_41' title="bbox 2147 1000 3800 1072; baseline -0.001 -17"><span class='ocrx_word' id='word_1_273' title='bbox 2147 1000 2451 1056; x_wconf 88' lang='lat' dir='ltr'>infremuit</span> <span class='ocrx_word' id='word_1_274' title='bbox 2482 1017 2597 1067; x_wconf 81' lang='lat' dir='ltr'>rex,</span> <span class='ocrx_word' id='word_1_275' title='bbox 2622 1000 2910 1072; x_wconf 85' lang='lat' dir='ltr'>dixtique,</span> <span class='ocrx_word' id='word_1_276' title='bbox 2934 1005 2999 1056; x_wconf 91' lang='lat' dir='ltr'>ut</span> <span class='ocrx_word' id='word_1_277' title='bbox 3017 1000 3342 1055; x_wconf 88' lang='lat' dir='ltr'>Eadmerus</span> <span class='ocrx_word' id='word_1_278' title='bbox 3363 1000 3800 1072; x_wconf 84' lang='lat' dir='ltr'>cateriqueAn-</span> 
     </span>
    </p>
   </div>
   <div class='ocr_carea' id='block_1_42' title="bbox 2146 1087 3795 1161">
    <p class='ocr_par' dir='ltr' id='par_1_42' title="bbox 2146 1087 3795 1161">
     <span class='ocr_line' id='line_1_42' title="bbox 2146 1087 3795 1161; baseline 0.002 -19"><span class='ocrx_word' id='word_1_279' title='bbox 2146 1088 2358 1161; x_wconf 89' lang='lat' dir='ltr'>glicani</span> <span class='ocrx_word' id='word_1_280' title='bbox 2408 1088 2719 1160; x_wconf 86' lang='lat' dir='ltr'>scriptores</span> <span class='ocrx_word' id='word_1_281' title='bbox 2768 1089 3043 1155; x_wconf 86' lang='lat' dir='ltr'>referunt,</span> <span class='ocrx_word' id='word_1_282' title='bbox 3080 1105 3141 1144; x_wconf 87' lang='lat' dir='ltr'>se</span> <span class='ocrx_word' id='word_1_283' title='bbox 3191 1087 3350 1144; x_wconf 90' lang='lat' dir='ltr'>hunc</span> <span class='ocrx_word' id='word_1_284' title='bbox 3401 1088 3666 1144; x_wconf 90' lang='lat' dir='ltr'>nondum</span> <span class='ocrx_word' id='word_1_285' title='bbox 3694 1106 3795 1161; x_wconf 87' lang='lat' dir='ltr'>pro</span> 
     </span>
    </p>
   </div>
   <div class='ocr_carea' id='block_1_43' title="bbox 2146 1178 3793 1249">
    <p class='ocr_par' dir='ltr' id='par_1_43' title="bbox 2146 1178 3793 1249">
     <span class='ocr_line' id='line_1_43' title="bbox 2146 1178 3793 1249; baseline 0.001 -17"><span class='ocrx_word' id='word_1_286' title='bbox 2146 1179 2436 1249; x_wconf 87' lang='lat' dir='ltr'>apostolico</span> <span class='ocrx_word' id='word_1_287' title='bbox 2465 1178 2771 1249; x_wconf 85' lang='lat' dir='ltr'>recepisse,</span> <span class='ocrx_word' id='word_1_288' title='bbox 2795 1194 2862 1233; x_wconf 90' lang='lat' dir='ltr'>ac</span> <span class='ocrx_word' id='word_1_289' title='bbox 2891 1194 2990 1232; x_wconf 82' lang='lat' dir='ltr'>nec</span> <span class='ocrx_word' id='word_1_290' title='bbox 3017 1193 3133 1234; x_wconf 72' lang='lat' dir='ltr'>sua:</span> <span class='ocrx_word' id='word_1_291' title='bbox 3161 1193 3257 1233; x_wconf 86' lang='lat' dir='ltr'>nec</span> <span class='ocrx_word' id='word_1_292' title='bbox 3280 1185 3534 1249; x_wconf 70' lang='lat' dir='ltr'>paterna:</span> <span class='ocrx_word' id='word_1_293' title='bbox 3562 1193 3793 1233; x_wconf 84' lang='lat' dir='ltr'>consue-</span> 
     </span>
    </p>
   </div>
   <div class='ocr_carea' id='block_1_44' title="bbox 2148 1267 3795 1339">
    <p class='ocr_par' dir='ltr' id='par_1_44' title="bbox 2148 1267 3795 1339">
     <span class='ocr_line' id='line_1_44' title="bbox 2148 1267 3795 1339; baseline 0 -18"><span class='ocrx_word' id='word_1_294' title='bbox 2148 1267 2359 1321; x_wconf 78' lang='lat' dir='ltr'>tudinis</span> <span class='ocrx_word' id='word_1_295' title='bbox 2386 1282 2496 1321; x_wconf 83' lang='lat' dir='ltr'>csse</span> <span class='ocrx_word' id='word_1_296' title='bbox 2522 1270 2579 1321; x_wconf 86' lang='lat' dir='ltr'>ut</span> <span class='ocrx_word' id='word_1_297' title='bbox 2605 1268 2808 1339; x_wconf 86' lang='lat' dir='ltr'>absque</span> <span class='ocrx_word' id='word_1_298' title='bbox 2848 1282 2952 1322; x_wconf 80' lang='lat' dir='ltr'>sua</span> <span class='ocrx_word' id='word_1_299' title='bbox 2998 1268 3258 1322; x_wconf 81' lang='lat' dir='ltr'>electione</span> <span class='ocrx_word' id='word_1_300' title='bbox 3297 1267 3469 1321; x_wconf 84' lang='lat' dir='ltr'>alicui</span> <span class='ocrx_word' id='word_1_301' title='bbox 3517 1267 3704 1323; x_wconf 86' lang='lat' dir='ltr'>liceret</span> <span class='ocrx_word' id='word_1_302' title='bbox 3735 1269 3795 1323; x_wconf 82' lang='lat' dir='ltr'>in</span> 
     </span>
    </p>
   </div>
   <div class='ocr_carea' id='block_1_45' title="bbox 2148 1354 3798 1427">
    <p class='ocr_par' dir='ltr' id='par_1_45' title="bbox 2148 1354 3798 1427">
     <span class='ocr_line' id='line_1_45' title="bbox 2148 1354 3798 1427; baseline 0.002 -18"><span class='ocrx_word' id='word_1_303' title='bbox 2148 1372 2313 1426; x_wconf 84' lang='lat' dir='ltr'>regno</span> <span class='ocrx_word' id='word_1_304' title='bbox 2360 1372 2455 1410; x_wconf 88' lang='lat' dir='ltr'>suo</span> <span class='ocrx_word' id='word_1_305' title='bbox 2499 1372 2703 1427; x_wconf 87' lang='lat' dir='ltr'>papam</span> <span class='ocrx_word' id='word_1_306' title='bbox 2740 1358 3042 1411; x_wconf 84' lang='lat' dir='ltr'>nominare.</span> <span class='ocrx_word' id='word_1_307' title='bbox 3077 1360 3338 1427; x_wconf 88' lang='lat' dir='ltr'>Cumque</span> <span class='ocrx_word' id='word_1_308' title='bbox 3381 1354 3695 1412; x_wconf 86' lang='lat' dir='ltr'>Anselmus</span> <span class='ocrx_word' id='word_1_309' title='bbox 3743 1356 3798 1412; x_wconf 89' lang='lat' dir='ltr'>ei</span> 
     </span>
    </p>
   </div>
   <div class='ocr_carea' id='block_1_46' title="bbox 2150 1444 3794 1518">
    <p class='ocr_par' dir='ltr' id='par_1_46' title="bbox 2150 1444 3794 1518">
     <span class='ocr_line' id='line_1_46' title="bbox 2150 1444 3794 1518; baseline 0.001 -19"><span class='ocrx_word' id='word_1_310' title='bbox 2150 1445 2371 1500; x_wconf 89' lang='lat' dir='ltr'>frustra</span> <span class='ocrx_word' id='word_1_311' title='bbox 2388 1448 2701 1499; x_wconf 84' lang='lat' dir='ltr'>conaretur</span> <span class='ocrx_word' id='word_1_312' title='bbox 2722 1445 2779 1499; x_wconf 92' lang='lat' dir='ltr'>in</span> <span class='ocrx_word' id='word_1_313' title='bbox 2806 1444 3148 1500; x_wconf 85' lang='lat' dir='ltr'>memoriam</span> <span class='ocrx_word' id='word_1_314' title='bbox 3177 1461 3447 1500; x_wconf 85' lang='lat' dir='ltr'>revocare</span> <span class='ocrx_word' id='word_1_315' title='bbox 3464 1446 3616 1516; x_wconf 91' lang='lat' dir='ltr'>quod</span> <span class='ocrx_word' id='word_1_316' title='bbox 3637 1447 3794 1518; x_wconf 90' lang='lat' dir='ltr'>apud</span> 
     </span>
    </p>
   </div>
   <div class='ocr_carea' id='block_1_47' title="bbox 2151 1532 3794 1605">
    <p class='ocr_par' dir='ltr' id='par_1_47' title="bbox 2151 1532 3794 1605">
     <span class='ocr_line' id='line_1_47' title="bbox 2151 1532 3794 1605; baseline 0.001 -16"><span class='ocrx_word' id='word_1_317' title='bbox 2151 1533 2580 1600; x_wconf 71' lang='lat' dir='ltr'>Ilovecestram,</span> <span class='ocrx_word' id='word_1_318' title='bbox 2628 1550 2763 1588; x_wconf 92' lang='lat' dir='ltr'>cum</span> <span class='ocrx_word' id='word_1_319' title='bbox 2822 1533 2881 1588; x_wconf 91' lang='lat' dir='ltr'>in</span> <span class='ocrx_word' id='word_1_320' title='bbox 2927 1532 3431 1605; x_wconf 83' lang='lat' dir='ltr'>archiepiscopum</span> <span class='ocrx_word' id='word_1_321' title='bbox 3481 1538 3794 1605; x_wconf 87' lang='lat' dir='ltr'>peteretur,</span> 
     </span>
    </p>
   </div>
   <div class='ocr_carea' id='block_1_48' title="bbox 2151 1621 3796 1693">
    <p class='ocr_par' dir='ltr' id='par_1_48' title="bbox 2151 1621 3796 1693">
     <span class='ocr_line' id='line_1_48' title="bbox 2151 1621 3796 1693; baseline 0.001 -16"><span class='ocrx_word' id='word_1_322' title='bbox 2151 1626 2509 1677; x_wconf 87' lang='lat' dir='ltr'>contestatus</span> <span class='ocrx_word' id='word_1_323' title='bbox 2533 1621 2738 1679; x_wconf 88' lang='lat' dir='ltr'>fuisset</span> <span class='ocrx_word' id='word_1_324' title='bbox 2768 1639 2829 1678; x_wconf 88' lang='lat' dir='ltr'>se</span> <span class='ocrx_word' id='word_1_325' title='bbox 2849 1638 3156 1693; x_wconf 87' lang='lat' dir='ltr'>nunquam</span> <span class='ocrx_word' id='word_1_326' title='bbox 3178 1622 3251 1677; x_wconf 89' lang='lat' dir='ltr'>ab</span> <span class='ocrx_word' id='word_1_327' title='bbox 3283 1621 3497 1678; x_wconf 86' lang='lat' dir='ltr'>Urbani</span> <span class='ocrx_word' id='word_1_328' title='bbox 3522 1622 3796 1679; x_wconf 86' lang='lat' dir='ltr'>obedien-</span> 
     </span>
    </p>
   </div>
   <div class='ocr_carea' id='block_1_49' title="bbox 2152 1710 3796 1783">
    <p class='ocr_par' dir='ltr' id='par_1_49' title="bbox 2152 1710 3796 1783">
     <span class='ocr_line' id='line_1_49' title="bbox 2152 1710 3796 1783; baseline 0.001 -17"><span class='ocrx_word' id='word_1_329' title='bbox 2152 1712 2234 1767; x_wconf 90' lang='lat' dir='ltr'>tia</span> <span class='ocrx_word' id='word_1_330' title='bbox 2255 1712 2625 1767; x_wconf 86' lang='lat' dir='ltr'>dicessurum</span> <span class='ocrx_word' id='word_1_331' title='bbox 2643 1729 2656 1779; x_wconf 87' lang='lat'><strong>;</strong></span> <span class='ocrx_word' id='word_1_332' title='bbox 2675 1715 2732 1767; x_wconf 88' lang='lat' dir='ltr'>et</span> <span class='ocrx_word' id='word_1_333' title='bbox 2752 1727 2822 1767; x_wconf 79' lang='lat' dir='ltr'>ex</span> <span class='ocrx_word' id='word_1_334' title='bbox 2842 1710 3026 1767; x_wconf 80' lang='lat' dir='ltr'>altera</span> <span class='ocrx_word' id='word_1_335' title='bbox 3047 1716 3210 1783; x_wconf 88' lang='lat' dir='ltr'>parte</span> <span class='ocrx_word' id='word_1_336' title='bbox 3243 1728 3341 1771; x_wconf 80' lang='lat' dir='ltr'>rex</span> <span class='ocrx_word' id='word_1_337' title='bbox 3371 1711 3494 1783; x_wconf 86' lang='lat' dir='ltr'>ipse</span> <span class='ocrx_word' id='word_1_338' title='bbox 3517 1711 3796 1768; x_wconf 85' lang='lat' dir='ltr'>Anselmo</span> 
     </span>
    </p>
   </div>
   <div class='ocr_carea' id='block_1_50' title="bbox 2151 1799 3799 1872">
    <p class='ocr_par' dir='ltr' id='par_1_50' title="bbox 2151 1799 3799 1872">
     <span class='ocr_line' id='line_1_50' title="bbox 2151 1799 3799 1872; baseline 0.001 -17"><span class='ocrx_word' id='word_1_339' title='bbox 2151 1801 2503 1872; x_wconf 88' lang='lat' dir='ltr'>persuadere</span> <span class='ocrx_word' id='word_1_340' title='bbox 2556 1817 2671 1856; x_wconf 89' lang='lat' dir='ltr'>non</span> <span class='ocrx_word' id='word_1_341' title='bbox 2722 1803 2919 1872; x_wconf 86' lang='lat' dir='ltr'>posset</span> <span class='ocrx_word' id='word_1_342' title='bbox 2947 1799 3345 1856; x_wconf 89' lang='lat' dir='ltr'>omnimodam</span> <span class='ocrx_word' id='word_1_343' title='bbox 3387 1800 3497 1855; x_wconf 89' lang='lat' dir='ltr'>sibi</span> <span class='ocrx_word' id='word_1_344' title='bbox 3533 1800 3707 1856; x_wconf 82' lang='lat' dir='ltr'>fidem</span> <span class='ocrx_word' id='word_1_345' title='bbox 3734 1805 3799 1857; x_wconf 85' lang='lat' dir='ltr'>et</span> 
     </span>
    </p>
   </div>
   <div class='ocr_carea' id='block_1_51' title="bbox 2149 1888 3797 1961">
    <p class='ocr_par' dir='ltr' id='par_1_51' title="bbox 2149 1888 3797 1961">
     <span class='ocr_line' id='line_1_51' title="bbox 2149 1888 3797 1961; baseline 0.001 -18"><span class='ocrx_word' id='word_1_346' title='bbox 2149 1888 2542 1944; x_wconf 88' lang='lat' dir='ltr'>obedientiam</span> <span class='ocrx_word' id='word_1_347' title='bbox 2575 1888 2771 1944; x_wconf 89' lang='lat' dir='ltr'>deberi</span> <span class='ocrx_word' id='word_1_348' title='bbox 2801 1888 3030 1944; x_wconf 88' lang='lat' dir='ltr'>etiamsi</span> <span class='ocrx_word' id='word_1_349' title='bbox 3061 1888 3363 1944; x_wconf 89' lang='lat' dir='ltr'>Urbanum</span> <span class='ocrx_word' id='word_1_350' title='bbox 3387 1905 3492 1961; x_wconf 88' lang='lat' dir='ltr'>pro</span> <span class='ocrx_word' id='word_1_351' title='bbox 3523 1890 3797 1961; x_wconf 82' lang='lat' dir='ltr'>pontifice</span> 
     </span>
    </p>
   </div>
   <div class='ocr_carea' id='block_1_52' title="bbox 2149 1962 3798 2049">
    <p class='ocr_par' dir='ltr' id='par_1_52' title="bbox 2149 1962 3798 2049">
     <span class='ocr_line' id='line_1_52' title="bbox 2149 1962 3798 2049; baseline 0.001 -16"><span class='ocrx_word' id='word_1_352' title='bbox 2149 1994 2265 2033; x_wconf 89' lang='lat' dir='ltr'>non</span> <span class='ocrx_word' id='word_1_353' title='bbox 2314 1977 2573 2045; x_wconf 88' lang='lat' dir='ltr'>haberet,</span> <span class='ocrx_word' id='word_1_354' title='bbox 2607 1977 2796 2033; x_wconf 88' lang='lat' dir='ltr'>visum</span> <span class='ocrx_word' id='word_1_355' title='bbox 2828 1982 2917 2033; x_wconf 89' lang='lat' dir='ltr'>est</span> <span class='ocrx_word' id='word_1_356' title='bbox 2964 1994 3087 2032; x_wconf 83' lang='lat' dir='ltr'>rem</span> <span class='ocrx_word' id='word_1_357' title='bbox 3132 1977 3205 2033; x_wconf 89' lang='lat' dir='ltr'>ad</span> <span class='ocrx_word' id='word_1_358' title='bbox 3238 1962 3569 2049; x_wconf 80' lang='lat' dir='ltr'>generalem</span> <span class='ocrx_word' id='word_1_359' title='bbox 3614 1977 3798 2034; x_wconf 89' lang='lat' dir='ltr'>totius</span> 
     </span>
    </p>
   </div>
   <div class='ocr_carea' id='block_1_53' title="bbox 2149 2066 3793 2139">
    <p class='ocr_par' dir='ltr' id='par_1_53' title="bbox 2149 2066 3793 2139">
     <span class='ocr_line' id='line_1_53' title="bbox 2149 2066 3793 2139; baseline 0.002 -18"><span class='ocrx_word' id='word_1_360' title='bbox 2149 2066 2313 2139; x_wconf 83' lang='lat' dir='ltr'>regni</span> <span class='ocrx_word' id='word_1_361' title='bbox 2361 2066 2769 2139; x_wconf 89' lang='lat' dir='ltr'>episcoporum</span> <span class='ocrx_word' id='word_1_362' title='bbox 2815 2071 2872 2120; x_wconf 88' lang='lat' dir='ltr'>et</span> <span class='ocrx_word' id='word_1_363' title='bbox 2919 2082 3228 2138; x_wconf 89' lang='lat' dir='ltr'>procerum</span> <span class='ocrx_word' id='word_1_364' title='bbox 3291 2071 3641 2124; x_wconf 87' lang='lat' dir='ltr'>conventum</span> <span class='ocrx_word' id='word_1_365' title='bbox 3702 2084 3793 2124; x_wconf 85' lang='lat' dir='ltr'>re-</span> 
     </span>
    </p>
   </div>
   <div class='ocr_carea' id='block_1_54' title="bbox 2151 2147 3403 2211">
    <p class='ocr_par' dir='ltr' id='par_1_54' title="bbox 2151 2147 3403 2211">
     <span class='ocr_line' id='line_1_54' title="bbox 2151 2147 3403 2211; baseline -0.008 0"><span class='ocrx_word' id='word_1_366' title='bbox 2151 2156 2317 2211; x_wconf 90' lang='lat' dir='ltr'>ferre.</span> <span class='ocrx_word' id='word_1_367' title='bbox 3392 2147 3403 2160; x_wconf 86' lang='lat'><strong>&#39;</strong></span> 
     </span>
    </p>
   </div>
   <div class='ocr_carea' id='block_1_55' title="bbox 2222 2259 3795 2335">
    <p class='ocr_par' dir='ltr' id='par_1_55' title="bbox 2222 2259 3795 2335">
     <span class='ocr_line' id='line_1_55' title="bbox 2222 2259 3795 2335; baseline 0 -18"><span class='ocrx_word' id='word_1_368' title='bbox 2222 2261 2466 2317; x_wconf 89' lang='lat' dir='ltr'>Habitus</span> <span class='ocrx_word' id='word_1_369' title='bbox 2498 2266 2588 2317; x_wconf 89' lang='lat' dir='ltr'>est</span> <span class='ocrx_word' id='word_1_370' title='bbox 2616 2261 2710 2317; x_wconf 90' lang='lat' dir='ltr'>hic</span> <span class='ocrx_word' id='word_1_371' title='bbox 2739 2265 3059 2318; x_wconf 88' lang='lat' dir='ltr'>conventus</span> <span class='ocrx_word' id='word_1_372' title='bbox 3091 2277 3245 2316; x_wconf 90' lang='lat' dir='ltr'>anno</span> <span class='ocrx_word' id='word_1_373' title='bbox 3279 2261 3417 2316; x_wconf 83' lang='grc'>1095</span> <span class='ocrx_word' id='word_1_374' title='bbox 3465 2259 3795 2335; x_wconf 80' lang='lat' dir='ltr'>Rocbiuga—</span> 
     </span>
    </p>
   </div>
   <div class='ocr_carea' id='block_1_56' title="bbox 2149 2347 3798 2421">
    <p class='ocr_par' dir='ltr' id='par_1_56' title="bbox 2149 2347 3798 2421">
     <span class='ocr_line' id='line_1_56' title="bbox 2149 2347 3798 2421; baseline 0 -16"><span class='ocrx_word' id='word_1_375' title='bbox 2149 2352 2302 2416; x_wconf 90' lang='lat' dir='ltr'>mia,</span> <span class='ocrx_word' id='word_1_376' title='bbox 2357 2351 2451 2407; x_wconf 90' lang='lat' dir='ltr'>die</span> <span class='ocrx_word' id='word_1_377' title='bbox 2495 2368 2530 2405; x_wconf 84' lang='grc' dir='ltr'><strong>ν</strong></span> <span class='ocrx_word' id='word_1_378' title='bbox 2580 2350 2716 2406; x_wconf 88' lang='lat' dir='ltr'>Idus</span> <span class='ocrx_word' id='word_1_379' title='bbox 2754 2350 2967 2418; x_wconf 89' lang='lat' dir='ltr'>Martii,</span> <span class='ocrx_word' id='word_1_380' title='bbox 3009 2349 3069 2405; x_wconf 90' lang='lat' dir='ltr'>in</span> <span class='ocrx_word' id='word_1_381' title='bbox 3117 2365 3233 2421; x_wconf 92' lang='lat' dir='ltr'>quo</span> <span class='ocrx_word' id='word_1_382' title='bbox 3278 2347 3615 2416; x_wconf 88' lang='lat' dir='ltr'>Anselmus,</span> <span class='ocrx_word' id='word_1_383' title='bbox 3645 2354 3798 2406; x_wconf 86' lang='lat' dir='ltr'>teste</span> 
     </span>
    </p>
   </div>
   <div class='ocr_carea' id='block_1_57' title="bbox 2150 2438 3795 2512">
    <p class='ocr_par' dir='ltr' id='par_1_57' title="bbox 2150 2438 3795 2512">
     <span class='ocr_line' id='line_1_57' title="bbox 2150 2438 3795 2512; baseline 0 -18"><span class='ocrx_word' id='word_1_384' title='bbox 2150 2439 2453 2505; x_wconf 76' lang='lat' dir='ltr'>Eadmero,</span> <span class='ocrx_word' id='word_1_385' title='bbox 2478 2438 2577 2512; x_wconf 89' lang='lat' dir='ltr'>qui</span> <span class='ocrx_word' id='word_1_386' title='bbox 2608 2439 2728 2494; x_wconf 86' lang='lat' dir='ltr'>hac</span> <span class='ocrx_word' id='word_1_387' title='bbox 2756 2438 2946 2495; x_wconf 79' lang='lat' dir='ltr'>fusius</span> <span class='ocrx_word' id='word_1_388' title='bbox 2977 2441 3197 2506; x_wconf 87' lang='lat' dir='ltr'>narrat,</span> <span class='ocrx_word' id='word_1_389' title='bbox 3230 2440 3396 2493; x_wconf 90' lang='lat' dir='ltr'>tanta</span> <span class='ocrx_word' id='word_1_390' title='bbox 3431 2452 3566 2493; x_wconf 89' lang='lat' dir='ltr'>cum</span> <span class='ocrx_word' id='word_1_391' title='bbox 3609 2438 3795 2494; x_wconf 89' lang='lat' dir='ltr'>animi</span> 
     </span>
    </p>
   </div>
   <div class='ocr_carea' id='block_1_58' title="bbox 2148 2526 3797 2600">
    <p class='ocr_par' dir='ltr' id='par_1_58' title="bbox 2148 2526 3797 2600">
     <span class='ocr_line' id='line_1_58' title="bbox 2148 2526 3797 2600; baseline 0.001 -18"><span class='ocrx_word' id='word_1_392' title='bbox 2148 2528 2480 2584; x_wconf 87' lang='lat' dir='ltr'>constantia</span> <span class='ocrx_word' id='word_1_393' title='bbox 2508 2545 2575 2584; x_wconf 90' lang='lat' dir='ltr'>ac</span> <span class='ocrx_word' id='word_1_394' title='bbox 2603 2528 2798 2600; x_wconf 88' lang='lat' dir='ltr'>vigore</span> <span class='ocrx_word' id='word_1_395' title='bbox 2837 2526 3152 2600; x_wconf 87' lang='lat' dir='ltr'>episcopali</span> <span class='ocrx_word' id='word_1_396' title='bbox 3200 2526 3271 2583; x_wconf 82' lang='lat' dir='ltr'>de</span> <span class='ocrx_word' id='word_1_397' title='bbox 3300 2543 3413 2583; x_wconf 88' lang='lat' dir='ltr'>sua</span> <span class='ocrx_word' id='word_1_398' title='bbox 3458 2526 3643 2599; x_wconf 88' lang='lat' dir='ltr'>ipsius</span> <span class='ocrx_word' id='word_1_399' title='bbox 3672 2527 3797 2584; x_wconf 89' lang='lat' dir='ltr'>ele-</span> 
     </span>
    </p>
   </div>
   <div class='ocr_carea' id='block_1_59' title="bbox 2148 2615 3793 2689">
    <p class='ocr_par' dir='ltr' id='par_1_59' title="bbox 2148 2615 3793 2689">
     <span class='ocr_line' id='line_1_59' title="bbox 2148 2615 3793 2689; baseline 0.001 -18"><span class='ocrx_word' id='word_1_400' title='bbox 2148 2617 2337 2673; x_wconf 88' lang='lat' dir='ltr'>ctione</span> <span class='ocrx_word' id='word_1_401' title='bbox 2357 2622 2416 2672; x_wconf 91' lang='lat' dir='ltr'>et</span> <span class='ocrx_word' id='word_1_402' title='bbox 2435 2618 2506 2672; x_wconf 89' lang='lat' dir='ltr'>de</span> <span class='ocrx_word' id='word_1_403' title='bbox 2530 2616 2860 2673; x_wconf 90' lang='lat' dir='ltr'>obedientia</span> <span class='ocrx_word' id='word_1_404' title='bbox 2872 2615 3133 2689; x_wconf 82' lang='lat' dir='ltr'>pontiﬁci</span> <span class='ocrx_word' id='word_1_405' title='bbox 3158 2616 3440 2683; x_wconf 84' lang='lat' dir='ltr'>Romano,</span> <span class='ocrx_word' id='word_1_406' title='bbox 3466 2620 3591 2671; x_wconf 90' lang='lat' dir='ltr'>tum</span> <span class='ocrx_word' id='word_1_407' title='bbox 3613 2616 3793 2672; x_wconf 86' lang='lat' dir='ltr'>etiam</span> 
     </span>
    </p>
   </div>
   <div class='ocr_carea' id='block_1_60' title="bbox 2148 2702 3794 2779">
    <p class='ocr_par' dir='ltr' id='par_1_60' title="bbox 2148 2702 3794 2779">
     <span class='ocr_line' id='line_1_60' title="bbox 2148 2702 3794 2779; baseline 0 -19"><span class='ocrx_word' id='word_1_408' title='bbox 2148 2706 2269 2777; x_wconf 87' lang='lat' dir='ltr'>regi</span> <span class='ocrx_word' id='word_1_409' title='bbox 2316 2705 2513 2762; x_wconf 89' lang='lat' dir='ltr'>debita</span> <span class='ocrx_word' id='word_1_410' title='bbox 2550 2706 2857 2779; x_wconf 88' lang='lat' dir='ltr'>peroravit,</span> <span class='ocrx_word' id='word_1_411' title='bbox 2884 2709 2953 2761; x_wconf 89' lang='lat' dir='ltr'>ut</span> <span class='ocrx_word' id='word_1_412' title='bbox 2981 2722 3041 2761; x_wconf 90' lang='lat' dir='ltr'>re</span> <span class='ocrx_word' id='word_1_413' title='bbox 3100 2720 3277 2777; x_wconf 85' lang='lat' dir='ltr'>quam</span> <span class='ocrx_word' id='word_1_414' title='bbox 3307 2702 3536 2761; x_wconf 87' lang='lat' dir='ltr'>volebat</span> <span class='ocrx_word' id='word_1_415' title='bbox 3565 2722 3665 2762; x_wconf 80' lang='lat' dir='ltr'>rex</span> <span class='ocrx_word' id='word_1_416' title='bbox 3701 2706 3794 2760; x_wconf 86' lang='lat' dir='ltr'>in-</span> 
     </span>
    </p>
   </div>
   <div class='ocr_carea' id='block_1_61' title="bbox 2147 2793 3795 2867">
    <p class='ocr_par' dir='ltr' id='par_1_61' title="bbox 2147 2793 3795 2867">
     <span class='ocr_line' id='line_1_61' title="bbox 2147 2793 3795 2867; baseline 0 -18"><span class='ocrx_word' id='word_1_417' title='bbox 2147 2796 2314 2863; x_wconf 88' lang='lat' dir='ltr'>fecta,</span> <span class='ocrx_word' id='word_1_418' title='bbox 2334 2800 2652 2851; x_wconf 89' lang='lat' dir='ltr'>conventus</span> <span class='ocrx_word' id='word_1_419' title='bbox 2673 2799 2806 2867; x_wconf 89' lang='lat' dir='ltr'>post</span> <span class='ocrx_word' id='word_1_420' title='bbox 2842 2795 3105 2850; x_wconf 89' lang='lat' dir='ltr'>triduum</span> <span class='ocrx_word' id='word_1_421' title='bbox 3124 2794 3301 2850; x_wconf 87' lang='lat' dir='ltr'>fuerit</span> <span class='ocrx_word' id='word_1_422' title='bbox 3330 2793 3582 2864; x_wconf 86' lang='lat' dir='ltr'>solutus,</span> <span class='ocrx_word' id='word_1_423' title='bbox 3615 2794 3795 2850; x_wconf 80' lang='lat' dir='ltr'>data-</span> 
     </span>
    </p>
   </div>
   <div class='ocr_carea' id='block_1_62' title="bbox 2148 2882 3797 2956">
    <p class='ocr_par' dir='ltr' id='par_1_62' title="bbox 2148 2882 3797 2956">
     <span class='ocr_line' id='line_1_62' title="bbox 2148 2882 3797 2956; baseline 0.001 -18"><span class='ocrx_word' id='word_1_424' title='bbox 2148 2900 2259 2956; x_wconf 89' lang='lat' dir='ltr'>que</span> <span class='ocrx_word' id='word_1_425' title='bbox 2281 2884 2401 2939; x_wconf 89' lang='lat' dir='ltr'>sint</span> <span class='ocrx_word' id='word_1_426' title='bbox 2421 2883 2669 2940; x_wconf 85' lang='lat' dir='ltr'>inducia</span> <span class='ocrx_word' id='word_1_427' title='bbox 2688 2885 2760 2940; x_wconf 89' lang='lat' dir='ltr'>ad</span> <span class='ocrx_word' id='word_1_428' title='bbox 2790 2885 3203 2951; x_wconf 87' lang='lat' dir='ltr'>Pentecoston;</span> <span class='ocrx_word' id='word_1_429' title='bbox 3227 2882 3514 2955; x_wconf 84' lang='lat' dir='ltr'>episcOpis</span> <span class='ocrx_word' id='word_1_430' title='bbox 3545 2882 3697 2939; x_wconf 83' lang='lat' dir='ltr'>inter</span> <span class='ocrx_word' id='word_1_431' title='bbox 3723 2900 3797 2940; x_wconf 87' lang='lat' dir='ltr'>ea</span> 
     </span>
    </p>
   </div>
   <div class='ocr_carea' id='block_1_63' title="bbox 2147 2971 3791 3045">
    <p class='ocr_par' dir='ltr' id='par_1_63' title="bbox 2147 2971 3791 3045">
     <span class='ocr_line' id='line_1_63' title="bbox 2147 2971 3791 3045; baseline 0.001 -18"><span class='ocrx_word' id='word_1_432' title='bbox 2147 2973 2442 3045; x_wconf 91' lang='lat' dir='ltr'>plerisque</span> <span class='ocrx_word' id='word_1_433' title='bbox 2463 2973 2755 3040; x_wconf 86' lang='lat' dir='ltr'>Anselmo,</span> <span class='ocrx_word' id='word_1_434' title='bbox 2781 2974 2875 3029; x_wconf 91' lang='lat' dir='ltr'>cui</span> <span class='ocrx_word' id='word_1_435' title='bbox 2902 2972 3180 3028; x_wconf 84' lang='lat' dir='ltr'>videbant</span> <span class='ocrx_word' id='word_1_436' title='bbox 3206 2988 3405 3045; x_wconf 84' lang='lat' dir='ltr'>regem</span> <span class='ocrx_word' id='word_1_437' title='bbox 3443 2986 3572 3028; x_wconf 86' lang='lat' dir='ltr'>esse</span> <span class='ocrx_word' id='word_1_438' title='bbox 3601 2971 3791 3029; x_wconf 82' lang='lat' dir='ltr'>infen-</span> 
     </span>
    </p>
   </div>
   <div class='ocr_carea' id='block_1_64' title="bbox 2146 3060 3791 3135">
    <p class='ocr_par' dir='ltr' id='par_1_64' title="bbox 2146 3060 3791 3135">
     <span class='ocr_line' id='line_1_64' title="bbox 2146 3060 3791 3135; baseline 0 -18"><span class='ocrx_word' id='word_1_439' title='bbox 2146 3079 2301 3128; x_wconf 92' lang='lat' dir='ltr'>sum,</span> <span class='ocrx_word' id='word_1_440' title='bbox 2334 3062 2747 3129; x_wconf 88' lang='lat' dir='ltr'>obedientiam,</span> <span class='ocrx_word' id='word_1_441' title='bbox 2771 3063 2929 3135; x_wconf 90' lang='lat' dir='ltr'>quod</span> <span class='ocrx_word' id='word_1_442' title='bbox 2962 3060 3095 3117; x_wconf 88' lang='lat' dir='ltr'>laici</span> <span class='ocrx_word' id='word_1_443' title='bbox 3136 3077 3403 3134; x_wconf 83' lang='lat' dir='ltr'>proceres</span> <span class='ocrx_word' id='word_1_444' title='bbox 3434 3077 3549 3117; x_wconf 92' lang='lat' dir='ltr'>non</span> <span class='ocrx_word' id='word_1_445' title='bbox 3581 3061 3791 3128; x_wconf 76' lang='lat' dir='ltr'>fecene,</span> 
     </span>
    </p>
   </div>
   <div class='ocr_carea' id='block_1_65' title="bbox 2147 3150 3797 3225">
    <p class='ocr_par' dir='ltr' id='par_1_65' title="bbox 2147 3150 3797 3225">
     <span class='ocr_line' id='line_1_65' title="bbox 2147 3150 3797 3225; baseline -0.002 -17"><span class='ocrx_word' id='word_1_446' title='bbox 2147 3153 2595 3225; x_wconf 87' lang='lat' dir='ltr'>denegantibus.</span> <span class='ocrx_word' id='word_1_447' title='bbox 2619 3154 2839 3209; x_wconf 83' lang='lat' dir='ltr'>Anxius</span> <span class='ocrx_word' id='word_1_448' title='bbox 2860 3152 3002 3225; x_wconf 90' lang='lat' dir='ltr'>quid</span> <span class='ocrx_word' id='word_1_449' title='bbox 3036 3152 3095 3207; x_wconf 90' lang='lat' dir='ltr'>in</span> <span class='ocrx_word' id='word_1_450' title='bbox 3117 3155 3281 3208; x_wconf 88' lang='lat' dir='ltr'>tanto</span> <span class='ocrx_word' id='word_1_451' title='bbox 3295 3166 3489 3206; x_wconf 85' lang='lat' dir='ltr'>rerum</span> <span class='ocrx_word' id='word_1_452' title='bbox 3502 3150 3797 3207; x_wconf 82' lang='lat' dir='ltr'>discrimi-</span> 
     </span>
    </p>
   </div>
   <div class='ocr_carea' id='block_1_66' title="bbox 388 3210 3787 3314">
    <p class='ocr_par' dir='ltr' id='par_1_66' title="bbox 388 3210 3787 3314">
     <span class='ocr_line' id='line_1_66' title="bbox 388 3210 3787 3314; baseline -0.001 -34"><span class='ocrx_word' id='word_1_453' title='bbox 388 3223 614 3314; x_wconf 69' lang='lat' dir='ltr'>celebre</span> <span class='ocrx_word' id='word_1_454' title='bbox 630 3220 1155 3313; x_wconf 78' lang='lat' dir='ltr'>SanctiMicbaelis</span> <span class='ocrx_word' id='word_1_455' title='bbox 1180 3225 1601 3280; x_wconf 88' lang='lat' dir='ltr'>monasterium</span> <span class='ocrx_word' id='word_1_456' title='bbox 1621 3226 2035 3281; x_wconf 88' lang='lat' dir='ltr'>inviserittunc</span> <span class='ocrx_word' id='word_1_457' title='bbox 2065 3210 2108 3277; x_wconf 86' lang='lat' dir='ltr'>C</span> <span class='ocrx_word' id='word_1_458' title='bbox 2148 3258 2219 3296; x_wconf 72' lang='lat' dir='ltr'>ne</span> <span class='ocrx_word' id='word_1_459' title='bbox 2243 3210 2441 3314; x_wconf 56' lang='lat' dir='ltr'>ageret</span> <span class='ocrx_word' id='word_1_460' title='bbox 2470 3241 2805 3309; x_wconf 58' lang='lat' dir='ltr'>Anselmus,</span> <span class='ocrx_word' id='word_1_461' title='bbox 2832 3210 3032 3297; x_wconf 60' lang='lat' dir='ltr'>sédem</span> <span class='ocrx_word' id='word_1_462' title='bbox 3053 3240 3348 3296; x_wconf 62' lang='lat' dir='ltr'>dimittere</span> <span class='ocrx_word' id='word_1_463' title='bbox 3370 3238 3787 3305; x_wconf 59' lang='lat' dir='ltr'>meditabatur,</span> 
     </span>
    </p>
   </div>
   <div class='ocr_carea' id='block_1_67' title="bbox 384 3307 2030 3387">
    <p class='ocr_par' dir='ltr' id='par_1_67' title="bbox 384 3307 2030 3387">
     <span class='ocr_line' id='line_1_67' title="bbox 384 3307 2030 3387; baseline -0.001 -16"><span class='ocrx_word' id='word_1_464' title='bbox 384 3307 667 3386; x_wconf 69' lang='lat' dir='ltr'>pontifex,</span> <span class='ocrx_word' id='word_1_465' title='bbox 686 3310 972 3371; x_wconf 85' lang='lat' dir='ltr'>incertum</span> <span class='ocrx_word' id='word_1_466' title='bbox 994 3317 1086 3369; x_wconf 89' lang='lat' dir='ltr'>est</span> <span class='ocrx_word' id='word_1_467' title='bbox 1108 3317 1197 3369; x_wconf 89' lang='lat' dir='ltr'>:at</span> <span class='ocrx_word' id='word_1_468' title='bbox 1208 3318 1437 3369; x_wconf 88' lang='lat' dir='ltr'>constat</span> <span class='ocrx_word' id='word_1_469' title='bbox 1456 3330 1523 3369; x_wconf 80' lang='lat' dir='ltr'>ex</span> <span class='ocrx_word' id='word_1_470' title='bbox 1544 3314 2030 3387; x_wconf 89' lang='lat' dir='ltr'>subsequentium</span> 
     </span>
    </p>
   </div>
   <div class='ocr_carea' id='block_1_68' title="bbox 383 3400 2027 3477">
    <p class='ocr_par' dir='ltr' id='par_1_68' title="bbox 383 3400 2027 3477">
     <span class='ocr_line' id='line_1_68' title="bbox 383 3400 2027 3477; baseline 0 -18"><span class='ocrx_word' id='word_1_471' title='bbox 383 3402 728 3477; x_wconf 82' lang='lat' dir='ltr'>pontiﬁcum</span> <span class='ocrx_word' id='word_1_472' title='bbox 750 3400 930 3459; x_wconf 88' lang='lat' dir='ltr'>bullis</span> <span class='ocrx_word' id='word_1_473' title='bbox 958 3402 1116 3459; x_wconf 89' lang='lat' dir='ltr'>hunc</span> <span class='ocrx_word' id='word_1_474' title='bbox 1137 3402 1327 3458; x_wconf 88' lang='lat' dir='ltr'>locum</span> <span class='ocrx_word' id='word_1_475' title='bbox 1355 3403 1653 3475; x_wconf 88' lang='lat' dir='ltr'>privilegio</span> <span class='ocrx_word' id='word_1_476' title='bbox 1678 3404 1893 3460; x_wconf 90' lang='lat' dir='ltr'>Urbani</span> <span class='ocrx_word' id='word_1_477' title='bbox 1924 3405 2027 3459; x_wconf 88' lang='lat' dir='ltr'>do-</span> 
     </span>
    </p>
   </div>
   <div class='ocr_carea' id='block_1_69' title="bbox 384 3490 1693 3563">
    <p class='ocr_par' dir='ltr' id='par_1_69' title="bbox 384 3490 1693 3563">
     <span class='ocr_line' id='line_1_69' title="bbox 384 3490 1693 3563; baseline -0.001 -15"><span class='ocrx_word' id='word_1_478' title='bbox 384 3495 592 3548; x_wconf 85' lang='lat' dir='ltr'>natum</span> <span class='ocrx_word' id='word_1_479' title='bbox 621 3490 823 3559; x_wconf 81' lang='lat' dir='ltr'>fuisse,</span> <span class='ocrx_word' id='word_1_480' title='bbox 857 3492 957 3548; x_wconf 88' lang='lat' dir='ltr'>sed</span> <span class='ocrx_word' id='word_1_481' title='bbox 992 3492 1147 3563; x_wconf 90' lang='lat' dir='ltr'>quod</span> <span class='ocrx_word' id='word_1_482' title='bbox 1179 3492 1550 3563; x_wconf 88' lang='lat' dir='ltr'>deperditum</span> <span class='ocrx_word' id='word_1_483' title='bbox 1583 3497 1693 3547; x_wconf 91' lang='lat' dir='ltr'>est.</span> 
     </span>
    </p>
   </div>
   <div class='ocr_carea' id='block_1_70' title="bbox 452 3578 2029 3651">
    <p class='ocr_par' dir='ltr' id='par_1_70' title="bbox 452 3578 2029 3651">
     <span class='ocr_line' id='line_1_70' title="bbox 452 3578 2029 3651; baseline 0.002 -16"><span class='ocrx_word' id='word_1_484' title='bbox 452 3582 587 3636; x_wconf 79' lang='lat' dir='ltr'>Hac</span> <span class='ocrx_word' id='word_1_485' title='bbox 619 3580 693 3635; x_wconf 87' lang='lat' dir='ltr'>de</span> <span class='ocrx_word' id='word_1_486' title='bbox 732 3578 949 3635; x_wconf 87' lang='lat' dir='ltr'>Urbani</span> <span class='ocrx_word' id='word_1_487' title='bbox 976 3579 1170 3635; x_wconf 88' lang='lat' dir='ltr'>Gestis</span> <span class='ocrx_word' id='word_1_488' title='bbox 1186 3579 1500 3651; x_wconf 85' lang='lat' dir='ltr'>antequam</span> <span class='ocrx_word' id='word_1_489' title='bbox 1525 3580 1585 3635; x_wconf 89' lang='lat' dir='ltr'>in</span> <span class='ocrx_word' id='word_1_490' title='bbox 1608 3581 1826 3637; x_wconf 87' lang='lat' dir='ltr'>Gallias</span> <span class='ocrx_word' id='word_1_491' title='bbox 1859 3583 2029 3638; x_wconf 91' lang='lat' dir='ltr'>adve-</span> 
     </span>
    </p>
   </div>
   <div class='ocr_carea' id='block_1_71' title="bbox 381 3666 2027 3742">
    <p class='ocr_par' dir='ltr' id='par_1_71' title="bbox 381 3666 2027 3742">
     <span class='ocr_line' id='line_1_71' title="bbox 381 3666 2027 3742; baseline 0 -17"><span class='ocrx_word' id='word_1_492' title='bbox 381 3668 551 3737; x_wconf 83' lang='lat' dir='ltr'>niret,</span> <span class='ocrx_word' id='word_1_493' title='bbox 567 3671 853 3740; x_wconf 87' lang='lat' dir='ltr'>quantum</span> <span class='ocrx_word' id='word_1_494' title='bbox 874 3666 1062 3731; x_wconf 86' lang='lat' dir='ltr'>licuit,</span> <span class='ocrx_word' id='word_1_495' title='bbox 1088 3684 1157 3722; x_wconf 85' lang='lat' dir='ltr'>ex</span> <span class='ocrx_word' id='word_1_496' title='bbox 1186 3666 1362 3723; x_wconf 87' lang='lat' dir='ltr'>variis</span> <span class='ocrx_word' id='word_1_497' title='bbox 1382 3669 1746 3725; x_wconf 87' lang='lat' dir='ltr'>documentis</span> <span class='ocrx_word' id='word_1_498' title='bbox 1794 3669 2027 3742; x_wconf 89' lang='lat' dir='ltr'>collegi-</span> 
     </span>
    </p>
   </div>
   <div class='ocr_carea' id='block_1_72' title="bbox 358 3754 2023 3830">
    <p class='ocr_par' dir='ltr' id='par_1_72' title="bbox 358 3754 2023 3830">
     <span class='ocr_line' id='line_1_72' title="bbox 358 3754 2023 3830; baseline 0.001 -17"><span class='ocrx_word' id='word_1_499' title='bbox 358 3756 696 3830; x_wconf 73' lang='lat' dir='ltr'>‘mus,quid</span> <span class='ocrx_word' id='word_1_500' title='bbox 742 3772 878 3812; x_wconf 91' lang='lat' dir='ltr'>vero</span> <span class='ocrx_word' id='word_1_501' title='bbox 900 3754 1232 3828; x_wconf 85' lang='lat' dir='ltr'>prastiterit</span> <span class='ocrx_word' id='word_1_502' title='bbox 1259 3756 1318 3811; x_wconf 92' lang='lat' dir='ltr'>in</span> <span class='ocrx_word' id='word_1_503' title='bbox 1348 3756 1457 3813; x_wconf 89' lang='lat' dir='ltr'>hoc</span> <span class='ocrx_word' id='word_1_504' title='bbox 1489 3756 1692 3813; x_wconf 88' lang='lat' dir='ltr'>itinere</span> <span class='ocrx_word' id='word_1_505' title='bbox 1738 3759 2023 3827; x_wconf 89' lang='lat' dir='ltr'>dicemus,</span> 
     </span>
    </p>
   </div>
   <div class='ocr_carea' id='block_1_73' title="bbox 381 3842 2028 3921">
    <p class='ocr_par' dir='ltr' id='par_1_73' title="bbox 381 3842 2028 3921">
     <span class='ocr_line' id='line_1_73' title="bbox 381 3842 2028 3921; baseline 0.001 -18"><span class='ocrx_word' id='word_1_506' title='bbox 381 3849 697 3921; x_wconf 81' lang='lat' dir='ltr'>postquam</span> <span class='ocrx_word' id='word_1_507' title='bbox 713 3842 995 3902; x_wconf 87' lang='lat' dir='ltr'>nonnulla</span> <span class='ocrx_word' id='word_1_508' title='bbox 1016 3844 1474 3917; x_wconf 87' lang='lat' dir='ltr'>pramiserimus</span> <span class='ocrx_word' id='word_1_509' title='bbox 1505 3846 1575 3902; x_wconf 87' lang='lat' dir='ltr'>de</span> <span class='ocrx_word' id='word_1_510' title='bbox 1587 3846 1922 3919; x_wconf 89' lang='lat' dir='ltr'>Anglicanis</span> <span class='ocrx_word' id='word_1_511' title='bbox 1946 3866 2028 3904; x_wconf 90' lang='lat' dir='ltr'>re-</span> 
     </span>
    </p>
   </div>
   <div class='ocr_carea' id='block_1_74' title="bbox 380 3933 2024 4008">
    <p class='ocr_par' dir='ltr' id='par_1_74' title="bbox 380 3933 2024 4008">
     <span class='ocr_line' id='line_1_74' title="bbox 380 3933 2024 4008; baseline 0 -16"><span class='ocrx_word' id='word_1_512' title='bbox 380 3936 513 4003; x_wconf 86' lang='lat' dir='ltr'>bus,</span> <span class='ocrx_word' id='word_1_513' title='bbox 534 3934 703 3992; x_wconf 82' lang='lat' dir='ltr'>valde</span> <span class='ocrx_word' id='word_1_514' title='bbox 731 3933 842 3991; x_wconf 85' lang='lat' dir='ltr'>hoc</span> <span class='ocrx_word' id='word_1_515' title='bbox 864 3945 1018 3991; x_wconf 88' lang='lat' dir='ltr'>anno</span> <span class='ocrx_word' id='word_1_516' title='bbox 1051 3933 1353 3990; x_wconf 86' lang='lat' dir='ltr'>occasione</span> <span class='ocrx_word' id='word_1_517' title='bbox 1383 3934 1570 3990; x_wconf 85' lang='lat' dir='ltr'>sancti</span> <span class='ocrx_word' id='word_1_518' title='bbox 1600 3935 1862 3991; x_wconf 86' lang='lat' dir='ltr'>Anselmi</span> <span class='ocrx_word' id='word_1_519' title='bbox 1897 3954 2024 4008; x_wconf 88' lang='lat' dir='ltr'>per-</span> 
     </span>
    </p>
   </div>
   <div class='ocr_carea' id='block_1_75' title="bbox 379 4024 653 4082">
    <p class='ocr_par' dir='ltr' id='par_1_75' title="bbox 379 4024 653 4082">
     <span class='ocr_line' id='line_1_75' title="bbox 379 4024 653 4082; baseline 0 -2"><span class='ocrx_word' id='word_1_520' title='bbox 379 4024 653 4082; x_wconf 77' lang='lat' dir='ltr'>turbatis.</span> 
     </span>
    </p>
   </div>
   <div class='ocr_carea' id='block_1_76' title="bbox 2140 3326 3791 3403">
    <p class='ocr_par' dir='ltr' id='par_1_76' title="bbox 2140 3326 3791 3403">
     <span class='ocr_line' id='line_1_76' title="bbox 2140 3326 3791 3403; baseline -0.002 -18"><span class='ocrx_word' id='word_1_521' title='bbox 2140 3346 2275 3385; x_wconf 93' lang='lat' dir='ltr'>cum</span> <span class='ocrx_word' id='word_1_522' title='bbox 2309 3329 2472 3385; x_wconf 88' lang='lat' dir='ltr'>nulla</span> <span class='ocrx_word' id='word_1_523' title='bbox 2502 3346 2636 3402; x_wconf 88' lang='lat' dir='ltr'>spes</span> <span class='ocrx_word' id='word_1_524' title='bbox 2666 3328 2989 3403; x_wconf 81' lang='lat' dir='ltr'>atl‘ulgeret,</span> <span class='ocrx_word' id='word_1_525' title='bbox 3014 3333 3080 3385; x_wconf 91' lang='lat' dir='ltr'>ut</span> <span class='ocrx_word' id='word_1_526' title='bbox 3097 3329 3149 3385; x_wconf 91' lang='lat' dir='ltr'>ei</span> <span class='ocrx_word' id='word_1_527' title='bbox 3180 3328 3504 3394; x_wconf 84' lang='lat' dir='ltr'>videbatur,</span> <span class='ocrx_word' id='word_1_528' title='bbox 3517 3326 3791 3383; x_wconf 82' lang='lat' dir='ltr'>flectendi</span> 
     </span>
    </p>
   </div>
   <div class='ocr_carea' id='block_1_77' title="bbox 2140 3415 3789 3491">
    <p class='ocr_par' dir='ltr' id='par_1_77' title="bbox 2140 3415 3789 3491">
     <span class='ocr_line' id='line_1_77' title="bbox 2140 3415 3789 3491; baseline -0.001 -18"><span class='ocrx_word' id='word_1_529' title='bbox 2140 3417 2292 3491; x_wconf 87' lang='lat' dir='ltr'>regis</span> <span class='ocrx_word' id='word_1_530' title='bbox 2315 3418 2601 3486; x_wconf 90' lang='lat' dir='ltr'>animum,</span> <span class='ocrx_word' id='word_1_531' title='bbox 2617 3435 2721 3475; x_wconf 91' lang='lat' dir='ltr'>nec</span> <span class='ocrx_word' id='word_1_532' title='bbox 2735 3418 3034 3475; x_wconf 89' lang='lat' dir='ltr'>obtinendi</span> <span class='ocrx_word' id='word_1_533' title='bbox 3048 3418 3123 3473; x_wconf 88' lang='lat' dir='ltr'>ab</span> <span class='ocrx_word' id='word_1_534' title='bbox 3141 3434 3207 3473; x_wconf 91' lang='lat' dir='ltr'>eo</span> <span class='ocrx_word' id='word_1_535' title='bbox 3218 3415 3516 3473; x_wconf 86' lang='lat' dir='ltr'>licentiam</span> <span class='ocrx_word' id='word_1_536' title='bbox 3530 3415 3789 3471; x_wconf 89' lang='lat' dir='ltr'>adeundi</span> 
     </span>
    </p>
   </div>
   <div class='ocr_carea' id='block_1_78' title="bbox 2137 3504 3792 3580">
    <p class='ocr_par' dir='ltr' id='par_1_78' title="bbox 2137 3504 3792 3580">
     <span class='ocr_line' id='line_1_78' title="bbox 2137 3504 3792 3580; baseline -0.001 -19"><span class='ocrx_word' id='word_1_537' title='bbox 2137 3506 2466 3580; x_wconf 88' lang='lat' dir='ltr'>legitimum</span> <span class='ocrx_word' id='word_1_538' title='bbox 2492 3506 2896 3579; x_wconf 84' lang='lat' dir='ltr'>pontificem,a</span> <span class='ocrx_word' id='word_1_539' title='bbox 2916 3524 3032 3579; x_wconf 92' lang='lat' dir='ltr'>quo</span> <span class='ocrx_word' id='word_1_540' title='bbox 3055 3507 3316 3562; x_wconf 89' lang='lat' dir='ltr'>nondum</span> <span class='ocrx_word' id='word_1_541' title='bbox 3352 3504 3597 3576; x_wconf 88' lang='lat' dir='ltr'>pallium</span> <span class='ocrx_word' id='word_1_542' title='bbox 3628 3520 3792 3560; x_wconf 86' lang='lat' dir='ltr'>exce-</span> 
     </span>
    </p>
   </div>
   <div class='ocr_carea' id='block_1_79' title="bbox 2138 3592 3788 3668">
    <p class='ocr_par' dir='ltr' id='par_1_79' title="bbox 2138 3592 3788 3668">
     <span class='ocr_line' id='line_1_79' title="bbox 2138 3592 3788 3668; baseline -0.002 -16"><span class='ocrx_word' id='word_1_543' title='bbox 2138 3601 2319 3668; x_wconf 89' lang='lat' dir='ltr'>perat.</span> <span class='ocrx_word' id='word_1_544' title='bbox 2353 3596 2657 3653; x_wconf 88' lang='lat' dir='ltr'>Consuluit</span> <span class='ocrx_word' id='word_1_545' title='bbox 2675 3612 2744 3652; x_wconf 88' lang='lat' dir='ltr'>ea</span> <span class='ocrx_word' id='word_1_546' title='bbox 2773 3598 2846 3653; x_wconf 87' lang='lat' dir='ltr'>de</span> <span class='ocrx_word' id='word_1_547' title='bbox 2875 3613 2936 3653; x_wconf 88' lang='lat' dir='ltr'>re</span> <span class='ocrx_word' id='word_1_548' title='bbox 2956 3596 3258 3668; x_wconf 85' lang='lat' dir='ltr'>Hugonem</span> <span class='ocrx_word' id='word_1_549' title='bbox 3290 3592 3561 3665; x_wconf 81' lang='lat' dir='ltr'>Lugduni</span> <span class='ocrx_word' id='word_1_550' title='bbox 3593 3594 3788 3649; x_wconf 88' lang='lat' dir='ltr'>archi-</span> 
     </span>
    </p>
   </div>
   <div class='ocr_carea' id='block_1_80' title="bbox 2136 3682 3787 3758">
    <p class='ocr_par' dir='ltr' id='par_1_80' title="bbox 2136 3682 3787 3758">
     <span class='ocr_line' id='line_1_80' title="bbox 2136 3682 3787 3758; baseline -0.001 -18"><span class='ocrx_word' id='word_1_551' title='bbox 2136 3686 2497 3757; x_wconf 87' lang='lat' dir='ltr'>episcopum,</span> <span class='ocrx_word' id='word_1_552' title='bbox 2534 3686 2634 3758; x_wconf 92' lang='lat' dir='ltr'>qui</span> <span class='ocrx_word' id='word_1_553' title='bbox 2692 3691 2830 3741; x_wconf 89' lang='lat' dir='ltr'>tunc</span> <span class='ocrx_word' id='word_1_554' title='bbox 2882 3684 3161 3756; x_wconf 89' lang='lat' dir='ltr'>temporis</span> <span class='ocrx_word' id='word_1_555' title='bbox 3200 3682 3495 3755; x_wconf 76' lang='lat' dir='ltr'>pontificis</span> <span class='ocrx_word' id='word_1_556' title='bbox 3541 3683 3694 3740; x_wconf 86' lang='lat' dir='ltr'>vices</span> <span class='ocrx_word' id='word_1_557' title='bbox 3726 3683 3787 3739; x_wconf 84' lang='lat' dir='ltr'>in</span> 
     </span>
    </p>
   </div>
   <div class='ocr_carea' id='block_1_81' title="bbox 2135 3770 3785 3846">
    <p class='ocr_par' dir='ltr' id='par_1_81' title="bbox 2135 3770 3785 3846">
     <span class='ocr_line' id='line_1_81' title="bbox 2135 3770 3785 3846; baseline 0.001 -20"><span class='ocrx_word' id='word_1_558' title='bbox 2135 3772 2336 3829; x_wconf 86' lang='lat' dir='ltr'>Galliis</span> <span class='ocrx_word' id='word_1_559' title='bbox 2365 3774 2593 3845; x_wconf 86' lang='lat' dir='ltr'>agebat,</span> <span class='ocrx_word' id='word_1_560' title='bbox 2618 3775 2836 3846; x_wconf 88' lang='lat' dir='ltr'>scripta</span> <span class='ocrx_word' id='word_1_561' title='bbox 2861 3774 2932 3829; x_wconf 89' lang='lat' dir='ltr'>ad</span> <span class='ocrx_word' id='word_1_562' title='bbox 2965 3788 3099 3829; x_wconf 89' lang='lat' dir='ltr'>eum</span> <span class='ocrx_word' id='word_1_563' title='bbox 3124 3770 3389 3843; x_wconf 87' lang='lat' dir='ltr'>epistola,</span> <span class='ocrx_word' id='word_1_564' title='bbox 3414 3788 3542 3843; x_wconf 92' lang='lat' dir='ltr'>qua</span> <span class='ocrx_word' id='word_1_565' title='bbox 3587 3777 3678 3828; x_wconf 87' lang='lat' dir='ltr'>est</span> <span class='ocrx_word' id='word_1_566' title='bbox 3713 3776 3785 3827; x_wconf 67' lang='grc'><strong>24</strong></span> 
     </span>
    </p>
   </div>
   <div class='ocr_carea' id='block_1_82' title="bbox 2140 3859 3789 3935">
    <p class='ocr_par' dir='ltr' id='par_1_82' title="bbox 2140 3859 3789 3935">
     <span class='ocr_line' id='line_1_82' title="bbox 2140 3859 3789 3935; baseline 0.001 -20"><span class='ocrx_word' id='word_1_567' title='bbox 2140 3861 2270 3917; x_wconf 89' lang='lat' dir='ltr'>libri</span> <span class='ocrx_word' id='word_1_568' title='bbox 2300 3880 2380 3928; x_wconf 87' lang='lat' dir='ltr'>Ill,</span> <span class='ocrx_word' id='word_1_569' title='bbox 2406 3863 2463 3917; x_wconf 90' lang='lat' dir='ltr'>in</span> <span class='ocrx_word' id='word_1_570' title='bbox 2484 3880 2601 3935; x_wconf 89' lang='lat' dir='ltr'>qua</span> <span class='ocrx_word' id='word_1_571' title='bbox 2630 3864 2680 3918; x_wconf 88' lang='lat' dir='ltr'>ei</span> <span class='ocrx_word' id='word_1_572' title='bbox 2714 3862 3045 3935; x_wconf 88' lang='lat' dir='ltr'>Anglicana</span> <span class='ocrx_word' id='word_1_573' title='bbox 3074 3859 3344 3917; x_wconf 82' lang='lat' dir='ltr'>Ecclesiae</span> <span class='ocrx_word' id='word_1_574' title='bbox 3377 3865 3599 3916; x_wconf 89' lang='lat' dir='ltr'>statum</span> <span class='ocrx_word' id='word_1_575' title='bbox 3629 3876 3789 3933; x_wconf 85' lang='lat' dir='ltr'>egre-</span> 
     </span>
    </p>
   </div>
   <div class='ocr_carea' id='block_1_83' title="bbox 2136 3949 3786 4023">
    <p class='ocr_par' dir='ltr' id='par_1_83' title="bbox 2136 3949 3786 4023">
     <span class='ocr_line' id='line_1_83' title="bbox 2136 3949 3786 4023; baseline 0 -18"><span class='ocrx_word' id='word_1_576' title='bbox 2136 3950 2227 4021; x_wconf 88' lang='lat' dir='ltr'>gie</span> <span class='ocrx_word' id='word_1_577' title='bbox 2260 3956 2652 4023; x_wconf 83' lang='lat' dir='ltr'>repraesentat.</span> <span class='ocrx_word' id='word_1_578' title='bbox 2676 3950 2897 4007; x_wconf 90' lang='lat' dir='ltr'>Verum</span> <span class='ocrx_word' id='word_1_579' title='bbox 2936 3966 3073 4007; x_wconf 88' lang='lat' dir='ltr'>cum</span> <span class='ocrx_word' id='word_1_580' title='bbox 3103 3950 3225 4006; x_wconf 82' lang='lat' dir='ltr'>hac</span> <span class='ocrx_word' id='word_1_581' title='bbox 3269 3949 3465 4005; x_wconf 89' lang='lat' dir='ltr'>animo</span> <span class='ocrx_word' id='word_1_582' title='bbox 3517 3949 3786 4022; x_wconf 86' lang='lat' dir='ltr'>agitaret,</span> 
     </span>
    </p>
   </div>
   <div class='ocr_carea' id='block_1_84' title="bbox 2135 4038 3786 4113">
    <p class='ocr_par' dir='ltr' id='par_1_84' title="bbox 2135 4038 3786 4113">
     <span class='ocr_line' id='line_1_84' title="bbox 2135 4038 3786 4113; baseline -0.001 -18"><span class='ocrx_word' id='word_1_583' title='bbox 2135 4041 2250 4095; x_wconf 88' lang='lat' dir='ltr'>duo</span> <span class='ocrx_word' id='word_1_584' title='bbox 2282 4040 2473 4095; x_wconf 89' lang='lat' dir='ltr'>clerici</span> <span class='ocrx_word' id='word_1_585' title='bbox 2506 4057 2652 4113; x_wconf 89' lang='lat' dir='ltr'>quos</span> <span class='ocrx_word' id='word_1_586' title='bbox 2711 4039 3056 4109; x_wconf 79' lang='lat' dir='ltr'>Willelmus,</span> <span class='ocrx_word' id='word_1_587' title='bbox 3080 4038 3340 4095; x_wconf 86' lang='lat' dir='ltr'>Anselmi</span> <span class='ocrx_word' id='word_1_588' title='bbox 3390 4038 3786 4094; x_wconf 82' lang='lat' dir='ltr'>constantiam</span> 
     </span>
    </p>
   </div>
   <div class='ocr_carea' id='block_1_85' title="bbox 374 4108 2025 4185">
    <p class='ocr_par' dir='ltr' id='par_1_85' title="bbox 374 4108 2025 4185">
     <span class='ocr_line' id='line_1_85' title="bbox 374 4108 2025 4185; baseline -0.001 -14"><span class='ocrx_word' id='word_1_589' title='bbox 374 4108 705 4171; x_wconf 77' lang='lat' dir='ltr'>CLXXXVI.</span> <span class='ocrx_word' id='word_1_590' title='bbox 731 4112 1055 4185; x_wconf 56' lang='lat' dir='ltr'>Anglicum?</span> <span class='ocrx_word' id='word_1_591' title='bbox 1093 4112 1261 4167; x_wconf 81' lang='lat' dir='ltr'>turba</span> <span class='ocrx_word' id='word_1_592' title='bbox 1307 4112 1371 4185; x_wconf 93' lang='lat' dir='ltr'>ob</span> <span class='ocrx_word' id='word_1_593' title='bbox 1404 4112 1457 4167; x_wconf 91' lang='lat' dir='ltr'>S.</span> <span class='ocrx_word' id='word_1_594' title='bbox 1493 4112 1827 4169; x_wconf 83' lang='lat' dir='ltr'>Anselmum.</span> <span class='ocrx_word' id='word_1_595' title='bbox 1892 4116 2025 4170; x_wconf 84' lang='lat' dir='ltr'>Con-</span> 
     </span>
    </p>
   </div>
   <div class='ocr_carea' id='block_1_86' title="bbox 448 4184 2024 4254">
    <p class='ocr_par' dir='ltr' id='par_1_86' title="bbox 448 4184 2024 4254">
     <span class='ocr_line' id='line_1_86' title="bbox 448 4184 2024 4254; baseline 0.001 -14"><span class='ocrx_word' id='word_1_596' title='bbox 448 4193 635 4241; x_wconf 80' lang='lat' dir='ltr'>ventus</span> <span class='ocrx_word' id='word_1_597' title='bbox 684 4184 1113 4253; x_wconf 65' lang='lat' dir='ltr'>Roehingamia.</span> <span class='ocrx_word' id='word_1_598' title='bbox 1155 4184 1442 4239; x_wconf 87' lang='lat' dir='ltr'>Anselmus</span> <span class='ocrx_word' id='word_1_599' title='bbox 1490 4186 1769 4252; x_wconf 74' lang='lat' dir='ltr'>&quot;agonem</span> <span class='ocrx_word' id='word_1_600' title='bbox 1812 4187 2024 4254; x_wconf 77' lang='lat' dir='ltr'>Lugdu-</span> 
     </span>
    </p>
   </div>
   <div class='ocr_carea' id='block_1_87' title="bbox 440 4256 2019 4328">
    <p class='ocr_par' dir='ltr' id='par_1_87' title="bbox 440 4256 2019 4328">
     <span class='ocr_line' id='line_1_87' title="bbox 440 4256 2019 4328; baseline 0.001 -17"><span class='ocrx_word' id='word_1_601' title='bbox 440 4272 669 4328; x_wconf 71' lang='lat' dir='ltr'>_1_zensem</span> <span class='ocrx_word' id='word_1_602' title='bbox 705 4256 1168 4328; x_wconf 63' lang='lat' dir='ltr'>archiepiscopum</span> <span class='ocrx_word' id='word_1_603' title='bbox 1194 4256 1485 4310; x_wconf 78' lang='lat' dir='ltr'>consuluit.</span> <span class='ocrx_word' id='word_1_604' title='bbox 1511 4256 1717 4327; x_wconf 77' lang='lat' dir='ltr'>Accipit</span> <span class='ocrx_word' id='word_1_605' title='bbox 1762 4259 2019 4328; x_wconf 85' lang='lat' dir='ltr'>pallium.</span> 
     </span>
    </p>
   </div>
   <div class='ocr_carea' id='block_1_88' title="bbox 405 4326 3271 4405">
    <p class='ocr_par' dir='ltr' id='par_1_88' title="bbox 405 4326 3271 4397">
     <span class='ocr_line' id='line_1_88' title="bbox 405 4326 3271 4397; baseline -0.005 -25"><span class='ocrx_word' id='word_1_606' title='bbox 405 4384 411 4393; x_wconf 31' lang='grc' dir='ltr'><strong><em>ο</em></strong></span> <span class='ocrx_word' id='word_1_607' title='bbox 440 4326 616 4397; x_wconf 58' lang='lat' dir='ltr'>Papae</span> <span class='ocrx_word' id='word_1_608' title='bbox 642 4326 854 4381; x_wconf 61' lang='lat' dir='ltr'>scribit,</span> <span class='ocrx_word' id='word_1_609' title='bbox 890 4326 897 4327; x_wconf 61' lang='lat'><em>&#39;</em></span> <span class='ocrx_word' id='word_1_610' title='bbox 1038 4326 1043 4327; x_wconf 66' lang='lat'><strong><em>&#39;</em></strong></span> <span class='ocrx_word' id='word_1_611' title='bbox 1633 4326 1645 4327; x_wconf 44' lang='grc' dir='ltr'>ί</span> <span class='ocrx_word' id='word_1_612' title='bbox 1762 4326 1773 4328; x_wconf 80' lang='grc'><strong><em>“</em></strong></span> <span class='ocrx_word' id='word_1_613' title='bbox 2129 4326 2395 4375; x_wconf 60' lang='lat' dir='ltr'>anguem</span> <span class='ocrx_word' id='word_1_614' title='bbox 2429 4326 2649 4362; x_wconf 75' lang='lat' dir='ltr'>reulere</span> <span class='ocrx_word' id='word_1_615' title='bbox 2678 4326 2812 4362; x_wconf 85' lang='lat' dir='ltr'>cum</span> <span class='ocrx_word' id='word_1_616' title='bbox 2833 4326 3086 4362; x_wconf 73' lang='lat' dir='ltr'>wanero</span> <span class='ocrx_word' id='word_1_617' title='bbox 3111 4326 3271 4361; x_wconf 75' lang='lat' dir='ltr'>carui</span> 
     </span>
    </p>
   </div>
   <div class='ocr_carea' id='block_1_89' title="bbox 448 4392 2035 4494">
    <p class='ocr_par' dir='ltr' id='par_1_89' title="bbox 448 4408 2019 4485">
     <span class='ocr_line' id='line_1_89' title="bbox 448 4408 2019 4485; baseline 0.001 -15"><span class='ocrx_word' id='word_1_618' title='bbox 448 4408 863 4471; x_wconf 84' lang='lat' dir='ltr'>Deﬁcientibus</span> <span class='ocrx_word' id='word_1_619' title='bbox 894 4412 1091 4485; x_wconf 89' lang='lat' dir='ltr'>itaque</span> <span class='ocrx_word' id='word_1_620' title='bbox 1122 4412 1300 4469; x_wconf 81' lang='lat' dir='ltr'>ferme</span> <span class='ocrx_word' id='word_1_621' title='bbox 1331 4413 1618 4470; x_wconf 89' lang='lat' dir='ltr'>universis</span> <span class='ocrx_word' id='word_1_622' title='bbox 1648 4415 1720 4470; x_wconf 91' lang='lat' dir='ltr'>ab</span> <span class='ocrx_word' id='word_1_623' title='bbox 1777 4415 2019 4471; x_wconf 86' lang='lat' dir='ltr'>Henrico</span> 
     </span>
    </p>
   </div>
   <div class='ocr_carea' id='block_1_90' title="bbox 2146 4392 3778 4494">
    <p class='ocr_par' dir='ltr' id='par_1_90' title="bbox 2146 4392 3778 4466">
     <span class='ocr_line' id='line_1_90' title="bbox 2146 4392 3778 4466; baseline 0.001 -19"><span class='ocrx_word' id='word_1_624' title='bbox 2146 4394 2229 4465; x_wconf 53' lang='lat' dir='ltr'>iui</span> <span class='ocrx_word' id='word_1_625' title='bbox 2262 4392 2504 4466; x_wconf 79' lang='lat' dir='ltr'>pallium</span> <span class='ocrx_word' id='word_1_626' title='bbox 2533 4395 2828 4465; x_wconf 58' lang='lat' dir='ltr'>afferebat,</span> <span class='ocrx_word' id='word_1_627' title='bbox 2865 4394 3082 4451; x_wconf 88' lang='lat' dir='ltr'>Urbani</span> <span class='ocrx_word' id='word_1_628' title='bbox 3114 4394 3351 4450; x_wconf 88' lang='lat' dir='ltr'>nomine</span> <span class='ocrx_word' id='word_1_629' title='bbox 3378 4392 3653 4449; x_wconf 85' lang='lat' dir='ltr'>Anselmo</span> <span class='ocrx_word' id='word_1_630' title='bbox 3683 4408 3778 4448; x_wconf 88' lang='lat' dir='ltr'>ar-</span> 
     </span>
    </p>
   </div>
   <div class='ocr_carea' id='block_1_91' title="bbox 376 4480 2035 4582">
    <p class='ocr_par' dir='ltr' id='par_1_91' title="bbox 376 4480 2017 4579">
     <span class='ocr_line' id='line_1_91' title="bbox 376 4480 2017 4579; baseline -0.001 -17"><span class='ocrx_word' id='word_1_631' title='bbox 376 4494 623 4579; x_wconf 71' lang='lat' dir='ltr'>ejusque</span> <span class='ocrx_word' id='word_1_632' title='bbox 642 4480 1140 4575; x_wconf 79' lang='lat' dir='ltr'>pseudOpontiﬁce</span> <span class='ocrx_word' id='word_1_633' title='bbox 1162 4501 1456 4563; x_wconf 87' lang='lat' dir='ltr'>Guiberto,</span> <span class='ocrx_word' id='word_1_634' title='bbox 1477 4519 1650 4574; x_wconf 90' lang='lat' dir='ltr'>quem</span> <span class='ocrx_word' id='word_1_635' title='bbox 1665 4503 2017 4561; x_wconf 85' lang='lat' dir='ltr'>Clementem</span> 
     </span>
    </p>
   </div>
   <div class='ocr_carea' id='block_1_92' title="bbox 2146 4480 3783 4582">
    <p class='ocr_par' dir='ltr' id='par_1_92' title="bbox 2146 4480 3783 4555">
     <span class='ocr_line' id='line_1_92' title="bbox 2146 4480 3783 4555; baseline 0 -19"><span class='ocrx_word' id='word_1_636' title='bbox 2146 4482 2497 4555; x_wconf 85' lang='lat' dir='ltr'>:hiepiscopo</span> <span class='ocrx_word' id='word_1_637' title='bbox 2551 4484 2931 4548; x_wconf 87' lang='lat' dir='ltr'>destinatum,</span> <span class='ocrx_word' id='word_1_638' title='bbox 2967 4499 3095 4555; x_wconf 83' lang='lat' dir='ltr'>qua</span> <span class='ocrx_word' id='word_1_639' title='bbox 3156 4499 3250 4538; x_wconf 89' lang='lat' dir='ltr'>res</span> <span class='ocrx_word' id='word_1_640' title='bbox 3299 4498 3463 4554; x_wconf 84' lang='lat' dir='ltr'>spem</span> <span class='ocrx_word' id='word_1_641' title='bbox 3513 4480 3783 4553; x_wconf 80' lang='lat' dir='ltr'>aliquam</span> 
     </span>
    </p>
   </div>
   <div class='ocr_carea' id='block_1_93' title="bbox 373 4570 3775 4665">
    <p class='ocr_par' dir='ltr' id='par_1_93' title="bbox 373 4570 3775 4665">
     <span class='ocr_line' id='line_1_93' title="bbox 373 4570 3775 4665; baseline -0.001 -19"><span class='ocrx_word' id='word_1_642' title='bbox 373 4570 449 4663; x_wconf 75' lang='lat' dir='ltr'>Ill</span> <span class='ocrx_word' id='word_1_643' title='bbox 461 4570 813 4664; x_wconf 67' lang='lat' dir='ltr'>appellabat,</span> <span class='ocrx_word' id='word_1_644' title='bbox 830 4570 990 4646; x_wconf 80' lang='lat' dir='ltr'>solus</span> <span class='ocrx_word' id='word_1_645' title='bbox 1004 4594 1304 4662; x_wconf 88' lang='lat' dir='ltr'>supererat</span> <span class='ocrx_word' id='word_1_646' title='bbox 1317 4570 1663 4646; x_wconf 81' lang='lat' dir='ltr'>Guillelmus</span> <span class='ocrx_word' id='word_1_647' title='bbox 1677 4608 2021 4665; x_wconf 85' lang='lat' dir='ltr'>cognomen-</span> <span class='ocrx_word' id='word_1_648' title='bbox 2050 4578 2096 4642; x_wconf 87' lang='lat' dir='ltr'><strong>D</strong></span> <span class='ocrx_word' id='word_1_649' title='bbox 2128 4570 2291 4665; x_wconf 57' lang='grc' dir='ltr'>Ρθοίξ</span> <span class='ocrx_word' id='word_1_650' title='bbox 2309 4571 2590 4665; x_wconf 47' lang='grc' dir='ltr'>δθοξῖθηάφ</span> <span class='ocrx_word' id='word_1_651' title='bbox 2611 4572 2826 4665; x_wconf 55' lang='grc' dir='ltr'>εῑξξιιξῖ·</span> <span class='ocrx_word' id='word_1_652' title='bbox 2850 4573 2967 4629; x_wconf 69' lang='lat' dir='ltr'>Rex</span> <span class='ocrx_word' id='word_1_653' title='bbox 2986 4572 3201 4645; x_wconf 65' lang='lat' dir='ltr'>qniPPB</span> <span class='ocrx_word' id='word_1_654' title='bbox 3223 4571 3423 4665; x_wconf 43' lang='lat' dir='ltr'>Statim</span> <span class='ocrx_word' id='word_1_655' title='bbox 3442 4570 3626 4665; x_wconf 50' lang='grc' dir='ltr'>ῗίξίιίίί</span> <span class='ocrx_word' id='word_1_656' title='bbox 3640 4570 3775 4625; x_wconf 64' lang='lat' dir='ltr'>uti“</span> 
     </span>
    </p>
   </div>
   <div class='ocr_carea' id='block_1_94' title="bbox 371 4658 3777 4750">
    <p class='ocr_par' dir='ltr' id='par_1_94' title="bbox 371 4658 3777 4750">
     <span class='ocr_line' id='line_1_94' title="bbox 371 4658 3777 4750; baseline -0.006 -16"><span class='ocrx_word' id='word_1_657' title='bbox 371 4658 431 4734; x_wconf 87' lang='lat' dir='ltr'>to</span> <span class='ocrx_word' id='word_1_658' title='bbox 449 4658 654 4745; x_wconf 75' lang='lat' dir='ltr'>Rufus,</span> <span class='ocrx_word' id='word_1_659' title='bbox 677 4677 896 4750; x_wconf 86' lang='lat' dir='ltr'>Anglia</span> <span class='ocrx_word' id='word_1_660' title='bbox 914 4695 1033 4745; x_wconf 83' lang='lat' dir='ltr'>rex,</span> <span class='ocrx_word' id='word_1_661' title='bbox 1056 4658 1155 4750; x_wconf 77' lang='lat' dir='ltr'>qui</span> <span class='ocrx_word' id='word_1_662' title='bbox 1183 4677 1318 4734; x_wconf 90' lang='lat' dir='ltr'>licet</span> <span class='ocrx_word' id='word_1_663' title='bbox 1340 4678 1615 4735; x_wconf 90' lang='lat' dir='ltr'>Guiberto</span> <span class='ocrx_word' id='word_1_664' title='bbox 1639 4658 1775 4736; x_wconf 46' lang='lat' dir='ltr'>non‘</span> <span class='ocrx_word' id='word_1_665' title='bbox 1791 4682 2017 4737; x_wconf 87' lang='lat' dir='ltr'>obtem-</span> <span class='ocrx_word' id='word_1_666' title='bbox 2126 4664 2248 4750; x_wconf 46' lang='grc' dir='ltr'><strong><em>φφ</em></strong></span> <span class='ocrx_word' id='word_1_667' title='bbox 2264 4660 2471 4734; x_wconf 72' lang='grc' dir='ltr'>Αηειία</span> <span class='ocrx_word' id='word_1_668' title='bbox 2490 4660 2653 4717; x_wconf 72' lang='grc' dir='ltr'>εοῙιιε</span> <span class='ocrx_word' id='word_1_669' title='bbox 2679 4661 2951 4717; x_wconf 67' lang='lat' dir='ltr'>Urbanus</span> <span class='ocrx_word' id='word_1_670' title='bbox 2980 4676 3085 4733; x_wconf 81' lang='lat' dir='ltr'>pro</span> <span class='ocrx_word' id='word_1_671' title='bbox 3105 4676 3239 4717; x_wconf 79' lang='lat' dir='ltr'>vero</span> <span class='ocrx_word' id='word_1_672' title='bbox 3261 4665 3319 4716; x_wconf 83' lang='lat' dir='ltr'>et</span> <span class='ocrx_word' id='word_1_673' title='bbox 3346 4658 3609 4732; x_wconf 86' lang='lat' dir='ltr'>legitimo</span> <span class='ocrx_word' id='word_1_674' title='bbox 3629 4673 3777 4731; x_wconf 84' lang='lat' dir='ltr'>pon-</span> 
     </span>
    </p>
   </div>
   <div class='ocr_carea' id='block_1_95' title="bbox 342 4748 2641 4849">
    <p class='ocr_par' dir='ltr' id='par_1_95' title="bbox 342 4748 2641 4849">
     <span class='ocr_line' id='line_1_95' title="bbox 342 4748 2641 4849; baseline -0.002 -25"><span class='ocrx_word' id='word_1_675' title='bbox 342 4771 620 4849; x_wconf 3' lang='lat' dir='ltr'>Vgperaret,</span> <span class='ocrx_word' id='word_1_676' title='bbox 642 4748 945 4822; x_wconf 78' lang='lat' dir='ltr'>Urbanum</span> <span class='ocrx_word' id='word_1_677' title='bbox 970 4748 1160 4823; x_wconf 80' lang='lat' dir='ltr'>tamen</span> <span class='ocrx_word' id='word_1_678' title='bbox 1183 4768 1445 4824; x_wconf 89' lang='lat' dir='ltr'>nondum</span> <span class='ocrx_word' id='word_1_679' title='bbox 1469 4786 1570 4839; x_wconf 91' lang='lat' dir='ltr'>pro</span> <span class='ocrx_word' id='word_1_680' title='bbox 1601 4767 1861 4840; x_wconf 87' lang='lat' dir='ltr'>legitimo</span> <span class='ocrx_word' id='word_1_681' title='bbox 1876 4787 2016 4842; x_wconf 87' lang='lat' dir='ltr'>pon-</span> <span class='ocrx_word' id='word_1_682' title='bbox 2123 4748 2277 4804; x_wconf 65' lang='grc' dir='ltr'>ῖίίίοθ</span> <span class='ocrx_word' id='word_1_683' title='bbox 2306 4750 2641 4805; x_wconf 60' lang='lat' dir='ltr'>haberetur-</span> 
     </span>
    </p>
   </div>
   <div class='ocr_carea' id='block_1_96' title="bbox 365 4846 3775 4930">
    <p class='ocr_par' dir='ltr' id='par_1_96' title="bbox 365 4846 3775 4930">
     <span class='ocr_line' id='line_1_96' title="bbox 365 4846 3775 4930; baseline -0.001 -18"><span class='ocrx_word' id='word_1_684' title='bbox 365 4846 523 4912; x_wconf 79' lang='lat' dir='ltr'>tiﬁce</span> <span class='ocrx_word' id='word_1_685' title='bbox 542 4852 738 4930; x_wconf 86' lang='lat' dir='ltr'>palam</span> <span class='ocrx_word' id='word_1_686' title='bbox 774 4871 1091 4928; x_wconf 88' lang='lat' dir='ltr'>agnoscere</span> <span class='ocrx_word' id='word_1_687' title='bbox 1112 4855 1392 4923; x_wconf 86' lang='lat' dir='ltr'>voluerat,</span> <span class='ocrx_word' id='word_1_688' title='bbox 1417 4858 1561 4912; x_wconf 88' lang='lat' dir='ltr'>adeo</span> <span class='ocrx_word' id='word_1_689' title='bbox 1594 4862 1658 4911; x_wconf 90' lang='lat' dir='ltr'>ut</span> <span class='ocrx_word' id='word_1_690' title='bbox 1696 4857 1800 4913; x_wconf 87' lang='lat' dir='ltr'>duo</span> <span class='ocrx_word' id='word_1_691' title='bbox 1839 4863 2015 4914; x_wconf 85' lang='lat' dir='ltr'>essent</span> <span class='ocrx_word' id='word_1_692' title='bbox 2192 4854 2409 4910; x_wconf 85' lang='lat' dir='ltr'>Verum</span> <span class='ocrx_word' id='word_1_693' title='bbox 2442 4872 2575 4911; x_wconf 90' lang='lat' dir='ltr'>cum</span> <span class='ocrx_word' id='word_1_694' title='bbox 2607 4855 2824 4913; x_wconf 84' lang='lat' dir='ltr'>omisso</span> <span class='ocrx_word' id='word_1_695' title='bbox 2865 4855 3142 4912; x_wconf 86' lang='lat' dir='ltr'>Anselmo</span> <span class='ocrx_word' id='word_1_696' title='bbox 3185 4854 3411 4927; x_wconf 88' lang='lat' dir='ltr'>legatus</span> <span class='ocrx_word' id='word_1_697' title='bbox 3456 4853 3528 4908; x_wconf 90' lang='lat' dir='ltr'>ad</span> <span class='ocrx_word' id='word_1_698' title='bbox 3577 4870 3775 4926; x_wconf 82' lang='lat' dir='ltr'>regem</span> 
     </span>
    </p>
   </div>
   <div class='ocr_carea' id='block_1_97' title="bbox 365 4932 3775 5023">
    <p class='ocr_par' dir='ltr' id='par_1_97' title="bbox 365 4932 3775 5023">
     <span class='ocr_line' id='line_1_97' title="bbox 365 4932 3775 5023; baseline -0.001 -23"><span class='ocrx_word' id='word_1_699' title='bbox 365 4948 427 5023; x_wconf 82' lang='lat' dir='ltr'>ut</span> <span class='ocrx_word' id='word_1_700' title='bbox 446 4932 517 5000; x_wconf 81' lang='lat' dir='ltr'>in</span> <span class='ocrx_word' id='word_1_701' title='bbox 541 4942 743 5014; x_wconf 82' lang='lat' dir='ltr'>Anglia</span> <span class='ocrx_word' id='word_1_702' title='bbox 770 4944 1067 5016; x_wconf 83' lang='lat' dir='ltr'>ferebatur,</span> <span class='ocrx_word' id='word_1_703' title='bbox 1088 4944 1282 5017; x_wconf 88' lang='lat' dir='ltr'>inquit</span> <span class='ocrx_word' id='word_1_704' title='bbox 1311 4945 1633 5000; x_wconf 88' lang='lat' dir='ltr'>Eadmerus</span> <span class='ocrx_word' id='word_1_705' title='bbox 1687 4945 1833 5001; x_wconf 89' lang='lat' dir='ltr'>libro</span> <span class='ocrx_word' id='word_1_706' title='bbox 1867 4948 2014 5002; x_wconf 87' lang='grc' dir='ltr'>ιΝο-</span> <span class='ocrx_word' id='word_1_707' title='bbox 2121 4942 2365 5014; x_wconf 90' lang='lat' dir='ltr'>pallium</span> <span class='ocrx_word' id='word_1_708' title='bbox 2396 4942 2994 5017; x_wconf 86' lang='lat' dir='ltr'>detulisset,speravit</span> <span class='ocrx_word' id='word_1_709' title='bbox 3023 4943 3118 4999; x_wconf 90' lang='lat' dir='ltr'>ille</span> <span class='ocrx_word' id='word_1_710' title='bbox 3151 4959 3211 4998; x_wconf 91' lang='lat' dir='ltr'>se</span> <span class='ocrx_word' id='word_1_711' title='bbox 3237 4942 3308 4998; x_wconf 90' lang='lat' dir='ltr'>ab</span> <span class='ocrx_word' id='word_1_712' title='bbox 3331 4941 3775 5015; x_wconf 86' lang='lat' dir='ltr'>archiepiscopo</span> 
     </span>
    </p>
   </div>
   <div class='ocr_carea' id='block_1_98' title="bbox 365 5031 3772 5105">
    <p class='ocr_par' dir='ltr' id='par_1_98' title="bbox 365 5031 3772 5105">
     <span class='ocr_line' id='line_1_98' title="bbox 365 5031 3772 5105; baseline -0.001 -18"><span class='ocrx_word' id='word_1_713' title='bbox 365 5050 593 5100; x_wconf 90' lang='lat' dir='ltr'>vorum,</span> <span class='ocrx_word' id='word_1_714' title='bbox 617 5036 714 5105; x_wconf 87' lang='lat' dir='ltr'>qui</span> <span class='ocrx_word' id='word_1_715' title='bbox 739 5032 1060 5089; x_wconf 86' lang='lat' dir='ltr'>dicebantur</span> <span class='ocrx_word' id='word_1_716' title='bbox 1086 5035 1321 5090; x_wconf 84' lang='lat' dir='ltr'>Romani</span> <span class='ocrx_word' id='word_1_717' title='bbox 1347 5035 1647 5105; x_wconf 82' lang='lat' dir='ltr'>pontiﬁces,</span> <span class='ocrx_word' id='word_1_718' title='bbox 1683 5036 1929 5090; x_wconf 85' lang='lat' dir='ltr'>Urbanus</span> <span class='ocrx_word' id='word_1_719' title='bbox 1960 5040 2012 5090; x_wconf 85' lang='lat' dir='ltr'>et</span> <span class='ocrx_word' id='word_1_720' title='bbox 2121 5031 2425 5101; x_wconf 88' lang='lat' dir='ltr'>pecuniam</span> <span class='ocrx_word' id='word_1_721' title='bbox 2476 5032 2735 5105; x_wconf 90' lang='lat' dir='ltr'>aliquam</span> <span class='ocrx_word' id='word_1_722' title='bbox 2771 5037 3169 5105; x_wconf 88' lang='lat' dir='ltr'>accepturum,</span> <span class='ocrx_word' id='word_1_723' title='bbox 3189 5048 3319 5088; x_wconf 88' lang='lat' dir='ltr'>eam</span> <span class='ocrx_word' id='word_1_724' title='bbox 3358 5031 3571 5087; x_wconf 86' lang='lat' dir='ltr'>saltem</span> <span class='ocrx_word' id='word_1_725' title='bbox 3600 5048 3772 5086; x_wconf 86' lang='lat' dir='ltr'>sum-</span> 
     </span>
    </p>
   </div>
   <div class='ocr_carea' id='block_1_99' title="bbox 367 5108 3769 5193">
    <p class='ocr_par' dir='ltr' id='par_1_99' title="bbox 367 5108 3769 5193">
     <span class='ocr_line' id='line_1_99' title="bbox 367 5108 3769 5193; baseline -0 -19"><span class='ocrx_word' id='word_1_726' title='bbox 367 5108 629 5188; x_wconf 80' lang='lat' dir='ltr'>Clemens,</span> <span class='ocrx_word' id='word_1_727' title='bbox 646 5137 772 5193; x_wconf 85' lang='lat' dir='ltr'>qua</span> <span class='ocrx_word' id='word_1_728' title='bbox 798 5121 967 5176; x_wconf 89' lang='lat' dir='ltr'>resin</span> <span class='ocrx_word' id='word_1_729' title='bbox 996 5126 1223 5177; x_wconf 90' lang='lat' dir='ltr'>tantum</span> <span class='ocrx_word' id='word_1_730' title='bbox 1246 5121 1462 5191; x_wconf 85' lang='lat' dir='ltr'>Anglia</span> <span class='ocrx_word' id='word_1_731' title='bbox 1489 5120 1805 5176; x_wconf 87' lang='lat' dir='ltr'>Ecclesiam</span> <span class='ocrx_word' id='word_1_732' title='bbox 1838 5139 2009 5178; x_wconf 88' lang='lat' dir='ltr'>occu-</span> <span class='ocrx_word' id='word_1_733' title='bbox 2119 5136 2275 5174; x_wconf 86' lang='lat' dir='ltr'>mam</span> <span class='ocrx_word' id='word_1_734' title='bbox 2325 5137 2526 5191; x_wconf 85' lang='lat' dir='ltr'>quam,</span> <span class='ocrx_word' id='word_1_735' title='bbox 2556 5122 2634 5176; x_wconf 84' lang='lat' dir='ltr'>si‘</span> <span class='ocrx_word' id='word_1_736' title='bbox 2659 5122 2903 5176; x_wconf 77' lang='lat' dir='ltr'>Romam</span> <span class='ocrx_word' id='word_1_737' title='bbox 2962 5119 3442 5192; x_wconf 86' lang='lat' dir='ltr'>archiepiscopus</span> <span class='ocrx_word' id='word_1_738' title='bbox 3504 5118 3769 5189; x_wconf 84' lang='lat' dir='ltr'>adiisset,</span> 
     </span>
    </p>
   </div>
   <div class='ocr_carea' id='block_1_100' title="bbox 362 5206 3768 5281">
    <p class='ocr_par' dir='ltr' id='par_1_100' title="bbox 362 5206 3768 5281">
     <span class='ocr_line' id='line_1_100' title="bbox 362 5206 3768 5281; baseline -0.001 -18"><span class='ocrx_word' id='word_1_739' title='bbox 362 5206 540 5281; x_wconf 86' lang='lat' dir='ltr'>pavit,</span> <span class='ocrx_word' id='word_1_740' title='bbox 564 5211 682 5263; x_wconf 90' lang='lat' dir='ltr'>uta</span> <span class='ocrx_word' id='word_1_741' title='bbox 700 5215 887 5265; x_wconf 88' lang='lat' dir='ltr'>morte</span> <span class='ocrx_word' id='word_1_742' title='bbox 906 5210 1165 5280; x_wconf 84' lang='lat' dir='ltr'>Gregorii</span> <span class='ocrx_word' id='word_1_743' title='bbox 1189 5209 1285 5263; x_wconf 79' lang='lat' dir='ltr'>VII</span> <span class='ocrx_word' id='word_1_744' title='bbox 1312 5225 1414 5278; x_wconf 90' lang='lat' dir='ltr'>per</span> <span class='ocrx_word' id='word_1_745' title='bbox 1447 5209 1641 5280; x_wconf 89' lang='lat' dir='ltr'>plures</span> <span class='ocrx_word' id='word_1_746' title='bbox 1664 5227 1849 5265; x_wconf 89' lang='lat' dir='ltr'>annos</span> <span class='ocrx_word' id='word_1_747' title='bbox 1862 5214 2009 5266; x_wconf 83' lang='lat' dir='ltr'>nulli</span> <span class='ocrx_word' id='word_1_748' title='bbox 2116 5208 2320 5263; x_wconf 77' lang='lat' dir='ltr'>fuisset</span> <span class='ocrx_word' id='word_1_749' title='bbox 2345 5211 2400 5262; x_wconf 88' lang='lat' dir='ltr'>iu</span> <span class='ocrx_word' id='word_1_750' title='bbox 2425 5227 2490 5264; x_wconf 90' lang='lat' dir='ltr'>eo</span> <span class='ocrx_word' id='word_1_751' title='bbox 2512 5210 2718 5264; x_wconf 82' lang='lat' dir='ltr'>itinere</span> <span class='ocrx_word' id='word_1_752' title='bbox 2738 5225 3122 5280; x_wconf 85' lang='lat' dir='ltr'>expensurus,</span> <span class='ocrx_word' id='word_1_753' title='bbox 3140 5213 3241 5263; x_wconf 89' lang='lat' dir='ltr'>aut</span> <span class='ocrx_word' id='word_1_754' title='bbox 3261 5207 3470 5264; x_wconf 85' lang='lat' dir='ltr'>saltem</span> <span class='ocrx_word' id='word_1_755' title='bbox 3505 5207 3615 5262; x_wconf 90' lang='lat' dir='ltr'>sibi</span> <span class='ocrx_word' id='word_1_756' title='bbox 3638 5207 3768 5262; x_wconf 89' lang='lat' dir='ltr'>red-</span> 
     </span>
    </p>
   </div>
   <div class='ocr_carea' id='block_1_101' title="bbox 362 5294 3767 5369">
    <p class='ocr_par' dir='ltr' id='par_1_101' title="bbox 362 5294 3767 5369">
     <span class='ocr_line' id='line_1_101' title="bbox 362 5294 3767 5369; baseline -0 -17"><span class='ocrx_word' id='word_1_757' title='bbox 362 5298 474 5354; x_wconf 91' lang='lat' dir='ltr'>loco</span> <span class='ocrx_word' id='word_1_758' title='bbox 515 5312 675 5369; x_wconf 68' lang='lat' dir='ltr'>papae</span> <span class='ocrx_word' id='word_1_759' title='bbox 728 5297 889 5353; x_wconf 89' lang='lat' dir='ltr'>subdi</span> <span class='ocrx_word' id='word_1_760' title='bbox 924 5301 1021 5351; x_wconf 89' lang='lat' dir='ltr'>aut</span> <span class='ocrx_word' id='word_1_761' title='bbox 1077 5295 1294 5351; x_wconf 75' lang='lat' dir='ltr'>obedire</span> <span class='ocrx_word' id='word_1_762' title='bbox 1349 5298 1598 5351; x_wconf 82' lang='lat' dir='ltr'>voluerit.</span> <span class='ocrx_word' id='word_1_763' title='bbox 1634 5298 2005 5356; x_wconf 87' lang='lat' dir='ltr'>Contestatus</span> <span class='ocrx_word' id='word_1_764' title='bbox 2114 5298 2275 5352; x_wconf 83' lang='lat' dir='ltr'>deret</span> <span class='ocrx_word' id='word_1_765' title='bbox 2312 5297 2599 5369; x_wconf 88' lang='lat' dir='ltr'>quidquid</span> <span class='ocrx_word' id='word_1_766' title='bbox 2632 5298 2754 5369; x_wconf 89' lang='lat' dir='ltr'>ipse</span> <span class='ocrx_word' id='word_1_767' title='bbox 2786 5298 2859 5352; x_wconf 90' lang='lat' dir='ltr'>ad</span> <span class='ocrx_word' id='word_1_768' title='bbox 2910 5296 3157 5368; x_wconf 91' lang='lat' dir='ltr'>pallium</span> <span class='ocrx_word' id='word_1_769' title='bbox 3190 5297 3262 5353; x_wconf 88' lang='lat' dir='ltr'>ab</span> <span class='ocrx_word' id='word_1_770' title='bbox 3306 5296 3537 5353; x_wconf 86' lang='lat' dir='ltr'>Urbano</span> <span class='ocrx_word' id='word_1_771' title='bbox 3579 5294 3767 5368; x_wconf 88' lang='lat' dir='ltr'>impe-</span> 
     </span>
    </p>
   </div>
   <div class='ocr_carea' id='block_1_102' title="bbox 357 5384 3771 5456">
    <p class='ocr_par' dir='ltr' id='par_1_102' title="bbox 357 5384 3771 5456">
     <span class='ocr_line' id='line_1_102' title="bbox 357 5384 3771 5456; baseline -0.001 -15"><span class='ocrx_word' id='word_1_772' title='bbox 357 5390 556 5441; x_wconf 85' lang='lat' dir='ltr'>tamen</span> <span class='ocrx_word' id='word_1_773' title='bbox 588 5386 778 5442; x_wconf 85' lang='lat' dir='ltr'>fuerat</span> <span class='ocrx_word' id='word_1_774' title='bbox 792 5384 1104 5439; x_wconf 87' lang='lat' dir='ltr'>Anselmus</span> <span class='ocrx_word' id='word_1_775' title='bbox 1122 5399 1315 5437; x_wconf 89' lang='lat' dir='ltr'>coram</span> <span class='ocrx_word' id='word_1_776' title='bbox 1334 5399 1467 5455; x_wconf 88' lang='lat' dir='ltr'>rege</span> <span class='ocrx_word' id='word_1_777' title='bbox 1490 5385 1616 5456; x_wconf 89' lang='lat' dir='ltr'>ipso</span> <span class='ocrx_word' id='word_1_778' title='bbox 1638 5389 1694 5440; x_wconf 88' lang='lat' dir='ltr'>et</span> <span class='ocrx_word' id='word_1_779' title='bbox 1717 5386 2003 5443; x_wconf 85' lang='lat' dir='ltr'>universis</span> <span class='ocrx_word' id='word_1_780' title='bbox 2112 5385 2387 5440; x_wconf 89' lang='lat' dir='ltr'>trandum</span> <span class='ocrx_word' id='word_1_781' title='bbox 2412 5387 2842 5456; x_wconf 87' lang='lat' dir='ltr'>insumpserat;</span> <span class='ocrx_word' id='word_1_782' title='bbox 2868 5387 2971 5442; x_wconf 89' lang='lat' dir='ltr'>sed</span> <span class='ocrx_word' id='word_1_783' title='bbox 3000 5385 3146 5442; x_wconf 92' lang='lat' dir='ltr'>nihil</span> <span class='ocrx_word' id='word_1_784' title='bbox 3178 5387 3251 5443; x_wconf 90' lang='lat' dir='ltr'>ab</span> <span class='ocrx_word' id='word_1_785' title='bbox 3281 5385 3555 5442; x_wconf 87' lang='lat' dir='ltr'>Anselmo</span> <span class='ocrx_word' id='word_1_786' title='bbox 3584 5388 3771 5440; x_wconf 81' lang='lat' dir='ltr'>extor-</span> 
     </span>
    </p>
   </div>
   <div class='ocr_carea' id='block_1_103' title="bbox 358 5471 3768 5549">
    <p class='ocr_par' dir='ltr' id='par_1_103' title="bbox 358 5471 3768 5549">
     <span class='ocr_line' id='line_1_103' title="bbox 358 5471 3768 5549; baseline -0.001 -18"><span class='ocrx_word' id='word_1_787' title='bbox 358 5475 521 5547; x_wconf 85' lang='lat' dir='ltr'>regni</span> <span class='ocrx_word' id='word_1_788' title='bbox 539 5473 865 5537; x_wconf 87' lang='lat' dir='ltr'>ordinibus,</span> <span class='ocrx_word' id='word_1_789' title='bbox 892 5487 1026 5527; x_wconf 91' lang='lat' dir='ltr'>cum</span> <span class='ocrx_word' id='word_1_790' title='bbox 1059 5472 1117 5526; x_wconf 90' lang='lat' dir='ltr'>in</span> <span class='ocrx_word' id='word_1_791' title='bbox 1151 5471 1656 5545; x_wconf 86' lang='lat' dir='ltr'>archiepiscopum</span> <span class='ocrx_word' id='word_1_792' title='bbox 1693 5476 2004 5531; x_wconf 79' lang='lat' dir='ltr'>ann01093</span> <span class='ocrx_word' id='word_1_793' title='bbox 2111 5474 2276 5544; x_wconf 90' lang='lat' dir='ltr'>queri</span> <span class='ocrx_word' id='word_1_794' title='bbox 2301 5474 2505 5544; x_wconf 89' lang='lat' dir='ltr'>potuit.</span> <span class='ocrx_word' id='word_1_795' title='bbox 2538 5474 2659 5529; x_wconf 92' lang='lat' dir='ltr'>Imo</span> <span class='ocrx_word' id='word_1_796' title='bbox 2682 5490 2819 5529; x_wconf 89' lang='lat' dir='ltr'>cum</span> <span class='ocrx_word' id='word_1_797' title='bbox 2843 5477 2914 5532; x_wconf 90' lang='lat' dir='ltr'>ab</span> <span class='ocrx_word' id='word_1_798' title='bbox 2957 5491 3024 5531; x_wconf 90' lang='lat' dir='ltr'>eo</span> <span class='ocrx_word' id='word_1_799' title='bbox 3058 5476 3310 5549; x_wconf 89' lang='lat' dir='ltr'>petitum</span> <span class='ocrx_word' id='word_1_800' title='bbox 3345 5474 3555 5530; x_wconf 86' lang='lat' dir='ltr'>fuisset</span> <span class='ocrx_word' id='word_1_801' title='bbox 3585 5476 3768 5544; x_wconf 86' lang='lat' dir='ltr'>utpro</span> 
     </span>
    </p>
   </div>
   <div class='ocr_carea' id='block_1_104' title="bbox 356 5559 3768 5636">
    <p class='ocr_par' dir='ltr' id='par_1_104' title="bbox 356 5559 3768 5636">
     <span class='ocr_line' id='line_1_104' title="bbox 356 5559 3768 5636; baseline -0.001 -16"><span class='ocrx_word' id='word_1_802' title='bbox 356 5564 644 5636; x_wconf 83' lang='lat' dir='ltr'>expetitus</span> <span class='ocrx_word' id='word_1_803' title='bbox 664 5561 965 5627; x_wconf 81' lang='lat' dir='ltr'>fuisset,sc</span> <span class='ocrx_word' id='word_1_804' title='bbox 990 5577 1291 5632; x_wconf 89' lang='lat' dir='ltr'>nunquam</span> <span class='ocrx_word' id='word_1_805' title='bbox 1308 5559 1422 5616; x_wconf 89' lang='lat' dir='ltr'>nisi</span> <span class='ocrx_word' id='word_1_806' title='bbox 1442 5561 2002 5621; x_wconf 82' lang='lat' dir='ltr'>soliUrbanoobedi-</span> <span class='ocrx_word' id='word_1_807' title='bbox 2110 5563 2277 5629; x_wconf 76' lang='lat' dir='ltr'>regia</span> <span class='ocrx_word' id='word_1_808' title='bbox 2306 5564 2610 5631; x_wconf 82' lang='lat' dir='ltr'>majestalis</span> <span class='ocrx_word' id='word_1_809' title='bbox 2639 5566 3054 5635; x_wconf 81' lang='lat' dir='ltr'>magniﬁcentia</span> <span class='ocrx_word' id='word_1_810' title='bbox 3087 5569 3386 5636; x_wconf 88' lang='lat' dir='ltr'>pateretur</span> <span class='ocrx_word' id='word_1_811' title='bbox 3416 5561 3625 5619; x_wconf 86' lang='lat' dir='ltr'>saltem</span> <span class='ocrx_word' id='word_1_812' title='bbox 3652 5560 3768 5616; x_wconf 88' lang='lat' dir='ltr'>sibi</span> 
     </span>
    </p>
   </div>
   <div class='ocr_carea' id='block_1_105' title="bbox 355 5646 3766 5726">
    <p class='ocr_par' dir='ltr' id='par_1_105' title="bbox 355 5646 3766 5726">
     <span class='ocr_line' id='line_1_105' title="bbox 355 5646 3766 5726; baseline -0.001 -17"><span class='ocrx_word' id='word_1_813' title='bbox 355 5657 556 5709; x_wconf 87' lang='lat' dir='ltr'>turum</span> <span class='ocrx_word' id='word_1_814' title='bbox 580 5654 753 5719; x_wconf 87' lang='lat' dir='ltr'>atque</span> <span class='ocrx_word' id='word_1_815' title='bbox 776 5663 843 5704; x_wconf 90' lang='lat' dir='ltr'>ea</span> <span class='ocrx_word' id='word_1_816' title='bbox 863 5646 1193 5705; x_wconf 87' lang='lat' dir='ltr'>conditione</span> <span class='ocrx_word' id='word_1_817' title='bbox 1215 5648 1537 5706; x_wconf 83' lang='lat' dir='ltr'>Cantuaria</span> <span class='ocrx_word' id='word_1_818' title='bbox 1563 5650 1839 5709; x_wconf 79' lang='lat' dir='ltr'>thronum</span> <span class='ocrx_word' id='word_1_819' title='bbox 1863 5670 1997 5709; x_wconf 89' lang='lat' dir='ltr'>con-</span> <span class='ocrx_word' id='word_1_820' title='bbox 2116 5671 2147 5708; x_wconf 89' lang='lat' dir='ltr'>a</span> <span class='ocrx_word' id='word_1_821' title='bbox 2164 5665 2296 5723; x_wconf 81' lang='lat' dir='ltr'>rege</span> <span class='ocrx_word' id='word_1_822' title='bbox 2313 5650 2556 5723; x_wconf 87' lang='lat' dir='ltr'>pallium</span> <span class='ocrx_word' id='word_1_823' title='bbox 2573 5650 3165 5726; x_wconf 82' lang='lat' dir='ltr'>solemniterimponi,</span> <span class='ocrx_word' id='word_1_824' title='bbox 3184 5652 3326 5708; x_wconf 90' lang='lat' dir='ltr'>illud</span> <span class='ocrx_word' id='word_1_825' title='bbox 3346 5667 3579 5725; x_wconf 89' lang='lat' dir='ltr'>quoque</span> <span class='ocrx_word' id='word_1_826' title='bbox 3592 5648 3766 5722; x_wconf 89' lang='lat' dir='ltr'>plane</span> 
     </span>
    </p>
   </div>
   <div class='ocr_carea' id='block_1_106' title="bbox 2134 4126 3781 4201">
    <p class='ocr_par' dir='ltr' id='par_1_106' title="bbox 2134 4126 3781 4201">
     <span class='ocr_line' id='line_1_106' title="bbox 2134 4126 3781 4201; baseline 0.001 -19"><span class='ocrx_word' id='word_1_827' title='bbox 2134 4128 2517 4201; x_wconf 84' lang='lat' dir='ltr'>frangi-posse</span> <span class='ocrx_word' id='word_1_828' title='bbox 2538 4130 2876 4200; x_wconf 87' lang='lat' dir='ltr'>desperans,</span> <span class='ocrx_word' id='word_1_829' title='bbox 2899 4130 3147 4184; x_wconf 83' lang='lat' dir='ltr'>Romam</span> <span class='ocrx_word' id='word_1_830' title='bbox 3182 4127 3443 4194; x_wconf 89' lang='lat' dir='ltr'>miserat,</span> <span class='ocrx_word' id='word_1_831' title='bbox 3475 4131 3539 4182; x_wconf 90' lang='lat' dir='ltr'>ut</span> <span class='ocrx_word' id='word_1_832' title='bbox 3585 4126 3781 4198; x_wconf 83' lang='lat' dir='ltr'>explo-</span> 
     </span>
    </p>
   </div>
   <div class='ocr_carea' id='block_1_107' title="bbox 2133 4214 3782 4288">
    <p class='ocr_par' dir='ltr' id='par_1_107' title="bbox 2133 4214 3782 4288">
     <span class='ocr_line' id='line_1_107' title="bbox 2133 4214 3782 4288; baseline 0 -17"><span class='ocrx_word' id='word_1_833' title='bbox 2133 4222 2330 4271; x_wconf 89' lang='lat' dir='ltr'>rarent</span> <span class='ocrx_word' id='word_1_834' title='bbox 2353 4217 2621 4273; x_wconf 90' lang='lat' dir='ltr'>Urbanus</span> <span class='ocrx_word' id='word_1_835' title='bbox 2642 4233 2715 4272; x_wconf 91' lang='lat' dir='ltr'>an</span> <span class='ocrx_word' id='word_1_836' title='bbox 2736 4217 3052 4273; x_wconf 88' lang='lat' dir='ltr'>Guibertus</span> <span class='ocrx_word' id='word_1_837' title='bbox 3083 4215 3164 4271; x_wconf 92' lang='lat' dir='ltr'>ibi</span> <span class='ocrx_word' id='word_1_838' title='bbox 3194 4215 3487 4288; x_wconf 83' lang='lat' dir='ltr'>potentior</span> <span class='ocrx_word' id='word_1_839' title='bbox 3508 4218 3687 4283; x_wconf 83' lang='lat' dir='ltr'>esset,</span> <span class='ocrx_word' id='word_1_840' title='bbox 3719 4214 3782 4271; x_wconf 86' lang='lat' dir='ltr'>in</span> 
     </span>
    </p>
   </div>
   <div class='ocr_carea' id='block_1_108' title="bbox 2129 4302 3775 4375">
    <p class='ocr_par' dir='ltr' id='par_1_108' title="bbox 2129 4302 3775 4375">
     <span class='ocr_line' id='line_1_108' title="bbox 2129 4302 3775 4375; baseline 0.001 -16"><span class='ocrx_word' id='word_1_841' title='bbox 2129 4305 2395 4375; x_wconf 78' lang='lat' dir='ltr'>Angliam</span> <span class='ocrx_word' id='word_1_842' title='bbox 2429 4306 2649 4362; x_wconf 88' lang='lat' dir='ltr'>rediere</span> <span class='ocrx_word' id='word_1_843' title='bbox 2678 4306 3086 4362; x_wconf 81' lang='lat' dir='ltr'>cumWaltero</span> <span class='ocrx_word' id='word_1_844' title='bbox 3111 4303 3408 4361; x_wconf 88' lang='lat' dir='ltr'>cardinale</span> <span class='ocrx_word' id='word_1_845' title='bbox 3425 4302 3775 4373; x_wconf 86' lang='lat' dir='ltr'>Albanense,</span> 
     </span>
    </p>
   </div>
  </div>
