4000 6176
173 325 308 390 {‘53

1794 317 2010 386 VI'I’A.‘

3483 308 3608 380 £85

172 463 381 518 renuit
409 463 653 517 sanctus
680 461 947 530 antistes,
975 461 1334 517 contestatus
1357 475 1418 515 se
1443 475 1544 515 nec
1567 457 1842 532 pecunias
1870 459 1928 524 Α
1955 454 2241 511 discimus
2272 471 2340 512 ex
2371 451 2497 528 ipso
2523 447 2795 509 Anselmo
2821 449 2920 507 lib.
2946 466 3030 519 ιιι,
3053 447 3222 524 epist.
3252 447 3319 504 20
3342 445 3414 504 ad
3442 463 3604 504 eum-

177 552 336 608 ullas
351 568 459 625 pro
485 550 661 625 pallio
679 568 944 624 unquam
961 549 1254 620 daturum,
1281 568 1384 607 nec
1407 566 1667 623 unquam
1689 565 1842 605 com-

1950 546 2084 602 dem
2098 544 2447 610 Osbernum,
2464 542 2564 600 ubi
2587 561 2720 600 eum
2749 541 3094 600 adhortatur
3114 543 3179 596 ut
3201 537 3517 596 monachos
3531 537 3602 594 de

179 643 516 698 missurum
551 646 616 696 ut
644 641 755 697 sibi
789 659 822 696 a
851 657 1150 713 quoquam
1187 640 1494 696 hominum
1532 639 1675 694 illud
1731 638 1842 694 sibi
1951 636 2194 691 Batailla
2217 635 2273 690 in
2306 635 2434 706 ejus
2457 635 2599 690 urbe
2620 635 3050 689 commorantes
3071 630 3354 686 adversus
3374 626 3607 684 clerico-

177 731 547 802 imponatur.
581 731 650 784 Et
678 730 918 802 quidem
942 730 1026 785 ita
1047 730 1266 786 factum
1299 730 1425 785 fuit.
1466 726 1687 784 Etenim
1713 731 1844 800 post

176 820 372 875 varias
407 820 546 875 hinc
578 824 636 874 et
662 819 800 874 inde
829 819 1308 889 concertationes,
1331 837 1480 891 quas
1502 819 1841 883 Eadmerus,

174 909 531 964 \Villelmus
565 907 1106 965 Malmesburiensis
1135 915 1192 965 et
1216 909 1314 964 alii
1337 908 1554 981 passim
1580 912 1846 962 auctores

179 999 474 1065 referunt,
505 999 745 1054 tandem
771 997 1040 1053 convenit
1066 999 1216 1053 inter
1254 1003 1447 1070 partes
1491 1002 1556 1052 ut
1603 995 1845 1069 pallium

177 1105 364 1160 supra
389 1087 584 1142 altare
613 1088 1019 1159 deponeretur,
1051 1087 1313 1160 illudque
1351 1088 1558 1142 exinde
1614 1101 1843 1141 assum-

179 1181 350 1248 ptum
385 1175 735 1246 Anselmus,
756 1176 866 1230 sibi
890 1176 1000 1247 ipsi
1024 1180 1280 1248 aptaret;
1317 1178 1491 1247 atque
1519 1175 1598 1231 ita
1638 1173 1847 1228 Ansel-

178 1283 314 1319 mus
337 1266 577 1336 absque
598 1264 712 1320 ullo
728 1265 998 1320 Simonis:
1028 1283 1204 1334 naevo,
1230 1265 1470 1337 pallium
1497 1262 1772 1334 suscepit,
1793 1268 1849 1318 et

179 1355 470 1410 Urbanus
501 1354 726 1426 absque
747 1353 1156 1410 ecclesiasticae
1199 1354 1485 1410 libertatis
1526 1355 1781 1425 jactura,
1816 1370 1849 1406 a

181 1459 313 1515 rege
349 1447 413 1498 et
451 1442 690 1514 populis
722 1459 826 1514 pro
860 1460 992 1498 vero
1031 1448 1088 1498 et
1145 1443 1407 1515 legitimo
1458 1442 1729 1515 pontiﬁce
1789 1441 1847 1495 in

176 1531 397 1604 Anglia
431 1531 644 1586 haberi
676 1531 868 1603 caapit.
895 1533 1107 1587 Scribit
1134 1531 1467 1588 Willelmus
1497 1531 1849 1588 Malmesbu-

177 1621 400 1676 riensis
427 1619 692 1675 Waltero
723 1620 1097 1676 Cantuariam
1128 1623 1401 1690 venienti,
1455 1621 1554 1694 qui
1607 1619 1849 1692 pallium

177 1710 236 1765 in
249 1708 468 1766 arcula
495 1713 774 1782 argentea
793 1710 1109 1776 deferebat,
1133 1710 1474 1766 Anselmum
1497 1709 1646 1764 inter
1669 1725 1850 1781 popu-

182 1799 378 1854 lorum
429 1799 759 1870 applausus
818 1800 1198 1871 nudipedem,
1278 1805 1336 1854 et
1385 1798 1851 1854 sacerdotalibus
1884 1828 1930 1892 Β

179 1888 457 1945 vestibus
471 1888 816 1944 redimitum
829 1889 1093 1945 obviasse
1112 1908 1124 1957 ;
1140 1906 1390 1961 cumque
1410 1888 1652 1961 pallium
1676 1905 1854 1958 supra

182 1977 372 2032 altare
406 1977 613 2032 Sancti
673 1976 990 2033 Salvatoris
1049 1979 1257 2035 fuisset
1296 1978 1650 2049 depositum,
1706 1975 1852 2031 illud

181 2067 554 2138 sibimetipsi
587 2083 765 2144 super
797 2067 1076 2124 humeros
1120 2069 1429 2140 aptavisse,
1489 2085 1556 2124 ac
1615 2068 1854 2122 demum

181 2155 562 2229 processisse
599 2156 671 2210 ad
721 2173 889 2212 sacra
938 2159 1301 2230 peragenda:
1355 2159 1510 2230 quod
1571 2173 1705 2212 cum
1764 2156 1856 2211 die

185 2245 514 2301 Dominica
543 2261 599 2299 ιν
625 2245 761 2300 ldus
789 2245 948 2300 Junii
983 2247 1405 2302 factum‘fuisse
1443 2245 1853 2310 observaverit,

183 2335 238 2389 id
270 2334 392 2389 hoc
413 2350 576 2389 anno
609 2335 767 2400 1075,
796 2351 912 2406 quo
942 2335 1062 2392 haec
1093 2336 1530 2392 diesincidebat
1552 2335 1610 2390 in
1661 2335 1856 2393 Domi-

183 2424 410 2489 nicam,
437 2423 762 2495 contigisse
793 2429 1037 2480 constat.

248 2514 520 2583 Accepto
552 2505 731 2584 pallio
763 2512 1076 2568 Anselmus
1113 2513 1343 2570 Urbano
1366 2513 1672 2586 epistolam
1716 2516 1857 2570 scri-
1907 2563 1916 2570 .

183 2602 326 2674 psit,
365 2601 500 2656 haec
529 2606 621 2657 est
647 2604 716 2657 37
747 2601 882 2658 libri
913 2620 975 2658 ιιι
1006 2607 1072 2659 ut
1088 2603 1138 2659 ei
1161 2604 1233 2658 ob
1257 2608 1486 2659 tantum
1511 2605 1858 2661 beneﬁcium

183 2691 420 2763 gratias
443 2690 706 2760 referret,
732 2697 1148 2764 excusaretque
1171 2709 1252 2759 se,
1273 2693 1426 2764 quod
1445 2694 1688 2749 Romam
1715 2693 1856 2750 illud

187 2782 262 2835 ab
295 2796 372 2836 eo
407 2779 540 2852 ipso
571 2784 912 2853 recepturus
931 2799 1044 2838 non
1075 2781 1454 2850 accessisset;
1489 2783 1590 2838 sed
1617 2782 1710 2838 hic
1752 2785 1860 2838 mi-

189 2885 325 2924 rare
361 2867 523 2924 beati
552 2868 660 2923 viri
686 2869 1031 2925 modestiam
1065 2875 1120 2926 et
1151 2869 1517 2939 charitatem,
1558 2871 1658 2944 qui
1712 2872 1863 2928 inter

191 2957 346 3013 alias
381 2957 780 3014 excusationis
810 2975 1038 3028 causas,
1069 2976 1140 3014 ne
1160 2960 1401 3015 verbum
1429 2960 1663 3032 quidem
1687 2961 1863 3016 habet

195 3047 268 3103 de
298 3045 599 3120 molestiis
629 3063 777 3119 quas
808 3065 876 3103 ea
905 3047 1206 3104 occasione
1239 3065 1274 3104 a
1295 3065 1427 3120 rege
1459 3054 1515 3104 et
1571 3049 1860 3122 episcopis

195 3135 594 3208 gravissimas
625 3135 958 3208 pertulerat.

1953 741 2084 780 rum
2116 725 2364 796 injurias
2415 726 2663 790 tueatur,
2713 721 2914 794 eisque
2967 718 3266 791 permittat
3315 716 3483 789 signa
3529 715 3602 772 ad

1955 815 2210 870 ofﬁcium
2236 815 2496 869 divinum
2514 812 2765 885 pulsare,
2791 815 2856 864 ut
2879 811 3020 864 ordo
3043 807 3425 872 monasticus,
3447 805 3602 878 quod

1954 904 2048 959 ille
2081 905 2200 960 ﬁeri
2237 904 2600 976 prohibebat,
2624 901 2816 973 exigit.
2848 900 2958 955 Sed
2984 899 3111 969 jam
3143 897 3213 952 ad
3243 895 3458 952 Urbani
3480 894 3605 950 Gal-

1956 993 2209 1050 licanum
2241 994 2352 1049 iter
2381 992 2784 1049 revertendum
2809 993 2917 1044 est.

2160 1083 2538 1139 CLXXXVIII.
2578 1081 2820 1138 Urbanus
2852 1078 3052 1134 transit
3082 1078 3142 1131 in
3173 1073 3398 1130 Gallias.

2032 1175 2298 1229 Urbanus
2353 1172 2550 1243 itaque
2611 1168 2796 1225 Alexii
2841 1167 3172 1222 Graecorum
3237 1162 3606 1234 imperatoris

1959 1265 2246 1336 precibus,
2276 1266 2336 1317 ut
2356 1261 2667 1316 Guibertus
2683 1261 2932 1314 testatur
2952 1253 3259 1310 initiolibri
3284 1269 3322 1307 ιι
3344 1251 3607 1308 Historiae

1957 1351 2300 1423 Jerosolymi
2312 1348 2703 1421 tanze,a1iique
2717 1347 2936 1419 passim
2953 1347 3220 1400 auctores
3235 1339 3610 1397 consentiunt

1959 1441 2243 1497 excitatus
2293 1457 2358 1495 ac
2407 1439 2588 1494 multo
2637 1435 2824 1509 magis
2875 1434 3149 1504 generalis
3221 1430 3608 1486 Christianita-

1959 1533 2046 1587 nis
2077 1529 2351 1602 periculo,
2387 1547 2514 1601 quae
2541 1525 2898 1599 quotidianis
2922 1523 3308 1578 barbarorum
3328 1518 3612 1574 incursio-

1962 1621 2136 1676 nibus
2159 1618 2477 1691 deperibat,
2502 1616 2798 1683 incensus,
2818 1615 2934 1668 imo
2949 1617 3006 1668 et
3026 1625 3325 1666 sacrorum
3347 1607 3609 1663 locorum

1962 1709 2514 1781 recuperandorum,
2537 1705 2691 1778 quod
2712 1718 2917 1759 omnes
2940 1698 3366 1772 efflagitabant,
3383 1696 3612 1752 deside-

1961 1798 2046 1852 rio
2091 1797 2463 1868 potissimum
2498 1801 2683 1858 actus,
2734 1793 2910 1848 rebus
2949 1791 3008 1846 in
3054 1784 3456 1860 Longobardia
3484 1785 3615 1840 bene

1962 1887 2258 1958 dispositis,
2291 1887 2510 1941 marino
2541 1887 2758 1950 itinere,
2793 1883 2877 1936 uti
2908 1881 3083 1935 habet
3113 1873 3477 1942 Bertholdus,
3510 1889 3614 1930 seu

1964 1978 2294 2032 transcensis
2311 1976 2554 2047 Alpibus,
2571 1973 2725 2045 quod
2747 1971 2846 2027 alii
2870 1969 3092 2042 passim
3112 1971 3379 2023 auctores
3391 1961 3614 2031 volunt,

1964 2067 2026 2121 in
2055 2066 2260 2122 Gallias
2306 2065 2570 2121 divertere
2621 2065 2823 2133 carpit;
2855 2063 2912 2115 et
2961 2057 3195 2130 quidem
3229 2068 3432 2112 mense
3456 2050 3614 2108 Julio

1964 2159 2242 2220 vertente,
2275 2159 2340 2209 ut
2368 2171 2435 2209 ex
2466 2153 2706 2224 llugone
2722 2145 3138 2205 Flaviniacensi
3170 2141 3438 2214 colligere
3459 2138 3613 2195 licet.

1967 2245 2111 2300 Nam
2143 2243 2195 2300 is
2225 2243 2281 2298 in
2304 2241 2588 2297 Chronico
2615 2240 2790 2296 refert
2809 2243 3112 2308 Hugonem
3144 2230 3408 2303 Lugduni
3431 2227 3619 2284 archi-

1968 2335 2306 2408 episcopum
2340 2330 2431 2386 die
2462 2329 2633 2385 tertia
2665 2333 2798 2384 ante
2839 2330 3100 2380 octavam
3133 2319 3330 2376 Sancti
3371 2317 3617 2408 Joannis

1969 2406 2243 2496 Baptistae
2291 2437 2360 2476 ex
2407 2419 2553 2474 urbe
2600 2412 2991 2488 Compostella
3037 2423 3338 2466 reversum
3366 2406 3618 2496 nuntios

1968 2493 2220 2568 habuisse
2248 2524 2408 2582 papae
2435 2508 2586 2563 urbis
2615 2506 2680 2560 de
2709 2503 2908 2576 Apulia
2938 2499 3202 2556 venientis
3221 2503 3272 2551 et
3308 2494 3379 2550 ad
3411 2493 3619 2582 Gallias

1967 2579 2510 2675 festinantistavet
2539 2597 2713 2651 etiam
2745 2590 2979 2647 traditio
3001 2579 3618 2675 Astensium,-qui,‘uti

1969 2670 2246 2753 diximus,
2281 2691 2490 2761 putant
2521 2685 2801 2754 majorem
2833 2697 2952 2735 sua:
2984 2675 3146 2734 urbis
3172 2670 3478 2731 ecclesiam
3511 2673 3620 2724 Ka—
3673 2675 3680 2682 ‘

1963 2762 2156 2837 Ilendis
2185 2778 2325 2834 Julii
2356 2777 2534 2848 hujus
2556 2773 2690 2830 anni
2711 2772 2782 2827 ab
2815 2769 3046 2826 Urbano
3069 2765 3125 2820 in
3151 2762 3372 2820 Gallias
3403 2775 3610 2832 prope-

1971 2874 2137 2926 rante
2159 2871 2554 2924 consecratam
2587 2862 2796 2918 fuisse:
2832 2858 2985 2914 unde
3009 2854 3130 2912 falli
3155 2866 3389 2910 necesse
3410 2852 3502 2905 est
3519 2863 3619 2906 eos

1970 2959 2070 3031 qui
2103 2959 2289 3023 aiunt,
2341 2955 2494 3028 quod
2537 2968 2708 3008 nemo
2755 2953 3016 3004 veterum
3066 2937 3614 3031 dixit,ipontificem

1971 3025 2030 3103 in
2064 3025 2375 3120 pervigilio
2394 3041 2788 3116 apostolorum
2809 3035 2963 3094 Petri
2984 3038 3042 3091 et
3056 3025 3618 3120 PaulivMagalonam

1971 3118 2082 3192 hoc
2108 3152 2260 3191 anno
2311 3131 2654 3197 advenisse;
2705 3132 2764 3184 et
2811 3125 3047 3198 quidem
3079 3122 3138 3176 id
3171 3119 3245 3175 ad
3277 3118 3618 3189 sequentem

197 3198 565 3298 ULXXXVII.
601 3198 798 3313 xinglia
827 3248 1041 3313 pacata,
1101 3244 1406 3299 Herbertus
1453 3244 1570 3299 sedi
1619 3243 1859 3315 Thetfor-

1972 3241 2194 3282 annum
2227 3221 2422 3279 referri
2455 3219 2662 3275 debere
2693 3233 2800 3272 suo
2832 3215 2958 3269 loco
2989 3209 3388 3268 ostendemus.

267 3315 433 3370 densi
461 3316 794 3370 restituitur.
815 3316 1128 3384 'Privilegia.
1147 3331 1249 3386 pro
1279 3317 1625 3371 monasteriis
1643 3316 1698 3371 S.
1740 3318 1855 3371 loo-

269 3389 390 3450 nis,
421 3386 588 3441 Belli.

271 3491 500 3547 Exinde
527 3508 660 3547 vero
690 3492 942 3548 liberum
966 3493 1075 3548 fuit
1106 3492 1258 3549 inter
1299 3493 1598 3549 Urbanum
1638 3499 1694 3548 et
1749 3497 1861 3548 An-

201 3581 338 3653 glos
361 3581 804 3649 commercium,
822 3586 879 3636 et
894 3583 1226 3650 Herbertus,
1251 3583 1371 3654 qui,
1392 3583 1546 3653 quod
1561 3583 1860 3638 Urbanum

201 3668 550 3741 pontiﬁcem
570 3670 906 3742 agnovisset
924 3671 1060 3726 sede
1082 3688 1190 3726 sua
1211 3671 1466 3742 pulsusa
1493 3671 1670 3744 regiis
1688 3671 1860 3726 mini-

201 3759 348 3816 stris
381 3759 594 3826 fuerat,
623 3775 752 3814 eam
785 3759 1020 3830 recepit.
1053 3759 1155 3814 Hic
1185 3777 1216 3815 e
1256 3759 1544 3816 monacho
1605 3759 1860 3816 Fiscam-

201 3846 378 3902 nensi
411 3846 596 3902 abbas
619 3847 1015 3903 Ramesiensis
1051 3848 1236 3904 factus
1267 3848 1667 3921 episcopatum
1686 3849 1862 3904 Thet-

201 3936 546 3992 fordensem
579 3934 735 3990 haud
765 3936 889 3992 sine
921 3936 1191 3993 Simonis:
1233 3937 1564 4009 suspicione
1613 3939 1861 4010 adeptus

204 4025 434 4092 fuerat;
452 4040 706 4096 cumque
727 4041 795 4081 ea
807 4025 878 4080 de
898 4042 1080 4082 causa
1101 4027 1346 4082 Romam
1374 4026 1638 4094 adiisset,
1660 4033 1722 4082 ut
1735 4043 1863 4083 sese

203 4113 432 4169 Urbani
461 4127 721 4169 censuras
744 4113 1078 4185 subjiceret,
1101 4132 1134 4171 a
1155 4131 1286 4187 rege
1309 4115 1634 4187 increpitus
1652 4116 1858 4185 fuerat,

199 4205 264 4256 et
293 4200 527 4269 baculo,
561 4216 735 4272 quem
757 4202 808 4258 ei
842 4202 1146 4273 poenitenti
1206 4204 1536 4280 reddiderat
1580 4205 1859 4276 pontifex,

205 4290 494 4361 privatus.
521 4291 632 4346 Sed
663 4292 916 4347 rebuseo
941 4293 1111 4348 modo
1134 4309 1249 4364 quo
1271 4293 1548 4360 diximus,
1573 4293 1860 4366 composi-

203 4378 310 4444 tis,
339 4377 472 4435 sedi
502 4395 622 4434 sua:
640 4378 879 4436 relictus
893 4385 1198 4452 est,quam
1232 4398 1386 4437 anno
1407 4383 1696 4454 sequenti,
1721 4383 1861 4438 Nor-

201 4467 453 4532 wionm,
507 4471 848 4524 constructa
887 4469 968 4524 ibi
1026 4486 1174 4525 nova
1230 4469 1490 4537 basilica,
1539 4471 1860 4540 transtulit,

2041 3327 2374 3386 CLXXXIX.
2423 3325 2606 3382 Anicii
2633 3324 2831 3395 festum
2845 3314 3256 3395 _Ass_un_i_p1iouis
3281 3309 3539 3366 celebrat.

2360 3397 2620 3453 Ecclesiae
2633 3387 2906 3450 Valentia?
2933 3387 3229 3480 dediwtio.‘

1971 3666 2283 3725 concilium
2343 3663 2673 3725 advenerat,
2728 3657 2882 3729 apud
2929 3651 3196 3709 Anicium
3245 3646 3619 3704 Vallavorum

1971 3759 2174 3812 urbem
2207 3753 2379 3825 vulgo
2411 3751 2655 3806 Podium
2713 3749 2805 3818 [Le
2833 3751 2958 3816 Puy
3001 3759 3071 3798 en
3121 3738 3327 3808 Vetas/.1
3379 3735 3618 3799 dictam,

1970 3845 2448 3916 Assumptionem
2463 3839 2717 3910 Deiparzs
2739 3833 2994 3906 Virginis
3016 3826 3624 3916 celebrasse..Consen-_-

1970 3937 2041 3990 tit
2070 3910 2384 3990 Gaufridus
2417 3929 2574 4001 prior
2600 3921 2898 3981 Vosiensis
2939 3911 3339 3978 in‘Chronico,
3383 3916 3542 3966 temo
3573 3910 3620 3964 II

1975 4022 2340 4080 Bibliotheca:
2377 4018 2710 4077 Labbeante,
2763 4011 2863 4066 ubi
2895 4008 3059 4065 addit
3090 4004 3411 4067 Urbanum,
3445 4013 3620 4070 quem

1970 4095 2152 4170 virum
2204 4106 2623 4182 medicandum
2665 4099 2938 4173 appellat,
3003 4111 3102 4167 per
3151 4087 3531 4182 Burgundioni
3569 4088 3625 4139 et

1970 4176 2260 4259 Francia-in
2291 4200 2352 4252 in
2402 4195 2604 4251 Gallias
2647 4189 2898 4254 venisse,
2929 4183 3146 4257 quibus
3192 4176 3388 4234 verbis
3432 4177 3622 4272 totum

1970 4292 2099 4362 ejus
2130 4290 2238 4344 iter
2266 4279 2724 4356 comprehendit,
2759 4275 2912 4350 quod
2941 4273 3109 4362 abeo
3142 4270 3275 4323 ante
3305 4260 3620 4362 concilium

1971 4348 2486 4436 dlaromonlanum
2517 4348 2845 4427 confectum
2874 4366 2983 4422 est.
3017 4359 3076 4416 Si
3107 4362 3304 4414 tamen
3335 4367 3452 4408 non
3475 4348 3626 4406 fallit

1973 4465 2247 4525 chronica
2278 4467 2415 4520 nota
2431 4457 2689 4533 epistolae
2712 4453 3023 4527 ipsiusmet
3045 4443 3338 4520 pontiﬁcis
3355 4441 3447 4533 ad
3461 4439 3626 4495 Lam-

203 4529 462 4627 eamque
491 4573 682 4628 usque
712 4558 784 4612 ad
833 4562 1080 4614 mortem
1139 4558 1378 4630 paciﬁce
1428 4529 1635 4616 tenuit.
1697 4529 1861 4616 Circa
1881 4565 1937 4630 ‘1)
1967 4559 2198 4613 bertam
2223 4529 2664 4607 Atrebatensem
2696 4544 3059 4630 episcopum,
3086 4534 3182 4590 ille
3199 4533 3323 4630 jam
3361 4529 3472 4630 su‘b
3502 4542 3624 4630 me-

207 4645 372 4701 idem
389 4649 623 4716 tempus
643 4645 978 4702 Willelmus
1011 4647 1168 4720 prior
1189 4647 1386 4703 Sancti
1400 4647 1592 4705 Ivonis
1608 4649 1667 4703 in
1689 4649 1864 4704 comi-

206 4738 337 4789 tatu
369 4733 824 4790 Huntidoniensi
881 4752 915 4790 a
943 4735 1225 4792 Ramesiaa
1269 4737 1502 4793 abbatis
1558 4737 1864 4809 pendentis

209 4819 589 4894 privilegium
615 4822 838 4895 accepit
857 4824 928 4880 ab
953 4824 1202 4894 Urbano,
1223 4841 1336 4896 quo
1359 4841 1562 4882 omnes
1585 4826 1712 4896 ejus
1753 4826 1862 4881 loci

212 4911 619 4981 possessiones
648 4929 715 4968 ac
757 4911 1162 4971 immunitates
1214 4915 1656 4972 conﬁrmantur.
1713 4913 1862 4970 Illud

213 4998 471 5052 habetur
493 4998 548 5054 in
575 5001 895 5058 Monastico
914 5002 1253 5075 Anglicano,
1273 5003 1372 5060 ubi
1397 5003 1618 5060 nullam
1637 5004 1866 5060 chroni-

211 5103 346 5146 cam
379 5091 576 5144 notam
605 5089 797 5146 habet.
823 5092 984 5148 Idem
1008 5091 1284 5164 pontifex,
1309 5097 1375 5148 ut
1406 5092 1580 5148 habet
1619 5094 1861 5150 Eadme-

213 5193 342 5243 rus,
373 5179 661 5233 concessit
685 5180 994 5235 monachis
1015 5181 1262 5236 abbatis:
1312 5180 1452 5236 Belli
1485 5182 1638 5253 apud
1690 5183 1863 5239 Exce-

211 5265 422 5320 striam
455 5269 978 5333 commorantibus,
1013 5273 1076 5323 ut
1115 5269 1172 5324 in
1223 5269 1455 5341 proprio
1511 5271 1864 5326 monasterio

209 5351 624 5424 sepelirentur.
659 5356 904 5413 Litteras
936 5374 1004 5412 ea
1025 5357 1095 5412 de
1130 5374 1189 5412 re
1214 5357 1285 5413 ab
1333 5358 1567 5414 Urbano
1617 5360 1866 5433 scriptas

212 5443 288 5497 ad
317 5442 651 5501 Osbernnm
673 5447 1014 5520 episcOpum
1044 5447 1500 5503 Excestriensem
1523 5447 1724 5506 laudat
1763 5449 1866 5505 Pa-

210 5531 436 5588 schalis
467 5533 516 5589 II
535 5536 707 5607 epist.
739 5538 810 5591 97
836 5554 848 5604 ;
884 5537 986 5592 sed
1018 5535 1132 5592 illae
1163 5536 1521 5593 exciderunt.
1554 5539 1717 5595 Certe
1737 5539 1867 5610 ejus

205 5620 320 5679 loci
341 5623 652 5680 monachis
685 5625 945 5682 infensos
987 5626 1167 5683 fuisse
1218 5625 1458 5682 clericos
1516 5628 1868 5686 Exonienses

1973 4645 2136 4701 dium
2161 4641 2300 4696 Julii
2351 4636 2536 4695 Anicii
2577 4633 2948 4697 versabatur;
2998 4627 3121 4682 base
3153 4621 3370 4696 quippe
3409 4616 3627 4672 dicitur

1972 4735 2102 4790 data
2131 4731 2190 4786 ia
2243 4746 2312 4784 ea
2339 4727 2483 4782 urbe
2540 4738 2675 4780 xvm
2719 4719 2985 4777 Kalendas
3038 4712 3290 4782 Augusti.
3341 4710 3416 4762 At
3460 4704 3628 4762 fallor

1971 4839 2078 4895 ego
2109 4820 2232 4892 ipse
2264 4816 2380 4872 nisi
2407 4813 2716 4886 legendum
2736 4810 2813 4866 sit
2831 4801 3248 4895 xvaalemlas
3275 4794 3625 4895 Septembris,

1974 4881 2103 4983 quae
2131 4881 2262 4980 ipsa
2291 4906 2418 4962 dies
2448 4881 2537 4959 est
2577 4895 3014 4971 Assumptionis
3061 4892 3242 4946 beatae
3292 4883 3508 4983 Mariae,

1974 4968 2313 5057 auctoi'ibus
2357 4995 2486 5066 ejus
2529 4991 2654 5057 aevi,
2706 4989 2789 5046 uti
2837 4983 3114 5048 diximus,
3166 4974 3510 5070 memorata.
3533 4968 3626 5066 -ςΕι

1977 5089 2214 5162 quidem
2247 5057 2528 5140 mendum
2580 5080 2690 5136 hoc
2717 5077 2842 5134 loco
2874 5075 2932 5130 in
2965 5065 3178 5127 Urbani
3211 5057 3516 5162 epistolam
3543 5057 3621 5112 ir-

1976 5147 2229 5250 repsisse
2259 5173 2558 5230 fatendum
2576 5174 2685 5235 est,
2711 5166 2862 5238 quod
2900 5163 2958 5217 in
2991 5170 3194 5214 mense
3219 5147 3624 5250 Julliotquisex

1975 5238 2170 5323 Nonas
2204 5264 2392 5326 habet,
2411 5259 2609 5315 nullus
2639 5257 2764 5312 dies
2795 5251 3059 5308 occurrat
3077 5238 3622 5326 xvmantcAugusti

1978 5353 2303 5420 Kalendas;
2329 5323 2441 5404 nisi
2475 5346 2739 5404 notarius
2770 5334 3142 5413 appellaverit
3166 5345 3302 5422 xvui
3331 5323 3623 5422 Kalendas

1975 5416 2434 5517 Augustihdiem
2465 5437 2654 5509 ipsam
2699 5433 2765 5487 13
2794 5426 3057 5517 ejusdem
3091 5418 3310 5478 mensis
3335 5416 3620 5517 Inugusti,

1978 5509 2104 5607 quo
2123 5509 2394 5587 Kalenda
2447 5527 2506 5581 in
2553 5525 2838 5596 Augusto,
2887 5514 2996 5607 etsi
3028 5530 3062 5569 a
3109 5509 3405 5607 sequenti”

1978 5593 2148 5692 vulgo
2169 5593 2748 5684 dicantur,recenseri
2770 5606 3079 5680 incipiunt,
3095 5601 3263 5671 cujus
3285 5593 3365 5651 rei
3380 5593 3623 5648 fortasse
