4000 6178
425 342 544 415 185

1726 346 1799 411 Β.
1843 336 2138 411 URBANI
2182 334 2235 408 ll
2277 344 2532 410 PAPE.

3715 343 3836 408 156

427 482 544 542 alia
567 460 830 557 exempla
842 481 1086 557 proferri
1105 480 1442 558 possent.Id
1471 497 1612 540 sane
1633 480 1948 539 dicendum
1961 484 2070 549 est,
2099 479 2157 548 Α
2181 482 2328 556 apud
2350 481 2584 539 Podium
2621 494 2914 539 convocare
2969 479 3333 555 disposuerat,
3373 478 3473 537 sed
3535 496 3692 548 cum,
3743 479 3833 536 uti

429 576 478 633 si
507 591 712 631 verum
744 572 821 630 sit
850 575 1132 646 majOrem
1161 572 1440 630 Valentia:
1471 572 1636 629 urbis
1675 570 1981 628 basilicam
2005 570 2077 625 ab

427 664 680 734 Urbano,
712 681 847 720 cum
879 664 949 719 ad
978 663 1288 719 concilium
1320 661 1832 719 Claromontanum
1871 677 2074 733 prope-

428 757 599 821 raret,
615 753 798 809 Nonis
821 752 1067 821 Augusti
1080 750 1410 807 dedicatam
1438 750 1647 818 fuisse;
1668 750 1822 823 quod
1838 749 2075 821 quidem

424 859 627 900 verum
657 859 785 898 esse
816 841 991 897 certis
1023 839 1387 913 argumentis
1409 844 1675 895 constare
1705 839 1955 893 videtur.

498 931 692 986 Primo
723 929 1071 985 Chronicum
1103 932 1268 985 vetus
1294 928 1701 1001 episcoporum
1734 926 2077 982 Valentino-

306 1030 313 1033 ’
426 1036 556 1076 rum
580 1019 663 1075 sic
694 1020 764 1074 de
786 1017 1085 1073 Guntardo
1107 1018 1378 1090 episcopo
1402 1018 1576 1073 habet
1600 1033 1613 1071 :
1638 1019 1710 1072 Eo
1723 1016 2072 1088 praesidente,

426 1108 583 1165 bonae
630 1107 905 1163 memoria:
954 1106 1201 1163 Urbanus
1256 1106 1309 1160 II
1347 1108 1600 1178 ponti/ex
1650 1107 1921 1161 Romanus
1978 1105 2074 1159 Ec-

423 1196 725 1253 clesiarum
772 1196 979 1252 Christi
1024 1212 1216 1250 curam
1261 1212 1478 1264 gerens,
1526 1195 1657 1249 dum
1698 1195 1769 1250 ad
1816 1196 2076 1264 generale

422 1288 718 1342 concilium
746 1287 851 1341 iret
894 1284 1295 1340 Claromontem
1315 1301 1416 1355 per
1446 1284 1586 1339 hanc
1617 1285 1805 1340 urbem
1854 1286 1957 1338 iter
1987 1287 2073 1354 fa-

422 1377 591 1442 ciens,
624 1378 734 1429 etc.
766 1374 1025 1446 Idipsum
1061 1373 1274 1428 diserte
1305 1376 1554 1428 testatur
1583 1372 1747 1445 Hugo
1779 1372 2078 1428 Graliano-

424 1463 723 1536 politanus
752 1462 1083 1535 episc0pus,
1110 1462 1167 1515 in
1199 1479 1352 1533 saepe
1381 1460 1616 1516 laudato
1646 1459 1863 1527 libello,
1900 1477 2075 1531 quem

424 1551 720 1624 integrum
752 1551 810 1605 in
859 1550 1192 1622 Appendice
1223 1550 1564 1606 referemus.
1601 1549 1762 1613 Quod
1793 1565 1926 1603 vero
1957 1548 2080 1603 hanc

423 1639 669 1697 ecclesia
693 1639 875 1694 Nonis
900 1637 1044 1710 ipsis
1069 1638 1308 1712 Augusti
1348 1637 1614 1693 dedicata
1642 1637 1849 1703 fuerit,
1874 1636 2079 1710 probat

425 1726 824 1785 anniversaria
838 1727 967 1798 ejus
987 1725 1349 1794 solemnitas,
1378 1726 1488 1781 hoc
1510 1726 1637 1798 ipso
1659 1725 1752 1781 die
1772 1725 1832 1780 in
1855 1729 2080 1781 vetusto

425 1815 645 1872 Missali
687 1815 1018 1889 assignata;
1060 1816 1177 1871 imo
1208 1832 1337 1888 quae
1367 1816 1542 1871 etiam
1578 1831 1734 1870 nunc
1765 1814 2079 1887 quotannis
2108 1851 2157 1916 Β

425 1905 626 1962 eadem
651 1903 1042 1977 die,Valentiaa
1065 1902 1409 1959 celebratur.
1444 1902 1546 1958 His
1570 1902 1846 1959 omnibus
1876 1902 2075 1958 suffra.

425 1997 599 2068 gatur
625 1996 793 2049 vetus
824 1992 1148 2064 inscriptio,
1182 1991 1391 2048 litteris
1418 1991 1746 2047 uncialibus
1787 1991 1966 2064 lapidi
1987 1991 2079 2046 in-

425 2082 675 2155 sculpta,
707 2086 765 2138 et
811 2081 911 2137 uni
945 2097 1013 2137 ex
1065 2081 1330 2152 ejusdem
1362 2080 1616 2137 ecclesiae
1652 2080 1852 2152 januis
1882 2079 2075 2147 afﬁxa,

426 2187 553 2246 quae
583 2170 974 2228 Calviniorum
1022 2170 1300 2236 furorem,
1351 2169 1622 2242 quamvis
1653 2168 1921 2225 nonnihil
1954 2168 2073 2225 vio-

424 2259 563 2327 lata,
592 2276 727 2316 cum
775 2258 1286 2316 banc.ecclesiam
1331 2258 1544 2315 saeculo
1602 2275 1693 2315 xv:
1755 2257 2076 2324 diruerent,

423 2348 630 2405 evasit.
662 2347 754 2405 Sic
783 2364 920 2404 vero
951 2347 1161 2403 habet:

565 2439 729 2494 ΑΝΝο
766 2454 839 2492 ΑΒ
879 2436 1287 2492 INCARNATIOV‘B
1326 2435 1536 2491 DOMINI
1577 2451 1889 2491 MILLESIMO

566 2524 920 2564 uouaoasmo
963 2550 975 2562 .
1022 2549 1035 2562 .
1082 2550 1095 2562 .
1141 2549 1155 2563 .
1195 2506 1391 2562 Nonas
1428 2508 1694 2573 AUGUSTI,

570 2579 834 2636 Uamuus
875 2595 1014 2635 ΡΑιιΑ
1053 2595 1338 2634 sacuunus
1377 2594 1497 2633 CUM
1539 2594 1831 2633 nuonncm

567 2666 855 2708 EPISCOPIS
892 2667 950 2705 IN
990 2666 1220 2705 ΗΟΝΟΒΕ
1258 2666 1448 2704 ΒΕΑΤΛΕ
1485 2652 1687 2704 ΜΑΒῙᾸΞ
1725 2665 1980 2705 VIRGINIS

569 2739 635 2776 ετ
670 2737 995 2777 sucronem
1034 2735 1358 2776 mammam
1400 2720 1676 2776 Coausnu
1716 2736 1783 2775 ετ

565 2792 841 2848 CYPRIANI
881 2808 1031 2847 HANC
1069 2808 1381 2848 ECCLESIAM
1422 2808 1737 2849 DEDICAVIT.

425 2880 676 2948 Quinam
725 2884 921 2937 autem
952 2880 1117 2936 fuere
1166 2878 1472 2936 duodecim
1519 2878 1605 2934 illi
1649 2878 1927 2951 episcopi,
1981 2878 2079 2949 qui

424 2968 563 3025 huic
593 2968 913 3025 celebritati
938 2984 1071 3024 cum
1096 2968 1327 3025 Urbano
1350 2967 1664 3023 interfuere
1685 2966 1943 3023 divinare
1961 2983 2077 3022 non

429 3057 567 3115 licet
591 3075 604 3127 ;
639 3061 699 3113 at
748 3074 817 3114 ex
837 3058 1098 3129 Hugonis
1118 3056 1316 3114 libello
1342 3056 1623 3113 discimus
1648 3056 1976 3112 Guidonem
1995 3072 2082 3112 ar-

2182 572 2468 645 conjicere
2495 575 2602 638 est,
2636 571 2899 628 nondum
2931 588 3024 627 res
3046 574 3243 628 essent
3291 569 3607 643 dispositas,
3640 569 3833 643 ipsam

2183 662 2444 729 tandem,
2472 677 2606 716 cum
2634 660 2821 715 Anicii
2852 661 3199 733 esset,apud
3221 659 3720 715 Clarummontem
3734 661 3839 714 Ar-

2181 767 2492 806 vernorum
2523 749 2815 805 civitatem
2848 748 3256 805 celebrandam
3282 748 3513 804 indixit.
3549 747 3711 804 Certe
3735 748 3837 803 lit-

2181 844 2316 895 teras
2348 838 2564 911 quibus
2596 839 2973 894 Lambertum
3003 839 3442 894 Atrebatensem
3461 837 3721 910 pontifex
3761 837 3836 892 ad

2181 928 2290 983 hoc
2321 928 2633 983 concilium
2657 926 2938 997 invitavit,
2969 926 3172 995 Anicii,
3207 931 3272 982 ut
3301 943 3436 982 mox
3462 926 3832 993 dicebamus,

2182 1017 2329 1072 data-
2362 1019 2537 1083 sunt;
2570 1020 2627 1071 et
2658 1015 2968 1071 Bertoldus
3000 1016 3069 1071 de
3100 1014 3333 1072 Urbano
3371 1014 3620 1087 loquens
3676 1016 3835 1088 apud

2183 1106 2427 1162 Podium
2439 1108 2729 1172 versante,
2752 1104 3267 1177 synodum,inquit,
3292 1104 3370 1158 ad
3392 1105 3837 1160 Montemclarum

2184 1200 2245 1252 in
2275 1202 2514 1251 octavam
2542 1196 2729 1250 Sancti
2758 1196 2983 1250 Martini
3010 1195 3302 1267 apostolica
3326 1195 3651 1251 auctoritate
3705 1210 3837 1249 con-

2185 1286 2348 1352 dixit,
2380 1284 2449 1339 ad
2478 1301 2639 1355 quam
2680 1284 3026 1339 diversarum
3072 1285 3488 1355 provinciarum
3541 1284 3834 1354 episcopos,

2185 1376 2367 1429 missis
2393 1374 2614 1441 litteris,
2646 1374 2911 1427 canonica
2940 1373 3217 1427 vocatione
3246 1372 3519 1427 invitavit.
3546 1370 3835 1426 Haslitte-

2187 1480 2283 1518 ras
2309 1462 2377 1517 ad
2412 1461 2893 1533 metropolitanos
2925 1461 3174 1532 scriptas
3205 1460 3408 1528 fuisse,
3448 1464 3513 1515 ut
3538 1460 3649 1531 ipsi
3707 1477 3824 1515 non

2188 1551 2376 1607 solum
2411 1549 2811 1621 sulIraganeos
2834 1566 2972 1605 suos
2994 1548 3299 1621 episcopos
3320 1552 3421 1604 aut
3446 1548 3706 1616 abbates,
3730 1549 3831 1604 sed

2187 1640 2361 1696 etiam
2381 1638 2525 1694 alios
2546 1637 2763 1694 Ecclesi
2772 1655 2939 1693 arum
2953 1637 3315 1711 praepositos,
3330 1637 3448 1693 imo
3461 1640 3517 1693 et
3528 1636 3837 1693 saeculares

2189 1727 2481 1802 principes
2505 1727 2576 1782 ad
2607 1725 2919 1782 concilium
2950 1726 3242 1799 pontiﬁcis
3287 1726 3524 1782 nomine
3562 1741 3839 1781 convoca-

2188 1819 2338 1884 rent,
2372 1815 2658 1871 discimus
2688 1832 2757 1871 ex
2794 1814 3040 1887 epistola
3076 1814 3359 1887 Raynoldi
3411 1814 3837 1888 archiepiscopi

2188 1905 2492 1961 Remensis
2520 1905 2591 1959 ad
2635 1904 3011 1959 Lambertum
3066 1903 3502 1959 Atrebatensem
3551 1919 3620 1959 ea
3669 1919 3838 1959 occa-

2187 1994 2351 2050 sione
2375 1994 2532 2049 data.
2570 1993 2641 2048 Et
2669 1992 2907 2065 quidem
2938 2008 3123 2064 operae
3145 1992 3397 2065 pretium
3421 1995 3545 2048 erat
3567 1995 3633 2047 ut
3658 1992 3837 2048 etiam

2187 2081 2482 2156 principes
2507 2082 2577 2137 ad
2612 2080 2925 2137 concilium
2953 2081 3237 2149 venirent,
3271 2096 3405 2136 cum
3436 2081 3510 2136 ob
3540 2079 3600 2136 id
3658 2080 3841 2153 potis-

2188 2172 2406 2228 simum
2439 2170 2715 2227 celebrari
2748 2170 2985 2226 deberet
3013 2174 3078 2226 ut
3136 2169 3428 2243 expeditio
3458 2168 3668 2225 bellica
3727 2171 3839 2225 ad-

2186 2277 2389 2317 versus
2418 2259 2683 2316 infideles
2713 2261 3142 2325 decerneretur,
3167 2276 3295 2332 qua:
3312 2276 3410 2315 eos
3442 2258 3693 2315 maxime
3710 2275 3840 2332 spe-

2186 2351 2401 2407 ctabat.
2425 2349 2556 2404 Haec
2587 2348 2868 2421 Raynoldi
2891 2347 3325 2420 metropolitani
3364 2346 3628 2420 epistola,
3677 2348 3837 2419 quod

2188 2437 2481 2513 encyclica
2500 2437 2717 2494 Urbani
2749 2436 3004 2510 perierit,
3038 2436 3275 2492 dabitur
3304 2436 3456 2493 inter
3482 2437 3613 2508 ejus
3642 2437 3838 2508 ponti-

2188 2529 2314 2583 ficis
2342 2526 2588 2595 litteras,
2622 2542 2799 2598 quam
2830 2529 3112 2598 sequetur
3149 2524 3333 2581 altera
3380 2526 3507 2596 jam
3565 2524 3839 2597 superius

2187 2616 2445 2686 laudata,
2478 2631 2657 2688 quam
2686 2614 2943 2687 pontifex
2973 2614 3044 2669 ad
3067 2614 3444 2669 Lambertum
3476 2612 3731 2686 scripsit,
3772 2618 3840 2667 ut

2189 2708 2430 2778 paratus
2460 2704 2537 2761 sit
2560 2703 2827 2759 Ecclesia:
2859 2720 2979 2759 sua:
3001 2718 3237 2759 causam
3261 2703 3541 2759 adversus
3571 2702 3840 2759 Camera-

2189 2810 2392 2851 censes
2414 2794 2476 2848 in
2506 2792 2752 2849 concilio
2783 2809 2919 2847 mox
2945 2790 3141 2847 futuro
3160 2806 3550 2865 propugnare.

2186 2900 2363 2955 CXCI.
2421 2900 2612 2955 Varias
2676 2899 2922 2969 regiones
2977 2901 3233 2968 peragrat
3284 2898 3554 2954 Urbanus.
3628 2897 3841 2952 Festive

2750 2969 2948 3039 ubique
2976 2972 3272 3040 susceptus.

2258 3058 2405 3113 Cum
2419 3057 2616 3129 itaque
2628 3056 2886 3130 pontifex
2898 3073 2990 3113 res
3012 3073 3127 3113 non
3153 3056 3231 3112 ita
3252 3055 3569 3129 dispositas
3586 3055 3780 3111 inveni
3788 3074 3843 3112 s-

424 3145 865 3220 chiepiscopum
915 3146 1307 3202 Viennensem
1339 3145 1599 3219 pontifici
1644 3144 1977 3201 Valentiam
2005 3145 2077 3200 ad
2123 3216 2149 3220 ΑΔ
2189 3150 2278 3203 set
2310 3150 2374 3201 ut
2402 3144 2713 3202 concilium
2747 3146 2934 3217 possit
2962 3145 3113 3201 intra
3142 3160 3358 3217 paucos
3376 3144 3501 3200 dies
3527 3143 3838 3209 celebrari,

424 3234 809 3291 dedicandam
833 3236 1114 3307 majorem
1132 3236 1262 3306 ejus
1276 3216 1437 3290 urbis
1449 3233 1756 3290 ecclesiam
1780 3233 2078 3289 accedenti
2109 3216 2153 3284 (ἶ
2191 3234 2379 3292 varias
2409 3234 2583 3291 urbes
2595 3251 2660 3290 ac
2673 3216 3005 3307 provincias
3021 3216 3315 3289 interdum
3343 3232 3592 3289 invisere
3612 3233 3838 3288 consti-
3920 3298 3931 3303 -

424 3323 767 3392 occurrisse,
800 3323 997 3395 ibique
1027 3324 1362 3396 pontiﬁcem
1396 3323 1449 3379 ei
1488 3323 1643 3379 diem
1674 3321 1890 3378 dixisse
1921 3322 2075 3395 apud

425 3413 742 3481 Romanos,
775 3412 875 3469 ubi
905 3411 1134 3469 volebat
1156 3412 1321 3469 litem
1353 3413 1425 3468 de
1456 3410 1868 3468 Salmoricensi
1905 3426 2073 3484 pago,

425 3519 550 3574 quas
573 3501 927 3573 jamdudum
946 3501 1098 3557 inter
1128 3502 1325 3573 ipsum
1346 3504 1405 3556 et
1433 3504 1740 3573 Hugonem
1768 3501 2077 3556 Gratiano-

423 3589 749 3663 politanum
780 3590 1119 3663 episcopum
1149 3591 1505 3654 vertebatur,
1541 3589 1781 3644 omnino
1812 3589 2073 3644 deﬁnire.

423 3679 630 3735 Adfuit
654 3679 839 3752 Hugo,
866 3684 932 3734 ut
962 3679 1088 3752 ipse
1111 3679 1181 3735 de
1198 3696 1261 3734 se
1288 3678 1569 3750 loquitur,
1594 3678 1688 3732 die
1706 3677 2081 3733 condictazat

423 3767 633 3837 Guido,
651 3768 805 3824 haud
818 3768 1064 3823 dubium
1078 3768 1233 3839 quod
1249 3782 1437 3823 causae
1456 3783 1574 3821 suae
1589 3765 1899 3832 diffideret,
1915 3782 2080 3821 occu-

422 3860 554 3931 pata
569 3855 680 3912 loci
698 3855 1111 3913 Rotmanensis
1122 3854 1468 3921 munitione,
1494 3853 1888 3910 comminatus
1908 3858 1997 3910 est
2017 3870 2081 3909 se

423 3962 639 4019 papam
662 3944 744 4002 ibi
776 3949 1161 4013 retenturum,
1188 3944 1236 3999 si
1268 3946 1470 3999 contra
1497 3942 1694 4016 ipsum
1728 3943 2079 3999 sententiam

426 4034 630 4103 ferret;
664 4050 844 4106 quare
870 4033 1147 4105 pontifex,
1172 4036 1233 4087 ut
1258 4031 1612 4088 mitissimus
1633 4036 1777 4098 erat,
1785 4030 2077 4103 judicium

425 4122 606 4194 hujus
635 4121 757 4178 litis
782 4122 853 4178 ad
884 4121 1143 4177 futuram
1167 4120 1454 4193 synodum
1478 4120 1809 4177 reservavit.
1832 4121 1919 4175 An
1939 4135 2074 4175 vero

427 4210 788 4265 Rotmannos
818 4214 960 4265 tunc
1000 4209 1209 4264 adierit
1244 4253 1258 4277 ,
1290 4226 1421 4265 non~
1436 4209 1580 4266 adeo
1612 4213 1834 4265 certum
1863 4212 1987 4275 est;
2019 4209 2079 4264 id

427 4302 623 4353 tamen
662 4297 907 4353 innuere
935 4298 1166 4353 videtur
1193 4298 1379 4371 Hugo,
1412 4298 1512 4354 sed
1544 4299 1812 4354 observat
1841 4297 2080 4368 pontifi-

428 4402 555 4442 cem
585 4385 695 4441 bac
739 4386 1043 4443 occasione
1088 4402 1186 4442 suo
1222 4387 1374 4458 jure,
1417 4387 1639 4443 abbatia
1666 4386 1914 4442 videlicet
1958 4387 2078 4441 Rot-

427 4476 699 4539 manensi,
732 4491 858 4547 quae
910 4476 978 4530 ad
1028 4475 1351 4532 Romanam
1401 4475 1720 4532 Ecclesiam
1753 4475 2082 4548 pertinebat

425 4563 798 4634 exspoliatum
824 4564 1013 4635 fuisse.
1870 4622 1877 4628 ,

426 4651 576 4709 CXC.
610 4651 793 4708 Anicii
824 4652 1020 4708 indicit
1065 4654 1364 4709 concilium
1410 4652 1557 4725 apud
1596 4653 2078 4710 Clarummontem.

498 4740 579 4795 Ex
609 4738 703 4796 his
733 4744 893 4813 patet
924 4741 1219 4798 Urbanum
1251 4745 1385 4814 post
1414 4740 1746 4797 dedicatam
1778 4740 1945 4796 initio
1966 4745 2079 4797 Au-

424 4828 584 4901 gusti
614 4827 987 4885 Valentinam
1029 4828 1357 4896 ecclesiam,
1393 4829 1513 4884 sive
1543 4845 1646 4900 per
1688 4829 2082 4886 Rotmanensc

427 4917 732 4990 oppidum,
752 4919 869 4975 sive
889 4918 1005 4974 alia
1036 4918 1298 4990 qualibet
1321 4917 1434 4984 via,
1464 4916 1639 4988 paulo
1656 4921 1790 4973 ante
1820 4918 2084 4974 medium

424 5006 689 5078 ejusdem
703 5008 926 5065 mensis
948 5006 1196 5081 Augusti
1213 5006 1485 5062 Anicium
1500 5005 1937 5073 advenisee,ubi
1950 5023 2083 5063 con-

426 5094 628 5151 cilium
662 5096 816 5169 quod
866 5102 1070 5169 postea
1098 5096 1254 5168 apud
1283 5094 1784 5151 Clarummontem
1816 5094 2080 5152 habitum

427 5187 535 5251 est,
566 5183 861 5241 celebrare
891 5183 1294 5240 constituerat.
1330 5184 1391 5239 Id
1426 5183 1702 5238 ultimum
1732 5183 1949 5238 diserte
1980 5184 2080 5239 ha-

425 5272 570 5329 bent
618 5277 887 5330 auctores
929 5273 1105 5328 etiam
1157 5272 1431 5345 aequales.
1503 5273 1805 5327 Transactis
1853 5272 2081 5344 Alpibus

426 5359 621 5432 inquit
639 5360 912 5417 Albertus
940 5361 1230 5433 Aquensis
1261 5361 1411 5417 libro
1443 5378 1461 5416 1
1496 5359 1755 5416 Historia:
1785 5360 2080 5434 Jerosoly-

427 5448 683 5515 mitanze,
731 5455 1054 5506 conventum
1120 5453 1286 5507 totius
1333 5448 1682 5506 occidentalis
1731 5451 2003 5515 Francia,
2032 5455 2082 5506 et

426 5537 722 5591 concilium
751 5538 896 5609 apud
926 5539 1163 5596 Podium
1189 5541 1465 5595 civitatem
1494 5537 1706 5593 Sanctae
1736 5539 1929 5596 Mariae
1956 5541 2085 5610 ﬁeri

428 5620 679 5677 decrevit.
704 5627 862 5680 Hanc
894 5628 1202 5698 synodum,
1229 5626 1277 5683 si
1312 5624 1605 5682 Willelmo
1629 5625 1871 5697 Tyrensi
1891 5627 2080 5682 archi-

428 5709 701 5786 episcopo
731 5715 1057 5786 credamus,
1078 5718 1321 5789 primum
1342 5714 1487 5789 apud
1510 5714 1855 5787 Vigiliacum,
1875 5715 2081 5774 deinde

2184 3323 2320 3393 tuit,
2348 3324 2407 3378 in
2424 3324 2640 3396 quibus
2670 3322 2946 3379 ecclesias
2963 3321 3277 3391 dedicaret,
3301 3324 3403 3377 aut
3431 3320 3683 3393 negotia,
3702 3337 3837 3392 quae

2178 3413 2532 3485 jamdudum
2555 3411 2803 3469 excitata
2822 3411 3126 3467 terminari
3141 3428 3257 3467 non
3278 3413 3609 3483 potuerant,
3636 3426 3837 3465 coram

2186 3503 2415 3576 positus
2440 3501 2670 3557 facilius
2699 3505 3093 3573 componeret,
3125 3499 3279 3572 quod
3309 3500 3381 3555 ab
3424 3499 3550 3571 ipso
3609 3498 3834 3555 factum

2187 3591 2369 3648 fuisse
2400 3589 2685 3646 discimus
2715 3606 2784 3645 ex
2811 3588 2991 3644 variis
3016 3588 3239 3660 passim
3261 3587 3667 3643 instrumentis
3689 3587 3839 3643 anti-

2188 3680 2320 3753 quis
2342 3683 2399 3735 et
2430 3678 2745 3752 pontificiis
2776 3677 3221 3750 diplomatibus.
3246 3676 3459 3733 Mirum
3501 3680 3695 3732 autem
3745 3679 3841 3731 est

2188 3773 2405 3842 quanto
2438 3768 2620 3824 animi
2651 3768 2883 3836 affectu,
2918 3770 3207 3839 quantave
3238 3767 3559 3821 reverentia
3579 3763 3840 3837 pontifex

2187 3857 2406 3929 ubique
2430 3859 2694 3928 receptus
2726 3855 2919 3924 fuerit,
2969 3870 3073 3927 pro
3129 3854 3333 3909 innata
3378 3853 3436 3908 in
3482 3853 3840 3909 Francorum

2189 3946 2487 4002 mentibus
2518 3960 2657 4018 erga
2686 3945 2886 4001 sedem
2918 3942 3299 4016 apostolicam
3318 3947 3377 3998 et
3397 3943 3525 4014 ejus
3545 3941 3843 3998 antistites

2188 4034 2417 4091 sincera
2444 4032 2767 4100 devotione,
2801 4049 2929 4105 quae
2960 4048 3027 4088 eo
3060 4033 3249 4103 major
3289 4036 3431 4087 tunc
3489 4029 3619 4096 fuit,
3675 4031 3837 4103 quod

2188 4124 2450 4197 pontifex
2478 4139 2546 4179 ex
2574 4121 2705 4195 ipsa
2734 4121 3018 4177 Francicae
3049 4120 3240 4193 gentis
3258 4119 3562 4176 nobilitate
3580 4118 3840 4187 exertus,

2189 4211 2499 4268 sanctitate
2529 4226 2596 4266 ac
2620 4209 2836 4265 virtute
2865 4213 2924 4264 et
2952 4208 3219 4265 doctrina
3269 4206 3513 4264 celebris
3560 4211 3734 4274 esset,
3785 4211 3846 4262 et

2189 4299 2483 4373 praeclaris
2512 4297 2720 4354 animae
2758 4314 2824 4353 ac
2854 4296 3115 4370 corporis
3145 4295 3381 4353 dotibus
3410 4296 3590 4368 probe
3613 4295 3843 4350 instru-

2188 4392 2337 4444 ctus.
2369 4387 2545 4443 Addit
2574 4385 2889 4443 Guibertus
2917 4384 3093 4443 aliam
3121 4390 3295 4441 tantae
3322 4384 3534 4441 laetitia:
3560 4399 3840 4440 causam:

2188 4482 2362 4549 Papa,
2391 4475 2604 4548 inquit,
2635 4478 2795 4545 regni
2823 4476 3001 4531 nostri
3028 4474 3165 4545 ﬁnes
3197 4474 3510 4545 ingrediens
3540 4471 3693 4529 tanta
3742 4489 3841 4527 ur-

2108 4582 2157 4647 Ι)
2189 4567 2359 4633 bium,
2378 4563 2722 4638 oppidorum,
2752 4565 3124 4634 villarumque
3156 4564 3353 4619 latitia
3382 4567 3435 4619 et
3490 4564 3846 4619 concursione

2192 4656 2487 4727 accipitur,
2521 4657 2724 4724 quanto
2744 4654 2991 4708 omnium
3046 4654 3143 4723 qui
3197 4650 3511 4707 adviverent
3566 4652 3847 4707 memoriis

2191 4744 2588 4815 incompertum
2613 4743 2797 4813 fuerat
2826 4741 2968 4812 quod
2994 4739 3295 4812 aliquando
3338 4740 3645 4811 apostolicae
3701 4738 3845 4794 sedis

2190 4833 2516 4903 antistesfin
2568 4831 2815 4901 regiones
2871 4830 2967 4885 has
3018 4830 3228 4885 venisse
3286 4827 3577 4883 videretur.
3636 4824 3848 4881 Nullus

2192 4921 2408 4993 quippe
2439 4918 2697 4993 pontifex
2727 4936 2761 4974 a
2792 4918 2998 4974 Leonis
3029 4919 3108 4973 IX
3136 4921 3397 4989 tempore.
3420 4916 3481 4972 in
3510 4912 3730 4972 Gallias
3770 4914 3845 4971 ad

2190 5008 2409 5066 Urbani
2433 5013 2699 5080 tempora
2726 5007 2956 5064 venisse
2989 5009 3369 5062 memoratur.

2191 5115 2403 5172 CXCII.
2431 5114 2730 5170 Ecclesiam
2759 5114 2907 5168 Casa
2935 5113 3039 5167 Dei
3084 5112 3314 5183 dedicat.
3358 5110 3659 5183 Privilegia
3712 5126 3843 5166 con-

2502 5184 2659 5241 cedit.
2692 5186 2825 5240 Item
2852 5184 3150 5238 Basiliensi
3164 5182 3517 5255 parthenoni.

2262 5273 2531 5329 Urbanus
2556 5271 2753 5344 itaque
2780 5270 2982 5328 Anicio
3013 5286 3312 5345 egressus,
3344 5270 3604 5345 primum
3625 5268 3684 5325 in
3716 5284 3847 5324 mo-

2191 5361 2516 5418 nasterium
2548 5361 2703 5416 Cassa
2719 5358 2820 5415 Dei
2837 5359 3146 5417 divertisse
3157 5360 3405 5429 videtur,
3437 5359 3539 5415 ubi
3558 5357 3630 5414 ad
3644 5372 3850 5430 preces

2192 5449 2378 5505 Pontii
2402 5450 2529 5520 ejus
2551 5447 2663 5503 loci
2697 5448 2927 5505 abbatis
2959 5448 3267 5506 ecclesiam
3297 5466 3331 5504 a
3360 5450 3565 5504 sancto
3592 5445 3850 5503 Roberto

2190 5537 2380 5610 primo
2414 5536 2751 5593 monasterii
2782 5536 2991 5594 abbate
3022 5542 3079 5594 et
3100 5537 3399 5594 conditore
3431 5537 3747 5608 inemptum
3794 5538 3854 5591 et

2191 5627 2264 5683 ab
2292 5626 2420 5699 ipso
2453 5624 2653 5682 Pontio
2680 5630 2821 5683 tunc
2851 5626 3205 5697 absolutam,
3232 5628 3290 5682 in
3315 5626 3597 5683 honorem
3619 5628 3852 5681 sancto-

2190 5732 2322 5774 rum
2349 5715 2557 5775 Vitalis
2588 5720 2648 5775 et
2678 5716 2957 5791 Agricola
2979 5720 3304 5789 martyrum
3327 5714 3671 5775 solemniter
3690 5712 3852 5771 dedi-
