4000 6176
169 366 298 430 157

1794 369 1978 436 VITA
1990 414 2005 433 .

3485 364 3604 439 158

169 502 327 561 cavit
373 519 452 560 xv
500 500 791 561 Kalendas
853 500 1231 579 Septembris.
1288 502 1354 562 Id
1400 500 1528 580 ipse
1581 504 1840 579 pontifex
1869 504 1924 576 Α
1952 507 2220 566 recturus
2245 505 2503 582 primum
2529 506 3145 581 diverterit,ineertum
3167 508 3275 567 est.
3307 508 3623 569 Habemus

166 596 434 650 testatur
450 592 517 649 in
546 593 710 650 bulla
731 610 907 666 quam
926 592 1101 667 paulo
1117 598 1250 668 post
1278 594 1467 652 eidem
1486 595 1841 652 monasterio

168 684 327 757 apud
365 684 661 739 Sanctum
680 683 973 756 [Egidium
1006 684 1398 740 concessiLDe
1425 684 1519 741 his
1551 688 1715 741 vetus
1738 702 1841 740 au-

168 777 297 828 ctor
336 772 615 828 Historiae
660 774 788 845 ejus
828 772 939 827 loci
984 772 1067 829 sic
1112 772 1373 846 loquitur
1422 791 1436 829 :
1490 777 1655 829 Anno
1702 774 1842 829 1095

170 861 433 920 Urbanus
458 878 612 934 papa
627 862 697 916 ad
706 877 895 934 preces
927 862 1145 918 abbatis
1185 864 1367 918 nostri
1410 861 1622 931 Pontii,
1656 863 1844 918 basili-

164 968 291 1007 cam
321 950 724 1006 (Iasedwnsem
752 968 785 1005 a
816 952 969 1007 beato
1001 951 1225 1007 Roberto
1270 953 1579 1025 incwptam,
1610 954 1845 1023 tuncque

166 1040 486 1095 absolutam
531 1048 584 1096 et
629 1044 1059 1096 consummatam
1084 1041 1316 1096 solemni
1343 1043 1459 1096 ritu
1488 1040 1578 1095 die
1628 1041 1693 1097 18
1736 1046 1844 1096 Au-

163 1131 317 1197 gusti
337 1128 647 1197 dedicavit,
676 1145 744 1185 ac
769 1130 936 1202 paulo
960 1133 1082 1201 post
1109 1131 1503 1185 monasterium
1541 1130 1773 1186 liberum
1791 1138 1842 1185 et

163 1220 423 1273 immune
467 1219 540 1272 ab
588 1220 961 1291 episcoporum
998 1218 1386 1290 jurisdictione
1426 1221 1574 1290 fecit,
1609 1227 1669 1275 ut
1693 1223 1843 1292 patet

160 1323 229 1362 ea:
265 1306 586 1379 diplomate
632 1308 932 1379 pontiﬁcio.
965 1306 1267 1364 Consentit
1315 1307 1633 1363 Gaufridus
1686 1308 1844 1382 prior

158 1395 503 1463 Vosiénsis,
539 1395 641 1468 qui
672 1395 731 1451 in
763 1396 1046 1451 Chronico
1076 1397 1159 1451 ait
1190 1396 1488 1451 Urbanum
1540 1396 1648 1451 hoc
1689 1414 1841 1452 anno

161 1487 578 1541 monasterium
626 1484 815 1540 Sancti
858 1486 1077 1541 Roberti
1121 1485 1186 1541 de
1230 1488 1370 1543 Casa
1413 1484 1512 1541 De‘i
1552 1486 1612 1541 in.
1640 1486 1844 1542 honore

159 1579 495 1630 sanctorum
523 1575 789 1643 Agricolae
819 1578 870 1629 et
905 1575 1117 1643 Vitatis,
1163 1591 1396 1647 quorum
1439 1575 1706 1647 reliquias
1734 1576 1840 1631 ibi-

162 1662 279 1719 dem
328 1662 623 1734 quondam
666 1664 840 1719 Renco
890 1665 1170 1736 episcOpus
1213 1664 1573 1719 Arvernensis
1610 1664 1839 1721 colloca-

162 1760 339 1820 verat,
359 1769 436 1807 xv
468 1751 753 1808 Kalendas
800 1752 1129 1824 Septembris
1176 1769 1532 1809 consecrasse.
1570 1753 1629 1807 ln
1661 1753 1839 1808 veteri

1952 595 2188 669 quidem
2238 615 2357 671 prae
2404 598 2676 656 manibus
2715 598 3085 674 privilegium
3113 617 3151 655 x
3181 598 3468 657 Kalendas
3497 601 3604 658 Se-

1951 686 2237 756 ptembris
2263 688 2445 759 hujus
2474 688 2612 744 anni
2645 705 2989 745 concessum
3021 689 3321 746 canonicis
3351 689 3603 747 ecclesia

1950 774 2303 832 cathedralis
2329 776 2669 843 Caturcinaz,
2704 776 2803 849 qui
2835 775 3164 849 regularem
3193 776 3373 832 vitam
3404 793 3605 833 recens

1952 862 2202 935 amplexi
2237 864 2593 933 fuerant,sed
2618 881 2750 920 cum
2786 864 2843 919 in
2876 865 3107 937 vulgato
3134 864 3399 938 exemplo
3420 867 3607 924 Romae

1952 951 2156 1007 datum
2188 952 2433 1022 dicatur,
2468 954 2623 1026 quod
2652 957 2741 1009 est
2771 953 3010 1009 omnino
3041 952 3424 1024 impossibile,
3457 953 3604 1010 nihil

1952 1040 2070 1097 fere
2097 1041 2248 1097 lucis
2274 1043 2478 1098 atl'erre
2498 1041 2831 1114 potest,nisi
2854 1041 3000 1097 forte
3036 1058 3141 1114 pro
3164 1043 3361 1097 Romai
3378 1042 3607 1114 legatur

1952 1130 2339 1203 Romanis,qui
2370 1131 2535 1187 locus
2565 1134 2654 1187 est
2683 1129 2745 1185 in
2777 1129 3093 1194 Dalﬁnatu,
3126 1128 3392 1186 dimcesis
3429 1130 3602 1186 Vien-

1953 1219 2173 1285 nensis,
2211 1219 2444 1274 abbatia
2474 1218 2849 1292 insignis,ubi
2880 1218 3157 1290 pontifex,
3191 1220 3276 1274 uti
3324 1218 3604 1287 diximus,

1950 1306 2113 1362 litem
2146 1308 2218 1364 de
2249 1307 2694 1364 Salmoriacensi
2717 1323 2865 1381 pago
2886 1306 3160 1364 dirimere
3182 1308 3602 1364 constituerat:

1947 1412 2151 1452 verum
2184 1396 2284 1453 illa
2312 1396 2601 1453 restitutio
2624 1396 2812 1469 magis
2834 1396 3134 1463 arrideret,
3164 1396 3213 1452 si
3241 1398 3377 1452 data
3400 1394 3606 1452 fuisset

1949 1484 2071 1539 haec
2100 1483 2263 1540 bulla
2291 1485 2457 1540 initio
2487 1484 2667 1557 hujus
2700 1485 2940 1551 mensis,
2976 1501 3092 1556 quo
3120 1489 3346 1541 certum
3378 1489 3489 1554 est,
3520 1484 3606 1541 uti

1948 1573 2657 1647 probavimus,Urbanum
2677 1573 3002 1629 Valentiam
3026 1573 3304 1642 adiisse,a
3323 1591 3441 1646 qua
3463 1574 3607 1630 urbe

1949 1662 2108 1718 haud
2140 1661 2394 1718 multum
2428 1663 2795 1720 Romanense
2826 1662 3247 1718 monasterium
3280 1662 3608 1720 distat.Huc

1949 1755 2145 1806 tamen
2179 1748 2401 1807 bullam
2422 1750 2579 1807 illam
2603 1766 2870 1807 revocare
2898 1751 3088 1806 visum
3121 1754 3362 1823 est,quaa
3385 1768 3604 1807 annum

164 1840 383 1897 notitia
405 1858 543 1913 quae
562 1839 1391 1936 subjiciturbullze’pontificize
1414 1858 1548 1897 mox
1568 1841 1839 1913 laudatas,
1872 1870 1921 1936 B
1952 1839 2090 1895 1096
2119 1841 2248 1912 ejus
2280 1839 2504 1936 scilicet
2527 1840 2665 1895 anni
2698 1839 2933 1936 initium
2957 1856 2991 1895 a
3019 1839 3226 1895 Martio
3258 1840 3606 1912 praecedenti

164 1934 585 1986 memorantur
613 1929 855 2002 quidam
886 1928 1140 2002 episcopi
1192 1929 1291 2002 qui
1340 1929 1603 2002 pontifici
1639 1929 1697 1985 in
1734 1929 1843 1986 hac

162 2017 541 2075 solemnitati
575 2019 1082 2075 adfuerunt.Faeta
1102 2022 1180 2074 est
1200 2023 1476 2087 autem,ut
1504 2019 1581 2074 ibi
1606 2018 1839 2093 legitur,

158 2108 535 2165 daiicatzbnis
564 2107 730 2181 hujus
753 2108 1071 2164 solemnitas
1102 2124 1177 2163 xv
1204 2108 1477 2164 Kalendas
1506 2108 1841 2180 Septembris

152 2186 545 2270 pauentibus
594 2200 647 2252 et
689 2197 1101 2269 cooperantibus
1148 2197 1367 2252 domino
1409 2214 1569 2270 papa
1629 2199 1842 2255 Urbano

156 2286 488 2343 mer-endis
534 2287 799 2359 episcopis
844 2288 1069 2356 Hugone
1126 2286 1498 2358 Lugdunensi,
1562 2287 1842 2343 Aldeberto

158 2376 536 2443 Bituricensi,
600 2374 791 2431 Amata
858 2374 1271 2447 Burdz'galensi,
1327 2375 1587 2432 Duranzlo
1643 2377 1840 2431 Arver-

158 2466 347 2533 nensi,
382 2466 612 2536 Hugone
636 2465 1171 2537 GratianOpolitano,
1216 2464 1436 2519 Giraldo
1488 2464 1840 2530 Cadurcensi,

160 2557 378 2611 Joanne
450 2554 761 2619 Portuensi,
831 2552 1082 2609 Daiberto
1138 2554 1363 2621 Pisano,
1432 2555 1692 2610 Brunone
1754 2554 1841 2609 Si-

160 2644 383 2714 gnensi.
422 2642 491 2697 In
525 2642 655 2714 ejus
684 2641 953 2697 beneficii
987 2643 1331 2698 memoriam
1366 2641 1585 2697 Urbani
1629 2659 1843 2699 nomen

162 2749 271 2788 non
313 2730 523 2787 solum
570 2730 629 2785 in
674 2732 827 2785 Cassa
877 2729 979 2785 Dei
1036 2729 1299 2803 principe
1330 2730 1706 2799 monasterio,
1741 2731 1843 2787 sed

164 2822 348 2877 etiam
403 2819 472 2874 in
521 2817 685 2874 cellis
733 2817 783 2874 ei
840 2818 1122 2890 subjectis
1170 2820 1395 2875 celebre
1443 2819 1644 2885 evasit,
1672 2824 1739 2875 ut
1774 2836 1845 2876 ex

166 2907 526 2982 Necrologio
558 2907 756 2963 Sancti
774 2907 1009 2963 Roberti
1028 2907 1406 2963 Cornillionis
1424 2925 1603 2981 prope
1626 2909 1846 2965 Gratia-

165 2998 435 3073 nopolim
470 2999 658 3069 patet.
690 2995 905 3051 Praeter
932 2994 1155 3052 bullam
1197 2996 1470 3069 superius
1520 2996 1842 3066 laudatam,

168 3088 315 3144 aliud
334 3084 729 3160 privilegium
748 3084 1039 3140 concessit
1064 3084 1331 3143 Urbanus
1344 3085 1533 3142 eidem
1553 3091 1845 3143 monaste-

1953 1929 2287 2001 repetendo.
2335 1933 2400 1984 ut
2450 1927 2799 2002 plerumque
2849 1927 2994 1997 aliae,
3048 1929 3281 2001 praefert
3330 1944 3343 1983 :
3382 1934 3608 1986 certum

1952 2017 2167 2090 quippe
2199 2034 2267 2073 ex
2305 2016 2437 2073 aliis
2483 2017 2637 2073 notis
2685 2034 2814 2073 eam
2863 2016 2934 2072 ad
2989 2020 3336 2090 praesentem
3386 2034 3607 2075 annum

1950 2106 2259 2178 pertinere,
2295 2122 2399 2161 nec
2428 2105 2695 2178 sequenti
2723 2110 3049 2179 competere
3077 2121 3270 2179 posse.

1950 2211 2184 2268 CXCIV.
2216 2213 2486 2268 Nemanso
2507 2213 2817 2284 transierit.
2849 2212 3004 2284 Apud
3033 2211 3089 2268 S.
3122 2211 3404 2284 igidium
3430 2228 3611 2269 versa-

2355 2290 2464 2337 tur.
2490 2283 2855 2356 Privilegium
2887 2282 3191 2340 Casus-Dei.

2022 2372 2139 2427 Sub
2172 2372 2346 2427 linem
2380 2370 2600 2428 mensis
2639 2370 2893 2444 Augusti
2943 2371 3203 2443 pontifex
3249 2371 3609 2427 Nemausum

1953 2460 2168 2516 adiisse
2194 2460 2445 2516 videtur.
2462 2461 2690 2516 Etenim
2719 2459 2856 2515 licet
2886 2458 3123 2515 nonnisi
3153 2475 3308 2514 anno
3340 2459 3609 2531 sequenti

1953 2551 2082 2622 ejus
2128 2549 2294 2607 urbis
2338 2548 2646 2606 ecclesiam
2680 2548 3053 2615 dedicaverit,
3087 2551 3153 2604 ut
3196 2547 3279 2604 ibi
3317 2548 3611 2605 ostensuri

1953 2655 2184 2708 sumus,
2219 2654 2353 2695 cum
2386 2643 2584 2695 tamen
2635 2642 2840 2694 auctor
2886 2637 3157 2694 Cbroniei
3206 2635 3609 2693 Malleacensis

1953 2726 2253 2800 scripserit
2281 2727 2582 2783 Urbanum
2611 2731 2776 2795 tunc,
2807 2726 2867 2782 id
2896 2731 2987 2783 est
3009 2743 3162 2783 anno
3196 2727 3336 2782 1096
3372 2727 3608 2783 Nemau-

1950 2833 2074 2873 sum
2103 2833 2388 2880 remeasse.
2425 2817 2569 2873 satis
2600 2815 2795 2873 innuit
2823 2832 2958 2872 eum
2977 2816 3103 2888 jam
3155 2820 3289 2872 ante
3338 2815 3611 2873 invisisse

1952 2905 2102 2961 hanc
2160 2907 2387 2962 urbem.
2419 2907 2489 2961 Et
2543 2905 2783 2978 quidem
2842 2908 3065 2962 certum
3125 2909 3215 2961 est
3270 2904 3609 2978 pontificem

1953 2994 2169 3050 festum
2205 2992 2393 3050 sancti
2422 2993 2631 3067 ὥςίάίὶ
2663 2994 2857 3067 prima
2885 2992 2978 3049 die
2998 2993 3356 3066 Septembris
3378 2992 3438 3048 in
3460 2994 3613 3064 ejus-

1952 3083 2085 3138 dem
2120 3081 2307 3139 saneti
2340 3082 2695 3138 monasterio
2719 3080 2906 3138 Vallis
2942 3081 3314 3150 Flavinianae,
3349 3082 3505 3154 quod
3537 3082 3609 3138 ad

170 3178 247 3233 rio
268 3177 331 3232 in
367 3177 498 3231 ista
528 3174 1117 3246 memoratum,quod
1157 3174 1304 3231 forte
1334 3175 1510 3231 etiam
1542 3177 1846 3232 occasione
1883 3236 1917 3246 _
1958 3171 2259 3228 dioecesim
2290 3172 2748 3227 Nemausensem
2798 3169 3069 3243 pertinet,
3101 3171 3211 3227 hoc
3262 3188 3415 3226 anno
3462 3170 3610 3227 cele-

170 3266 343 3338 bujus
378 3262 781 3320 dedicationis
814 3236 1017 3318 datum
1051 3267 1157 3318 est.
1191 3262 1425 3319 Nullam
1457 3263 1633 3319 habet
1662 3262 1721 3319 in
1749 3281 1849 3320 no-
1875 3236 1919 3303 Ο
1959 3261 2247 3317 brasse.ld
2272 3259 2489 3333 quippe
2508 3259 2633 3332 ipse
2653 3236 2914 3331 pontifex
2934 3236 3183 3314 testatur
3204 3257 3263 3313 in
3287 3257 3609 3331 privilegio,

177 3361 284 3411 stro
314 3351 604 3424 exemplo
654 3350 991 3408 chronicam
1041 3352 1426 3425 notam,quod
1458 3350 1587 3408 ideo
1619 3353 1734 3408 huc
1760 3369 1849 3408 re-

177 3459 379 3500 vocare
409 3441 617 3497 visum
647 3445 754 3496 est.
789 3440 852 3495 In
886 3455 952 3495 eo
977 3444 1358 3496 recensentur
1388 3441 1681 3513 praecipua
1720 3458 1850 3497 mo-

175 3531 432 3588 nasteria
450 3532 615 3585 Cassa
646 3528 742 3584 Dei
763 3531 905 3584 tunc
928 3528 1287 3600 subjecta,ac
1303 3529 1433 3601 ejus
1448 3532 1852 3602 possessiones

178 3608 646 3686 Conﬁrmantur;
703 3621 831 3673 tum
893 3621 1049 3673 vetat
1111 3618 1373 3690 pontifex
1430 3636 1503 3673 ne
1557 3620 1685 3692 ejus
1742 3619 1849 3677 loci

178 3710 349 3767 abbas
398 3709 693 3780 cuiquam
740 3706 1125 3777 subjectionis
1179 3707 1607 3779 professionem
1655 3710 1847 3779 faciat,

176 3799 327 3856 salva
358 3803 574 3855 tamen
625 3795 827 3851 debita
876 3795 1150 3869 episcopo
1177 3796 1531 3853 Arvernensi
1580 3814 1850 3854 reveren-

174 3887 265 3943 tia.
1382 3886 1388 3893 .

231 3978 311 4035 Eo
338 3977 482 4049 ipso
516 3973 611 4029 die
641 3989 757 4046 quo
787 3976 1125 4028 consecrata
1143 3973 1254 4028 fuit
1269 3971 1514 4029 ecclesia
1542 3977 1699 4030 Casa;
1722 3974 1847 4044 Dei,

176 4065 444 4123 Urbanus
477 4064 557 4119 ad
604 4061 942 4136 petitionem
976 4061 1282 4118 Florentiae
1328 4061 1694 4120 Blasiliensis
1719 4082 1849 4138 par-

174 4154 447 4213 thenonis
480 4150 795 4208 abbatissae
828 4150 981 4223 apud
1012 4152 1302 4208 Arvernos
1339 4151 1644 4227 privilegia
1689 4153 1842 4225 ejus-

178 4245 299 4300 dem
334 4244 455 4299 loci
490 4238 882 4306 conﬁrmavit,
916 4256 982 4295 ac
1008 4240 1430 4297 monasterium
1462 4241 1659 4314 ipsum
1689 4243 1843 4314 quod

1961 3349 2115 3421 quod
2147 3348 2374 3405 Odiloni
2405 3347 2599 3403 abbati
2631 3346 2892 3417 eiusdem
2927 3345 3035 3402 loci
3088 3345 3262 3418 paulo
3303 3349 3437 3418 post
3475 3362 3612 3402 con-

1961 3438 2222 3506 cessit,in
2248 3452 2363 3510 quo
2394 3438 2476 3493 ait
2500 3453 2561 3493 se
2589 3452 2721 3508 erga
2750 3435 2966 3491 beatum
3012 3435 3306 3504 zEgidium
3333 3434 3616 3491 devotione

1958 3529 2253 3599 ferventem
2286 3525 2612 3583 coercuisse
2642 3525 3099 3581 Nemausensem
3129 3524 3493 3598 episcopum,
3512 3523 3614 3596 qui

1959 3618 2088 3690 ejus
2118 3615 2228 3672 loci
2260 3614 2565 3671 monachis
2598 3614 2864 3671 infensus
2895 3613 3131 3669 erat.Ibi
3163 3612 3355 3669 adhuc
3375 3616 3500 3669 erat
3521 3613 3616 3670 die

1959 3708 1995 3761 7
2023 3704 2542 3778 Septembris,quaa
2572 3703 2929 3761 monasterio
2951 3703 3109 3759 Casa:
3126 3702 3228 3759 Dei
3246 3701 3615 3777 privilegium

1960 3795 2271 3860 concessit,
2325 3794 2385 3849 in
2438 3810 2575 3867 quo,
2610 3798 2675 3848 ut
2722 3793 2895 3848 modo
2949 3791 3314 3861 dicebamus,
3361 3790 3611 3848 alterum

1959 3885 2147 3941 eidem
2181 3883 2307 3939 loco
2330 3883 2458 3953 jam
2490 3878 3031 3947 indultum,additis
3061 3879 3440 3935 nonnullisin
3486 3896 3614 3953 gra-

1960 3973 2102 4028 tiam
2136 3970 2391 4027 basilicze
2426 3986 2460 4024 a
2490 3986 2552 4025 se
2581 3984 2784 4025 recens
2814 3970 3162 4023 consecratae
3194 3965 3611 4039 przerogativis,

1960 4058 2344 4117 conﬁrmavit.
3091 4125 3097 4131 .

2080 4147 2281 4204 CXCV.
2319 4149 2617 4203 Tarascone
2646 4147 2823 4201 locum
2851 4144 3176 4199 monasterii
3200 4142 3483 4198 benedicit.

2026 4237 2167 4293 Inde
2195 4238 2543 4303 Tarascene,
2578 4235 2733 4308 quod
2763 4232 3042 4306 oppidum
3077 4236 3165 4289 est
3206 4230 3514 4288 Provinciae
3547 4230 3607 4287 in

182 4333 247 4387 ab
290 4330 703 4404 Ermengarde
751 4328 1054 4385 comitissa
1101 4330 1229 4401 ejus
1283 4330 1598 4387 conditrice
1644 4336 1844 4388 sancto
1955 4324 2478 4405 sinistraRhodani
2502 4323 2630 4396 ripa
2649 4321 2824 4397 paulo
2850 4320 3005 4377 infra
3029 4321 3381 4377 Avenionem
3403 4320 3607 4390 situm,

180 4420 337 4479 Petro
371 4418 650 4477 oblatum
683 4417 888 4485 fuerat,
914 4417 1024 4472 sub
1054 4416 1290 4490 speciali
1326 4417 1654 4490 apostolicae
1687 4420 1844 4476 sedis
1952 4416 2268 4481 transiens,
2300 4412 2615 4486 quemdam
2646 4408 2840 4468 locum
2879 4428 2913 4467 a
2961 4409 3280 4483 Stephania
3309 4408 3612 4465 comitissa

180 4509 357 4565 tutela
388 4512 840 4565 antecessorum
870 4522 1116 4561 suorum
1148 4506 1411 4575 exemplo
1460 4508 1738 4580 suscepit.
1771 4511 1844 4564 At
1952 4504 2310 4562 monasterio
2340 4501 2541 4558 Sancti
2564 4500 2815 4557 Victoris
2848 4497 3256 4567 Massiliensis,
3290 4502 3356 4553 ut
3404 4496 3487 4552 ibi
3518 4514 3611 4553 ec-

182 4596 320 4653 nihil
349 4598 540 4653 habet
566 4594 828 4668 pontifex
858 4594 929 4650 de
959 4593 1216 4666 querelis
1247 4611 1395 4668 quas
1426 4596 1692 4667 ejusdem
1733 4594 1843 4652 loci
1870 4601 1918 4668 D
1950 4594 2129 4653 clesia
2150 4587 3267 4672 construeretur,datum,assistentibus
3290 4585 3401 4642 sibi
3421 4585 3615 4642 tribus

180 4683 666 4743 sanctimoniales
697 4688 757 4739 et
781 4682 972 4739 clerici
1005 4683 1078 4737 ad
1109 4700 1242 4739 eum
1275 4683 1608 4740 detulerant
1640 4689 1842 4742 contra
1952 4682 2353 4743 e'ardinalibus
2384 4683 2441 4734 et
2460 4679 2774 4735 abbatibus
2791 4677 2989 4735 Sancti
3006 4676 3258 4733 Victoris
3282 4680 3339 4732 et
3364 4674 3610 4731 Montis-

180 4773 332 4831 Casaa
364 4772 477 4831 Dei
510 4771 849 4840 monachos,
876 4771 1072 4844 qui,ut
1100 4770 1187 4826 illi
1216 4772 1508 4843 dicebant,
1539 4773 1846 4831 ecclesiam

180 4862 381 4918 Sancti
405 4859 694 4934 Stephani
727 4864 784 4917 et
809 4860 1005 4916 Sancti
1038 4860 1251 4916 Leonis
1280 4861 1353 4916 ad
1384 4861 1613 4917 Basiliae
1646 4880 1845 4920 mona-

183 4951 430 5007 sterium
460 4949 876 5024 pertinentem,
898 4948 955 5003 vi
989 4954 1246 5021 ereptam
1281 4950 1629 5007 retinebant.
1663 4952 1845 5008 Blasi-

182 5039 436 5096 lensium
467 5038 677 5095 littera:
708 5054 779 5095 ea
807 5036 1109 5095 occasione
1158 5038 1408 5111 scriptae,
1437 5040 1589 5095 inter
1628 5040 1846 5097 Urbani

182 5128 467 5203 epistolas
486 5129 1053 5200 referentur,easque
1070 5127 1465 5200 subsequetur
1477 5128 1844 5204 privilegium

184 5217 406 5291 ipsum,
439 5216 600 5289 quod
649 5233 683 5273 a
731 5215 1010 5273 sevisum
1064 5220 1121 5272 et
1166 5233 1271 5290 pro
1322 5217 1547 5273 sincero
1578 5219 1845 5291 agnitum

184 5305 497 5380 Philippus
518 5305 971 5361 Bituricensium
987 5304 1464 5378 archiepiscopus
1486 5306 1545 5361 in
1564 5307 1846 5364 Gallicam

182 5393 451 5467 linguam
485 5392 807 5461 transtulit,
845 5397 903 5449 et
946 5410 1054 5450 suo
1102 5386 1437 5452 testimonio
1481 5397 1848 5453 confirmavit

180 5482 323 5539 feria
354 5481 572 5556 quinta
595 5481 836 5554 majoris
866 5480 1246 5538 hebdomadas
1279 5484 1417 5539 anni
1451 5485 1611 5540 1243.

174 5571 411 5628 CXCIII.
451 5571 532 5625 An
560 5571 837 5628 abbatiam
860 5570 1278 5627 Rotmanensem
1323 5572 1523 5630 adierit
1577 5574 1841 5632 Urbanus.

242 5661 380 5725 Quo
442 5658 712 5717 Urbanus
764 5664 897 5733 post
952 5659 1239 5716 Casae-Dei
1293 5661 1717 5720 dedicationem
1771 5666 1841 5721 ad

177 5755 484 5806 extremos
531 5765 718 5821 usque
761 5746 1065 5805 Occitanize
1098 5752 1155 5805 et
1185 5748 1496 5808 Provinciae
1528 5752 1676 5810 ﬁnes
1714 5769 1842 5824 per-

1956 4771 2194 4846 Majoris
2224 4786 2369 4842 aqua
2399 4769 2624 4824 lustrali
2651 4769 2901 4840 aspersit,
2932 4783 3104 4823 manu
3126 4767 3355 4840 propria
3397 4763 3614 4820 benedi-

1952 4862 2249 4933 xit,ibique
2278 4874 2493 4914 erucem
2522 4858 2699 4913 erexit
2730 4856 2822 4912 die
2855 4856 2918 4911 11
2952 4853 3618 4927 Septembris,concessa

1956 4946 2325 5022 indulgentia
2354 4945 2449 5012 iis,
2473 4945 2574 5018 qui
2605 4945 2677 5000 ad
2709 4943 2968 5001 ecclesiae
2996 4939 3493 4999 constructionem
3513 4934 3616 4991 ali-

1957 5038 2097 5114 quid
2131 5036 2478 5101 conferrent,
2514 5037 2579 5088 ut
2626 5033 2709 5089 ibi
2758 5031 3182 5089 monasterium
3234 5028 3293 5083 in
3332 5026 3615 5082 honorem

1957 5127 2156 5186 Sancti
2182 5122 2401 5180 Nicolai
2451 5139 2586 5178 cum
2629 5122 2959 5178 ccemeterio
2991 5118 3413 5174 institueretur.
3454 5114 3614 5172 Prio-

1957 5221 2120 5275 ratus
2150 5230 2282 5269 vero
2314 5213 2373 5268 S.
2406 5210 2625 5267 Nicolai
2659 5211 2754 5267 hic
2784 5211 3142 5266 memoratus
3173 5204 3461 5277 hodieque
3481 5204 3617 5260 sub-

1956 5306 2111 5364 sistit
2144 5318 2324 5377 prope
2348 5301 2980 5371 Tarasconem,Sancto
3010 5295 3229 5352 Victori
3260 5292 3613 5369 Massiliensi

1960 5395 2283 5467 subjectus.
3312 5428 3317 5434 -

2099 5481 2327 5538 CXCVI.
2361 5481 2632 5536 Avenione
2660 5477 2754 5533 dat
2778 5477 3137 5550 privilegium
3161 5476 3217 5533 S.
3249 5473 3486 5548 Aigidio.

2026 5572 2129 5628 Die
2160 5569 2450 5644 sequenti,
2483 5585 2610 5640 quae
2642 5570 2766 5622 erat
2816 5567 2884 5622 12
2930 5565 3310 5660 Septembris,
3338 5563 3616 5660 Urbanus

1953 5661 2251 5720 Avenione
2284 5656 2840 5732 privilegium,quod
2863 5651 3199 5729 jam'supra
3219 5651 3613 5717 laudavimus,

1954 5750 2309 5810 monasterio
2349 5746 2549 5805 Sancti
2578 5745 2877 5821 [Egidiiﬁn
2908 5762 3024 5820 quo
3054 5743 3383 5817 hospitatus
3404 5741 3615 5831 fuerat,
