4000 6178
198 341 316 401 161

1809 351 2026 417 νΙΤΑ.

3514 370 3638 431 162

191 493 262 532 ne
285 475 692 549 Lugdunensi,
716 478 985 536 Daiberto
1009 480 1217 538 Pisano
1236 486 1293 538 et
1307 482 1577 542 Brunone
1601 485 1864 558 Signien-
1891 491 1947 557 Α
1977 492 2100 544 tum
2138 495 2202 545 ut
2233 497 2473 562 paratus
2515 495 2590 550 sit
2634 496 2691 552 in
2745 498 2989 556 concilio
3039 499 3483 558 Claromontano
3517 521 3636 560 suae

190 566 593 624 siconsecrata
622 567 825 625 fuisse.
856 571 1006 626 Tum
1038 571 1288 627 refertur
1317 572 1539 644 prolixa
1563 575 1707 630 satis
1735 593 1854 631 ora-

193 657 296 722 tio,
331 673 514 728 quam
547 658 803 729 pontifex
834 659 985 716 inter
1016 660 1333 717 missarum
1367 664 1854 720 consecrationis-

191 757 308 814 que
333 744 630 801 solemnia
660 745 938 804 habuisse
967 749 1203 817 dicitur,
1230 750 1288 805 in
1322 767 1439 822 qua
1467 750 1684 808 limites
1705 751 1858 822 juri-

190 832 501 888 sdictionis
541 837 881 892 monasterii
912 838 1262 910 designavit.
1296 839 1509 896 Praeter
1539 857 1607 895 ea
1637 840 1858 897 inveni-

195 938 328 978 mus
351 923 415 977 in
437 929 666 980 vetusto
687 927 813 982 cod.
839 942 950 982 ms.
978 926 1151 984 aliam
1175 929 1440 999 ejusdem
1465 930 1544 985 rei
1570 930 1858 996 notitiam,

196 1011 316 1078 ubi,
351 1017 491 1084 post
543 1014 829 1070 recensita
860 1016 1047 1072 multa
1083 1017 1366 1074 beneﬁcia
1418 1035 1545 1090 quae
1589 1019 1862 1076 Urbanus

194 1103 561 1159 monasterio
583 1103 947 1161 Cluniacensi
971 1105 1316 1175 contulerat,
1344 1111 1632 1164 statutum
1662 1126 1696 1164 a
1725 1126 1862 1164 san-

191 1197 281 1246 cto
321 1192 576 1264 Hugone
619 1193 801 1249 fuisse
853 1194 1070 1251 dicitur
1125 1201 1188 1251 ut
1253 1197 1517 1267 ejusdem
1578 1197 1868 1270 pontiﬁcis

193 1283 701 1350 commemoratio,
731 1285 994 1355 quandiu
1027 1284 1269 1353 videret,
1299 1285 1360 1340 in
1391 1285 1649 1357 generali
1682 1287 1869 1345 missa

192 1370 536 1442 specialiter
565 1379 862 1445 ageretur;
892 1379 949 1428 et
980 1377 1042 1429 ut
1074 1378 1207 1446 post
1240 1375 1369 1445 ejus
1417 1380 1684 1446 mortem,
1719 1393 1868 1449 prae-

192 1467 280 1514 ter
299 1460 508 1516 debita
529 1461 777 1534 singulis
799 1463 964 1532 ejusd
981 1480 1071 1518 em
1095 1463 1204 1519 loci
1235 1464 1540 1521 monachis
1570 1465 1870 1537 suil‘ragia,

192 1551 324 1619 ejus
356 1551 772 1606 anniversaria
812 1552 1204 1624 depositionis
1256 1553 1382 1608 dies
1429 1553 1769 1609 solemniter
1813 1555 1873 1608 in

199 1645 558 1709 perpetuum
584 1640 1003 1696 celebraretur.
1023 1643 1304 1697 Cmterum
1331 1644 1501 1698 lumni
1521 1643 1876 1714 seujurlsdi-

195 1728 413 1784 ctionis’
435 1729 846 1786 Cluniacensis
873 1731 1152 1786 terminos
1175 1732 1246 1786 ab
1265 1733 1497 1787 Urbano
1517 1734 1874 1803 praestitutos

198 1820 638 1874 confirmarunt
678 1820 1106 1892 subsequentcs
1158 1821 1495 1893 pontiﬁces,
1529 1839 1594 1876 ac
1641 1822 1874 1893 potissi-

203 1924 370 1962 mum
402 1909 786 1965 Innocentius
810 1909 857 1966 ll
887 1910 1007 1981 qui,
1033 1910 1139 1965 hoc
1169 1910 1296 1982 ipso
1329 1911 1421 1965 die
1453 1927 1564 1982 quo
1599 1911 1866 1966 Urbanus

201 1998 397 2068 majus
429 1997 615 2054 altare
660 2006 1112 2067 consecraverat,
1148 1999 1451 2055 basilicam
1480 1999 1666 2070 ipsam
1700 1999 1864 2054 dedi-

200 2087 370 2154 cavit,
406 2091 476 2142 ut
507 2103 578 2143 ex
611 2089 740 2158 ejus
771 2093 827 2143 et
869 2088 1118 2144 aliorum
1163 2089 1504 2160 pontiﬁcum
1529 2088 1863 2159 diplomati-

195 2178 314 2231 bus
359 2179 523 2248 patet
569 2177 626 2232 in
672 2176 1028 2233 Bibliotheca
1057 2175 1426 2232 Cluniacensi
1477 2177 1670 2232 editis.
1721 2176 1864 2231 Hinc

195 2266 514 2338 utriusque
547 2265 933 2321 dedicationis
975 2266 1262 2322 memoria
1304 2265 1481 2321 simul
1515 2265 1572 2320 in
1605 2265 1864 2336 antiquis

192 2354 428 2426 aliquot
461 2354 892 2428 Martyrologiis
940 2355 1233 2410 recolitur.
1270 2353 1399 2410 Haec
1439 2359 1734 2426 postrema
1764 2354 1860 2408 de-

193 2444 412 2499 dicatio
449 2461 602 2499 anno
653 2445 792 2499 1130
835 2460 948 2498 non
980 2443 1268 2515 sequenti,
1304 2449 1368 2498 ut
1419 2442 1568 2497 fallit
1613 2441 1860 2497 chrono-

193 2532 464 2604 graphus
493 2533 912 2597 Cluniacensis,
950 2537 1182 2604 peracta
1213 2537 1322 2587 est.

263 2626 551 2677 Cat'erum
573 2639 686 2678 non
711 2623 882 2678 modo
901 2621 1160 2676 Cluniaci
1185 2621 1467 2693 principis
1491 2619 1855 2686 monasterii,

193 2710 296 2766 sed
331 2710 586 2766 aliorum
617 2727 850 2782 quoque
892 2711 961 2765 ad
1016 2710 1160 2766 illud
1211 2710 1597 2782 spectantium
1634 2712 1772 2782 jura
1802 2714 1859 2766 et

195 2801 617 2873 prcrogativas
647 2816 906 2855 asserere
937 2800 1164 2855 studuit
1197 2799 1486 2865 Urbanus,
1511 2804 1576 2854 ut
1606 2805 1763 2871 patet
1791 2816 1859 2854 ex

195 2889 426 2959 multis,
443 2906 572 2961 qua:
594 2889 815 2962 passim
837 2893 1169 2953 occurrunt,
1192 2888 1608 2944 monumentis.
1636 2888 1858 2943 Lauda-

195 2984 291 3034 tur
321 2979 482 3034 hanc
514 2979 574 3034 in
606 2996 726 3036 rem
758 2979 886 3050 ejus
919 2977 1080 3034 bulla
1109 2979 1248 3033 data
1278 2981 1476 3034 octavo
1507 2978 1634 3048 ejus
1664 2977 1854 3048 ponti-

191 3068 428 3135 ﬁcatus,
457 3067 516 3123 id
556 3074 644 3123 est
690 3068 955 3140 prmsenti
988 3084 1142 3123 anno
1181 3084 1296 3138 qua
1327 3065 1638 3122 Charitatis
1669 3069 1855 3121 Beata;

191 3158 388 3214 Maria:
420 3173 608 3229 supra
640 3156 890 3228 Ligerim
919 3155 1259 3212 monasterii
1286 3156 1424 3226 jura
1453 3158 1511 3210 et
1539 3155 1853 3226 eXemptio—

1964 577 2233 635 Ecclesiae
2262 581 2692 641 restitutionem
2722 605 2908 661 nuper
2931 591 3142 646 factam
3167 592 3339 659 tueri,
3365 593 3520 664 quod
3551 593 3635 648 ibi

1969 667 2204 723 astituri
2232 677 2430 726 essent
2451 673 2900 733 Cameracenses
2923 681 3202 734 adversus
3224 697 3352 736 eam
3381 681 3638 737 decerta-

1970 755 2108 808 turi.
2146 757 2405 829 Denique
2436 759 2493 816 in
2528 763 2794 831 ejusdem
2825 765 3117 822 Lamberti
3149 769 3352 840 geStis,
3378 770 3478 825 ubi
3503 786 3638 826 con-

1970 842 2198 898 tinuata
2229 862 2424 902 rerum
2482 849 2588 905 hoc
2639 867 2792 908 anno
2823 860 3118 925 gestarum
3151 858 3351 925 series,
3381 874 3514 914 cum
3544 859 3638 914 iti-

1973 948 2108 987 nere
2129 933 2436 991 Remensis
2457 939 2766 1009 provincia:
2785 943 3192 1015 episcoporum
3213 947 3282 1000 ad
3300 946 3636 1003 Claromon-

1973 1024 2172 1076 tanam
2204 1025 2494 1096 synodum
2527 1035 2794 1086 accurate
2816 1038 2873 1086 et
2893 1031 3233 1105 singulatim
3259 1035 3632 1106 describitur,

1974 1109 2118 1164 nihil
2151 1113 2480 1186 omninozde
2512 1116 2620 1172 hac
2641 1120 2858 1190 synodo
2891 1123 3160 1190 occurrit,
3186 1139 3363 1194 quam
3388 1125 3634 1195 proinde

1975 1199 2241 1256 ﬁctitiam
2293 1219 2420 1258 esse
2466 1206 2671 1262 merito
2715 1209 3069 1264 credendum
3105 1216 3210 1266 est.
3247 1212 3410 1268 Haud
3445 1214 3636 1286 magis

1976 1292 2202 1344 certum
2244 1296 2332 1346 est
2377 1295 2531 1364 quod
2589 1296 2914 1352 Souchetus
2974 1298 3030 1352 in
3093 1299 3255 1355 Notis
3309 1301 3380 1355 ad
3442 1302 3636 1358 Ivonis

1977 1376 2149 1447 epist.
2181 1379 2250 1432 78
2281 1384 2336 1434 et
2369 1381 2655 1437 Robertus
2692 1401 2761 1439 ex
2791 1387 3080 1442 Amalrico
3115 1387 3425 1444 Biterrensi
3461 1391 3517 1445 in
3548 1406 3640 1446 ve-

1978 1465 2086 1520 teri
2110 1465 2296 1523 Gallia
2316 1469 2645 1527 Christiana
2669 1473 2855 1542 aiunt,
2882 1476 3176 1531 Urbanum
3209 1477 3515 1534 ecclesiam
3541 1479 3636 1534 ab-

1979 1553 2149 1608 batiaa
2185 1556 2444 1613 Dolensis
2476 1561 2628 1630 apud
2662 1562 2950 1635 Bituriges
2983 1564 3090 1619 hoc
3127 1583 3280 1621 anno
3312 1566 3634 1624 dedicasse.

1983 1642 2089 1697 Vix
2123 1645 2279 1700 enim
2314 1645 2368 1699 id
2403 1648 2552 1703 ferre
2599 1655 2785 1721 potest
2818 1651 3096 1723 pontiﬁcii
3150 1655 3377 1710 itineris
3426 1657 3634 1723 series;

1982 1735 2038 1784 et
2055 1732 2292 1803 quidem
2318 1733 2438 1790 hmc
2455 1737 2741 1794 dedicatio
2760 1757 2792 1792 a
2815 1740 3078 1795 Paschali
3103 1743 3151 1796 ll
3173 1742 3385 1797 Urbani
3407 1761 3637 1800 succes-

1985 1836 2114 1876 sore
2145 1822 2296 1878 facta
2328 1825 2510 1882 fuisse
2543 1828 2760 1883 dicitur
2784 1829 2842 1884 in
2876 1831 3160 1888 Chronico
3189 1832 3536 1889 Turonensi.

1975 1925 2132 1982 CCII.
2157 1927 2449 1986 Silvz'niacz'
2467 1949 2658 2012 corpus
2680 1935 2937 2012 S_..l_l_aj01i
2959 1940 3242 2012 transfert.
3270 1939 3637 2012 Privilegium

2463 2005 2555 2059 dat
2585 2006 2729 2075 apud
2759 2005 3132 2064 Menh'culum.

2045 2087 2316 2145 Cluniaco
2363 2091 2560 2164 itaque
2617 2111 2888 2166 egressus
2937 2096 3206 2154 Urbanus
3257 2099 3636 2156 Silviniacum

1975 2193 2153 2249 prope
2196 2177 2445 2235 Molinas
2485 2183 2974 2240 Burboniensium
3008 2187 3289 2258 oppidum
3320 2188 3501 2256 venit,
3534 2188 3635 2244 ubi

1973 2280 2184 2336 corpus
2216 2269 2402 2322 sancti
2434 2268 2628 2340 Majoli
2670 2271 2971 2327 transtulit
3010 2274 3068 2328 in
3111 2273 3304 2330 locum
3337 2277 3636 2332 decentio-

1973 2370 2118 2418 rem,
2155 2358 2211 2408 et
2238 2355 2718 2414 Archimbaldum
2765 2377 2944 2432 super
2971 2362 3269 2417 tumulum
3323 2365 3508 2435 patris
3541 2363 3635 2420 sui

1970 2443 2368 2500 Archimbaldi
2421 2447 2612 2518 quarti
2653 2449 2856 2518 jura're
2887 2449 3022 2504 fecit
3069 2467 3130 2505 se
3178 2455 3299 2505 toto
3330 2451 3458 2506 vita:
3511 2469 3632 2507 suae

1970 2535 2230 2603 tempore
2260 2534 2430 2599 bona,
2467 2551 2591 2607 qua:
2632 2553 2664 2590 a
2715 2541 2878 2608 patre
2924 2542 3024 2591 aut
3056 2555 3089 2594 a
3122 2539 3448 2609 majoribus
3504 2541 3632 2596 suis

1971 2623 2326 2679 monasterio
2359 2623 2568 2680 collata
2597 2626 2849 2690 fuerant,
2883 2625 3106 2682 illibata
3136 2632 3522 2685 servaturum.
3558 2629 3622 2684 ld

1969 2709 2164 2780 ipsum
2199 2716 2445 2768 testatur
2465 2714 2722 2786 pontifex
2746 2715 2800 2768 in
2829 2714 2990 2771 bulla
3012 2733 3190 2788 quam
3211 2718 3341 2789 ejus
3364 2717 3474 2774 loci
3499 2735 3620 2775 mo-

1969 2798 2173 2854 nachis
2198 2801 2396 2858 Idibus
2419 2802 2761 2860 Novembris
2797 2805 2950 2876 apud
2974 2803 3107 2860 Mon
3120 2805 3368 2862 ticulum
3391 2822 3627 2864 conces-

1967 2888 2065 2954 sit,
2087 2887 2145 2942 in
2179 2906 2296 2961 qua
2325 2891 2582 2948 declarat
2613 2909 2674 2948 se
2705 2898 2988 2964 praesente
3035 2894 3309 2952 Duranno
3347 2896 3621 2969 episcopo

1965 2978 2334 3046 Arvernensi,
2361 2980 2781 3037 monasterium
2817 2982 3198 3038 Silviniacum
3243 2984 3352 3040 sub
3383 2985 3630 3057 speciali

1965 3064 2121 3121 sedis
2145 3066 2470 3137 apostolicae
2493 3069 2736 3125 tuitione
2759 3070 3112 3142 suscepisse,
3132 3072 3376 3144 ejusque
3396 3089 3629 3145 posses-

1965 3153 2177 3220 siones,
2194 3171 2340 3226 quas
2362 3155 2701 3229 singillatim
2729 3162 3412 3226 recenset,conﬁrmasse
3437 3179 3450 3218 :
3477 3163 3629 3219 hanc

191 3263 324 3303 nem
347 3247 686 3303 conﬁrmat.
707 3248 778 3301 At
809 3245 1021 3301 excidit
1046 3245 1165 3300 haec
1191 3242 1370 3312 bulla,
1394 3244 1564 3314 cujus
1588 3243 1853 3298 notitiam
1887 3229 1928 3297 C
1965 3243 2186 3298 bullam
2217 3244 2437 3300 Joellus
2472 3245 2782 3302 Remorum
2821 3247 3252 3316 archiantistes,
3283 3252 3620 3322 petentibus

190 3337 483 3393 debemus
509 3335 670 3391 Actis
691 3335 1258 3405 controversiae,quae
1295 3333 1404 3389 sub
1438 3331 1721 3388 Rollando
1754 3333 1854 3388 ab-

187 3427 322 3481 bate
353 3425 621 3480 Cluniaci
653 3427 850 3480 exorta
879 3427 986 3490 est,
1013 3439 1163 3478 anno
1199 3421 1336 3476 1220
1365 3420 1668 3477 occasione
1708 3420 1853 3478 elec-

185 3515 368 3570 tionis
401 3513 619 3586 prioris
647 3514 719 3568 de
748 3513 1061 3568 Cbaritate.

256 3621 396 3676 CCI.
431 3624 520 3677 An
555 3621 732 3676 Remis
769 3619 1061 3675 concilium
1107 3617 1474 3672 celebraverit.
1506 3616 1786 3672 Dolensem

758 3691 1040 3746 ecclesiam
1071 3688 1300 3744 dedicat.

253 3783 314 3838 Si
369 3781 619 3837 Andreae
666 3780 914 3836 Chesnio
966 3778 1297 3844 credamus,
1333 3776 1623 3842 Urbanus,
1656 3787 1856 3832 menSe

184 3871 430 3929 Octobri
457 3871 636 3942 hujus
657 3869 817 3935 anni,
839 3869 1036 3924 Remis
1068 3866 1274 3922 habuit
1295 3865 1634 3932 concilium,
1657 3866 1714 3922 in
1739 3883 1854 3938 quo

184 3961 517 4019 anathema
554 3960 678 4030 jam
727 3963 898 4014 antea
945 3957 1224 4012 adversus
1275 3954 1607 4028 Philippum
1658 3971 1851 4028 regem

187 4051 382 4107 latum
414 4048 805 4112 conﬁrmavit,
839 4044 1268 4116 expeditionem
1301 4060 1528 4098 sacram
1575 4043 1854 4099 adversus

196 4136 474 4194 inﬁdeles
509 4133 784 4200 decrevit,
833 4133 1199 4204 sancivitque
1232 4136 1299 4186 ut
1328 4131 1609 4202 deinceps
1643 4131 1701 4186 in
1742 4135 1853 4187 As-

186 4226 555 4299 sumptionis
586 4224 843 4295 Deiparaa
865 4222 1108 4295 virginis
1135 4219 1432 4292 pervigilio
1458 4220 1758 4290 jejunium
1781 4221 1853 4275 ab

187 4319 471 4376 omnibus
495 4314 928 4379 observaretur;
949 4329 1014 4367 ac
1037 4310 1286 4381 denique
1308 4308 1519 4363 indixit
1542 4307 1701 4364 aliud
1725 4326 1857 4366 con-

185 4409 392 4465 cilium
415 4405 578 4478 apud
599 4403 1095 4460 Clarummontem
1121 4398 1384 4471 proximo
1411 4413 1615 4453 mense
1640 4397 1856 4455 haben-

183 4499 350 4554 dum.
377 4497 514 4552 Haec
547 4493 645 4548 ille
688 4493 745 4547 in
783 4490 1034 4546 Historia
1072 4489 1471 4544 Romanorum
1509 4487 1854 4559 pontiﬁcum

1965 3331 2256 3388 Silviniaci
2303 3332 2628 3400 monachis,
2662 3350 2695 3388 a
2726 3351 2786 3390 se
2829 3334 3012 3390 visam
3065 3342 3120 3391 et
3166 3336 3436 3392 collatam
3469 3355 3620 3395 anno

1967 3422 2108 3475 1245
2136 3421 2422 3493 integram
2453 3439 2519 3478 ac
2552 3421 2837 3478 illibatam
2882 3423 3177 3480 inventam
3220 3424 3400 3481 fuisse
3431 3425 3621 3482 decla-

1964 3509 2191 3564 ravitub
2206 3508 2355 3580 plico
2387 3513 2796 3579 instrumento,
2821 3511 2978 3583 quod
3011 3510 3202 3585 sigillo
3227 3528 3334 3568 suo
3357 3511 3626 3568 munivit.

1966 3598 2302 3654 Pontiﬁcem
2337 3599 2394 3654 in
2430 3615 2496 3655 eo
2529 3598 2653 3655 loco
2684 3599 2809 3655 dies
2843 3599 2956 3656 fere
2989 3606 3117 3658 octo
3151 3601 3412 3674 exegisse
3443 3600 3622 3658 disci-

1964 3702 2099 3742 mus
2130 3703 2197 3742 ex
2225 3688 2404 3744 veteri
2434 3687 2826 3744 instrumento
2856 3688 3132 3745 chartarii
3163 3689 3627 3759 Silviniacensis,

1964 3777 2267 3832 occasione
2283 3775 2682 3832 Archimbaldi
2701 3776 3120 3833 Burboniensis
3143 3779 3434 3851 principis
3451 3779 3628 3836 modo

1964 3865 2270 3920 memorati
2305 3866 2474 3934 facto,
2509 3866 2607 3937 qui
2640 3867 2826 3922 malas
2874 3868 3328 3923 consuetudines
3378 3886 3410 3924 a
3465 3875 3628 3941 patre

1963 3970 2070 4009 suo
2103 3959 2354 4020 exactas,
2387 3959 2441 4009 et
2473 3956 2543 4008 ab
2575 3956 2777 4009 eodem
2826 3956 2996 4011 morti
3038 3956 3300 4027 proximo
3332 3957 3620 4014 relaxata-9

1963 4058 2238 4097 renovare
2260 4041 2628 4097 moliebatur.
2654 4064 2682 4093 «
2706 4043 2921 4098 Eodem
2949 4048 3234 4115 tempore,
3254 4044 3417 4099 verba
3454 4046 3628 4114 ipsius

1961 4130 2169 4186 charta?
2215 4133 2410 4202 refero,
2446 4131 2593 4185 facto
2642 4131 2797 4186 intra
2838 4131 3057 4187 Gallias
3105 4148 3207 4203 pro
3257 4132 3624 4203 quibusdam

1963 4224 2175 4276 sanctae
2198 4218 2465 4274 Ecclesiae
2490 4218 2848 4274 utilitatibus
2869 4221 3117 4276 adventu
3142 4219 3375 4276 Domini
3398 4221 3618 4276 Urbani

1963 4327 2125 4383 papae
2158 4308 2227 4377 ll,
2261 4325 2393 4364 cum
2442 4309 2594 4381 apud
2626 4307 2998 4365 Silviniacum
3033 4311 3148 4365 fere
3200 4325 3304 4381 per
3335 4309 3460 4366 dies
3490 4313 3623 4366 octo

1964 4402 2308 4464 moraretur,
2353 4401 2410 4453 et
2458 4397 2711 4470 quodam
2764 4397 2856 4453 die
2905 4397 2963 4452 in
3012 4397 3269 4471 capitulo
3321 4398 3624 4469 resideret,

1964 4492 2309 4545 cunctorum
2352 4485 2907 4542 circumsedentium
2966 4487 3212 4542 fratrum
3261 4490 3446 4543 coetus
3497 4489 3624 4560 ejus

183 4587 387 4643 Gallia
420 4584 599 4641 edita.
620 4584 693 4638 At
725 4585 1015 4652 quantum
1047 4595 1080 4633 a
1117 4593 1251 4633 vero
1283 4576 1370 4631 vir
1400 4593 1541 4632 sane
1573 4578 1849 4634 eruditis-
1884 4601 1930 4665 Β
1964 4577 2210 4665 pedibus
2240 4573 2884 4665 provolutus'auxilium
2909 4574 3222 4665 implorare
3245 4577 3424 4648 ccepit
3447 4593 3624 4649 super

186 4677 376 4732 simus
427 4670 799 4735 aberraverit,
842 4671 999 4741 patet
1056 4683 1171 4722 non
1221 4665 1413 4722 solum
1473 4682 1542 4720 ex
1601 4665 1848 4721 aliorum

185 4771 524 4830 auctorum,
555 4765 818 4816 veterum
870 4762 927 4812 et
986 4755 1384 4811 recentiorum"
1437 4753 1689 4820 silentio,
1745 4755 1846 4810 sed

187 4855 368 4910 etiam
398 4869 468 4908 ex
509 4851 724 4908 Urbani
772 4848 1049 4902 itinerum
1098 4844 1266 4911 serie,
1300 4861 1363 4898 ac
1414 4843 1689 4898 omnibus
1719 4845 1848 4915 ejus

185 4943 294 4998 aevi
327 4940 737 4997 instrumentis
767 4956 801 4993 a
828 4936 996 4992 nobis
1028 4933 1288 5006 prolatis,
1312 4949 1440 5004 qua:
1467 4931 1684 4987 nullam
1711 4938 1847 4987 tunc

184 5033 476 5107 temporis
508 5029 796 5103 synodum
831 5024 1028 5082 Remis
1056 5023 1317 5078 habitam
1345 5021 1527 5076 fuisse
1549 5038 1723 5092 super
1754 5039 1844 5076 sa-

183 5128 389 5196 tisque
427 5122 695 5195 probant.
730 5119 802 5174 Et
850 5114 1089 5188 quidem
1139 5111 1495 5183 Raynoldus,
1531 5109 1844 5166 Remorum

185 5222 326 5270 tunc
350 5209 838 5282 metropolitanus
861 5221 1002 5260 suos
1020 5202 1419 5273 suil‘raganeos
1438 5198 1508 5253 ad
1532 5198 1843 5254 concilium

181 5304 706 5358 Claromontanum
763 5313 830 5352 ex
875 5292 1091 5350 Urbani
1151 5287 1488 5362 praescripto
1545 5287 1842 5355 invitavit;

180 5395 451 5449 revocato
483 5390 555 5444 ob
595 5389 744 5443 hanc
775 5385 1084 5448 rationem,
1108 5379 1262 5453 quod
1305 5377 1472 5433 initio
1502 5377 1843 5433 Novembris

178 5479 599 5538 celebrandum
629 5476 935 5541 indixerat,
961 5469 1206 5528 concilio
1233 5465 1595 5540 provinciali,
1625 5470 1689 5522 ut
1719 5467 1842 5538 ipse

176 5573 320 5628 dicit
339 5571 404 5625 in
427 5566 674 5640 epistola
694 5566 821 5638 jam
854 5562 1096 5617 laudata
1119 5559 1186 5614 ad
1213 5557 1607 5613 Lambertum.
1624 5555 1840 5611 Deinde

171 5664 302 5741 ipse
335 5657 599 5737 pontifex
627 5653 1025 5732 peculiaribus
1061 5647 1272 5711 litteris
1303 5645 1534 5706 monuit
1565 5644 1837 5710 Lamber-

1961 4664 2132 4720 malis
2158 4664 2532 4735 quaejamdiu
2556 4665 2786 4719 fuerant
2818 4663 3396 4738 perpessi.Suscepta
3417 4681 3619 4722 eorum

1958 4753 2233 4824 petitione
2284 4752 2708 4824 benignissime
2748 4753 3000 4808 domnus
3039 4770 3212 4826 papa,
3246 4770 3383 4808 cum
3433 4753 3617 4810 altera

1955 4843 2049 4898 die
2081 4845 2381 4913 rogaretur
2424 4858 2458 4895 a
2498 4842 2622 4910 jam
2658 4840 2812 4896 dicto
2842 4841 3285 4910 Archimbaldo,
3319 4847 3386 4896 ut
3433 4841 3616 4913 patris

1955 4933 2043 4986 sui
2077 4931 2333 4984 animam
2366 4929 2683 5000 apostolica
2721 4929 3044 4985 absolveret
3085 4929 3447 4993 auctoritate,
3480 4933 3620 5000 post

1955 5018 2240 5090 expletam
2267 5015 2717 5085 absolutionem,
2738 5023 3054 5089 antequam
3091 5035 3125 5072 a
3155 5032 3215 5071 se
3245 5015 3614 5071 Archimbal-

1955 5107 2066 5163 dus
2097 5107 2252 5162 idem
2276 5123 2310 5161 a
2331 5121 2394 5162 se
2415 5105 2757 5174 discederet,
2780 5110 3097 5178 antequam
3131 5105 3306 5159 etiam
3331 5123 3362 5160 a
3384 5103 3614 5161 tumulo

1955 5199 2131 5269 pedes
2163 5199 2503 5262 removeret,
2527 5195 2785 5256 monitis.
2813 5195 3000 5268 ipsius
3039 5193 3309 5266 princeps
3340 5194 3612 5265 praefatus

1953 5302 2156 5341 omnes
2188 5284 2376 5340 malas
2406 5284 2861 5340 consuetudines
2888 5300 3034 5354 quas
3067 5282 3284 5353 injuste
3313 5284 3612 5355 quaerebat

1952 5374 2218 5446 reliquit;
2253 5379 2310 5428 et
2332 5375 2394 5428 ut
2419 5372 2629 5429 melius
2648 5373 2737 5428 sui
2757 5371 2894 5428 dicti
2923 5387 3148 5426 memor
3166 5377 3322 5427 esset
3338 5372 3606 5429 osculum

1951 5464 2111 5536 pacis
2135 5463 2206 5518 ab
2231 5462 2434 5518 eodem
2460 5479 2608 5534 papa
2628 5461 2906 5533 accepit.»
2934 5460 3045 5517 Sed
3069 5477 3271 5517 eorum
3295 5461 3611 5541 immemor

1948 5571 2046 5610 eas
2078 5551 2251 5624 paulo
2285 5557 2416 5624 post
2459 5550 2787 5607 renovavit:
2812 5567 2992 5621 quare
3025 5566 3116 5606 res
3165 5551 3237 5607 ad
3288 5551 3604 5611 concilium

1951 5641 2464 5703 Claromontanum
2497 5638 2690 5704 delata
2716 5643 2825 5716 est,
2858 5644 2924 5700 ut
2951 5639 3105 5704 infra
3133 5641 3418 5702 dicemus.
