  <div class='ocr_page' id='page_1' title='image "/cluster/home/n/w/nwhite01/storage/ocr_20150623/151/hvd.32044054760095/087.png"; bbox 0 0 4000 6176; ppageno 0'>
   <div class='ocr_carea' id='block_1_1' title="bbox 390 290 509 353">
    <p class='ocr_par' dir='ltr' id='par_1_1' title="bbox 390 290 509 353">
     <span class='ocr_line' id='line_1_1' title="bbox 390 290 509 353; baseline 0 -1"><span class='ocrx_word' id='word_1_1' title='bbox 390 290 509 353; x_wconf 81' lang='grc'><strong>163</strong></span> 
     </span>
    </p>
   </div>
   <div class='ocr_carea' id='block_1_2' title="bbox 630 415 1819 480">
    <p class='ocr_par' dir='ltr' id='par_1_2' title="bbox 630 415 1819 480">
     <span class='ocr_line' id='line_1_2' title="bbox 630 415 1819 480; baseline -0.011 -1"><span class='ocrx_word' id='word_1_2' title='bbox 630 420 818 480; x_wconf 82' lang='lat' dir='ltr'><strong>CCIII.</strong></span> <span class='ocrx_word' id='word_1_3' title='bbox 848 419 1308 477; x_wconf 81' lang='lat' dir='ltr'><strong>Clarummontem</strong></span> <span class='ocrx_word' id='word_1_4' title='bbox 1336 418 1517 473; x_wconf 88' lang='lat' dir='ltr'><strong>avenit</strong></span> <span class='ocrx_word' id='word_1_5' title='bbox 1552 415 1819 473; x_wconf 77' lang='lat' dir='ltr'><strong>Urbanus.</strong></span> 
     </span>
    </p>
   </div>
   <div class='ocr_carea' id='block_1_3' title="bbox 461 503 2049 586">
    <p class='ocr_par' dir='ltr' id='par_1_3' title="bbox 461 503 2049 586">
     <span class='ocr_line' id='line_1_3' title="bbox 461 503 2049 586; baseline -0.009 -16"><span class='ocrx_word' id='word_1_6' title='bbox 461 510 793 586; x_wconf 87' lang='lat' dir='ltr'><strong>Peragratis</strong></span> <span class='ocrx_word' id='word_1_7' title='bbox 815 509 1087 569; x_wconf 79' lang='lat' dir='ltr'><strong>Urbanus</strong></span> <span class='ocrx_word' id='word_1_8' title='bbox 1108 508 1202 566; x_wconf 90' lang='lat' dir='ltr'><strong>his</strong></span> <span class='ocrx_word' id='word_1_9' title='bbox 1224 505 1538 582; x_wconf 81' lang='lat' dir='ltr'><strong>provinciis</strong></span> <span class='ocrx_word' id='word_1_10' title='bbox 1553 503 2049 560; x_wconf 89' lang='lat' dir='ltr'><strong>Clarummontem</strong></span> 
     </span>
    </p>
   </div>
   <div class='ocr_carea' id='block_1_4' title="bbox 391 590 2053 670">
    <p class='ocr_par' dir='ltr' id='par_1_4' title="bbox 391 590 2053 670">
     <span class='ocr_line' id='line_1_4' title="bbox 391 590 2053 670; baseline -0.01 -10"><span class='ocrx_word' id='word_1_11' title='bbox 391 603 487 660; x_wconf 88' lang='lat' dir='ltr'><strong>die</strong></span> <span class='ocrx_word' id='word_1_12' title='bbox 511 600 861 658; x_wconf 82' lang='lat' dir='ltr'><strong>Novembris</strong></span> <span class='ocrx_word' id='word_1_13' title='bbox 885 601 950 656; x_wconf 82' lang='grc'><strong>14</strong></span> <span class='ocrx_word' id='word_1_14' title='bbox 970 601 1073 655; x_wconf 89' lang='lat' dir='ltr'><strong>aut</strong></span> <span class='ocrx_word' id='word_1_15' title='bbox 1096 595 1360 670; x_wconf 78' lang='lat' dir='ltr'><strong>sequenti</strong></span> <span class='ocrx_word' id='word_1_16' title='bbox 1387 593 1641 661; x_wconf 82' lang='lat' dir='ltr'><strong>advenit,</strong></span> <span class='ocrx_word' id='word_1_17' title='bbox 1667 607 1798 647; x_wconf 89' lang='lat' dir='ltr'><strong>cum</strong></span> <span class='ocrx_word' id='word_1_18' title='bbox 1832 590 2053 646; x_wconf 89' lang='lat' dir='ltr'><strong>interea</strong></span> 
     </span>
    </p>
   </div>
   <div class='ocr_carea' id='block_1_5' title="bbox 388 678 2052 766">
    <p class='ocr_par' dir='ltr' id='par_1_5' title="bbox 388 678 2052 766">
     <span class='ocr_line' id='line_1_5' title="bbox 388 678 2052 766; baseline -0.009 -17"><span class='ocrx_word' id='word_1_19' title='bbox 388 690 649 766; x_wconf 87' lang='lat' dir='ltr'><strong>episcopi</strong></span> <span class='ocrx_word' id='word_1_20' title='bbox 681 706 751 746; x_wconf 86' lang='lat' dir='ltr'><strong>ex</strong></span> <span class='ocrx_word' id='word_1_21' title='bbox 795 687 974 744; x_wconf 87' lang='lat' dir='ltr'><strong>variis</strong></span> <span class='ocrx_word' id='word_1_22' title='bbox 1015 687 1174 744; x_wconf 85' lang='lat' dir='ltr'><strong>orbis</strong></span> <span class='ocrx_word' id='word_1_23' title='bbox 1202 683 1517 741; x_wconf 71' lang='lat' dir='ltr'><strong>Christiani</strong></span> <span class='ocrx_word' id='word_1_24' title='bbox 1567 679 1906 757; x_wconf 83' lang='lat' dir='ltr'><strong>regionibus</strong></span> <span class='ocrx_word' id='word_1_25' title='bbox 1934 678 2052 734; x_wconf 92' lang='lat' dir='ltr'><strong>huc</strong></span> 
     </span>
    </p>
   </div>
   <div class='ocr_carea' id='block_1_6' title="bbox 390 768 2053 853">
    <p class='ocr_par' dir='ltr' id='par_1_6' title="bbox 390 768 2053 853">
     <span class='ocr_line' id='line_1_6' title="bbox 390 768 2053 853; baseline -0.009 -16"><span class='ocrx_word' id='word_1_26' title='bbox 390 781 791 853; x_wconf 82' lang='lat' dir='ltr'><strong>properarent.</strong></span> <span class='ocrx_word' id='word_1_27' title='bbox 823 777 907 833; x_wconf 85' lang='lat' dir='ltr'><strong>Ex</strong></span> <span class='ocrx_word' id='word_1_28' title='bbox 934 774 1029 831; x_wconf 93' lang='lat' dir='ltr'><strong>his</strong></span> <span class='ocrx_word' id='word_1_29' title='bbox 1065 773 1412 830; x_wconf 88' lang='lat' dir='ltr'><strong>Lambertus</strong></span> <span class='ocrx_word' id='word_1_30' title='bbox 1451 768 1853 827; x_wconf 84' lang='lat' dir='ltr'><strong>Atrebatensis</strong></span> <span class='ocrx_word' id='word_1_31' title='bbox 1882 784 1913 825; x_wconf 87' lang='lat' dir='ltr'><strong>e</strong></span> <span class='ocrx_word' id='word_1_32' title='bbox 1944 783 2053 824; x_wconf 89' lang='lat' dir='ltr'><strong>sua</strong></span> 
     </span>
    </p>
   </div>
   <div class='ocr_carea' id='block_1_7' title="bbox 390 858 2053 934">
    <p class='ocr_par' dir='ltr' id='par_1_7' title="bbox 390 858 2053 934">
     <span class='ocr_line' id='line_1_7' title="bbox 390 858 2053 934; baseline -0.008 -9"><span class='ocrx_word' id='word_1_33' title='bbox 390 870 537 927; x_wconf 85' lang='lat' dir='ltr'><strong>urbe</strong></span> <span class='ocrx_word' id='word_1_34' title='bbox 568 868 660 924; x_wconf 89' lang='lat' dir='ltr'><strong>die</strong></span> <span class='ocrx_word' id='word_1_35' title='bbox 701 867 772 922; x_wconf 90' lang='lat'><strong>28</strong></span> <span class='ocrx_word' id='word_1_36' title='bbox 801 863 1068 920; x_wconf 91' lang='lat' dir='ltr'><strong>Octobris</strong></span> <span class='ocrx_word' id='word_1_37' title='bbox 1112 861 1428 934; x_wconf 88' lang='lat' dir='ltr'><strong>profectus,</strong></span> <span class='ocrx_word' id='word_1_38' title='bbox 1459 859 1709 916; x_wconf 89' lang='lat' dir='ltr'><strong>Pruvino</strong></span> <span class='ocrx_word' id='word_1_39' title='bbox 1753 858 2053 915; x_wconf 86' lang='lat' dir='ltr'><strong>Senonum</strong></span> 
     </span>
    </p>
   </div>
   <div class='ocr_carea' id='block_1_8' title="bbox 390 945 2053 1027">
    <p class='ocr_par' dir='ltr' id='par_1_8' title="bbox 390 945 2053 1027">
     <span class='ocr_line' id='line_1_8' title="bbox 390 945 2053 1027; baseline -0.008 -12"><span class='ocrx_word' id='word_1_40' title='bbox 390 955 646 1025; x_wconf 76' lang='lat' dir='ltr'><strong>transiit,</strong></span> <span class='ocrx_word' id='word_1_41' title='bbox 665 971 780 1027; x_wconf 92' lang='lat' dir='ltr'><strong>quo</strong></span> <span class='ocrx_word' id='word_1_42' title='bbox 803 969 870 1009; x_wconf 88' lang='lat' dir='ltr'><strong>ex</strong></span> <span class='ocrx_word' id='word_1_43' title='bbox 891 950 1105 1024; x_wconf 90' lang='lat' dir='ltr'><strong>oppido</strong></span> <span class='ocrx_word' id='word_1_44' title='bbox 1125 966 1398 1025; x_wconf 87' lang='lat' dir='ltr'><strong>egressus</strong></span> <span class='ocrx_word' id='word_1_45' title='bbox 1416 966 1519 1005; x_wconf 87' lang='lat' dir='ltr'><strong>vm</strong></span> <span class='ocrx_word' id='word_1_46' title='bbox 1542 948 1680 1005; x_wconf 90' lang='lat' dir='ltr'><strong>Idus</strong></span> <span class='ocrx_word' id='word_1_47' title='bbox 1710 945 2053 1003; x_wconf 80' lang='lat' dir='ltr'><strong>Novembris</strong></span> 
     </span>
    </p>
   </div>
   <div class='ocr_carea' id='block_1_9' title="bbox 394 1037 2055 1114">
    <p class='ocr_par' dir='ltr' id='par_1_9' title="bbox 394 1037 2055 1114">
     <span class='ocr_line' id='line_1_9' title="bbox 394 1037 2055 1114; baseline -0.007 -11"><span class='ocrx_word' id='word_1_48' title='bbox 394 1064 429 1103; x_wconf 89' lang='lat' dir='ltr'><strong>a</strong></span> <span class='ocrx_word' id='word_1_49' title='bbox 461 1042 782 1102; x_wconf 87' lang='lat' dir='ltr'><strong>Guarnerio</strong></span> <span class='ocrx_word' id='word_1_50' title='bbox 813 1041 1070 1114; x_wconf 90' lang='lat' dir='ltr'><strong>quodam</strong></span> <span class='ocrx_word' id='word_1_51' title='bbox 1098 1038 1286 1096; x_wconf 83' lang='lat' dir='ltr'><strong>milite</strong></span> <span class='ocrx_word' id='word_1_52' title='bbox 1316 1037 1541 1096; x_wconf 87' lang='lat' dir='ltr'><strong>castelli</strong></span> <span class='ocrx_word' id='word_1_53' title='bbox 1574 1037 1646 1093; x_wconf 89' lang='lat' dir='ltr'><strong>de</strong></span> <span class='ocrx_word' id='word_1_54' title='bbox 1673 1037 1818 1093; x_wconf 90' lang='lat' dir='ltr'><strong>Pont</strong></span> <span class='ocrx_word' id='word_1_55' title='bbox 1846 1037 2055 1108; x_wconf 86' lang='lat' dir='ltr'><strong>captus</strong></span> 
     </span>
    </p>
   </div>
   <div class='ocr_carea' id='block_1_10' title="bbox 391 1123 2052 1201">
    <p class='ocr_par' dir='ltr' id='par_1_10' title="bbox 391 1123 2052 1201">
     <span class='ocr_line' id='line_1_10' title="bbox 391 1123 2052 1201; baseline -0.007 -11"><span class='ocrx_word' id='word_1_56' title='bbox 391 1139 500 1191; x_wconf 91' lang='lat' dir='ltr'><strong>est.</strong></span> <span class='ocrx_word' id='word_1_57' title='bbox 532 1135 604 1189; x_wconf 88' lang='lat' dir='ltr'><strong>At</strong></span> <span class='ocrx_word' id='word_1_58' title='bbox 631 1148 699 1188; x_wconf 89' lang='lat' dir='ltr'><strong>ea</strong></span> <span class='ocrx_word' id='word_1_59' title='bbox 730 1131 802 1186; x_wconf 89' lang='lat' dir='ltr'><strong>de</strong></span> <span class='ocrx_word' id='word_1_60' title='bbox 831 1145 893 1185; x_wconf 91' lang='lat' dir='ltr'><strong>re</strong></span> <span class='ocrx_word' id='word_1_61' title='bbox 922 1127 1187 1185; x_wconf 89' lang='lat' dir='ltr'><strong>monitus</strong></span> <span class='ocrx_word' id='word_1_62' title='bbox 1226 1127 1484 1201; x_wconf 82' lang='lat' dir='ltr'><strong>pontifex</strong></span> <span class='ocrx_word' id='word_1_63' title='bbox 1515 1123 1903 1182; x_wconf 89' lang='lat' dir='ltr'><strong>Guarnerium</strong></span> <span class='ocrx_word' id='word_1_64' title='bbox 1936 1127 2052 1179; x_wconf 84' lang='lat' dir='ltr'><strong>sta-</strong></span> 
     </span>
    </p>
   </div>
   <div class='ocr_carea' id='block_1_11' title="bbox 390 1211 2052 1286">
    <p class='ocr_par' dir='ltr' id='par_1_11' title="bbox 390 1211 2052 1286">
     <span class='ocr_line' id='line_1_11' title="bbox 390 1211 2052 1286; baseline -0.006 -10"><span class='ocrx_word' id='word_1_65' title='bbox 390 1221 496 1276; x_wconf 86' lang='lat' dir='ltr'><strong>tim</strong></span> <span class='ocrx_word' id='word_1_66' title='bbox 542 1218 753 1276; x_wconf 85' lang='lat' dir='ltr'><strong>litteris</strong></span> <span class='ocrx_word' id='word_1_67' title='bbox 787 1218 859 1274; x_wconf 93' lang='lat' dir='ltr'><strong>ob</strong></span> <span class='ocrx_word' id='word_1_68' title='bbox 892 1222 1117 1274; x_wconf 86' lang='lat' dir='ltr'><strong>tantam</strong></span> <span class='ocrx_word' id='word_1_69' title='bbox 1161 1215 1551 1272; x_wconf 69' lang='lat' dir='ltr'><strong>temeritatem</strong></span> <span class='ocrx_word' id='word_1_70' title='bbox 1584 1213 1941 1286; x_wconf 82' lang='lat' dir='ltr'><strong>objurgavit;</strong></span> <span class='ocrx_word' id='word_1_71' title='bbox 1974 1211 2052 1268; x_wconf 87' lang='lat' dir='ltr'><strong>si-</strong></span> 
     </span>
    </p>
   </div>
   <div class='ocr_carea' id='block_1_12' title="bbox 392 1300 2051 1382">
    <p class='ocr_par' dir='ltr' id='par_1_12' title="bbox 392 1300 2051 1382">
     <span class='ocr_line' id='line_1_12' title="bbox 392 1300 2051 1382; baseline -0.007 -16"><span class='ocrx_word' id='word_1_72' title='bbox 392 1309 634 1382; x_wconf 91' lang='lat' dir='ltr'><strong>mulque</strong></span> <span class='ocrx_word' id='word_1_73' title='bbox 669 1307 814 1365; x_wconf 87' lang='lat' dir='ltr'><strong>alias</strong></span> <span class='ocrx_word' id='word_1_74' title='bbox 842 1307 1068 1363; x_wconf 89' lang='lat' dir='ltr'><strong>litteras</strong></span> <span class='ocrx_word' id='word_1_75' title='bbox 1112 1304 1382 1361; x_wconf 81' lang='lat' dir='ltr'><strong>Richerio</strong></span> <span class='ocrx_word' id='word_1_76' title='bbox 1420 1304 1719 1360; x_wconf 87' lang='lat' dir='ltr'><strong>Senonum</strong></span> <span class='ocrx_word' id='word_1_77' title='bbox 1769 1300 2051 1372; x_wconf 90' lang='lat' dir='ltr'><strong>archiepi-</strong></span> 
     </span>
    </p>
   </div>
   <div class='ocr_carea' id='block_1_13' title="bbox 394 1390 2048 1472">
    <p class='ocr_par' dir='ltr' id='par_1_13' title="bbox 394 1390 2048 1472">
     <span class='ocr_line' id='line_1_13' title="bbox 394 1390 2048 1472; baseline -0.007 -17"><span class='ocrx_word' id='word_1_78' title='bbox 394 1415 572 1472; x_wconf 84' lang='lat' dir='ltr'><strong>scopo</strong></span> <span class='ocrx_word' id='word_1_79' title='bbox 590 1397 844 1469; x_wconf 88' lang='lat' dir='ltr'><strong>scripsit,</strong></span> <span class='ocrx_word' id='word_1_80' title='bbox 860 1399 925 1451; x_wconf 88' lang='lat' dir='ltr'><strong>ut</strong></span> <span class='ocrx_word' id='word_1_81' title='bbox 939 1393 1209 1451; x_wconf 89' lang='lat' dir='ltr'><strong>eumdem</strong></span> <span class='ocrx_word' id='word_1_82' title='bbox 1229 1391 1476 1449; x_wconf 90' lang='lat' dir='ltr'><strong>militem</strong></span> <span class='ocrx_word' id='word_1_83' title='bbox 1493 1390 2048 1457; x_wconf 83' lang='lat' dir='ltr'><strong>commonefactum,</strong></span> 
     </span>
    </p>
   </div>
   <div class='ocr_carea' id='block_1_14' title="bbox 394 1481 2057 1559">
    <p class='ocr_par' dir='ltr' id='par_1_14' title="bbox 394 1481 2057 1559">
     <span class='ocr_line' id='line_1_14' title="bbox 394 1481 2057 1559; baseline -0.006 -15"><span class='ocrx_word' id='word_1_84' title='bbox 394 1488 445 1545; x_wconf 89' lang='lat' dir='ltr'><strong>si</strong></span> <span class='ocrx_word' id='word_1_85' title='bbox 480 1504 594 1543; x_wconf 91' lang='lat' dir='ltr'><strong>non</strong></span> <span class='ocrx_word' id='word_1_86' title='bbox 627 1484 1018 1559; x_wconf 89' lang='lat' dir='ltr'><strong>resipisceret,</strong></span> <span class='ocrx_word' id='word_1_87' title='bbox 1040 1481 1219 1541; x_wconf 86' lang='lat' dir='ltr'><strong>simul</strong></span> <span class='ocrx_word' id='word_1_88' title='bbox 1250 1498 1385 1538; x_wconf 90' lang='lat' dir='ltr'><strong>cum</strong></span> <span class='ocrx_word' id='word_1_89' title='bbox 1414 1498 1523 1538; x_wconf 91' lang='lat' dir='ltr'><strong>suo</strong></span> <span class='ocrx_word' id='word_1_90' title='bbox 1543 1482 1672 1552; x_wconf 83' lang='lat' dir='ltr'><strong>ejus</strong></span> <span class='ocrx_word' id='word_1_91' title='bbox 1703 1481 1817 1536; x_wconf 89' lang='lat' dir='ltr'><strong>loco</strong></span> <span class='ocrx_word' id='word_1_92' title='bbox 1845 1494 2057 1536; x_wconf 70' lang='lat' dir='ltr'><strong>excom-</strong></span> 
     </span>
    </p>
   </div>
   <div class='ocr_carea' id='block_1_15' title="bbox 394 1570 2053 1647">
    <p class='ocr_par' dir='ltr' id='par_1_15' title="bbox 394 1570 2053 1647">
     <span class='ocr_line' id='line_1_15' title="bbox 394 1570 2053 1647; baseline -0.006 -13"><span class='ocrx_word' id='word_1_93' title='bbox 394 1577 762 1634; x_wconf 84' lang='lat' dir='ltr'><strong>municationi</strong></span> <span class='ocrx_word' id='word_1_94' title='bbox 786 1576 1098 1647; x_wconf 87' lang='lat' dir='ltr'><strong>subjicerel.</strong></span> <span class='ocrx_word' id='word_1_95' title='bbox 1122 1576 1339 1628; x_wconf 87' lang='lat' dir='ltr'><strong>Verum</strong></span> <span class='ocrx_word' id='word_1_96' title='bbox 1372 1570 1719 1644; x_wconf 85' lang='lat' dir='ltr'><strong>priusquam</strong></span> <span class='ocrx_word' id='word_1_97' title='bbox 1749 1586 1849 1626; x_wconf 90' lang='lat' dir='ltr'><strong>eas</strong></span> <span class='ocrx_word' id='word_1_98' title='bbox 1899 1585 2053 1625; x_wconf 83' lang='lat' dir='ltr'><strong>rece-</strong></span> 
     </span>
    </p>
   </div>
   <div class='ocr_carea' id='block_1_16' title="bbox 394 1656 2053 1741">
    <p class='ocr_par' dir='ltr' id='par_1_16' title="bbox 394 1656 2053 1741">
     <span class='ocr_line' id='line_1_16' title="bbox 394 1656 2053 1741; baseline -0.006 -18"><span class='ocrx_word' id='word_1_99' title='bbox 394 1666 583 1741; x_wconf 88' lang='lat' dir='ltr'><strong>pisset</strong></span> <span class='ocrx_word' id='word_1_100' title='bbox 625 1663 1007 1731; x_wconf 81' lang='lat' dir='ltr'><strong>Guarnerius,</strong></span> <span class='ocrx_word' id='word_1_101' title='bbox 1038 1679 1072 1718; x_wconf 88' lang='lat' dir='ltr'><strong>a</strong></span> <span class='ocrx_word' id='word_1_102' title='bbox 1130 1661 1398 1734; x_wconf 87' lang='lat' dir='ltr'><strong>Philippo</strong></span> <span class='ocrx_word' id='word_1_103' title='bbox 1455 1660 1730 1733; x_wconf 77' lang='lat' dir='ltr'><strong>episcopo</strong></span> <span class='ocrx_word' id='word_1_104' title='bbox 1778 1656 2053 1714; x_wconf 88' lang='lat' dir='ltr'><strong>Trecensi</strong></span> 
     </span>
    </p>
   </div>
   <div class='ocr_carea' id='block_1_17' title="bbox 397 1746 2050 1823">
    <p class='ocr_par' dir='ltr' id='par_1_17' title="bbox 397 1746 2050 1823">
     <span class='ocr_line' id='line_1_17' title="bbox 397 1746 2050 1823; baseline -0.005 -13"><span class='ocrx_word' id='word_1_105' title='bbox 397 1769 506 1810; x_wconf 91' lang='lat' dir='ltr'><strong>suo</strong></span> <span class='ocrx_word' id='word_1_106' title='bbox 551 1753 729 1808; x_wconf 75' lang='lat' dir='ltr'><strong>fratre</strong></span> <span class='ocrx_word' id='word_1_107' title='bbox 766 1750 1087 1823; x_wconf 87' lang='lat' dir='ltr'><strong>increpitus</strong></span> <span class='ocrx_word' id='word_1_108' title='bbox 1125 1751 1253 1821; x_wconf 90' lang='lat' dir='ltr'><strong>jam</strong></span> <span class='ocrx_word' id='word_1_109' title='bbox 1302 1747 1665 1805; x_wconf 87' lang='lat' dir='ltr'><strong>satisfecerat</strong></span> <span class='ocrx_word' id='word_1_110' title='bbox 1709 1746 2050 1813; x_wconf 87' lang='lat' dir='ltr'><strong>Lamberto;</strong></span> 
     </span>
    </p>
   </div>
   <div class='ocr_carea' id='block_1_18' title="bbox 396 1836 2053 1914">
    <p class='ocr_par' dir='ltr' id='par_1_18' title="bbox 396 1836 2053 1914">
     <span class='ocr_line' id='line_1_18' title="bbox 396 1836 2053 1914; baseline -0.005 -15"><span class='ocrx_word' id='word_1_111' title='bbox 396 1858 651 1914; x_wconf 89' lang='lat' dir='ltr'><strong>eumque</strong></span> <span class='ocrx_word' id='word_1_112' title='bbox 694 1839 805 1898; x_wconf 90' lang='lat' dir='ltr'><strong>sibi</strong></span> <span class='ocrx_word' id='word_1_113' title='bbox 848 1838 1288 1896; x_wconf 86' lang='lat' dir='ltr'><strong>reconciliatum</strong></span> <span class='ocrx_word' id='word_1_114' title='bbox 1332 1836 1802 1893; x_wconf 90' lang='lat' dir='ltr'><strong>Antissiodorum</strong></span> <span class='ocrx_word' id='word_1_115' title='bbox 1844 1851 2053 1907; x_wconf 88' lang='lat' dir='ltr'><strong>usque,</strong></span> 
     </span>
    </p>
   </div>
   <div class='ocr_carea' id='block_1_19' title="bbox 400 1923 2054 1999">
    <p class='ocr_par' dir='ltr' id='par_1_19' title="bbox 400 1923 2054 1999">
     <span class='ocr_line' id='line_1_19' title="bbox 400 1923 2054 1999; baseline -0.004 -14"><span class='ocrx_word' id='word_1_116' title='bbox 400 1930 499 1986; x_wconf 91' lang='lat' dir='ltr'><strong>ubi</strong></span> <span class='ocrx_word' id='word_1_117' title='bbox 532 1930 625 1986; x_wconf 91' lang='lat' dir='ltr'><strong>die</strong></span> <span class='ocrx_word' id='word_1_118' title='bbox 652 1947 687 1984; x_wconf 90' lang='lat' dir='ltr'><strong>v</strong></span> <span class='ocrx_word' id='word_1_119' title='bbox 715 1929 926 1985; x_wconf 87' lang='lat' dir='ltr'><strong>Iduum</strong></span> <span class='ocrx_word' id='word_1_120' title='bbox 962 1927 1226 1999; x_wconf 89' lang='lat' dir='ltr'><strong>ejusdem</strong></span> <span class='ocrx_word' id='word_1_121' title='bbox 1270 1925 1491 1983; x_wconf 88' lang='lat' dir='ltr'><strong>mensis</strong></span> <span class='ocrx_word' id='word_1_122' title='bbox 1531 1924 1783 1994; x_wconf 83' lang='lat' dir='ltr'><strong>advenit,</strong></span> <span class='ocrx_word' id='word_1_123' title='bbox 1817 1923 2054 1980; x_wconf 89' lang='lat' dir='ltr'><strong>honori-</strong></span> 
     </span>
    </p>
   </div>
   <div class='ocr_carea' id='block_1_20' title="bbox 400 2012 2055 2085">
    <p class='ocr_par' dir='ltr' id='par_1_20' title="bbox 400 2012 2055 2085">
     <span class='ocr_line' id='line_1_20' title="bbox 400 2012 2055 2085; baseline -0.004 -12"><span class='ocrx_word' id='word_1_124' title='bbox 400 2020 508 2075; x_wconf 77' lang='lat' dir='ltr'><strong>fice</strong></span> <span class='ocrx_word' id='word_1_125' title='bbox 538 2018 728 2073; x_wconf 86' lang='lat' dir='ltr'><strong>fuerat</strong></span> <span class='ocrx_word' id='word_1_126' title='bbox 756 2017 1090 2074; x_wconf 84' lang='lat' dir='ltr'><strong>comitatus.</strong></span> <span class='ocrx_word' id='word_1_127' title='bbox 1115 2015 1430 2071; x_wconf 88' lang='lat' dir='ltr'><strong>Occasione</strong></span> <span class='ocrx_word' id='word_1_128' title='bbox 1472 2018 1669 2070; x_wconf 89' lang='lat' dir='ltr'><strong>tamen</strong></span> <span class='ocrx_word' id='word_1_129' title='bbox 1701 2013 1880 2085; x_wconf 89' lang='lat' dir='ltr'><strong>hujus</strong></span> <span class='ocrx_word' id='word_1_130' title='bbox 1910 2012 2055 2068; x_wconf 88' lang='lat' dir='ltr'><strong>faci-</strong></span> 
     </span>
    </p>
   </div>
   <div class='ocr_carea' id='block_1_21' title="bbox 400 2100 2055 2165">
    <p class='ocr_par' dir='ltr' id='par_1_21' title="bbox 400 2100 2055 2165">
     <span class='ocr_line' id='line_1_21' title="bbox 400 2100 2055 2165; baseline -0.004 -2"><span class='ocrx_word' id='word_1_131' title='bbox 400 2107 561 2164; x_wconf 88' lang='lat' dir='ltr'><strong>noris</strong></span> <span class='ocrx_word' id='word_1_132' title='bbox 586 2106 816 2163; x_wconf 88' lang='lat' dir='ltr'><strong>videtur</strong></span> <span class='ocrx_word' id='word_1_133' title='bbox 841 2105 1113 2162; x_wconf 89' lang='lat' dir='ltr'><strong>conditus</strong></span> <span class='ocrx_word' id='word_1_134' title='bbox 1140 2103 1321 2161; x_wconf 90' lang='lat' dir='ltr'><strong>fuisse</strong></span> <span class='ocrx_word' id='word_1_135' title='bbox 1351 2120 1537 2165; x_wconf 88' lang='lat' dir='ltr'><strong>canon</strong></span> <span class='ocrx_word' id='word_1_136' title='bbox 1568 2104 1639 2157; x_wconf 87' lang='lat'><strong>32</strong></span> <span class='ocrx_word' id='word_1_137' title='bbox 1669 2101 1898 2158; x_wconf 88' lang='lat' dir='ltr'><strong>concilii</strong></span> <span class='ocrx_word' id='word_1_138' title='bbox 1929 2100 2055 2157; x_wconf 88' lang='lat' dir='ltr'><strong>Gla-</strong></span> 
     </span>
    </p>
   </div>
   <div class='ocr_carea' id='block_1_22' title="bbox 402 2190 2057 2260">
    <p class='ocr_par' dir='ltr' id='par_1_22' title="bbox 402 2190 2057 2260">
     <span class='ocr_line' id='line_1_22' title="bbox 402 2190 2057 2260; baseline -0.004 -8"><span class='ocrx_word' id='word_1_139' title='bbox 402 2195 820 2260; x_wconf 88' lang='lat' dir='ltr'><strong>romontensis,</strong></span> <span class='ocrx_word' id='word_1_140' title='bbox 837 2198 904 2250; x_wconf 88' lang='lat' dir='ltr'><strong>ut</strong></span> <span class='ocrx_word' id='word_1_141' title='bbox 924 2210 1031 2250; x_wconf 91' lang='lat' dir='ltr'><strong>suo</strong></span> <span class='ocrx_word' id='word_1_142' title='bbox 1052 2192 1178 2250; x_wconf 92' lang='lat' dir='ltr'><strong>loco</strong></span> <span class='ocrx_word' id='word_1_143' title='bbox 1201 2193 1485 2249; x_wconf 88' lang='lat' dir='ltr'><strong>dicemus.</strong></span> <span class='ocrx_word' id='word_1_144' title='bbox 1508 2191 1683 2248; x_wconf 92' lang='lat' dir='ltr'><strong>Porro</strong></span> <span class='ocrx_word' id='word_1_145' title='bbox 1704 2190 2057 2246; x_wconf 84' lang='lat' dir='ltr'><strong>Lambertus</strong></span> 
     </span>
    </p>
   </div>
   <div class='ocr_carea' id='block_1_23' title="bbox 398 2280 2056 2356">
    <p class='ocr_par' dir='ltr' id='par_1_23' title="bbox 398 2280 2056 2356">
     <span class='ocr_line' id='line_1_23' title="bbox 398 2280 2056 2356; baseline -0.004 -15"><span class='ocrx_word' id='word_1_146' title='bbox 398 2282 787 2341; x_wconf 85' lang='lat' dir='ltr'><strong>Antissiodori</strong></span> <span class='ocrx_word' id='word_1_147' title='bbox 839 2286 1046 2356; x_wconf 72' lang='lat' dir='ltr'><strong>praeter</strong></span> <span class='ocrx_word' id='word_1_148' title='bbox 1076 2280 1413 2338; x_wconf 81' lang='lat' dir='ltr'><strong>Richerium</strong></span> <span class='ocrx_word' id='word_1_149' title='bbox 1453 2282 1872 2346; x_wconf 88' lang='lat' dir='ltr'><strong>Senonensem,</strong></span> <span class='ocrx_word' id='word_1_150' title='bbox 1897 2295 2056 2335; x_wconf 89' lang='lat' dir='ltr'><strong>com-</strong></span> 
     </span>
    </p>
   </div>
   <div class='ocr_carea' id='block_1_24' title="bbox 402 2367 2056 2446">
    <p class='ocr_par' dir='ltr' id='par_1_24' title="bbox 402 2367 2056 2446">
     <span class='ocr_line' id='line_1_24' title="bbox 402 2367 2056 2446; baseline -0.005 -16"><span class='ocrx_word' id='word_1_151' title='bbox 402 2371 784 2446; x_wconf 89' lang='lat' dir='ltr'><strong>provinciales</strong></span> <span class='ocrx_word' id='word_1_152' title='bbox 818 2387 886 2426; x_wconf 91' lang='lat' dir='ltr'><strong>ac</strong></span> <span class='ocrx_word' id='word_1_153' title='bbox 903 2369 1130 2426; x_wconf 91' lang='lat' dir='ltr'><strong>vicinos</strong></span> <span class='ocrx_word' id='word_1_154' title='bbox 1160 2386 1300 2426; x_wconf 91' lang='lat' dir='ltr'><strong>suos</strong></span> <span class='ocrx_word' id='word_1_155' title='bbox 1344 2368 1657 2426; x_wconf 88' lang='lat' dir='ltr'><strong>Gervinum</strong></span> <span class='ocrx_word' id='word_1_156' title='bbox 1701 2367 2056 2424; x_wconf 80' lang='lat' dir='ltr'><strong>Ambianen-</strong></span> 
     </span>
    </p>
   </div>
   <div class='ocr_carea' id='block_1_25' title="bbox 402 2455 2056 2530">
    <p class='ocr_par' dir='ltr' id='par_1_25' title="bbox 402 2455 2056 2530">
     <span class='ocr_line' id='line_1_25' title="bbox 402 2455 2056 2530; baseline -0.004 -13"><span class='ocrx_word' id='word_1_157' title='bbox 402 2477 529 2517; x_wconf 89' lang='lat' dir='ltr'><strong>sem</strong></span> <span class='ocrx_word' id='word_1_158' title='bbox 570 2465 629 2517; x_wconf 88' lang='lat' dir='ltr'><strong>et</strong></span> <span class='ocrx_word' id='word_1_159' title='bbox 657 2459 981 2517; x_wconf 83' lang='lat' dir='ltr'><strong>Gerardum</strong></span> <span class='ocrx_word' id='word_1_160' title='bbox 1027 2457 1417 2515; x_wconf 77' lang='lat' dir='ltr'><strong>Morinensem</strong></span> <span class='ocrx_word' id='word_1_161' title='bbox 1468 2457 1773 2530; x_wconf 88' lang='lat' dir='ltr'><strong>episcopos</strong></span> <span class='ocrx_word' id='word_1_162' title='bbox 1822 2455 2056 2528; x_wconf 86' lang='lat' dir='ltr'><strong>reperit,</strong></span> 
     </span>
    </p>
   </div>
   <div class='ocr_carea' id='block_1_26' title="bbox 405 2544 2059 2623">
    <p class='ocr_par' dir='ltr' id='par_1_26' title="bbox 405 2544 2059 2623">
     <span class='ocr_line' id='line_1_26' title="bbox 405 2544 2059 2623; baseline -0.004 -18"><span class='ocrx_word' id='word_1_163' title='bbox 405 2548 759 2623; x_wconf 89' lang='lat' dir='ltr'><strong>quibuscum</strong></span> <span class='ocrx_word' id='word_1_164' title='bbox 798 2546 1095 2619; x_wconf 89' lang='lat' dir='ltr'><strong>reliquum</strong></span> <span class='ocrx_word' id='word_1_165' title='bbox 1133 2545 1360 2602; x_wconf 89' lang='lat' dir='ltr'><strong>itineris</strong></span> <span class='ocrx_word' id='word_1_166' title='bbox 1400 2545 1665 2615; x_wconf 87' lang='lat' dir='ltr'><strong>confecit,</strong></span> <span class='ocrx_word' id='word_1_167' title='bbox 1697 2550 1753 2600; x_wconf 91' lang='lat' dir='ltr'><strong>et</strong></span> <span class='ocrx_word' id='word_1_168' title='bbox 1794 2544 2059 2600; x_wconf 90' lang='lat' dir='ltr'><strong>Clarum-</strong></span> 
     </span>
    </p>
   </div>
   <div class='ocr_carea' id='block_1_27' title="bbox 406 2633 2061 2705">
    <p class='ocr_par' dir='ltr' id='par_1_27' title="bbox 406 2633 2061 2705">
     <span class='ocr_line' id='line_1_27' title="bbox 406 2633 2061 2705; baseline -0.004 -11"><span class='ocrx_word' id='word_1_169' title='bbox 406 2642 664 2696; x_wconf 87' lang='lat' dir='ltr'><strong>montem</strong></span> <span class='ocrx_word' id='word_1_170' title='bbox 698 2635 930 2693; x_wconf 85' lang='lat' dir='ltr'><strong>advenit</strong></span> <span class='ocrx_word' id='word_1_171' title='bbox 959 2635 1056 2691; x_wconf 91' lang='lat' dir='ltr'><strong>die</strong></span> <span class='ocrx_word' id='word_1_172' title='bbox 1091 2652 1165 2690; x_wconf 89' lang='lat' dir='ltr'><strong>xv</strong></span> <span class='ocrx_word' id='word_1_173' title='bbox 1207 2633 1496 2691; x_wconf 86' lang='lat' dir='ltr'><strong>Kalendas</strong></span> <span class='ocrx_word' id='word_1_174' title='bbox 1542 2633 1898 2701; x_wconf 89' lang='lat' dir='ltr'><strong>Decembris,</strong></span> <span class='ocrx_word' id='word_1_175' title='bbox 1933 2649 2061 2705; x_wconf 69' lang='lat' dir='ltr'><strong>quae</strong></span> 
     </span>
    </p>
   </div>
   <div class='ocr_carea' id='block_1_28' title="bbox 363 2722 2062 2796">
    <p class='ocr_par' dir='ltr' id='par_1_28' title="bbox 363 2722 2062 2796">
     <span class='ocr_line' id='line_1_28' title="bbox 363 2722 2062 2796; baseline 0 -19"><span class='ocrx_word' id='word_1_176' title='bbox 363 2764 367 2777; x_wconf 91' lang='lat'><strong>.</strong></span> <span class='ocrx_word' id='word_1_177' title='bbox 405 2724 710 2783; x_wconf 90' lang='lat' dir='ltr'><strong>Dominica</strong></span> <span class='ocrx_word' id='word_1_178' title='bbox 728 2729 874 2792; x_wconf 89' lang='lat' dir='ltr'><strong>erat,</strong></span> <span class='ocrx_word' id='word_1_179' title='bbox 903 2724 1003 2780; x_wconf 93' lang='lat' dir='ltr'><strong>ubi</strong></span> <span class='ocrx_word' id='word_1_180' title='bbox 1033 2741 1068 2779; x_wconf 93' lang='lat' dir='ltr'><strong>a</strong></span> <span class='ocrx_word' id='word_1_181' title='bbox 1092 2723 1349 2796; x_wconf 85' lang='lat' dir='ltr'><strong>pontiﬁce</strong></span> <span class='ocrx_word' id='word_1_182' title='bbox 1377 2724 1610 2792; x_wconf 77' lang='lat' dir='ltr'><strong>benigne</strong></span> <span class='ocrx_word' id='word_1_183' title='bbox 1642 2723 1698 2776; x_wconf 86' lang='lat' dir='ltr'><strong>in</strong></span> <span class='ocrx_word' id='word_1_184' title='bbox 1730 2722 1908 2777; x_wconf 81' lang='lat' dir='ltr'><strong>osculo</strong></span> <span class='ocrx_word' id='word_1_185' title='bbox 1938 2738 2062 2778; x_wconf 85' lang='lat' dir='ltr'><strong>san-</strong></span> 
     </span>
    </p>
   </div>
   <div class='ocr_carea' id='block_1_29' title="bbox 405 2810 1966 2886">
    <p class='ocr_par' dir='ltr' id='par_1_29' title="bbox 405 2810 1966 2886">
     <span class='ocr_line' id='line_1_29' title="bbox 405 2810 1966 2886; baseline -0.004 -14"><span class='ocrx_word' id='word_1_186' title='bbox 405 2823 487 2872; x_wconf 88' lang='lat' dir='ltr'><strong>cto</strong></span> <span class='ocrx_word' id='word_1_187' title='bbox 514 2817 790 2886; x_wconf 86' lang='lat' dir='ltr'><strong>susceptus</strong></span> <span class='ocrx_word' id='word_1_188' title='bbox 819 2812 1286 2869; x_wconf 89' lang='lat' dir='ltr'><strong>benedictionem</strong></span> <span class='ocrx_word' id='word_1_189' title='bbox 1317 2810 1699 2884; x_wconf 87' lang='lat' dir='ltr'><strong>apostolicam</strong></span> <span class='ocrx_word' id='word_1_190' title='bbox 1730 2810 1966 2885; x_wconf 89' lang='lat' dir='ltr'><strong>recepit.</strong></span> 
     </span>
    </p>
   </div>
   <div class='ocr_carea' id='block_1_30' title="bbox 480 2917 1992 2990">
    <p class='ocr_par' dir='ltr' id='par_1_30' title="bbox 480 2917 1992 2990">
     <span class='ocr_line' id='line_1_30' title="bbox 480 2917 1992 2990; baseline -0.003 -13"><span class='ocrx_word' id='word_1_191' title='bbox 480 2919 662 2977; x_wconf 84' lang='lat' dir='ltr'><strong>CCIV.</strong></span> <span class='ocrx_word' id='word_1_192' title='bbox 696 2918 875 2974; x_wconf 87' lang='lat' dir='ltr'><strong>Simul</strong></span> <span class='ocrx_word' id='word_1_193' title='bbox 901 2922 955 2975; x_wconf 87' lang='lat' dir='ltr'><strong>et</strong></span> <span class='ocrx_word' id='word_1_194' title='bbox 983 2918 1090 2974; x_wconf 84' lang='lat' dir='ltr'><strong>alii</strong></span> <span class='ocrx_word' id='word_1_195' title='bbox 1117 2919 1375 2990; x_wconf 78' lang='lat' dir='ltr'><strong>episcopi,</strong></span> <span class='ocrx_word' id='word_1_196' title='bbox 1407 2925 1535 2983; x_wconf 87' lang='lat' dir='ltr'><strong>etc.,</strong></span> <span class='ocrx_word' id='word_1_197' title='bbox 1565 2917 1710 2990; x_wconf 83' lang='lat' dir='ltr'><strong>apud</strong></span> <span class='ocrx_word' id='word_1_198' title='bbox 1742 2917 1992 2973; x_wconf 86' lang='lat' dir='ltr'><strong>Clarum-</strong></span> 
     </span>
    </p>
   </div>
   <div class='ocr_carea' id='block_1_31' title="bbox 922 2990 1544 3046">
    <p class='ocr_par' dir='ltr' id='par_1_31' title="bbox 922 2990 1544 3046">
     <span class='ocr_line' id='line_1_31' title="bbox 922 2990 1544 3046; baseline 0 -1"><span class='ocrx_word' id='word_1_199' title='bbox 922 2993 1161 3046; x_wconf 87' lang='lat' dir='ltr'><strong>montem</strong></span> <span class='ocrx_word' id='word_1_200' title='bbox 1197 2990 1544 3046; x_wconf 85' lang='lat' dir='ltr'><strong>conveniunt.</strong></span> 
     </span>
    </p>
   </div>
   <div class='ocr_carea' id='block_1_32' title="bbox 1668 271 2518 342">
    <p class='ocr_par' dir='ltr' id='par_1_32' title="bbox 1668 271 2518 342">
     <span class='ocr_line' id='line_1_32' title="bbox 1668 271 2518 342; baseline -0.011 0"><span class='ocrx_word' id='word_1_201' title='bbox 1668 277 1742 342; x_wconf 91' lang='lat' dir='ltr'><strong>B.</strong></span> <span class='ocrx_word' id='word_1_202' title='bbox 1785 274 2127 341; x_wconf 76' lang='lat' dir='ltr'><strong>URBANIS</strong></span> <span class='ocrx_word' id='word_1_203' title='bbox 2170 275 2225 337; x_wconf 92' lang='lat' dir='ltr'><strong>II</strong></span> <span class='ocrx_word' id='word_1_204' title='bbox 2266 271 2518 336; x_wconf 78' lang='grc' dir='ltr'><strong>ΡΑΡιΕ.</strong></span> 
     </span>
    </p>
   </div>
   <div class='ocr_carea' id='block_1_33' title="bbox 1976 394 3835 479">
    <p class='ocr_par' dir='ltr' id='par_1_33' title="bbox 1976 394 3835 479">
     <span class='ocr_line' id='line_1_33' title="bbox 1976 394 3835 479; baseline -0.01 -12"><span class='ocrx_word' id='word_1_205' title='bbox 1976 414 1981 419; x_wconf 84' lang='grc'><strong>’</strong></span> <span class='ocrx_word' id='word_1_206' title='bbox 2061 410 2119 476; x_wconf 77' lang='grc' dir='ltr'><strong>Α</strong></span> <span class='ocrx_word' id='word_1_207' title='bbox 2149 426 2328 478; x_wconf 89' lang='lat' dir='ltr'><strong>num,</strong></span> <span class='ocrx_word' id='word_1_208' title='bbox 2374 422 2511 464; x_wconf 91' lang='lat' dir='ltr'><strong>cum</strong></span> <span class='ocrx_word' id='word_1_209' title='bbox 2562 403 2717 479; x_wconf 88' lang='lat' dir='ltr'><strong>apud</strong></span> <span class='ocrx_word' id='word_1_210' title='bbox 2767 401 3268 459; x_wconf 88' lang='lat' dir='ltr'><strong>Clarummontem</strong></span> <span class='ocrx_word' id='word_1_211' title='bbox 3326 401 3500 463; x_wconf 89' lang='lat' dir='ltr'><strong>esset,</strong></span> <span class='ocrx_word' id='word_1_212' title='bbox 3550 394 3693 452; x_wconf 85' lang='lat' dir='ltr'><strong>dona</strong></span> <span class='ocrx_word' id='word_1_213' title='bbox 3753 410 3835 463; x_wconf 66' lang='grc' dir='ltr'><em>αδ</em></span> 
     </span>
    </p>
   </div>
   <div class='ocr_carea' id='block_1_34' title="bbox 3698 260 3833 322">
    <p class='ocr_par' dir='ltr' id='par_1_34' title="bbox 3698 260 3833 322">
     <span class='ocr_line' id='line_1_34' title="bbox 3698 260 3833 322; baseline -0.03 0"><span class='ocrx_word' id='word_1_214' title='bbox 3698 260 3833 322; x_wconf 72' lang='grc'><strong>164</strong></span> 
     </span>
    </p>
   </div>
   <div class='ocr_carea' id='block_1_35' title="bbox 2161 484 3836 572">
    <p class='ocr_par' dir='ltr' id='par_1_35' title="bbox 2161 484 3836 572">
     <span class='ocr_line' id='line_1_35' title="bbox 2161 484 3836 572; baseline -0.009 -18"><span class='ocrx_word' id='word_1_215' title='bbox 2161 500 2363 572; x_wconf 80' lang='lat' dir='ltr'><strong>legatos</strong></span> <span class='ocrx_word' id='word_1_216' title='bbox 2418 494 2761 559; x_wconf 78' lang='lat' dir='ltr'><strong>transmisit,</strong></span> <span class='ocrx_word' id='word_1_217' title='bbox 2822 495 2967 549; x_wconf 89' lang='lat' dir='ltr'><strong>teste</strong></span> <span class='ocrx_word' id='word_1_218' title='bbox 3025 486 3339 546; x_wconf 88' lang='lat' dir='ltr'><strong>Laurentio</strong></span> <span class='ocrx_word' id='word_1_219' title='bbox 3391 484 3697 543; x_wconf 89' lang='lat' dir='ltr'><strong>Leodiensi</strong></span> <span class='ocrx_word' id='word_1_220' title='bbox 3756 485 3836 539; x_wconf 88' lang='lat' dir='ltr'><strong>in</strong></span> 
     </span>
    </p>
   </div>
   <div class='ocr_carea' id='block_1_36' title="bbox 2161 575 3837 658">
    <p class='ocr_par' dir='ltr' id='par_1_36' title="bbox 2161 575 3837 658">
     <span class='ocr_line' id='line_1_36' title="bbox 2161 575 3837 658; baseline -0.008 -15"><span class='ocrx_word' id='word_1_221' title='bbox 2161 587 2417 643; x_wconf 87' lang='lat' dir='ltr'><strong>Historia</strong></span> <span class='ocrx_word' id='word_1_222' title='bbox 2456 583 2634 658; x_wconf 90' lang='lat' dir='ltr'><strong>episc.</strong></span> <span class='ocrx_word' id='word_1_223' title='bbox 2667 579 3152 637; x_wconf 85' lang='lat' dir='ltr'><strong>Virdunensium.</strong></span> <span class='ocrx_word' id='word_1_224' title='bbox 3186 575 3397 634; x_wconf 82' lang='lat' dir='ltr'><strong>Nullus</strong></span> <span class='ocrx_word' id='word_1_225' title='bbox 3442 592 3575 632; x_wconf 90' lang='lat' dir='ltr'><strong>vero</strong></span> <span class='ocrx_word' id='word_1_226' title='bbox 3603 591 3672 630; x_wconf 87' lang='lat' dir='ltr'><strong>ex</strong></span> <span class='ocrx_word' id='word_1_227' title='bbox 3702 576 3837 630; x_wconf 87' lang='lat' dir='ltr'><strong>An-</strong></span> 
     </span>
    </p>
   </div>
   <div class='ocr_carea' id='block_1_37' title="bbox 2161 666 3833 749">
    <p class='ocr_par' dir='ltr' id='par_1_37' title="bbox 2161 666 3833 749">
     <span class='ocr_line' id='line_1_37' title="bbox 2161 666 3833 749; baseline -0.007 -20"><span class='ocrx_word' id='word_1_228' title='bbox 2161 674 2280 749; x_wconf 85' lang='lat' dir='ltr'><strong>glia</strong></span> <span class='ocrx_word' id='word_1_229' title='bbox 2308 674 2620 748; x_wconf 88' lang='lat' dir='ltr'><strong>episcopus</strong></span> <span class='ocrx_word' id='word_1_230' title='bbox 2648 671 2763 727; x_wconf 92' lang='lat' dir='ltr'><strong>huc</strong></span> <span class='ocrx_word' id='word_1_231' title='bbox 2796 668 3099 726; x_wconf 87' lang='lat' dir='ltr'><strong>advenisse</strong></span> <span class='ocrx_word' id='word_1_232' title='bbox 3129 682 3383 740; x_wconf 85' lang='lat' dir='ltr'><strong>usquam</strong></span> <span class='ocrx_word' id='word_1_233' title='bbox 3413 666 3783 720; x_wconf 86' lang='lat' dir='ltr'><strong>memoratur</strong></span> <span class='ocrx_word' id='word_1_234' title='bbox 3815 679 3833 718; x_wconf 90' lang='lat'>:</span> 
     </span>
    </p>
   </div>
   <div class='ocr_carea' id='block_1_38' title="bbox 2164 752 3833 832">
    <p class='ocr_par' dir='ltr' id='par_1_38' title="bbox 2164 752 3833 832">
     <span class='ocr_line' id='line_1_38' title="bbox 2164 752 3833 832; baseline -0.008 -11"><span class='ocrx_word' id='word_1_235' title='bbox 2164 770 2306 821; x_wconf 86' lang='lat' dir='ltr'><strong>Boso</strong></span> <span class='ocrx_word' id='word_1_236' title='bbox 2334 767 2532 819; x_wconf 86' lang='lat' dir='ltr'><strong>tamen</strong></span> <span class='ocrx_word' id='word_1_237' title='bbox 2561 758 3024 832; x_wconf 89' lang='lat' dir='ltr'><strong>monachus,qui</strong></span> <span class='ocrx_word' id='word_1_238' title='bbox 3049 756 3427 831; x_wconf 89' lang='lat' dir='ltr'><strong>postmodum</strong></span> <span class='ocrx_word' id='word_1_239' title='bbox 3450 752 3616 810; x_wconf 90' lang='lat' dir='ltr'><strong>Becci</strong></span> <span class='ocrx_word' id='word_1_240' title='bbox 3638 752 3833 809; x_wconf 84' lang='lat' dir='ltr'><strong>abbas</strong></span> 
     </span>
    </p>
   </div>
   <div class='ocr_carea' id='block_1_39' title="bbox 2160 841 3830 921">
    <p class='ocr_par' dir='ltr' id='par_1_39' title="bbox 2160 841 3830 921">
     <span class='ocr_line' id='line_1_39' title="bbox 2160 841 3830 921; baseline -0.008 -10"><span class='ocrx_word' id='word_1_241' title='bbox 2160 853 2293 921; x_wconf 88' lang='lat' dir='ltr'><strong>fuit,</strong></span> <span class='ocrx_word' id='word_1_242' title='bbox 2319 870 2353 908; x_wconf 88' lang='lat' dir='ltr'><strong>a</strong></span> <span class='ocrx_word' id='word_1_243' title='bbox 2381 855 2581 909; x_wconf 90' lang='lat' dir='ltr'><strong>sancto</strong></span> <span class='ocrx_word' id='word_1_244' title='bbox 2611 849 2888 906; x_wconf 90' lang='lat' dir='ltr'><strong>Anselmo</strong></span> <span class='ocrx_word' id='word_1_245' title='bbox 2917 844 3353 904; x_wconf 86' lang='lat' dir='ltr'><strong>Cantuariensis</strong></span> <span class='ocrx_word' id='word_1_246' title='bbox 3384 841 3830 917; x_wconf 82' lang='lat' dir='ltr'><strong>archiepiscopo</strong></span> 
     </span>
    </p>
   </div>
   <div class='ocr_carea' id='block_1_40' title="bbox 2162 930 3827 1013">
    <p class='ocr_par' dir='ltr' id='par_1_40' title="bbox 2162 930 3827 1013">
     <span class='ocr_line' id='line_1_40' title="bbox 2162 930 3827 1013; baseline -0.008 -13"><span class='ocrx_word' id='word_1_247' title='bbox 2162 942 2404 1010; x_wconf 89' lang='lat' dir='ltr'><strong>missus,</strong></span> <span class='ocrx_word' id='word_1_248' title='bbox 2438 941 2566 1013; x_wconf 88' lang='lat' dir='ltr'><strong>ejus</strong></span> <span class='ocrx_word' id='word_1_249' title='bbox 2598 937 2836 995; x_wconf 91' lang='lat' dir='ltr'><strong>nomine</strong></span> <span class='ocrx_word' id='word_1_250' title='bbox 2861 936 2944 993; x_wconf 92' lang='lat' dir='ltr'><strong>ibi</strong></span> <span class='ocrx_word' id='word_1_251' title='bbox 2976 933 3262 1002; x_wconf 89' lang='lat' dir='ltr'><strong>interfuit,</strong></span> <span class='ocrx_word' id='word_1_252' title='bbox 3293 937 3361 990; x_wconf 89' lang='lat' dir='ltr'><strong>ut</strong></span> <span class='ocrx_word' id='word_1_253' title='bbox 3390 950 3458 990; x_wconf 85' lang='lat' dir='ltr'><strong>ex</strong></span> <span class='ocrx_word' id='word_1_254' title='bbox 3491 931 3679 1006; x_wconf 90' lang='lat' dir='ltr'><strong>ipsius</strong></span> <span class='ocrx_word' id='word_1_255' title='bbox 3712 930 3827 987; x_wconf 87' lang='lat' dir='ltr'><strong>Bo-</strong></span> 
     </span>
    </p>
   </div>
   <div class='ocr_carea' id='block_1_41' title="bbox 2161 1027 2817 1090">
    <p class='ocr_par' dir='ltr' id='par_1_41' title="bbox 2161 1027 2817 1090">
     <span class='ocr_line' id='line_1_41' title="bbox 2161 1027 2817 1090; baseline -0.012 0"><span class='ocrx_word' id='word_1_256' title='bbox 2161 1031 2326 1090; x_wconf 88' lang='lat' dir='ltr'><strong>sonis</strong></span> <span class='ocrx_word' id='word_1_257' title='bbox 2348 1029 2483 1087; x_wconf 86' lang='lat' dir='ltr'><strong>Vita</strong></span> <span class='ocrx_word' id='word_1_258' title='bbox 2511 1027 2817 1085; x_wconf 90' lang='lat' dir='ltr'><strong>discimus.</strong></span> 
     </span>
    </p>
   </div>
   <div class='ocr_carea' id='block_1_42' title="bbox 2638 1114 3344 1172">
    <p class='ocr_par' dir='ltr' id='par_1_42' title="bbox 2638 1114 3344 1172">
     <span class='ocr_line' id='line_1_42' title="bbox 2638 1114 3344 1172; baseline -0.006 0"><span class='ocrx_word' id='word_1_259' title='bbox 2638 1114 2793 1172; x_wconf 88' lang='lat' dir='ltr'><strong>CCV.</strong></span> <span class='ocrx_word' id='word_1_260' title='bbox 2827 1120 3030 1172; x_wconf 85' lang='lat' dir='ltr'><strong>Eorum</strong></span> <span class='ocrx_word' id='word_1_261' title='bbox 3058 1128 3344 1169; x_wconf 89' lang='lat' dir='ltr'><strong>numerus.</strong></span> 
     </span>
    </p>
   </div>
   <div class='ocr_carea' id='block_1_43' title="bbox 2233 1199 3830 1274">
    <p class='ocr_par' dir='ltr' id='par_1_43' title="bbox 2233 1199 3830 1274">
     <span class='ocr_line' id='line_1_43' title="bbox 2233 1199 3830 1274; baseline -0.008 -8"><span class='ocrx_word' id='word_1_262' title='bbox 2233 1208 2541 1266; x_wconf 89' lang='lat' dir='ltr'><strong>Bertoldus</strong></span> <span class='ocrx_word' id='word_1_263' title='bbox 2589 1205 2847 1262; x_wconf 80' lang='lat' dir='ltr'><strong>tredecim</strong></span> <span class='ocrx_word' id='word_1_264' title='bbox 2903 1202 3330 1274; x_wconf 81' lang='lat' dir='ltr'><strong>archiepiswpos</strong></span> <span class='ocrx_word' id='word_1_265' title='bbox 3366 1217 3491 1256; x_wconf 89' lang='lat' dir='ltr'><strong>cum</strong></span> <span class='ocrx_word' id='word_1_266' title='bbox 3536 1200 3652 1255; x_wconf 84' lang='lat' dir='ltr'><strong>suis</strong></span> <span class='ocrx_word' id='word_1_267' title='bbox 3699 1199 3830 1269; x_wconf 82' lang='lat' dir='ltr'><strong>suf-</strong></span> 
     </span>
    </p>
   </div>
   <div class='ocr_carea' id='block_1_44' title="bbox 2159 1289 3831 1371">
    <p class='ocr_par' dir='ltr' id='par_1_44' title="bbox 2159 1289 3831 1371">
     <span class='ocr_line' id='line_1_44' title="bbox 2159 1289 3831 1371; baseline -0.007 -17"><span class='ocrx_word' id='word_1_268' title='bbox 2159 1300 2463 1371; x_wconf 80' lang='lat' dir='ltr'><strong>fraganeis,</strong></span> <span class='ocrx_word' id='word_1_269' title='bbox 2497 1297 2565 1353; x_wconf 90' lang='lat' dir='ltr'><strong>ad</strong></span> <span class='ocrx_word' id='word_1_270' title='bbox 2600 1295 2753 1351; x_wconf 86' lang='lat' dir='ltr'><strong>hanc</strong></span> <span class='ocrx_word' id='word_1_271' title='bbox 2795 1293 3107 1367; x_wconf 80' lang='lat' dir='ltr'><strong>synodum,</strong></span> <span class='ocrx_word' id='word_1_272' title='bbox 3140 1307 3319 1364; x_wconf 91' lang='lat' dir='ltr'><strong>quam</strong></span> <span class='ocrx_word' id='word_1_273' title='bbox 3366 1289 3675 1361; x_wconf 77' lang='lat' dir='ltr'><strong>generalem</strong></span> <span class='ocrx_word' id='word_1_274' title='bbox 3718 1303 3831 1359; x_wconf 84' lang='lat' dir='ltr'><strong>ap-</strong></span> 
     </span>
    </p>
   </div>
   <div class='ocr_carea' id='block_1_45' title="bbox 2162 1379 3835 1463">
    <p class='ocr_par' dir='ltr' id='par_1_45' title="bbox 2162 1379 3835 1463">
     <span class='ocr_line' id='line_1_45' title="bbox 2162 1379 3835 1463; baseline -0.005 -19"><span class='ocrx_word' id='word_1_275' title='bbox 2162 1388 2363 1463; x_wconf 89' lang='lat' dir='ltr'><strong>pellat,</strong></span> <span class='ocrx_word' id='word_1_276' title='bbox 2388 1386 2729 1444; x_wconf 88' lang='lat' dir='ltr'><strong>convenisse</strong></span> <span class='ocrx_word' id='word_1_277' title='bbox 2760 1384 2941 1441; x_wconf 88' lang='lat' dir='ltr'><strong>tradit</strong></span> <span class='ocrx_word' id='word_1_278' title='bbox 2964 1382 3027 1439; x_wconf 86' lang='lat' dir='ltr'><strong>in</strong></span> <span class='ocrx_word' id='word_1_279' title='bbox 3054 1398 3171 1457; x_wconf 90' lang='lat' dir='ltr'><strong>qua</strong></span> <span class='ocrx_word' id='word_1_280' title='bbox 3194 1382 3301 1436; x_wconf 85' lang='lat'><strong>205</strong></span> <span class='ocrx_word' id='word_1_281' title='bbox 3322 1379 3627 1453; x_wconf 87' lang='lat' dir='ltr'><strong>pastorales</strong></span> <span class='ocrx_word' id='word_1_282' title='bbox 3651 1380 3835 1449; x_wconf 55' lang='lat' dir='ltr'><strong>virga</strong></span> 
     </span>
    </p>
   </div>
   <div class='ocr_carea' id='block_1_46' title="bbox 2160 1467 3837 1544">
    <p class='ocr_par' dir='ltr' id='par_1_46' title="bbox 2160 1467 3837 1544">
     <span class='ocr_line' id='line_1_46' title="bbox 2160 1467 3837 1544; baseline -0.005 -12"><span class='ocrx_word' id='word_1_283' title='bbox 2160 1485 2367 1534; x_wconf 67' lang='lat' dir='ltr'><strong>notatae</strong></span> <span class='ocrx_word' id='word_1_284' title='bbox 2423 1478 2570 1531; x_wconf 89' lang='lat' dir='ltr'><strong>sunt.</strong></span> <span class='ocrx_word' id='word_1_285' title='bbox 2613 1474 2915 1530; x_wconf 87' lang='lat' dir='ltr'><strong>Urbanum</strong></span> <span class='ocrx_word' id='word_1_286' title='bbox 2973 1487 3159 1529; x_wconf 82' lang='lat' dir='ltr'><strong>omnes</strong></span> <span class='ocrx_word' id='word_1_287' title='bbox 3217 1471 3490 1544; x_wconf 77' lang='lat' dir='ltr'><strong>episcopos</strong></span> <span class='ocrx_word' id='word_1_288' title='bbox 3521 1467 3713 1524; x_wconf 74' lang='lat' dir='ltr'><strong>Galliae</strong></span> <span class='ocrx_word' id='word_1_289' title='bbox 3775 1474 3837 1523; x_wconf 82' lang='lat' dir='ltr'><strong>et</strong></span> 
     </span>
    </p>
   </div>
   <div class='ocr_carea' id='block_1_47' title="bbox 2163 1556 3830 1638">
    <p class='ocr_par' dir='ltr' id='par_1_47' title="bbox 2163 1556 3830 1638">
     <span class='ocr_line' id='line_1_47' title="bbox 2163 1556 3830 1638; baseline -0.006 -17"><span class='ocrx_word' id='word_1_290' title='bbox 2163 1567 2448 1638; x_wconf 66' lang='lat' dir='ltr'><strong>Hispania:</strong></span> <span class='ocrx_word' id='word_1_291' title='bbox 2474 1563 2619 1636; x_wconf 86' lang='lat' dir='ltr'><strong>apud</strong></span> <span class='ocrx_word' id='word_1_292' title='bbox 2669 1563 3132 1618; x_wconf 86' lang='lat' dir='ltr'><strong>Clarummontem</strong></span> <span class='ocrx_word' id='word_1_293' title='bbox 3178 1573 3588 1634; x_wconf 77' lang='lat' dir='ltr'><strong>congregasse,</strong></span> <span class='ocrx_word' id='word_1_294' title='bbox 3620 1556 3830 1628; x_wconf 82' lang='lat' dir='ltr'><strong>ibique</strong></span> 
     </span>
    </p>
   </div>
   <div class='ocr_carea' id='block_1_48' title="bbox 2160 1645 3830 1723">
    <p class='ocr_par' dir='ltr' id='par_1_48' title="bbox 2160 1645 3830 1723">
     <span class='ocr_line' id='line_1_48' title="bbox 2160 1645 3830 1723; baseline -0.005 -12"><span class='ocrx_word' id='word_1_295' title='bbox 2160 1655 2463 1712; x_wconf 75' lang='lat' dir='ltr'><strong>concilium</strong></span> <span class='ocrx_word' id='word_1_296' title='bbox 2509 1656 2703 1723; x_wconf 81' lang='lat' dir='ltr'><strong>ingens</strong></span> <span class='ocrx_word' id='word_1_297' title='bbox 2755 1651 3079 1708; x_wconf 87' lang='lat' dir='ltr'><strong>celebrasse</strong></span> <span class='ocrx_word' id='word_1_298' title='bbox 3128 1649 3209 1706; x_wconf 87' lang='lat' dir='ltr'><strong>ait</strong></span> <span class='ocrx_word' id='word_1_299' title='bbox 3255 1647 3563 1706; x_wconf 83' lang='lat' dir='ltr'><strong>0rdericus</strong></span> <span class='ocrx_word' id='word_1_300' title='bbox 3611 1645 3830 1702; x_wconf 88' lang='lat' dir='ltr'><strong>Vitalis</strong></span> 
     </span>
    </p>
   </div>
   <div class='ocr_carea' id='block_1_49' title="bbox 2166 1734 3833 1813">
    <p class='ocr_par' dir='ltr' id='par_1_49' title="bbox 2166 1734 3833 1813">
     <span class='ocr_line' id='line_1_49' title="bbox 2166 1734 3833 1813; baseline -0.004 -14"><span class='ocrx_word' id='word_1_301' title='bbox 2166 1743 2335 1800; x_wconf 89' lang='lat' dir='ltr'><strong>initio</strong></span> <span class='ocrx_word' id='word_1_302' title='bbox 2368 1741 2500 1799; x_wconf 89' lang='lat' dir='ltr'><strong>libri</strong></span> <span class='ocrx_word' id='word_1_303' title='bbox 2536 1760 2612 1809; x_wconf 82' lang='lat' dir='ltr'><strong>1x,</strong></span> <span class='ocrx_word' id='word_1_304' title='bbox 2636 1741 2751 1808; x_wconf 92' lang='lat' dir='ltr'><strong>cui,</strong></span> <span class='ocrx_word' id='word_1_305' title='bbox 2784 1741 2998 1813; x_wconf 88' lang='lat' dir='ltr'><strong>inquit,</strong></span> <span class='ocrx_word' id='word_1_306' title='bbox 3031 1739 3425 1796; x_wconf 86' lang='lat' dir='ltr'><strong>interfuerunt.</strong></span> <span class='ocrx_word' id='word_1_307' title='bbox 3439 1734 3833 1809; x_wconf 83' lang='lat' dir='ltr'><strong>archiepisco-</strong></span> 
     </span>
    </p>
   </div>
   <div class='ocr_carea' id='block_1_50' title="bbox 2166 1824 3825 1906">
    <p class='ocr_par' dir='ltr' id='par_1_50' title="bbox 2166 1824 3825 1906">
     <span class='ocr_line' id='line_1_50' title="bbox 2166 1824 3825 1906; baseline -0.005 -17"><span class='ocrx_word' id='word_1_308' title='bbox 2166 1834 2224 1906; x_wconf 89' lang='lat' dir='ltr'><strong>pi</strong></span> <span class='ocrx_word' id='word_1_309' title='bbox 2258 1833 2555 1901; x_wconf 88' lang='lat' dir='ltr'><strong>tredecim,</strong></span> <span class='ocrx_word' id='word_1_310' title='bbox 2580 1829 2837 1904; x_wconf 88' lang='lat' dir='ltr'><strong>episcopi</strong></span> <span class='ocrx_word' id='word_1_311' title='bbox 2889 1828 3123 1885; x_wconf 85' lang='lat' dir='ltr'><strong>ducenti</strong></span> <span class='ocrx_word' id='word_1_312' title='bbox 3173 1834 3231 1884; x_wconf 84' lang='lat' dir='ltr'><strong>et</strong></span> <span class='ocrx_word' id='word_1_313' title='bbox 3278 1826 3489 1901; x_wconf 84' lang='lat' dir='ltr'><strong>viginti</strong></span> <span class='ocrx_word' id='word_1_314' title='bbox 3535 1824 3825 1900; x_wconf 84' lang='lat' dir='ltr'><strong>quinque,</strong></span> 
     </span>
    </p>
   </div>
   <div class='ocr_carea' id='block_1_51' title="bbox 2162 1918 3826 1989">
    <p class='ocr_par' dir='ltr' id='par_1_51' title="bbox 2162 1918 3826 1989">
     <span class='ocr_line' id='line_1_51' title="bbox 2162 1918 3826 1989; baseline -0.004 -10"><span class='ocrx_word' id='word_1_315' title='bbox 2162 1939 2285 1979; x_wconf 90' lang='lat' dir='ltr'><strong>cum</strong></span> <span class='ocrx_word' id='word_1_316' title='bbox 2328 1921 2696 1978; x_wconf 85' lang='lat' dir='ltr'><strong>multitudine</strong></span> <span class='ocrx_word' id='word_1_317' title='bbox 2737 1920 3017 1985; x_wconf 82' lang='lat' dir='ltr'><strong>abbatum,</strong></span> <span class='ocrx_word' id='word_1_318' title='bbox 3048 1918 3400 1989; x_wconf 86' lang='lat' dir='ltr'><strong>aliarumque</strong></span> <span class='ocrx_word' id='word_1_319' title='bbox 3440 1930 3826 1989; x_wconf 81' lang='lat' dir='ltr'><strong>personarum,</strong></span> 
     </span>
    </p>
   </div>
   <div class='ocr_carea' id='block_1_52' title="bbox 2164 2004 3831 2085">
    <p class='ocr_par' dir='ltr' id='par_1_52' title="bbox 2164 2004 3831 2085">
     <span class='ocr_line' id='line_1_52' title="bbox 2164 2004 3831 2085; baseline -0.003 -18"><span class='ocrx_word' id='word_1_320' title='bbox 2164 2012 2360 2085; x_wconf 79' lang='lat' dir='ltr'><strong>quibus</strong></span> <span class='ocrx_word' id='word_1_321' title='bbox 2390 2011 2521 2067; x_wconf 86' lang='lat' dir='ltr'><strong>adeo</strong></span> <span class='ocrx_word' id='word_1_322' title='bbox 2561 2017 2877 2066; x_wconf 86' lang='lat' dir='ltr'><strong>sanctarum</strong></span> <span class='ocrx_word' id='word_1_323' title='bbox 2904 2023 3056 2065; x_wconf 58' lang='lat' dir='ltr'><strong>curm</strong></span> <span class='ocrx_word' id='word_1_324' title='bbox 3089 2007 3352 2078; x_wconf 51' lang='lat' dir='ltr'><strong>delegata</strong></span> <span class='ocrx_word' id='word_1_325' title='bbox 3387 2013 3514 2062; x_wconf 88' lang='lat' dir='ltr'><strong>sunt</strong></span> <span class='ocrx_word' id='word_1_326' title='bbox 3550 2004 3831 2062; x_wconf 79' lang='lat' dir='ltr'><strong>Ecclesia-</strong></span> 
     </span>
    </p>
   </div>
   <div class='ocr_carea' id='block_1_53' title="bbox 2166 2092 3833 2167">
    <p class='ocr_par' dir='ltr' id='par_1_53' title="bbox 2166 2092 3833 2167">
     <span class='ocr_line' id='line_1_53' title="bbox 2166 2092 3833 2167; baseline -0.005 -10"><span class='ocrx_word' id='word_1_327' title='bbox 2166 2118 2311 2157; x_wconf 90' lang='lat' dir='ltr'><strong>rum.</strong></span> <span class='ocrx_word' id='word_1_328' title='bbox 2337 2100 2641 2156; x_wconf 89' lang='lat' dir='ltr'><strong>Consentit</strong></span> <span class='ocrx_word' id='word_1_329' title='bbox 2669 2102 2873 2154; x_wconf 90' lang='lat' dir='ltr'><strong>auctor</strong></span> <span class='ocrx_word' id='word_1_330' title='bbox 2903 2097 3210 2153; x_wconf 88' lang='lat' dir='ltr'><strong>Gestorum</strong></span> <span class='ocrx_word' id='word_1_331' title='bbox 3242 2094 3535 2151; x_wconf 88' lang='lat' dir='ltr'><strong>Lamberti</strong></span> <span class='ocrx_word' id='word_1_332' title='bbox 3566 2092 3833 2167; x_wconf 82' lang='lat' dir='ltr'><strong>episcopi</strong></span> 
     </span>
    </p>
   </div>
   <div class='ocr_carea' id='block_1_54' title="bbox 2171 2182 3837 2260">
    <p class='ocr_par' dir='ltr' id='par_1_54' title="bbox 2171 2182 3837 2260">
     <span class='ocr_line' id='line_1_54' title="bbox 2171 2182 3837 2260; baseline -0.005 -14"><span class='ocrx_word' id='word_1_333' title='bbox 2171 2189 2595 2257; x_wconf 88' lang='lat' dir='ltr'><strong>Atrebatensis,</strong></span> <span class='ocrx_word' id='word_1_334' title='bbox 2618 2186 2718 2260; x_wconf 90' lang='lat' dir='ltr'><strong>qui</strong></span> <span class='ocrx_word' id='word_1_335' title='bbox 2748 2186 2994 2243; x_wconf 85' lang='lat' dir='ltr'><strong>totidem</strong></span> <span class='ocrx_word' id='word_1_336' title='bbox 3026 2184 3493 2259; x_wconf 86' lang='lat' dir='ltr'><strong>archiepiscopos</strong></span> <span class='ocrx_word' id='word_1_337' title='bbox 3521 2188 3580 2240; x_wconf 90' lang='lat' dir='ltr'><strong>et</strong></span> <span class='ocrx_word' id='word_1_338' title='bbox 3604 2182 3837 2256; x_wconf 86' lang='lat' dir='ltr'><strong>episco-</strong></span> 
     </span>
    </p>
   </div>
   <div class='ocr_carea' id='block_1_55' title="bbox 2166 2273 3834 2352">
    <p class='ocr_par' dir='ltr' id='par_1_55' title="bbox 2166 2273 3834 2352">
     <span class='ocr_line' id='line_1_55' title="bbox 2166 2273 3834 2352; baseline -0.005 -17"><span class='ocrx_word' id='word_1_339' title='bbox 2166 2296 2274 2352; x_wconf 91' lang='lat' dir='ltr'><strong>pos</strong></span> <span class='ocrx_word' id='word_1_340' title='bbox 2303 2295 2437 2334; x_wconf 90' lang='lat' dir='ltr'><strong>cum</strong></span> <span class='ocrx_word' id='word_1_341' title='bbox 2461 2276 2742 2333; x_wconf 83' lang='lat' dir='ltr'><strong>Romanis</strong></span> <span class='ocrx_word' id='word_1_342' title='bbox 2771 2275 3170 2332; x_wconf 87' lang='lat' dir='ltr'><strong>cardinalibus</strong></span> <span class='ocrx_word' id='word_1_343' title='bbox 3192 2275 3262 2331; x_wconf 91' lang='lat' dir='ltr'><strong>ad</strong></span> <span class='ocrx_word' id='word_1_344' title='bbox 3286 2274 3396 2330; x_wconf 92' lang='lat' dir='ltr'><strong>hoc</strong></span> <span class='ocrx_word' id='word_1_345' title='bbox 3418 2273 3671 2345; x_wconf 88' lang='lat' dir='ltr'><strong>generale</strong></span> <span class='ocrx_word' id='word_1_346' title='bbox 3691 2288 3834 2328; x_wconf 89' lang='lat' dir='ltr'><strong>con-</strong></span> 
     </span>
    </p>
   </div>
   <div class='ocr_carea' id='block_1_56' title="bbox 2169 2363 3833 2436">
    <p class='ocr_par' dir='ltr' id='par_1_56' title="bbox 2169 2363 3833 2436">
     <span class='ocr_line' id='line_1_56' title="bbox 2169 2363 3833 2436; baseline -0.004 -13"><span class='ocrx_word' id='word_1_347' title='bbox 2169 2368 2369 2424; x_wconf 89' lang='lat' dir='ltr'><strong>cilium</strong></span> <span class='ocrx_word' id='word_1_348' title='bbox 2403 2365 2742 2423; x_wconf 89' lang='lat' dir='ltr'><strong>convenisse</strong></span> <span class='ocrx_word' id='word_1_349' title='bbox 2770 2364 2973 2431; x_wconf 88' lang='lat' dir='ltr'><strong>tradit,</strong></span> <span class='ocrx_word' id='word_1_350' title='bbox 3004 2369 3063 2421; x_wconf 90' lang='lat' dir='ltr'><strong>et</strong></span> <span class='ocrx_word' id='word_1_351' title='bbox 3113 2368 3448 2436; x_wconf 76' lang='lat' dir='ltr'><strong>praeter-eos</strong></span> <span class='ocrx_word' id='word_1_352' title='bbox 3477 2363 3694 2419; x_wconf 80' lang='lat' dir='ltr'><strong>abbd’tes</strong></span> <span class='ocrx_word' id='word_1_353' title='bbox 3727 2377 3833 2418; x_wconf 85' lang='lat' dir='ltr'><strong>no-</strong></span> 
     </span>
    </p>
   </div>
   <div class='ocr_carea' id='block_1_57' title="bbox 2168 2452 3831 2527">
    <p class='ocr_par' dir='ltr' id='par_1_57' title="bbox 2168 2452 3831 2527">
     <span class='ocr_line' id='line_1_57' title="bbox 2168 2452 3831 2527; baseline -0.002 -16"><span class='ocrx_word' id='word_1_354' title='bbox 2168 2458 2401 2527; x_wconf 85' lang='lat' dir='ltr'><strong>naginta</strong></span> <span class='ocrx_word' id='word_1_355' title='bbox 2428 2464 2479 2512; x_wconf 90' lang='lat' dir='ltr'><strong>et</strong></span> <span class='ocrx_word' id='word_1_356' title='bbox 2507 2471 2569 2512; x_wconf 91' lang='lat' dir='ltr'><strong>eo</strong></span> <span class='ocrx_word' id='word_1_357' title='bbox 2597 2455 2859 2527; x_wconf 79' lang='lat' dir='ltr'><strong>amplius,</strong></span> <span class='ocrx_word' id='word_1_358' title='bbox 2906 2455 3146 2526; x_wconf 72' lang='lat' dir='ltr'><strong>exceptis</strong></span> <span class='ocrx_word' id='word_1_359' title='bbox 3175 2454 3411 2509; x_wconf 80' lang='lat' dir='ltr'><strong>honestis</strong></span> <span class='ocrx_word' id='word_1_360' title='bbox 3453 2456 3505 2508; x_wconf 88' lang='lat' dir='ltr'><strong>et</strong></span> <span class='ocrx_word' id='word_1_361' title='bbox 3546 2452 3831 2522; x_wconf 78' lang='lat' dir='ltr'><strong>religiosis</strong></span> 
     </span>
    </p>
   </div>
   <div class='ocr_carea' id='block_1_58' title="bbox 2168 2540 3825 2616">
    <p class='ocr_par' dir='ltr' id='par_1_58' title="bbox 2168 2540 3825 2616">
     <span class='ocr_line' id='line_1_58' title="bbox 2168 2540 3825 2616; baseline -0.002 -17"><span class='ocrx_word' id='word_1_362' title='bbox 2168 2545 2508 2601; x_wconf 82' lang='lat' dir='ltr'><strong>diversan</strong></span> <span class='ocrx_word' id='word_1_363' title='bbox 2526 2546 2812 2616; x_wconf 85' lang='lat' dir='ltr'><strong>regionum</strong></span> <span class='ocrx_word' id='word_1_364' title='bbox 2829 2547 2881 2598; x_wconf 87' lang='lat' dir='ltr'><strong>et</strong></span> <span class='ocrx_word' id='word_1_365' title='bbox 2899 2544 3317 2615; x_wconf 83' lang='lat' dir='ltr'><strong>provinciarum</strong></span> <span class='ocrx_word' id='word_1_366' title='bbox 3334 2542 3547 2598; x_wconf 85' lang='lat' dir='ltr'><strong>clericis</strong></span> <span class='ocrx_word' id='word_1_367' title='bbox 3567 2544 3617 2597; x_wconf 85' lang='lat' dir='ltr'><strong>et</strong></span> <span class='ocrx_word' id='word_1_368' title='bbox 3641 2540 3825 2597; x_wconf 85' lang='lat' dir='ltr'><strong>laicis.</strong></span> 
     </span>
    </p>
   </div>
   <div class='ocr_carea' id='block_1_59' title="bbox 2172 2629 3828 2706">
    <p class='ocr_par' dir='ltr' id='par_1_59' title="bbox 2172 2629 3828 2706">
     <span class='ocr_line' id='line_1_59' title="bbox 2172 2629 3828 2706; baseline -0.002 -17"><span class='ocrx_word' id='word_1_369' title='bbox 2172 2635 2329 2689; x_wconf 86' lang='lat' dir='ltr'><strong>Idem</strong></span> <span class='ocrx_word' id='word_1_370' title='bbox 2352 2636 2554 2706; x_wconf 90' lang='lat' dir='ltr'><strong>postea</strong></span> <span class='ocrx_word' id='word_1_371' title='bbox 2575 2632 2633 2688; x_wconf 91' lang='lat' dir='ltr'><strong>in</strong></span> <span class='ocrx_word' id='word_1_372' title='bbox 2656 2632 2771 2688; x_wconf 83' lang='lat' dir='ltr'><strong>ﬁne</strong></span> <span class='ocrx_word' id='word_1_373' title='bbox 2792 2632 3019 2704; x_wconf 89' lang='lat' dir='ltr'><strong>repetit,</strong></span> <span class='ocrx_word' id='word_1_374' title='bbox 3040 2632 3151 2688; x_wconf 90' lang='lat' dir='ltr'><strong>nisi</strong></span> <span class='ocrx_word' id='word_1_375' title='bbox 3177 2631 3333 2704; x_wconf 91' lang='lat' dir='ltr'><strong>quod</strong></span> <span class='ocrx_word' id='word_1_376' title='bbox 3354 2629 3828 2704; x_wconf 88' lang='lat' dir='ltr'><strong>archiepiscopos</strong></span> 
     </span>
    </p>
   </div>
   <div class='ocr_carea' id='block_1_60' title="bbox 2171 2718 3830 2795">
    <p class='ocr_par' dir='ltr' id='par_1_60' title="bbox 2171 2718 3830 2795">
     <span class='ocr_line' id='line_1_60' title="bbox 2171 2718 3830 2795; baseline -0.002 -16"><span class='ocrx_word' id='word_1_377' title='bbox 2171 2721 2581 2795; x_wconf 85' lang='lat' dir='ltr'><strong>quatuordecim</strong></span> <span class='ocrx_word' id='word_1_378' title='bbox 2610 2721 2825 2778; x_wconf 88' lang='lat' dir='ltr'><strong>habeat</strong></span> <span class='ocrx_word' id='word_1_379' title='bbox 2854 2720 2913 2776; x_wconf 91' lang='lat' dir='ltr'><strong>in</strong></span> <span class='ocrx_word' id='word_1_380' title='bbox 2944 2719 3169 2794; x_wconf 74' lang='lat' dir='ltr'><strong>aliquot</strong></span> <span class='ocrx_word' id='word_1_381' title='bbox 3205 2720 3381 2777; x_wconf 90' lang='lat' dir='ltr'><strong>editis</strong></span> <span class='ocrx_word' id='word_1_382' title='bbox 3407 2726 3465 2777; x_wconf 91' lang='lat' dir='ltr'><strong>et</strong></span> <span class='ocrx_word' id='word_1_383' title='bbox 3491 2736 3636 2777; x_wconf 90' lang='lat' dir='ltr'><strong>mss.</strong></span> <span class='ocrx_word' id='word_1_384' title='bbox 3658 2718 3830 2776; x_wconf 87' lang='lat' dir='ltr'><strong>Unus</strong></span> 
     </span>
    </p>
   </div>
   <div class='ocr_carea' id='block_1_61' title="bbox 2172 2808 3830 2883">
    <p class='ocr_par' dir='ltr' id='par_1_61' title="bbox 2172 2808 3830 2883">
     <span class='ocr_line' id='line_1_61' title="bbox 2172 2808 3830 2883; baseline -0.001 -17"><span class='ocrx_word' id='word_1_385' title='bbox 2172 2816 2369 2867; x_wconf 84' lang='lat' dir='ltr'><strong>tamen</strong></span> <span class='ocrx_word' id='word_1_386' title='bbox 2388 2811 2563 2867; x_wconf 82' lang='lat' dir='ltr'><strong>codex</strong></span> <span class='ocrx_word' id='word_1_387' title='bbox 2590 2814 2808 2878; x_wconf 90' lang='lat' dir='ltr'><strong>noster,</strong></span> <span class='ocrx_word' id='word_1_388' title='bbox 2823 2814 2879 2866; x_wconf 93' lang='lat' dir='ltr'><strong>et</strong></span> <span class='ocrx_word' id='word_1_389' title='bbox 2896 2810 3135 2883; x_wconf 89' lang='lat' dir='ltr'><strong>quidem</strong></span> <span class='ocrx_word' id='word_1_390' title='bbox 3154 2809 3435 2867; x_wconf 89' lang='lat' dir='ltr'><strong>vetustior</strong></span> <span class='ocrx_word' id='word_1_391' title='bbox 3454 2808 3830 2866; x_wconf 90' lang='lat' dir='ltr'><strong>solummodo</strong></span> 
     </span>
    </p>
   </div>
   <div class='ocr_carea' id='block_1_62' title="bbox 2172 2896 3835 2972">
    <p class='ocr_par' dir='ltr' id='par_1_62' title="bbox 2172 2896 3835 2972">
     <span class='ocr_line' id='line_1_62' title="bbox 2172 2896 3835 2972; baseline -0.002 -16"><span class='ocrx_word' id='word_1_392' title='bbox 2172 2899 2452 2956; x_wconf 87' lang='lat' dir='ltr'><strong>tredecim</strong></span> <span class='ocrx_word' id='word_1_393' title='bbox 2485 2899 2735 2972; x_wconf 68' lang='lat' dir='ltr'><strong>praefert.</strong></span> <span class='ocrx_word' id='word_1_394' title='bbox 2768 2902 2833 2954; x_wconf 90' lang='lat' dir='ltr'><strong>In</strong></span> <span class='ocrx_word' id='word_1_395' title='bbox 2862 2898 3042 2955; x_wconf 85' lang='lat' dir='ltr'><strong>veteri</strong></span> <span class='ocrx_word' id='word_1_396' title='bbox 3072 2898 3280 2955; x_wconf 88' lang='lat' dir='ltr'><strong>notitia</strong></span> <span class='ocrx_word' id='word_1_397' title='bbox 3303 2898 3571 2970; x_wconf 74' lang='lat' dir='ltr'><strong>ejusdem</strong></span> <span class='ocrx_word' id='word_1_398' title='bbox 3597 2896 3835 2955; x_wconf 84' lang='lat' dir='ltr'><strong>concilii</strong></span> 
     </span>
    </p>
   </div>
   <div class='ocr_carea' id='block_1_63' title="bbox 2175 2986 3833 3062">
    <p class='ocr_par' dir='ltr' id='par_1_63' title="bbox 2175 2986 3833 3062">
     <span class='ocr_line' id='line_1_63' title="bbox 2175 2986 3833 3062; baseline 0 -17"><span class='ocrx_word' id='word_1_399' title='bbox 2175 2989 2329 3062; x_wconf 85' lang='lat' dir='ltr'><strong>apud</strong></span> <span class='ocrx_word' id='word_1_400' title='bbox 2368 2988 2667 3044; x_wconf 86' lang='lat' dir='ltr'><strong>Labbeum</strong></span> <span class='ocrx_word' id='word_1_401' title='bbox 2715 3004 2785 3044; x_wconf 85' lang='lat' dir='ltr'><strong>ex</strong></span> <span class='ocrx_word' id='word_1_402' title='bbox 2814 2986 3011 3044; x_wconf 90' lang='lat' dir='ltr'><strong>codice</strong></span> <span class='ocrx_word' id='word_1_403' title='bbox 3040 2987 3231 3044; x_wconf 89' lang='lat' dir='ltr'><strong>Cencii</strong></span> <span class='ocrx_word' id='word_1_404' title='bbox 3261 2987 3575 3043; x_wconf 85' lang='lat' dir='ltr'><strong>Camerarii</strong></span> <span class='ocrx_word' id='word_1_405' title='bbox 3622 2988 3833 3045; x_wconf 76' lang='lat' dir='ltr'><strong>conse-</strong></span> 
     </span>
    </p>
   </div>
   <div class='ocr_carea' id='block_1_64' title="bbox 482 3074 3831 3151">
    <p class='ocr_par' dir='ltr' id='par_1_64' title="bbox 482 3074 3831 3151">
     <span class='ocr_line' id='line_1_64' title="bbox 482 3074 3831 3151; baseline -0.001 -15"><span class='ocrx_word' id='word_1_406' title='bbox 482 3080 629 3136; x_wconf 87' lang='lat' dir='ltr'><strong>Cum</strong></span> <span class='ocrx_word' id='word_1_407' title='bbox 680 3078 876 3151; x_wconf 91' lang='lat' dir='ltr'><strong>itaque</strong></span> <span class='ocrx_word' id='word_1_408' title='bbox 926 3078 1126 3135; x_wconf 90' lang='lat' dir='ltr'><strong>omnia</strong></span> <span class='ocrx_word' id='word_1_409' title='bbox 1156 3078 1228 3134; x_wconf 90' lang='lat' dir='ltr'><strong>ad</strong></span> <span class='ocrx_word' id='word_1_410' title='bbox 1287 3076 1703 3135; x_wconf 88' lang='lat' dir='ltr'><strong>celebrandum</strong></span> <span class='ocrx_word' id='word_1_411' title='bbox 1752 3074 2064 3133; x_wconf 89' lang='lat' dir='ltr'><strong>concilium</strong></span> <span class='ocrx_word' id='word_1_412' title='bbox 2174 3078 2481 3134; x_wconf 91' lang='lat' dir='ltr'><strong>dissecum</strong></span> <span class='ocrx_word' id='word_1_413' title='bbox 2500 3076 2733 3133; x_wconf 88' lang='lat' dir='ltr'><strong>Urbano</strong></span> <span class='ocrx_word' id='word_1_414' title='bbox 2756 3075 3471 3148; x_wconf 90' lang='lat' dir='ltr'><strong>dicunturarchiepiscopi</strong></span> <span class='ocrx_word' id='word_1_415' title='bbox 3493 3075 3831 3148; x_wconf 85' lang='lat' dir='ltr'><strong>duodecim,</strong></span> 
     </span>
    </p>
   </div>
   <div class='ocr_carea' id='block_1_65' title="bbox 411 3151 3829 3242">
    <p class='ocr_par' dir='ltr' id='par_1_65' title="bbox 411 3151 3829 3242">
     <span class='ocr_line' id='line_1_65' title="bbox 411 3151 3829 3242; baseline -0.001 -17"><span class='ocrx_word' id='word_1_416' title='bbox 411 3168 699 3242; x_wconf 83' lang='lat' dir='ltr'><strong>disposita</strong></span> <span class='ocrx_word' id='word_1_417' title='bbox 728 3170 945 3231; x_wconf 89' lang='lat' dir='ltr'><strong>essent,</strong></span> <span class='ocrx_word' id='word_1_418' title='bbox 977 3167 1050 3223; x_wconf 91' lang='lat' dir='ltr'><strong>ad</strong></span> <span class='ocrx_word' id='word_1_419' title='bbox 1091 3166 1151 3223; x_wconf 91' lang='lat' dir='ltr'><strong>id</strong></span> <span class='ocrx_word' id='word_1_420' title='bbox 1181 3166 1339 3223; x_wconf 92' lang='lat' dir='ltr'><strong>enim</strong></span> <span class='ocrx_word' id='word_1_421' title='bbox 1378 3165 1550 3238; x_wconf 89' lang='lat' dir='ltr'><strong>longo</strong></span> <span class='ocrx_word' id='word_1_422' title='bbox 1590 3170 1762 3222; x_wconf 88' lang='lat' dir='ltr'><strong>antea</strong></span> <span class='ocrx_word' id='word_1_423' title='bbox 1792 3166 2063 3223; x_wconf 90' lang='lat' dir='ltr'><strong>Urbanus</strong></span> <span class='ocrx_word' id='word_1_424' title='bbox 2093 3151 2137 3219; x_wconf 87' lang='lat' dir='ltr'><strong>C</strong></span> <span class='ocrx_word' id='word_1_425' title='bbox 2173 3166 2429 3239; x_wconf 90' lang='lat' dir='ltr'><strong>episcopi</strong></span> <span class='ocrx_word' id='word_1_426' title='bbox 2451 3166 2748 3240; x_wconf 85' lang='lat' dir='ltr'><strong>octoginta</strong></span> <span class='ocrx_word' id='word_1_427' title='bbox 2765 3169 2825 3222; x_wconf 92' lang='lat' dir='ltr'><strong>et</strong></span> <span class='ocrx_word' id='word_1_428' title='bbox 2844 3164 3138 3221; x_wconf 87' lang='lat' dir='ltr'><strong>innumeri</strong></span> <span class='ocrx_word' id='word_1_429' title='bbox 3161 3164 3670 3222; x_wconf 89' lang='lat' dir='ltr'><strong>abbates.Clarius</strong></span> <span class='ocrx_word' id='word_1_430' title='bbox 3688 3182 3829 3222; x_wconf 90' lang='lat' dir='ltr'><strong>vero</strong></span> 
     </span>
    </p>
   </div>
   <div class='ocr_carea' id='block_1_66' title="bbox 410 3254 2064 3328">
    <p class='ocr_par' dir='ltr' id='par_1_66' title="bbox 410 3254 2064 3328">
     <span class='ocr_line' id='line_1_66' title="bbox 410 3254 2064 3328; baseline -0.004 -12"><span class='ocrx_word' id='word_1_431' title='bbox 410 3257 727 3315; x_wconf 86' lang='lat' dir='ltr'><strong>Henricum</strong></span> <span class='ocrx_word' id='word_1_432' title='bbox 755 3254 1039 3321; x_wconf 85' lang='lat' dir='ltr'><strong>Siculum,</strong></span> <span class='ocrx_word' id='word_1_433' title='bbox 1073 3254 1173 3328; x_wconf 91' lang='lat' dir='ltr'><strong>qui</strong></span> <span class='ocrx_word' id='word_1_434' title='bbox 1204 3258 1337 3328; x_wconf 91' lang='lat' dir='ltr'><strong>post</strong></span> <span class='ocrx_word' id='word_1_435' title='bbox 1363 3254 1554 3311; x_wconf 89' lang='lat' dir='ltr'><strong>varias</strong></span> <span class='ocrx_word' id='word_1_436' title='bbox 1584 3255 1851 3311; x_wconf 88' lang='lat' dir='ltr'><strong>fortunas</strong></span> <span class='ocrx_word' id='word_1_437' title='bbox 1879 3254 2064 3311; x_wconf 86' lang='lat' dir='ltr'><strong>cardi-</strong></span> 
     </span>
    </p>
   </div>
   <div class='ocr_carea' id='block_1_67' title="bbox 413 3342 2064 3418">
    <p class='ocr_par' dir='ltr' id='par_1_67' title="bbox 413 3342 2064 3418">
     <span class='ocr_line' id='line_1_67' title="bbox 413 3342 2064 3418; baseline -0.002 -17"><span class='ocrx_word' id='word_1_438' title='bbox 413 3343 564 3401; x_wconf 88' lang='lat' dir='ltr'><strong>nalis</strong></span> <span class='ocrx_word' id='word_1_439' title='bbox 583 3348 642 3402; x_wconf 90' lang='lat' dir='ltr'><strong>et</strong></span> <span class='ocrx_word' id='word_1_440' title='bbox 661 3343 993 3418; x_wconf 87' lang='lat' dir='ltr'><strong>patriarcha</strong></span> <span class='ocrx_word' id='word_1_441' title='bbox 1010 3343 1408 3400; x_wconf 84' lang='lat' dir='ltr'><strong>Antiochenus</strong></span> <span class='ocrx_word' id='word_1_442' title='bbox 1430 3344 1666 3400; x_wconf 89' lang='lat' dir='ltr'><strong>tandem</strong></span> <span class='ocrx_word' id='word_1_443' title='bbox 1689 3344 1817 3411; x_wconf 83' lang='lat' dir='ltr'><strong>fuit,</strong></span> <span class='ocrx_word' id='word_1_444' title='bbox 1836 3342 2064 3416; x_wconf 71' lang='lat' dir='ltr'><strong>praemi-</strong></span> 
     </span>
    </p>
   </div>
   <div class='ocr_carea' id='block_1_68' title="bbox 412 3431 2062 3505">
    <p class='ocr_par' dir='ltr' id='par_1_68' title="bbox 412 3431 2062 3505">
     <span class='ocr_line' id='line_1_68' title="bbox 412 3431 2062 3505; baseline -0.002 -14"><span class='ocrx_word' id='word_1_445' title='bbox 412 3439 587 3503; x_wconf 88' lang='lat' dir='ltr'><strong>serat,</strong></span> <span class='ocrx_word' id='word_1_446' title='bbox 620 3437 1014 3491; x_wconf 90' lang='lat' dir='ltr'><strong>convenerunt</strong></span> <span class='ocrx_word' id='word_1_447' title='bbox 1041 3437 1239 3489; x_wconf 91' lang='lat' dir='ltr'><strong>autem</strong></span> <span class='ocrx_word' id='word_1_448' title='bbox 1286 3432 1556 3489; x_wconf 90' lang='lat' dir='ltr'><strong>condicto</strong></span> <span class='ocrx_word' id='word_1_449' title='bbox 1609 3432 1702 3489; x_wconf 92' lang='lat' dir='ltr'><strong>die</strong></span> <span class='ocrx_word' id='word_1_450' title='bbox 1751 3432 1905 3505; x_wconf 91' lang='lat' dir='ltr'><strong>apud</strong></span> <span class='ocrx_word' id='word_1_451' title='bbox 1936 3431 2062 3488; x_wconf 90' lang='lat' dir='ltr'><strong>Cla-</strong></span> 
     </span>
    </p>
   </div>
   <div class='ocr_carea' id='block_1_69' title="bbox 412 3520 2063 3594">
    <p class='ocr_par' dir='ltr' id='par_1_69' title="bbox 412 3520 2063 3594">
     <span class='ocr_line' id='line_1_69' title="bbox 412 3520 2063 3594; baseline -0.003 -14"><span class='ocrx_word' id='word_1_452' title='bbox 412 3528 809 3580; x_wconf 80' lang='lat' dir='ltr'><strong>ru&#39;mmontem</strong></span> <span class='ocrx_word' id='word_1_453' title='bbox 843 3538 911 3578; x_wconf 86' lang='lat' dir='ltr'><strong>ex</strong></span> <span class='ocrx_word' id='word_1_454' title='bbox 939 3520 1216 3578; x_wconf 88' lang='lat' dir='ltr'><strong>omnibus</strong></span> <span class='ocrx_word' id='word_1_455' title='bbox 1245 3522 1425 3577; x_wconf 88' lang='lat' dir='ltr'><strong>ferme</strong></span> <span class='ocrx_word' id='word_1_456' title='bbox 1448 3521 1690 3593; x_wconf 62' lang='lat' dir='ltr'><strong>Europa;</strong></span> <span class='ocrx_word' id='word_1_457' title='bbox 1719 3520 1908 3594; x_wconf 89' lang='lat' dir='ltr'><strong>plagis</strong></span> <span class='ocrx_word' id='word_1_458' title='bbox 1928 3536 2063 3576; x_wconf 91' lang='lat' dir='ltr'><strong>cum</strong></span> 
     </span>
    </p>
   </div>
   <div class='ocr_carea' id='block_1_70' title="bbox 412 3608 2062 3683">
    <p class='ocr_par' dir='ltr' id='par_1_70' title="bbox 412 3608 2062 3683">
     <span class='ocr_line' id='line_1_70' title="bbox 412 3608 2062 3683; baseline -0.001 -16"><span class='ocrx_word' id='word_1_459' title='bbox 412 3611 648 3668; x_wconf 88' lang='lat' dir='ltr'><strong>Urbano</strong></span> <span class='ocrx_word' id='word_1_460' title='bbox 714 3625 866 3683; x_wconf 91' lang='lat' dir='ltr'><strong>papa</strong></span> <span class='ocrx_word' id='word_1_461' title='bbox 934 3608 1391 3682; x_wconf 89' lang='lat' dir='ltr'><strong>archiepiscopi,</strong></span> <span class='ocrx_word' id='word_1_462' title='bbox 1446 3608 1737 3682; x_wconf 89' lang='lat' dir='ltr'><strong>episcopi,</strong></span> <span class='ocrx_word' id='word_1_463' title='bbox 1799 3609 2062 3679; x_wconf 89' lang='lat' dir='ltr'><strong>abbates,</strong></span> 
     </span>
    </p>
   </div>
   <div class='ocr_carea' id='block_1_71' title="bbox 415 3696 2063 3771">
    <p class='ocr_par' dir='ltr' id='par_1_71' title="bbox 415 3696 2063 3771">
     <span class='ocr_line' id='line_1_71' title="bbox 415 3696 2063 3771; baseline -0.001 -16"><span class='ocrx_word' id='word_1_464' title='bbox 415 3698 634 3771; x_wconf 89' lang='lat' dir='ltr'><strong>aliique</strong></span> <span class='ocrx_word' id='word_1_465' title='bbox 662 3698 930 3754; x_wconf 90' lang='lat' dir='ltr'><strong>omnium</strong></span> <span class='ocrx_word' id='word_1_466' title='bbox 961 3697 1234 3754; x_wconf 90' lang='lat' dir='ltr'><strong>ordinum</strong></span> <span class='ocrx_word' id='word_1_467' title='bbox 1279 3696 1387 3753; x_wconf 90' lang='lat' dir='ltr'><strong>viri</strong></span> <span class='ocrx_word' id='word_1_468' title='bbox 1424 3696 1685 3754; x_wconf 88' lang='lat' dir='ltr'><strong>illustres</strong></span> <span class='ocrx_word' id='word_1_469' title='bbox 1714 3713 1861 3771; x_wconf 87' lang='lat' dir='ltr'><strong>pene</strong></span> <span class='ocrx_word' id='word_1_470' title='bbox 1892 3698 2063 3754; x_wconf 90' lang='lat' dir='ltr'><strong>innu-</strong></span> 
     </span>
    </p>
   </div>
   <div class='ocr_carea' id='block_1_72' title="bbox 416 3785 2065 3859">
    <p class='ocr_par' dir='ltr' id='par_1_72' title="bbox 416 3785 2065 3859">
     <span class='ocr_line' id='line_1_72' title="bbox 416 3785 2065 3859; baseline -0.001 -15"><span class='ocrx_word' id='word_1_471' title='bbox 416 3787 582 3844; x_wconf 91' lang='lat' dir='ltr'><strong>meri.</strong></span> <span class='ocrx_word' id='word_1_472' title='bbox 613 3789 831 3843; x_wconf 90' lang='lat' dir='ltr'><strong>Auctor</strong></span> <span class='ocrx_word' id='word_1_473' title='bbox 875 3785 1145 3842; x_wconf 88' lang='lat' dir='ltr'><strong>Chronici</strong></span> <span class='ocrx_word' id='word_1_474' title='bbox 1193 3785 1391 3842; x_wconf 88' lang='lat' dir='ltr'><strong>Sancti</strong></span> <span class='ocrx_word' id='word_1_475' title='bbox 1420 3786 1613 3842; x_wconf 92' lang='lat' dir='ltr'><strong>Vitoni</strong></span> <span class='ocrx_word' id='word_1_476' title='bbox 1658 3785 2065 3859; x_wconf 84' lang='lat' dir='ltr'><strong>Virdunensis,</strong></span> 
     </span>
    </p>
   </div>
   <div class='ocr_carea' id='block_1_73' title="bbox 416 3873 2065 3943">
    <p class='ocr_par' dir='ltr' id='par_1_73' title="bbox 416 3873 2065 3943">
     <span class='ocr_line' id='line_1_73' title="bbox 416 3873 2065 3943; baseline -0.002 -10"><span class='ocrx_word' id='word_1_477' title='bbox 416 3882 577 3933; x_wconf 87' lang='lat' dir='ltr'><strong>temo</strong></span> <span class='ocrx_word' id='word_1_478' title='bbox 598 3875 621 3932; x_wconf 92' lang='grc' dir='ltr'>Ι</span> <span class='ocrx_word' id='word_1_479' title='bbox 641 3874 1010 3932; x_wconf 59' lang='lat' dir='ltr'><strong>Bibliotheca</strong></span> <span class='ocrx_word' id='word_1_480' title='bbox 1032 3875 1372 3943; x_wconf 61' lang='lat' dir='ltr'><strong>Labbeanw,</strong></span> <span class='ocrx_word' id='word_1_481' title='bbox 1387 3876 1469 3932; x_wconf 88' lang='lat' dir='ltr'><strong>ait</strong></span> <span class='ocrx_word' id='word_1_482' title='bbox 1489 3876 1557 3932; x_wconf 88' lang='lat' dir='ltr'><strong>ad</strong></span> <span class='ocrx_word' id='word_1_483' title='bbox 1582 3873 1726 3932; x_wconf 88' lang='lat' dir='ltr'><strong>illud</strong></span> <span class='ocrx_word' id='word_1_484' title='bbox 1751 3873 2065 3932; x_wconf 84' lang='lat' dir='ltr'><strong>concilium</strong></span> 
     </span>
    </p>
   </div>
   <div class='ocr_carea' id='block_1_74' title="bbox 414 3964 2066 4039">
    <p class='ocr_par' dir='ltr' id='par_1_74' title="bbox 414 3964 2066 4039">
     <span class='ocr_line' id='line_1_74' title="bbox 414 3964 2066 4039; baseline -0.001 -18"><span class='ocrx_word' id='word_1_485' title='bbox 414 3966 688 4039; x_wconf 81' lang='lat' dir='ltr'><strong>episcopos</strong></span> <span class='ocrx_word' id='word_1_486' title='bbox 723 3979 863 4037; x_wconf 84' lang='lat' dir='ltr'><strong>pene</strong></span> <span class='ocrx_word' id='word_1_487' title='bbox 910 3966 1072 4021; x_wconf 79' lang='lat' dir='ltr'><strong>totius</strong></span> <span class='ocrx_word' id='word_1_488' title='bbox 1113 3964 1258 4022; x_wconf 84' lang='lat' dir='ltr'><strong>orbis</strong></span> <span class='ocrx_word' id='word_1_489' title='bbox 1305 3969 1688 4038; x_wconf 87' lang='lat' dir='ltr'><strong>congregatos</strong></span> <span class='ocrx_word' id='word_1_490' title='bbox 1736 3964 1938 4031; x_wconf 90' lang='lat' dir='ltr'><strong>fuisse,</strong></span> <span class='ocrx_word' id='word_1_491' title='bbox 1968 3979 2066 4020; x_wconf 79' lang='lat' dir='ltr'><strong>ea:-</strong></span> 
     </span>
    </p>
   </div>
   <div class='ocr_carea' id='block_1_75' title="bbox 414 4052 2068 4128">
    <p class='ocr_par' dir='ltr' id='par_1_75' title="bbox 414 4052 2068 4128">
     <span class='ocr_line' id='line_1_75' title="bbox 414 4052 2068 4128; baseline -0.001 -17"><span class='ocrx_word' id='word_1_492' title='bbox 414 4056 583 4128; x_wconf 89' lang='lat' dir='ltr'><strong>ceptis</strong></span> <span class='ocrx_word' id='word_1_493' title='bbox 628 4052 994 4125; x_wconf 81' lang='lat' dir='ltr'><strong>Lotharingis,</strong></span> <span class='ocrx_word' id='word_1_494' title='bbox 1046 4054 1363 4110; x_wconf 85' lang='lat' dir='ltr'><strong>Alemannis</strong></span> <span class='ocrx_word' id='word_1_495' title='bbox 1407 4056 1457 4108; x_wconf 89' lang='lat' dir='ltr'><strong>et</strong></span> <span class='ocrx_word' id='word_1_496' title='bbox 1504 4054 1796 4125; x_wconf 81' lang='lat' dir='ltr'><strong>Hungaris.</strong></span> <span class='ocrx_word' id='word_1_497' title='bbox 1832 4053 1950 4110; x_wconf 89' lang='lat' dir='ltr'><strong>Hoc</strong></span> <span class='ocrx_word' id='word_1_498' title='bbox 1978 4055 2068 4109; x_wconf 90' lang='lat' dir='ltr'><strong>ta-</strong></span> 
     </span>
    </p>
   </div>
   <div class='ocr_carea' id='block_1_76' title="bbox 416 4140 2069 4200">
    <p class='ocr_par' dir='ltr' id='par_1_76' title="bbox 416 4140 2069 4200">
     <span class='ocr_line' id='line_1_76' title="bbox 416 4140 2069 4200; baseline -0.001 0"><span class='ocrx_word' id='word_1_499' title='bbox 416 4160 554 4200; x_wconf 89' lang='lat' dir='ltr'><strong>men</strong></span> <span class='ocrx_word' id='word_1_500' title='bbox 591 4143 1003 4200; x_wconf 86' lang='lat' dir='ltr'><strong>celeberrimum</strong></span> <span class='ocrx_word' id='word_1_501' title='bbox 1050 4142 1232 4199; x_wconf 88' lang='lat' dir='ltr'><strong>fuisse</strong></span> <span class='ocrx_word' id='word_1_502' title='bbox 1281 4140 1485 4198; x_wconf 91' lang='lat' dir='ltr'><strong>scribit</strong></span> <span class='ocrx_word' id='word_1_503' title='bbox 1532 4141 1818 4198; x_wconf 83' lang='lat' dir='ltr'><strong>Robertus</strong></span> <span class='ocrx_word' id='word_1_504' title='bbox 1868 4140 2016 4198; x_wconf 91' lang='lat' dir='ltr'><strong>libro</strong></span> <span class='ocrx_word' id='word_1_505' title='bbox 2048 4159 2069 4198; x_wconf 83' lang='lat'><strong>1</strong></span> 
     </span>
    </p>
   </div>
   <div class='ocr_carea' id='block_1_77' title="bbox 418 4230 2071 4304">
    <p class='ocr_par' dir='ltr' id='par_1_77' title="bbox 418 4230 2071 4304">
     <span class='ocr_line' id='line_1_77' title="bbox 418 4230 2071 4304; baseline -0.001 -15"><span class='ocrx_word' id='word_1_506' title='bbox 418 4231 685 4289; x_wconf 67' lang='lat' dir='ltr'><strong>Historia:</strong></span> <span class='ocrx_word' id='word_1_507' title='bbox 750 4230 1278 4304; x_wconf 69' lang='lat' dir='ltr'><strong>Jerosolymitanaa,</strong></span> <span class='ocrx_word' id='word_1_508' title='bbox 1346 4235 1615 4287; x_wconf 79' lang='lat' dir='ltr'><strong>conventu</strong></span> <span class='ocrx_word' id='word_1_509' title='bbox 1673 4230 1952 4288; x_wconf 87' lang='lat' dir='ltr'><strong>Gallorum</strong></span> <span class='ocrx_word' id='word_1_510' title='bbox 2006 4248 2071 4287; x_wconf 87' lang='lat' dir='ltr'><strong>ac</strong></span> 
     </span>
    </p>
   </div>
   <div class='ocr_carea' id='block_1_78' title="bbox 420 4321 2072 4392">
    <p class='ocr_par' dir='ltr' id='par_1_78' title="bbox 420 4321 2072 4392">
     <span class='ocr_line' id='line_1_78' title="bbox 420 4321 2072 4392; baseline -0.001 -14"><span class='ocrx_word' id='word_1_511' title='bbox 420 4321 812 4378; x_wconf 83' lang='lat' dir='ltr'><strong>Germanorum</strong></span> <span class='ocrx_word' id='word_1_512' title='bbox 838 4325 958 4375; x_wconf 83' lang='lat' dir='ltr'><strong>tam</strong></span> <span class='ocrx_word' id='word_1_513' title='bbox 1007 4322 1377 4392; x_wconf 69' lang='lat' dir='ltr'><strong>episwmrum</strong></span> <span class='ocrx_word' id='word_1_514' title='bbox 1423 4336 1588 4391; x_wconf 88' lang='lat' dir='ltr'><strong>quam</strong></span> <span class='ocrx_word' id='word_1_515' title='bbox 1633 4321 1965 4392; x_wconf 84' lang='lat' dir='ltr'><strong>principum.</strong></span> <span class='ocrx_word' id='word_1_516' title='bbox 1999 4322 2072 4376; x_wconf 89' lang='lat' dir='ltr'><strong>At</strong></span> 
     </span>
    </p>
   </div>
   <div class='ocr_carea' id='block_1_79' title="bbox 418 4406 2070 4480">
    <p class='ocr_par' dir='ltr' id='par_1_79' title="bbox 418 4406 2070 4480">
     <span class='ocr_line' id='line_1_79' title="bbox 418 4406 2070 4480; baseline 0 -15"><span class='ocrx_word' id='word_1_517' title='bbox 418 4408 747 4476; x_wconf 83' lang='lat' dir='ltr'><strong>Alemanni,</strong></span> <span class='ocrx_word' id='word_1_518' title='bbox 768 4424 1021 4480; x_wconf 91' lang='lat' dir='ltr'><strong>quorum</strong></span> <span class='ocrx_word' id='word_1_519' title='bbox 1044 4406 1312 4463; x_wconf 89' lang='lat' dir='ltr'><strong>nonnulli</strong></span> <span class='ocrx_word' id='word_1_520' title='bbox 1335 4407 1568 4464; x_wconf 90' lang='lat' dir='ltr'><strong>Urbano</strong></span> <span class='ocrx_word' id='word_1_521' title='bbox 1592 4412 1759 4464; x_wconf 89' lang='lat' dir='ltr'><strong>erant</strong></span> <span class='ocrx_word' id='word_1_522' title='bbox 1785 4409 2070 4465; x_wconf 89' lang='lat' dir='ltr'><strong>addictis-</strong></span> 
     </span>
    </p>
   </div>
   <div class='ocr_carea' id='block_1_80' title="bbox 2171 3253 3829 3313">
    <p class='ocr_par' dir='ltr' id='par_1_80' title="bbox 2171 3253 3829 3313">
     <span class='ocr_line' id='line_1_80' title="bbox 2171 3253 3829 3313; baseline 0 0"><span class='ocrx_word' id='word_1_523' title='bbox 2171 3256 2375 3313; x_wconf 88' lang='lat' dir='ltr'><strong>scribit</strong></span> <span class='ocrx_word' id='word_1_524' title='bbox 2424 3256 2483 3312; x_wconf 90' lang='lat' dir='ltr'><strong>in</strong></span> <span class='ocrx_word' id='word_1_525' title='bbox 2533 3253 2815 3311; x_wconf 86' lang='lat' dir='ltr'><strong>Chronico</strong></span> <span class='ocrx_word' id='word_1_526' title='bbox 2873 3254 3069 3311; x_wconf 89' lang='lat' dir='ltr'><strong>Sancti</strong></span> <span class='ocrx_word' id='word_1_527' title='bbox 3104 3254 3253 3310; x_wconf 90' lang='lat' dir='ltr'><strong>Petri</strong></span> <span class='ocrx_word' id='word_1_528' title='bbox 3282 3254 3409 3311; x_wconf 91' lang='lat' dir='ltr'><strong>Vivi</strong></span> <span class='ocrx_word' id='word_1_529' title='bbox 3465 3254 3829 3313; x_wconf 82' lang='lat' dir='ltr'><strong>Senonensis</strong></span> 
     </span>
    </p>
   </div>
   <div class='ocr_carea' id='block_1_81' title="bbox 2171 3342 3827 3416">
    <p class='ocr_par' dir='ltr' id='par_1_81' title="bbox 2171 3342 3827 3416">
     <span class='ocr_line' id='line_1_81' title="bbox 2171 3342 3827 3416; baseline -0.001 -16"><span class='ocrx_word' id='word_1_530' title='bbox 2171 3344 2311 3402; x_wconf 92' lang='lat' dir='ltr'><strong>huic</strong></span> <span class='ocrx_word' id='word_1_531' title='bbox 2340 3342 2585 3401; x_wconf 89' lang='lat' dir='ltr'><strong>concilio</strong></span> <span class='ocrx_word' id='word_1_532' title='bbox 2629 3347 2943 3416; x_wconf 66' lang='lat' dir='ltr'><strong>praesentes</strong></span> <span class='ocrx_word' id='word_1_533' title='bbox 2987 3343 3172 3400; x_wconf 85' lang='lat' dir='ltr'><strong>fuisse</strong></span> <span class='ocrx_word' id='word_1_534' title='bbox 3199 3348 3487 3401; x_wconf 90' lang='lat' dir='ltr'><strong>trecentos</strong></span> <span class='ocrx_word' id='word_1_535' title='bbox 3515 3342 3827 3416; x_wconf 89' lang='lat' dir='ltr'><strong>episcopos</strong></span> 
     </span>
    </p>
   </div>
   <div class='ocr_carea' id='block_1_82' title="bbox 2173 3432 3825 3507">
    <p class='ocr_par' dir='ltr' id='par_1_82' title="bbox 2173 3432 3825 3507">
     <span class='ocr_line' id='line_1_82' title="bbox 2173 3432 3825 3507; baseline -0.002 -15"><span class='ocrx_word' id='word_1_536' title='bbox 2173 3434 2431 3492; x_wconf 88' lang='lat' dir='ltr'><strong>abbates.</strong></span> <span class='ocrx_word' id='word_1_537' title='bbox 2451 3433 2645 3489; x_wconf 89' lang='lat' dir='ltr'><strong>Novus</strong></span> <span class='ocrx_word' id='word_1_538' title='bbox 2674 3432 2927 3505; x_wconf 90' lang='lat' dir='ltr'><strong>scriptor</strong></span> <span class='ocrx_word' id='word_1_539' title='bbox 2947 3433 3258 3489; x_wconf 91' lang='lat' dir='ltr'><strong>Gestorum</strong></span> <span class='ocrx_word' id='word_1_540' title='bbox 3288 3433 3389 3490; x_wconf 91' lang='lat' dir='ltr'><strong>Dei</strong></span> <span class='ocrx_word' id='word_1_541' title='bbox 3420 3449 3525 3507; x_wconf 90' lang='lat' dir='ltr'><strong>per</strong></span> <span class='ocrx_word' id='word_1_542' title='bbox 3545 3433 3825 3501; x_wconf 85' lang='lat' dir='ltr'><strong>Francos,</strong></span> 
     </span>
    </p>
   </div>
   <div class='ocr_carea' id='block_1_83' title="bbox 2170 3521 3823 3595">
    <p class='ocr_par' dir='ltr' id='par_1_83' title="bbox 2170 3521 3823 3595">
     <span class='ocr_line' id='line_1_83' title="bbox 2170 3521 3823 3595; baseline -0.001 -16"><span class='ocrx_word' id='word_1_543' title='bbox 2170 3526 2462 3580; x_wconf 88' lang='lat' dir='ltr'><strong>trecentos</strong></span> <span class='ocrx_word' id='word_1_544' title='bbox 2491 3526 2547 3577; x_wconf 92' lang='lat' dir='ltr'><strong>et</strong></span> <span class='ocrx_word' id='word_1_545' title='bbox 2577 3521 2778 3577; x_wconf 89' lang='lat' dir='ltr'><strong>decem</strong></span> <span class='ocrx_word' id='word_1_546' title='bbox 2818 3524 2939 3577; x_wconf 89' lang='lat' dir='ltr'><strong>tam</strong></span> <span class='ocrx_word' id='word_1_547' title='bbox 2969 3521 3276 3595; x_wconf 90' lang='lat' dir='ltr'><strong>episcopos</strong></span> <span class='ocrx_word' id='word_1_548' title='bbox 3325 3539 3502 3594; x_wconf 87' lang='lat' dir='ltr'><strong>quam</strong></span> <span class='ocrx_word' id='word_1_549' title='bbox 3555 3521 3823 3579; x_wconf 86' lang='lat' dir='ltr'><strong>abbates.</strong></span> 
     </span>
    </p>
   </div>
   <div class='ocr_carea' id='block_1_84' title="bbox 2174 3609 3829 3684">
    <p class='ocr_par' dir='ltr' id='par_1_84' title="bbox 2174 3609 3829 3684">
     <span class='ocr_line' id='line_1_84' title="bbox 2174 3609 3829 3684; baseline -0.001 -15"><span class='ocrx_word' id='word_1_550' title='bbox 2174 3610 2433 3684; x_wconf 90' lang='lat' dir='ltr'><strong>Denique</strong></span> <span class='ocrx_word' id='word_1_551' title='bbox 2475 3609 2792 3666; x_wconf 88' lang='lat' dir='ltr'><strong>Guibertus</strong></span> <span class='ocrx_word' id='word_1_552' title='bbox 2835 3609 2945 3666; x_wconf 92' lang='lat' dir='ltr'><strong>hoc</strong></span> <span class='ocrx_word' id='word_1_553' title='bbox 2990 3610 3302 3666; x_wconf 90' lang='lat' dir='ltr'><strong>concilium</strong></span> <span class='ocrx_word' id='word_1_554' title='bbox 3349 3614 3499 3667; x_wconf 87' lang='lat' dir='ltr'><strong>tanto</strong></span> <span class='ocrx_word' id='word_1_555' title='bbox 3555 3610 3829 3667; x_wconf 87' lang='lat' dir='ltr'><strong>celebrius</strong></span> 
     </span>
    </p>
   </div>
   <div class='ocr_carea' id='block_1_85' title="bbox 2172 3698 3825 3773">
    <p class='ocr_par' dir='ltr' id='par_1_85' title="bbox 2172 3698 3825 3773">
     <span class='ocr_line' id='line_1_85' title="bbox 2172 3698 3825 3773; baseline 0.001 -17"><span class='ocrx_word' id='word_1_556' title='bbox 2172 3702 2344 3773; x_wconf 79' lang='lat' dir='ltr'><strong>fuisse</strong></span> <span class='ocrx_word' id='word_1_557' title='bbox 2370 3698 2530 3767; x_wconf 90' lang='lat' dir='ltr'><strong>dicit,</strong></span> <span class='ocrx_word' id='word_1_558' title='bbox 2553 3708 2755 3771; x_wconf 85' lang='lat' dir='ltr'><strong>quanto</strong></span> <span class='ocrx_word' id='word_1_559' title='bbox 2783 3700 3096 3756; x_wconf 70' lang='lat' dir='ltr'><strong>excellentis</strong></span> <span class='ocrx_word' id='word_1_560' title='bbox 3136 3704 3191 3755; x_wconf 86' lang='lat' dir='ltr'><strong>et</strong></span> <span class='ocrx_word' id='word_1_561' title='bbox 3230 3702 3515 3758; x_wconf 67' lang='lat' dir='ltr'><strong>inusitata?</strong></span> <span class='ocrx_word' id='word_1_562' title='bbox 3550 3716 3825 3773; x_wconf 69' lang='lat' dir='ltr'><strong>personae,</strong></span> 
     </span>
    </p>
   </div>
   <div class='ocr_carea' id='block_1_86' title="bbox 2179 3786 3831 3861">
    <p class='ocr_par' dir='ltr' id='par_1_86' title="bbox 2179 3786 3831 3861">
     <span class='ocr_line' id='line_1_86' title="bbox 2179 3786 3831 3861; baseline 0.001 -16"><span class='ocrx_word' id='word_1_563' title='bbox 2179 3790 2474 3846; x_wconf 91' lang='lat' dir='ltr'><strong>Urbanum</strong></span> <span class='ocrx_word' id='word_1_564' title='bbox 2524 3786 2816 3861; x_wconf 89' lang='lat' dir='ltr'><strong>intelligit,</strong></span> <span class='ocrx_word' id='word_1_565' title='bbox 2849 3804 2947 3844; x_wconf 90' lang='lat' dir='ltr'><strong>ora</strong></span> <span class='ocrx_word' id='word_1_566' title='bbox 2985 3805 3221 3857; x_wconf 85' lang='lat' dir='ltr'><strong>cernere,</strong></span> <span class='ocrx_word' id='word_1_567' title='bbox 3254 3791 3418 3846; x_wconf 85' lang='lat' dir='ltr'><strong>verba</strong></span> <span class='ocrx_word' id='word_1_568' title='bbox 3462 3790 3658 3846; x_wconf 83' lang='lat' dir='ltr'><strong>audire</strong></span> <span class='ocrx_word' id='word_1_569' title='bbox 3706 3794 3831 3846; x_wconf 84' lang='lat' dir='ltr'><strong>erat</strong></span> 
     </span>
    </p>
   </div>
   <div class='ocr_carea' id='block_1_87' title="bbox 2173 3877 3832 3951">
    <p class='ocr_par' dir='ltr' id='par_1_87' title="bbox 2173 3877 3832 3951">
     <span class='ocr_line' id='line_1_87' title="bbox 2173 3877 3832 3951; baseline 0 -17"><span class='ocrx_word' id='word_1_570' title='bbox 2173 3877 2609 3935; x_wconf 84' lang='lat' dir='ltr'><strong>desiderabilius.</strong></span> <span class='ocrx_word' id='word_1_571' title='bbox 2637 3878 2787 3932; x_wconf 89' lang='lat' dir='ltr'><strong>Tum</strong></span> <span class='ocrx_word' id='word_1_572' title='bbox 2818 3877 3016 3933; x_wconf 88' lang='lat' dir='ltr'><strong>subdit</strong></span> <span class='ocrx_word' id='word_1_573' title='bbox 3040 3894 3054 3933; x_wconf 86' lang='lat'>:</span> <span class='ocrx_word' id='word_1_574' title='bbox 3080 3878 3200 3933; x_wconf 85' lang='lat' dir='ltr'><strong>Illic</strong></span> <span class='ocrx_word' id='word_1_575' title='bbox 3223 3883 3427 3951; x_wconf 69' lang='lat' dir='ltr'><strong>praeter</strong></span> <span class='ocrx_word' id='word_1_576' title='bbox 3452 3881 3832 3951; x_wconf 85' lang='lat' dir='ltr'><strong>episcoporum</strong></span> 
     </span>
    </p>
   </div>
   <div class='ocr_carea' id='block_1_88' title="bbox 2174 3967 3834 4041">
    <p class='ocr_par' dir='ltr' id='par_1_88' title="bbox 2174 3967 3834 4041">
     <span class='ocr_line' id='line_1_88' title="bbox 2174 3967 3834 4041; baseline -0.001 -17"><span class='ocrx_word' id='word_1_577' title='bbox 2174 3976 2225 4024; x_wconf 86' lang='lat' dir='ltr'><strong>et</strong></span> <span class='ocrx_word' id='word_1_578' title='bbox 2255 3967 2514 4023; x_wconf 86' lang='lat' dir='ltr'><strong>abbatum</strong></span> <span class='ocrx_word' id='word_1_579' title='bbox 2560 3968 2840 4031; x_wconf 75' lang='lat' dir='ltr'><strong>examina,</strong></span> <span class='ocrx_word' id='word_1_580' title='bbox 2880 3982 3012 4037; x_wconf 88' lang='lat' dir='ltr'><strong>quos</strong></span> <span class='ocrx_word' id='word_1_581' title='bbox 3059 3968 3280 4022; x_wconf 80' lang='lat' dir='ltr'><strong>circiter</strong></span> <span class='ocrx_word' id='word_1_582' title='bbox 3316 3968 3702 4040; x_wconf 81' lang='lat' dir='ltr'><strong>quadragintos</strong></span> <span class='ocrx_word' id='word_1_583' title='bbox 3727 3983 3834 4041; x_wconf 82' lang='lat' dir='ltr'><strong>per</strong></span> 
     </span>
    </p>
   </div>
   <div class='ocr_carea' id='block_1_89' title="bbox 2170 4055 3832 4129">
    <p class='ocr_par' dir='ltr' id='par_1_89' title="bbox 2170 4055 3832 4129">
     <span class='ocr_line' id='line_1_89' title="bbox 2170 4055 3832 4129; baseline 0.002 -18"><span class='ocrx_word' id='word_1_584' title='bbox 2170 4058 2543 4129; x_wconf 85' lang='lat' dir='ltr'><strong>prominentes</strong></span> <span class='ocrx_word' id='word_1_585' title='bbox 2571 4056 2785 4126; x_wconf 80' lang='lat' dir='ltr'><strong>ferulas</strong></span> <span class='ocrx_word' id='word_1_586' title='bbox 2802 4055 2976 4128; x_wconf 82' lang='lat' dir='ltr'><strong>fuisse</strong></span> <span class='ocrx_word' id='word_1_587' title='bbox 2999 4055 3179 4127; x_wconf 87' lang='lat' dir='ltr'><strong>aliqui</strong></span> <span class='ocrx_word' id='word_1_588' title='bbox 3196 4059 3640 4127; x_wconf 80' lang='lat' dir='ltr'><strong>numeraverant,</strong></span> <span class='ocrx_word' id='word_1_589' title='bbox 3658 4058 3832 4114; x_wconf 84' lang='lat' dir='ltr'><strong>totius</strong></span> 
     </span>
    </p>
   </div>
   <div class='ocr_carea' id='block_1_90' title="bbox 2176 4144 3830 4217">
    <p class='ocr_par' dir='ltr' id='par_1_90' title="bbox 2176 4144 3830 4217">
     <span class='ocr_line' id='line_1_90' title="bbox 2176 4144 3830 4217; baseline 0.002 -16"><span class='ocrx_word' id='word_1_590' title='bbox 2176 4146 2423 4201; x_wconf 73' lang='lat' dir='ltr'><strong>Francia:</strong></span> <span class='ocrx_word' id='word_1_591' title='bbox 2447 4153 2499 4202; x_wconf 87' lang='lat' dir='ltr'><strong>et</strong></span> <span class='ocrx_word' id='word_1_592' title='bbox 2529 4144 2913 4217; x_wconf 86' lang='lat' dir='ltr'><strong>appendicium</strong></span> <span class='ocrx_word' id='word_1_593' title='bbox 2958 4147 3323 4202; x_wconf 83' lang='lat' dir='ltr'><strong>comitatuum</strong></span> <span class='ocrx_word' id='word_1_594' title='bbox 3365 4147 3674 4204; x_wconf 81' lang='lat' dir='ltr'><strong>litteratura</strong></span> <span class='ocrx_word' id='word_1_595' title='bbox 3697 4163 3830 4204; x_wconf 82' lang='lat' dir='ltr'><strong>con-</strong></span> 
     </span>
    </p>
   </div>
   <div class='ocr_carea' id='block_1_91' title="bbox 2176 4232 3830 4305">
    <p class='ocr_par' dir='ltr' id='par_1_91' title="bbox 2176 4232 3830 4305">
     <span class='ocr_line' id='line_1_91' title="bbox 2176 4232 3830 4305; baseline 0.002 -15"><span class='ocrx_word' id='word_1_596' title='bbox 2176 4235 2361 4305; x_wconf 69' lang='lat' dir='ltr'><strong>ﬂuxit.</strong></span> <span class='ocrx_word' id='word_1_597' title='bbox 2395 4234 2509 4290; x_wconf 91' lang='lat' dir='ltr'><strong>Nec</strong></span> <span class='ocrx_word' id='word_1_598' title='bbox 2540 4232 2757 4289; x_wconf 90' lang='lat' dir='ltr'><strong>mirum</strong></span> <span class='ocrx_word' id='word_1_599' title='bbox 2789 4233 2838 4288; x_wconf 91' lang='lat' dir='ltr'><strong>si</strong></span> <span class='ocrx_word' id='word_1_600' title='bbox 2869 4233 3073 4290; x_wconf 88' lang='lat' dir='ltr'><strong>Franci</strong></span> <span class='ocrx_word' id='word_1_601' title='bbox 3124 4238 3286 4291; x_wconf 83' lang='lat' dir='ltr'><strong>tanto</strong></span> <span class='ocrx_word' id='word_1_602' title='bbox 3333 4252 3464 4291; x_wconf 91' lang='lat' dir='ltr'><strong>cum</strong></span> <span class='ocrx_word' id='word_1_603' title='bbox 3515 4236 3722 4294; x_wconf 88' lang='lat' dir='ltr'><strong>ardore</strong></span> <span class='ocrx_word' id='word_1_604' title='bbox 3753 4238 3830 4294; x_wconf 89' lang='lat' dir='ltr'><strong>ad</strong></span> 
     </span>
    </p>
   </div>
   <div class='ocr_carea' id='block_1_92' title="bbox 2178 4322 3828 4382">
    <p class='ocr_par' dir='ltr' id='par_1_92' title="bbox 2178 4322 3828 4382">
     <span class='ocr_line' id='line_1_92' title="bbox 2178 4322 3828 4382; baseline 0.002 -4"><span class='ocrx_word' id='word_1_605' title='bbox 2178 4322 2465 4379; x_wconf 90' lang='lat' dir='ltr'><strong>illustrem</strong></span> <span class='ocrx_word' id='word_1_606' title='bbox 2497 4323 2640 4378; x_wconf 91' lang='lat' dir='ltr'><strong>adeo</strong></span> <span class='ocrx_word' id='word_1_607' title='bbox 2689 4324 2747 4378; x_wconf 90' lang='lat' dir='ltr'><strong>et</strong></span> <span class='ocrx_word' id='word_1_608' title='bbox 2794 4322 3145 4379; x_wconf 88' lang='lat' dir='ltr'><strong>inusitatum</strong></span> <span class='ocrx_word' id='word_1_609' title='bbox 3173 4328 3389 4380; x_wconf 72' lang='lat' dir='ltr'><strong>coetum</strong></span> <span class='ocrx_word' id='word_1_610' title='bbox 3420 4325 3828 4382; x_wconf 87' lang='lat' dir='ltr'><strong>conﬂuxerint.</strong></span> 
     </span>
    </p>
   </div>
   <div class='ocr_carea' id='block_1_93' title="bbox 2179 4406 3833 4487">
    <p class='ocr_par' dir='ltr' id='par_1_93' title="bbox 2179 4406 3833 4487">
     <span class='ocr_line' id='line_1_93' title="bbox 2179 4406 3833 4487; baseline 0.002 -20"><span class='ocrx_word' id='word_1_611' title='bbox 2179 4411 2405 4467; x_wconf 89' lang='lat' dir='ltr'><strong>Etenim</strong></span> <span class='ocrx_word' id='word_1_612' title='bbox 2436 4414 2644 4483; x_wconf 72' lang='lat' dir='ltr'><strong>praeter</strong></span> <span class='ocrx_word' id='word_1_613' title='bbox 2674 4410 2936 4466; x_wconf 88' lang='lat' dir='ltr'><strong>nativum</strong></span> <span class='ocrx_word' id='word_1_614' title='bbox 2966 4412 3268 4481; x_wconf 86' lang='lat' dir='ltr'><strong>fervorem,</strong></span> <span class='ocrx_word' id='word_1_615' title='bbox 3292 4412 3597 4487; x_wconf 89' lang='lat' dir='ltr'><strong>Philippus</strong></span> <span class='ocrx_word' id='word_1_616' title='bbox 3620 4406 3737 4483; x_wconf 69' lang='lat' dir='ltr'><strong>rex,</strong></span> <span class='ocrx_word' id='word_1_617' title='bbox 3765 4418 3833 4470; x_wconf 83' lang='lat' dir='ltr'><strong>ut</strong></span> 
     </span>
    </p>
   </div>
   <div class='ocr_carea' id='block_1_94' title="bbox 420 4496 3831 4580">
    <p class='ocr_par' dir='ltr' id='par_1_94' title="bbox 420 4496 3831 4580">
     <span class='ocr_line' id='line_1_94' title="bbox 420 4496 3831 4580; baseline 0.001 -28"><span class='ocrx_word' id='word_1_618' title='bbox 420 4496 578 4565; x_wconf 87' lang='lat' dir='ltr'><strong>simi,</strong></span> <span class='ocrx_word' id='word_1_619' title='bbox 606 4496 720 4552; x_wconf 91' lang='lat' dir='ltr'><strong>huc</strong></span> <span class='ocrx_word' id='word_1_620' title='bbox 755 4496 900 4552; x_wconf 88' lang='lat' dir='ltr'><strong>forte</strong></span> <span class='ocrx_word' id='word_1_621' title='bbox 930 4512 1043 4552; x_wconf 92' lang='lat' dir='ltr'><strong>non</strong></span> <span class='ocrx_word' id='word_1_622' title='bbox 1076 4500 1486 4563; x_wconf 90' lang='lat' dir='ltr'><strong>convenerant,</strong></span> <span class='ocrx_word' id='word_1_623' title='bbox 1502 4497 1657 4568; x_wconf 92' lang='lat' dir='ltr'><strong>quod</strong></span> <span class='ocrx_word' id='word_1_624' title='bbox 1688 4500 1821 4552; x_wconf 89' lang='lat' dir='ltr'><strong>ante</strong></span> <span class='ocrx_word' id='word_1_625' title='bbox 1852 4513 2071 4570; x_wconf 90' lang='lat' dir='ltr'><strong>paucos</strong></span> <span class='ocrx_word' id='word_1_626' title='bbox 2101 4515 2147 4580; x_wconf 83' lang='lat' dir='ltr'><strong>D</strong></span> <span class='ocrx_word' id='word_1_627' title='bbox 2178 4500 2393 4557; x_wconf 89' lang='lat' dir='ltr'><strong>Urbani</strong></span> <span class='ocrx_word' id='word_1_628' title='bbox 2424 4499 2573 4556; x_wconf 91' lang='lat' dir='ltr'><strong>votis</strong></span> <span class='ocrx_word' id='word_1_629' title='bbox 2611 4500 3057 4570; x_wconf 82' lang='lat' dir='ltr'><strong>obscoundaret,</strong></span> <span class='ocrx_word' id='word_1_630' title='bbox 3081 4501 3357 4558; x_wconf 89' lang='lat' dir='ltr'><strong>omnibus</strong></span> <span class='ocrx_word' id='word_1_631' title='bbox 3388 4502 3552 4576; x_wconf 88' lang='lat' dir='ltr'><strong>regni</strong></span> <span class='ocrx_word' id='word_1_632' title='bbox 3582 4503 3673 4559; x_wconf 90' lang='lat' dir='ltr'><strong>sui</strong></span> <span class='ocrx_word' id='word_1_633' title='bbox 3704 4504 3831 4576; x_wconf 91' lang='lat' dir='ltr'><strong>epi-</strong></span> 
     </span>
    </p>
   </div>
   <div class='ocr_carea' id='block_1_95' title="bbox 422 4584 2069 4653">
    <p class='ocr_par' dir='ltr' id='par_1_95' title="bbox 422 4584 2069 4653">
     <span class='ocr_line' id='line_1_95' title="bbox 422 4584 2069 4653; baseline -0.001 -11"><span class='ocrx_word' id='word_1_634' title='bbox 422 4602 657 4642; x_wconf 89' lang='lat' dir='ltr'><strong>menses</strong></span> <span class='ocrx_word' id='word_1_635' title='bbox 687 4584 1022 4641; x_wconf 90' lang='lat' dir='ltr'><strong>Placentino</strong></span> <span class='ocrx_word' id='word_1_636' title='bbox 1046 4584 1312 4652; x_wconf 90' lang='lat' dir='ltr'><strong>concilio,</strong></span> <span class='ocrx_word' id='word_1_637' title='bbox 1348 4584 1428 4640; x_wconf 91' lang='lat' dir='ltr'><strong>uti</strong></span> <span class='ocrx_word' id='word_1_638' title='bbox 1460 4584 1736 4653; x_wconf 88' lang='lat' dir='ltr'><strong>vidimus,</strong></span> <span class='ocrx_word' id='word_1_639' title='bbox 1772 4585 2069 4641; x_wconf 86' lang='lat' dir='ltr'><strong>interfuis-</strong></span> 
     </span>
    </p>
   </div>
   <div class='ocr_carea' id='block_1_96' title="bbox 421 4673 2073 4747">
    <p class='ocr_par' dir='ltr' id='par_1_96' title="bbox 421 4673 2073 4747">
     <span class='ocr_line' id='line_1_96' title="bbox 421 4673 2073 4747; baseline 0 -16"><span class='ocrx_word' id='word_1_640' title='bbox 421 4678 573 4732; x_wconf 88' lang='lat' dir='ltr'><strong>sent.</strong></span> <span class='ocrx_word' id='word_1_641' title='bbox 601 4674 683 4729; x_wconf 84' lang='lat' dir='ltr'><strong>Ex</strong></span> <span class='ocrx_word' id='word_1_642' title='bbox 715 4673 1081 4747; x_wconf 86' lang='lat' dir='ltr'><strong>Lotharingis</strong></span> <span class='ocrx_word' id='word_1_643' title='bbox 1111 4677 1328 4745; x_wconf 89' lang='lat' dir='ltr'><strong>autem,</strong></span> <span class='ocrx_word' id='word_1_644' title='bbox 1357 4674 1406 4730; x_wconf 92' lang='lat' dir='ltr'><strong>si</strong></span> <span class='ocrx_word' id='word_1_645' title='bbox 1439 4673 1746 4731; x_wconf 88' lang='lat' dir='ltr'><strong>Meurissio</strong></span> <span class='ocrx_word' id='word_1_646' title='bbox 1776 4675 2073 4732; x_wconf 87' lang='lat' dir='ltr'><strong>credimus</strong></span> 
     </span>
    </p>
   </div>
   <div class='ocr_carea' id='block_1_97' title="bbox 421 4761 2074 4836">
    <p class='ocr_par' dir='ltr' id='par_1_97' title="bbox 421 4761 2074 4836">
     <span class='ocr_line' id='line_1_97' title="bbox 421 4761 2074 4836; baseline -0.001 -15"><span class='ocrx_word' id='word_1_647' title='bbox 421 4768 479 4821; x_wconf 87' lang='lat' dir='ltr'><strong>et</strong></span> <span class='ocrx_word' id='word_1_648' title='bbox 507 4762 998 4833; x_wconf 88' lang='lat' dir='ltr'><strong>Sammarthanis,</strong></span> <span class='ocrx_word' id='word_1_649' title='bbox 1022 4761 1159 4818; x_wconf 92' lang='lat' dir='ltr'><strong>huic</strong></span> <span class='ocrx_word' id='word_1_650' title='bbox 1189 4763 1434 4819; x_wconf 91' lang='lat' dir='ltr'><strong>concilio</strong></span> <span class='ocrx_word' id='word_1_651' title='bbox 1463 4763 1700 4820; x_wconf 87' lang='lat' dir='ltr'><strong>adfuere</strong></span> <span class='ocrx_word' id='word_1_652' title='bbox 1730 4764 1924 4836; x_wconf 91' lang='lat' dir='ltr'><strong>Poppo</strong></span> <span class='ocrx_word' id='word_1_653' title='bbox 1954 4765 2074 4819; x_wconf 85' lang='lat' dir='ltr'><strong>Me-</strong></span> 
     </span>
    </p>
   </div>
   <div class='ocr_carea' id='block_1_98' title="bbox 422 4848 2070 4925">
    <p class='ocr_par' dir='ltr' id='par_1_98' title="bbox 422 4848 2070 4925">
     <span class='ocr_line' id='line_1_98' title="bbox 422 4848 2070 4925; baseline -0.002 -14"><span class='ocrx_word' id='word_1_654' title='bbox 422 4852 608 4911; x_wconf 86' lang='lat' dir='ltr'><strong>tensis</strong></span> <span class='ocrx_word' id='word_1_655' title='bbox 645 4851 976 4925; x_wconf 89' lang='lat' dir='ltr'><strong>episcopus,</strong></span> <span class='ocrx_word' id='word_1_656' title='bbox 1008 4856 1067 4908; x_wconf 88' lang='lat' dir='ltr'><strong>et</strong></span> <span class='ocrx_word' id='word_1_657' title='bbox 1097 4852 1235 4908; x_wconf 87' lang='lat' dir='ltr'><strong>Pibo</strong></span> <span class='ocrx_word' id='word_1_658' title='bbox 1265 4852 1579 4917; x_wconf 89' lang='lat' dir='ltr'><strong>Tullensis,</strong></span> <span class='ocrx_word' id='word_1_659' title='bbox 1602 4853 1703 4925; x_wconf 91' lang='lat' dir='ltr'><strong>qui</strong></span> <span class='ocrx_word' id='word_1_660' title='bbox 1736 4848 1894 4921; x_wconf 87' lang='lat' dir='ltr'><strong>Pibo,</strong></span> <span class='ocrx_word' id='word_1_661' title='bbox 1929 4852 1977 4908; x_wconf 93' lang='lat' dir='ltr'><strong>si</strong></span> <span class='ocrx_word' id='word_1_662' title='bbox 2008 4853 2070 4908; x_wconf 93' lang='lat' dir='ltr'><strong>P.</strong></span> 
     </span>
    </p>
   </div>
   <div class='ocr_carea' id='block_1_99' title="bbox 424 4939 2071 5013">
    <p class='ocr_par' dir='ltr' id='par_1_99' title="bbox 424 4939 2071 5013">
     <span class='ocr_line' id='line_1_99' title="bbox 424 4939 2071 5013; baseline -0.001 -14"><span class='ocrx_word' id='word_1_663' title='bbox 424 4941 735 5000; x_wconf 89' lang='lat' dir='ltr'><strong>Benedicto</strong></span> <span class='ocrx_word' id='word_1_664' title='bbox 766 4939 1080 5013; x_wconf 90' lang='lat' dir='ltr'><strong>Capucino,</strong></span> <span class='ocrx_word' id='word_1_665' title='bbox 1105 4942 1329 4996; x_wconf 89' lang='lat' dir='ltr'><strong>auctori</strong></span> <span class='ocrx_word' id='word_1_666' title='bbox 1369 4958 1528 4996; x_wconf 66' lang='lat' dir='ltr'><strong>novae</strong></span> <span class='ocrx_word' id='word_1_667' title='bbox 1559 4939 1851 4997; x_wconf 86' lang='lat' dir='ltr'><strong>Tullensis</strong></span> <span class='ocrx_word' id='word_1_668' title='bbox 1881 4941 2071 4997; x_wconf 83' lang='lat' dir='ltr'><strong>Histo-</strong></span> 
     </span>
    </p>
   </div>
   <div class='ocr_carea' id='block_1_100' title="bbox 424 5028 2074 5101">
    <p class='ocr_par' dir='ltr' id='par_1_100' title="bbox 424 5028 2074 5101">
     <span class='ocr_line' id='line_1_100' title="bbox 424 5028 2074 5101; baseline -0.001 -14"><span class='ocrx_word' id='word_1_669' title='bbox 424 5032 542 5101; x_wconf 72' lang='lat' dir='ltr'><strong>riaé,</strong></span> <span class='ocrx_word' id='word_1_670' title='bbox 576 5030 906 5095; x_wconf 75' lang='lat' dir='ltr'><strong>Credamus,</strong></span> <span class='ocrx_word' id='word_1_671' title='bbox 939 5029 998 5085; x_wconf 91' lang='lat' dir='ltr'><strong>in</strong></span> <span class='ocrx_word' id='word_1_672' title='bbox 1042 5045 1213 5085; x_wconf 88' lang='lat' dir='ltr'><strong>suam</strong></span> <span class='ocrx_word' id='word_1_673' title='bbox 1261 5029 1558 5086; x_wconf 75' lang='lat' dir='ltr'><strong>dioecesim</strong></span> <span class='ocrx_word' id='word_1_674' title='bbox 1601 5046 1632 5085; x_wconf 90' lang='lat' dir='ltr'><strong>e</strong></span> <span class='ocrx_word' id='word_1_675' title='bbox 1678 5028 1945 5096; x_wconf 88' lang='lat' dir='ltr'><strong>concilio,</strong></span> <span class='ocrx_word' id='word_1_676' title='bbox 1979 5029 2074 5085; x_wconf 90' lang='lat' dir='ltr'><strong>cui</strong></span> 
     </span>
    </p>
   </div>
   <div class='ocr_carea' id='block_1_101' title="bbox 424 5116 2076 5190">
    <p class='ocr_par' dir='ltr' id='par_1_101' title="bbox 424 5116 2076 5190">
     <span class='ocr_line' id='line_1_101' title="bbox 424 5116 2076 5190; baseline -0.001 -13"><span class='ocrx_word' id='word_1_677' title='bbox 424 5137 559 5177; x_wconf 89' lang='lat' dir='ltr'><strong>cum</strong></span> <span class='ocrx_word' id='word_1_678' title='bbox 592 5119 858 5176; x_wconf 83' lang='lat' dir='ltr'><strong>Renardo</strong></span> <span class='ocrx_word' id='word_1_679' title='bbox 889 5116 1151 5175; x_wconf 86' lang='lat' dir='ltr'><strong>Tullensi</strong></span> <span class='ocrx_word' id='word_1_680' title='bbox 1190 5119 1400 5174; x_wconf 88' lang='lat' dir='ltr'><strong>comite</strong></span> <span class='ocrx_word' id='word_1_681' title='bbox 1447 5123 1505 5173; x_wconf 91' lang='lat' dir='ltr'><strong>et</strong></span> <span class='ocrx_word' id='word_1_682' title='bbox 1547 5117 1712 5174; x_wconf 89' lang='lat' dir='ltr'><strong>Petro</strong></span> <span class='ocrx_word' id='word_1_683' title='bbox 1742 5119 1871 5190; x_wconf 86' lang='lat' dir='ltr'><strong>ejus</strong></span> <span class='ocrx_word' id='word_1_684' title='bbox 1900 5118 2076 5175; x_wconf 89' lang='lat' dir='ltr'><strong>fratre</strong></span> 
     </span>
    </p>
   </div>
   <div class='ocr_carea' id='block_1_102' title="bbox 424 5204 2075 5279">
    <p class='ocr_par' dir='ltr' id='par_1_102' title="bbox 424 5204 2075 5279">
     <span class='ocr_line' id='line_1_102' title="bbox 424 5204 2075 5279; baseline -0.002 -14"><span class='ocrx_word' id='word_1_685' title='bbox 424 5208 795 5275; x_wconf 82' lang='lat' dir='ltr'><strong>interfuerat,</strong></span> <span class='ocrx_word' id='word_1_686' title='bbox 824 5208 1028 5279; x_wconf 84' lang='lat' dir='ltr'><strong>redux,</strong></span> <span class='ocrx_word' id='word_1_687' title='bbox 1060 5206 1133 5262; x_wconf 91' lang='lat' dir='ltr'><strong>ad</strong></span> <span class='ocrx_word' id='word_1_688' title='bbox 1164 5222 1391 5265; x_wconf 87' lang='lat' dir='ltr'><strong>sacram</strong></span> <span class='ocrx_word' id='word_1_689' title='bbox 1431 5204 1856 5278; x_wconf 81' lang='lat' dir='ltr'><strong>expeditionem</strong></span> <span class='ocrx_word' id='word_1_690' title='bbox 1887 5207 2075 5263; x_wconf 90' lang='lat' dir='ltr'><strong>susci-</strong></span> 
     </span>
    </p>
   </div>
   <div class='ocr_carea' id='block_1_103' title="bbox 427 5294 2077 5370">
    <p class='ocr_par' dir='ltr' id='par_1_103' title="bbox 427 5294 2077 5370">
     <span class='ocr_line' id='line_1_103' title="bbox 427 5294 2077 5370; baseline 0.001 -19"><span class='ocrx_word' id='word_1_691' title='bbox 427 5295 701 5370; x_wconf 89' lang='lat' dir='ltr'><strong>piendam</strong></span> <span class='ocrx_word' id='word_1_692' title='bbox 760 5295 1070 5370; x_wconf 90' lang='lat' dir='ltr'><strong>plerosque</strong></span> <span class='ocrx_word' id='word_1_693' title='bbox 1124 5295 1297 5353; x_wconf 88' lang='lat' dir='ltr'><strong>istius</strong></span> <span class='ocrx_word' id='word_1_694' title='bbox 1354 5295 1609 5368; x_wconf 87' lang='lat' dir='ltr'><strong>regionis</strong></span> <span class='ocrx_word' id='word_1_695' title='bbox 1636 5296 1793 5352; x_wconf 90' lang='lat' dir='ltr'><strong>viros</strong></span> <span class='ocrx_word' id='word_1_696' title='bbox 1850 5294 2077 5353; x_wconf 88' lang='lat' dir='ltr'><strong>nobiles</strong></span> 
     </span>
    </p>
   </div>
   <div class='ocr_carea' id='block_1_104' title="bbox 426 5382 2076 5458">
    <p class='ocr_par' dir='ltr' id='par_1_104' title="bbox 426 5382 2076 5458">
     <span class='ocr_line' id='line_1_104' title="bbox 426 5382 2076 5458; baseline 0.001 -18"><span class='ocrx_word' id='word_1_697' title='bbox 426 5382 688 5440; x_wconf 88' lang='lat' dir='ltr'><strong>adduxit.</strong></span> <span class='ocrx_word' id='word_1_698' title='bbox 751 5383 1057 5441; x_wconf 83' lang='lat' dir='ltr'><strong>Richerius</strong></span> <span class='ocrx_word' id='word_1_699' title='bbox 1112 5401 1246 5441; x_wconf 91' lang='lat' dir='ltr'><strong>vero</strong></span> <span class='ocrx_word' id='word_1_700' title='bbox 1300 5382 1547 5438; x_wconf 89' lang='lat' dir='ltr'><strong>Virduni</strong></span> <span class='ocrx_word' id='word_1_701' title='bbox 1605 5383 1936 5458; x_wconf 91' lang='lat' dir='ltr'><strong>episcopus,</strong></span> <span class='ocrx_word' id='word_1_702' title='bbox 1975 5384 2076 5458; x_wconf 90' lang='lat' dir='ltr'><strong>qui</strong></span> 
     </span>
    </p>
   </div>
   <div class='ocr_carea' id='block_1_105' title="bbox 430 5470 2078 5549">
    <p class='ocr_par' dir='ltr' id='par_1_105' title="bbox 430 5470 2078 5549">
     <span class='ocr_line' id='line_1_105' title="bbox 430 5470 2078 5549; baseline 0.002 -20"><span class='ocrx_word' id='word_1_703' title='bbox 430 5470 606 5548; x_wconf 91' lang='lat' dir='ltr'><strong>paulo</strong></span> <span class='ocrx_word' id='word_1_704' title='bbox 635 5476 769 5549; x_wconf 84' lang='lat' dir='ltr'><strong>ante</strong></span> <span class='ocrx_word' id='word_1_705' title='bbox 800 5471 946 5530; x_wconf 88' lang='lat' dir='ltr'><strong>illud</strong></span> <span class='ocrx_word' id='word_1_706' title='bbox 974 5479 1230 5549; x_wconf 88' lang='lat' dir='ltr'><strong>tempus,</strong></span> <span class='ocrx_word' id='word_1_707' title='bbox 1253 5474 1482 5547; x_wconf 88' lang='lat' dir='ltr'><strong>ejurata</strong></span> <span class='ocrx_word' id='word_1_708' title='bbox 1527 5472 1757 5530; x_wconf 89' lang='lat' dir='ltr'><strong>Henrici</strong></span> <span class='ocrx_word' id='word_1_709' title='bbox 1796 5478 1974 5543; x_wconf 85' lang='lat' dir='ltr'><strong>secta,</strong></span> <span class='ocrx_word' id='word_1_710' title='bbox 2004 5475 2078 5532; x_wconf 86' lang='lat' dir='ltr'><strong>ab</strong></span> 
     </span>
    </p>
   </div>
   <div class='ocr_carea' id='block_1_106' title="bbox 431 5546 2077 5647">
    <p class='ocr_par' dir='ltr' id='par_1_106' title="bbox 431 5546 2077 5647">
     <span class='ocr_line' id='line_1_106' title="bbox 431 5546 2077 5647; baseline 0 -22"><span class='ocrx_word' id='word_1_711' title='bbox 431 5546 1079 5647; x_wconf 70' lang='lat' dir='ltr'><strong>IlugoneLugdunensi</strong></span> <span class='ocrx_word' id='word_1_712' title='bbox 1098 5546 1316 5625; x_wconf 59' lang='lat' dir='ltr'><strong>iuerat</strong></span> <span class='ocrx_word' id='word_1_713' title='bbox 1353 5567 1747 5639; x_wconf 88' lang='lat' dir='ltr'><strong>consecratus,</strong></span> <span class='ocrx_word' id='word_1_714' title='bbox 1775 5565 1847 5625; x_wconf 91' lang='lat' dir='ltr'><strong>ad</strong></span> <span class='ocrx_word' id='word_1_715' title='bbox 1896 5564 2077 5626; x_wconf 84' lang='lat' dir='ltr'><strong>Urba-</strong></span> 
     </span>
    </p>
   </div>
   <div class='ocr_carea' id='block_1_107' title="bbox 2179 4587 3831 4661">
    <p class='ocr_par' dir='ltr' id='par_1_107' title="bbox 2179 4587 3831 4661">
     <span class='ocr_line' id='line_1_107' title="bbox 2179 4587 3831 4661; baseline 0 -16"><span class='ocrx_word' id='word_1_716' title='bbox 2179 4587 2372 4661; x_wconf 87' lang='lat' dir='ltr'><strong>scopis</strong></span> <span class='ocrx_word' id='word_1_717' title='bbox 2392 4592 2449 4643; x_wconf 90' lang='lat' dir='ltr'><strong>et</strong></span> <span class='ocrx_word' id='word_1_718' title='bbox 2468 4588 2781 4644; x_wconf 88' lang='lat' dir='ltr'><strong>abbatibus</strong></span> <span class='ocrx_word' id='word_1_719' title='bbox 2805 4592 3151 4660; x_wconf 89' lang='lat' dir='ltr'><strong>potestatem</strong></span> <span class='ocrx_word' id='word_1_720' title='bbox 3183 4590 3395 4646; x_wconf 88' lang='lat' dir='ltr'><strong>fecerat</strong></span> <span class='ocrx_word' id='word_1_721' title='bbox 3422 4596 3486 4646; x_wconf 91' lang='lat' dir='ltr'><strong>ut</strong></span> <span class='ocrx_word' id='word_1_722' title='bbox 3514 4607 3647 4646; x_wconf 89' lang='lat' dir='ltr'><strong>cum</strong></span> <span class='ocrx_word' id='word_1_723' title='bbox 3669 4591 3831 4647; x_wconf 91' lang='lat' dir='ltr'><strong>omni</strong></span> 
     </span>
    </p>
   </div>
   <div class='ocr_carea' id='block_1_108' title="bbox 2181 4675 3835 4751">
    <p class='ocr_par' dir='ltr' id='par_1_108' title="bbox 2181 4675 3835 4751">
     <span class='ocr_line' id='line_1_108' title="bbox 2181 4675 3835 4751; baseline 0.002 -19"><span class='ocrx_word' id='word_1_724' title='bbox 2181 4676 2494 4733; x_wconf 87' lang='lat' dir='ltr'><strong>securitate</strong></span> <span class='ocrx_word' id='word_1_725' title='bbox 2523 4675 2910 4746; x_wconf 89' lang='lat' dir='ltr'><strong>commeandi,</strong></span> <span class='ocrx_word' id='word_1_726' title='bbox 2943 4678 3099 4750; x_wconf 92' lang='lat' dir='ltr'><strong>quod</strong></span> <span class='ocrx_word' id='word_1_727' title='bbox 3136 4678 3261 4750; x_wconf 89' lang='lat' dir='ltr'><strong>ipse</strong></span> <span class='ocrx_word' id='word_1_728' title='bbox 3298 4679 3557 4751; x_wconf 81' lang='lat' dir='ltr'><strong>pontifex</strong></span> <span class='ocrx_word' id='word_1_729' title='bbox 3586 4680 3644 4735; x_wconf 92' lang='lat' dir='ltr'><strong>in</strong></span> <span class='ocrx_word' id='word_1_730' title='bbox 3676 4679 3835 4736; x_wconf 85' lang='lat' dir='ltr'><strong>litte-</strong></span> 
     </span>
    </p>
   </div>
   <div class='ocr_carea' id='block_1_109' title="bbox 2181 4764 3834 4838">
    <p class='ocr_par' dir='ltr' id='par_1_109' title="bbox 2181 4764 3834 4838">
     <span class='ocr_line' id='line_1_109' title="bbox 2181 4764 3834 4838; baseline 0.002 -17"><span class='ocrx_word' id='word_1_731' title='bbox 2181 4767 2263 4821; x_wconf 90' lang='lat' dir='ltr'><strong>ris</strong></span> <span class='ocrx_word' id='word_1_732' title='bbox 2293 4766 2363 4822; x_wconf 89' lang='lat' dir='ltr'><strong>ad</strong></span> <span class='ocrx_word' id='word_1_733' title='bbox 2396 4764 2740 4827; x_wconf 86' lang='lat' dir='ltr'><strong>Garnerium</strong></span> <span class='ocrx_word' id='word_1_734' title='bbox 2774 4782 2955 4838; x_wconf 88' lang='lat' dir='ltr'><strong>supra</strong></span> <span class='ocrx_word' id='word_1_735' title='bbox 2992 4765 3245 4822; x_wconf 89' lang='lat' dir='ltr'><strong>laudatis</strong></span> <span class='ocrx_word' id='word_1_736' title='bbox 3276 4772 3523 4825; x_wconf 86' lang='lat' dir='ltr'><strong>testatus</strong></span> <span class='ocrx_word' id='word_1_737' title='bbox 3551 4774 3660 4825; x_wconf 88' lang='lat' dir='ltr'><strong>est.</strong></span> <span class='ocrx_word' id='word_1_738' title='bbox 3684 4770 3834 4825; x_wconf 86' lang='lat' dir='ltr'><strong>Cum</strong></span> 
     </span>
    </p>
   </div>
   <div class='ocr_carea' id='block_1_110' title="bbox 2182 4853 3837 4930">
    <p class='ocr_par' dir='ltr' id='par_1_110' title="bbox 2182 4853 3837 4930">
     <span class='ocr_line' id='line_1_110' title="bbox 2182 4853 3837 4930; baseline 0.004 -22"><span class='ocrx_word' id='word_1_739' title='bbox 2182 4871 2315 4911; x_wconf 88' lang='lat' dir='ltr'><strong>vero</strong></span> <span class='ocrx_word' id='word_1_740' title='bbox 2343 4854 2522 4926; x_wconf 90' lang='lat' dir='ltr'><strong>hujus</strong></span> <span class='ocrx_word' id='word_1_741' title='bbox 2553 4853 2786 4910; x_wconf 91' lang='lat' dir='ltr'><strong>concilii</strong></span> <span class='ocrx_word' id='word_1_742' title='bbox 2816 4857 2958 4911; x_wconf 87' lang='lat' dir='ltr'><strong>Acta</strong></span> <span class='ocrx_word' id='word_1_743' title='bbox 2987 4861 3257 4912; x_wconf 87' lang='lat' dir='ltr'><strong>accurate</strong></span> <span class='ocrx_word' id='word_1_744' title='bbox 3280 4856 3571 4930; x_wconf 89' lang='lat' dir='ltr'><strong>descripta</strong></span> <span class='ocrx_word' id='word_1_745' title='bbox 3591 4874 3705 4914; x_wconf 88' lang='lat' dir='ltr'><strong>non</strong></span> <span class='ocrx_word' id='word_1_746' title='bbox 3737 4858 3837 4914; x_wconf 86' lang='lat' dir='ltr'><strong>ha-</strong></span> 
     </span>
    </p>
   </div>
   <div class='ocr_carea' id='block_1_111' title="bbox 2184 4941 3837 5018">
    <p class='ocr_par' dir='ltr' id='par_1_111' title="bbox 2184 4941 3837 5018">
     <span class='ocr_line' id='line_1_111' title="bbox 2184 4941 3837 5018; baseline 0.003 -20"><span class='ocrx_word' id='word_1_747' title='bbox 2184 4942 2449 5010; x_wconf 89' lang='lat' dir='ltr'><strong>beantur,</strong></span> <span class='ocrx_word' id='word_1_748' title='bbox 2483 4941 2630 4998; x_wconf 91' lang='lat' dir='ltr'><strong>nihil</strong></span> <span class='ocrx_word' id='word_1_749' title='bbox 2671 4942 2888 4999; x_wconf 91' lang='lat' dir='ltr'><strong>mirum</strong></span> <span class='ocrx_word' id='word_1_750' title='bbox 2928 4948 3017 5000; x_wconf 91' lang='lat' dir='ltr'><strong>est</strong></span> <span class='ocrx_word' id='word_1_751' title='bbox 3056 4944 3105 5000; x_wconf 89' lang='lat' dir='ltr'><strong>si</strong></span> <span class='ocrx_word' id='word_1_752' title='bbox 3132 4944 3276 5001; x_wconf 90' lang='lat' dir='ltr'><strong>varii</strong></span> <span class='ocrx_word' id='word_1_753' title='bbox 3317 4946 3671 5018; x_wconf 88' lang='lat' dir='ltr'><strong>quandoque</strong></span> <span class='ocrx_word' id='word_1_754' title='bbox 3710 4946 3837 5003; x_wconf 89' lang='lat' dir='ltr'><strong>fue-</strong></span> 
     </span>
    </p>
   </div>
   <div class='ocr_carea' id='block_1_112' title="bbox 2183 5032 3837 5108">
    <p class='ocr_par' dir='ltr' id='par_1_112' title="bbox 2183 5032 3837 5108">
     <span class='ocr_line' id='line_1_112' title="bbox 2183 5032 3837 5108; baseline 0.004 -23"><span class='ocrx_word' id='word_1_755' title='bbox 2183 5032 2301 5087; x_wconf 90' lang='lat' dir='ltr'><strong>rint</strong></span> <span class='ocrx_word' id='word_1_756' title='bbox 2330 5036 2598 5088; x_wconf 89' lang='lat' dir='ltr'><strong>auctores</strong></span> <span class='ocrx_word' id='word_1_757' title='bbox 2642 5032 2699 5086; x_wconf 89' lang='lat' dir='ltr'><strong>in</strong></span> <span class='ocrx_word' id='word_1_758' title='bbox 2741 5033 3096 5106; x_wconf 87' lang='lat' dir='ltr'><strong>assignando</strong></span> <span class='ocrx_word' id='word_1_759' title='bbox 3124 5034 3531 5106; x_wconf 91' lang='lat' dir='ltr'><strong>episcoporum</strong></span> <span class='ocrx_word' id='word_1_760' title='bbox 3565 5035 3665 5108; x_wconf 90' lang='lat' dir='ltr'><strong>qui</strong></span> <span class='ocrx_word' id='word_1_761' title='bbox 3696 5035 3837 5092; x_wconf 89' lang='lat' dir='ltr'><strong>huic</strong></span> 
     </span>
    </p>
   </div>
   <div class='ocr_carea' id='block_1_113' title="bbox 2184 5118 3835 5189">
    <p class='ocr_par' dir='ltr' id='par_1_113' title="bbox 2184 5118 3835 5189">
     <span class='ocr_line' id='line_1_113' title="bbox 2184 5118 3835 5189; baseline 0.004 -15"><span class='ocrx_word' id='word_1_762' title='bbox 2184 5118 2426 5176; x_wconf 91' lang='lat' dir='ltr'><strong>concilio</strong></span> <span class='ocrx_word' id='word_1_763' title='bbox 2475 5120 2791 5177; x_wconf 85' lang='lat' dir='ltr'><strong>interfuere</strong></span> <span class='ocrx_word' id='word_1_764' title='bbox 2841 5137 3104 5177; x_wconf 89' lang='lat' dir='ltr'><strong>numero.</strong></span> <span class='ocrx_word' id='word_1_765' title='bbox 3137 5123 3245 5189; x_wconf 88' lang='lat' dir='ltr'><strong>Qui</strong></span> <span class='ocrx_word' id='word_1_766' title='bbox 3290 5129 3484 5180; x_wconf 90' lang='lat' dir='ltr'><strong>autem</strong></span> <span class='ocrx_word' id='word_1_767' title='bbox 3544 5125 3835 5181; x_wconf 89' lang='lat' dir='ltr'><strong>minorem</strong></span> 
     </span>
    </p>
   </div>
   <div class='ocr_carea' id='block_1_114' title="bbox 2185 5209 3836 5285">
    <p class='ocr_par' dir='ltr' id='par_1_114' title="bbox 2185 5209 3836 5285">
     <span class='ocr_line' id='line_1_114' title="bbox 2185 5209 3836 5285; baseline 0.005 -21"><span class='ocrx_word' id='word_1_768' title='bbox 2185 5225 2364 5280; x_wconf 90' lang='lat' dir='ltr'><strong>quam</strong></span> <span class='ocrx_word' id='word_1_769' title='bbox 2395 5209 2585 5265; x_wconf 67' lang='lat' dir='ltr'><strong>caeteri</strong></span> <span class='ocrx_word' id='word_1_770' title='bbox 2626 5225 2938 5266; x_wconf 88' lang='lat' dir='ltr'><strong>numerum</strong></span> <span class='ocrx_word' id='word_1_771' title='bbox 2982 5210 3380 5285; x_wconf 84' lang='lat' dir='ltr'><strong>assignarunt,</strong></span> <span class='ocrx_word' id='word_1_772' title='bbox 3410 5213 3469 5270; x_wconf 91' lang='lat' dir='ltr'><strong>id</strong></span> <span class='ocrx_word' id='word_1_773' title='bbox 3514 5213 3721 5271; x_wconf 90' lang='lat' dir='ltr'><strong>fecisse</strong></span> <span class='ocrx_word' id='word_1_774' title='bbox 3750 5214 3836 5273; x_wconf 88' lang='lat' dir='ltr'><strong>vi-</strong></span> 
     </span>
    </p>
   </div>
   <div class='ocr_carea' id='block_1_115' title="bbox 2185 5297 3839 5372">
    <p class='ocr_par' dir='ltr' id='par_1_115' title="bbox 2185 5297 3839 5372">
     <span class='ocr_line' id='line_1_115' title="bbox 2185 5297 3839 5372; baseline 0.005 -20"><span class='ocrx_word' id='word_1_775' title='bbox 2185 5297 2399 5353; x_wconf 90' lang='lat' dir='ltr'><strong>dentur</strong></span> <span class='ocrx_word' id='word_1_776' title='bbox 2419 5298 2595 5370; x_wconf 90' lang='lat' dir='ltr'><strong>quod,</strong></span> <span class='ocrx_word' id='word_1_777' title='bbox 2610 5314 2743 5354; x_wconf 90' lang='lat' dir='ltr'><strong>cum</strong></span> <span class='ocrx_word' id='word_1_778' title='bbox 2775 5315 2980 5355; x_wconf 90' lang='lat' dir='ltr'><strong>omnes</strong></span> <span class='ocrx_word' id='word_1_779' title='bbox 3005 5301 3284 5372; x_wconf 70' lang='lat' dir='ltr'><strong>praesules</strong></span> <span class='ocrx_word' id='word_1_780' title='bbox 3313 5303 3588 5361; x_wconf 90' lang='lat' dir='ltr'><strong>omnibus</strong></span> <span class='ocrx_word' id='word_1_781' title='bbox 3616 5302 3839 5361; x_wconf 86' lang='lat' dir='ltr'><strong>sessio-</strong></span> 
     </span>
    </p>
   </div>
   <div class='ocr_carea' id='block_1_116' title="bbox 2185 5386 3843 5459">
    <p class='ocr_par' dir='ltr' id='par_1_116' title="bbox 2185 5386 3843 5459">
     <span class='ocr_line' id='line_1_116' title="bbox 2185 5386 3843 5459; baseline 0.006 -18"><span class='ocrx_word' id='word_1_782' title='bbox 2185 5386 2360 5441; x_wconf 90' lang='lat' dir='ltr'><strong>nibus</strong></span> <span class='ocrx_word' id='word_1_783' title='bbox 2390 5390 2704 5459; x_wconf 61' lang='lat' dir='ltr'><strong>prasentes</strong></span> <span class='ocrx_word' id='word_1_784' title='bbox 2733 5404 2848 5444; x_wconf 90' lang='lat' dir='ltr'><strong>non</strong></span> <span class='ocrx_word' id='word_1_785' title='bbox 2882 5389 3118 5459; x_wconf 88' lang='lat' dir='ltr'><strong>fuerint,</strong></span> <span class='ocrx_word' id='word_1_786' title='bbox 3140 5390 3223 5447; x_wconf 90' lang='lat' dir='ltr'><strong>illi</strong></span> <span class='ocrx_word' id='word_1_787' title='bbox 3251 5408 3353 5449; x_wconf 90' lang='lat' dir='ltr'><strong>eos</strong></span> <span class='ocrx_word' id='word_1_788' title='bbox 3383 5397 3613 5450; x_wconf 89' lang='lat' dir='ltr'><strong>tantum</strong></span> <span class='ocrx_word' id='word_1_789' title='bbox 3645 5409 3843 5451; x_wconf 84' lang='lat' dir='ltr'><strong>recen-</strong></span> 
     </span>
    </p>
   </div>
   <div class='ocr_carea' id='block_1_117' title="bbox 2186 5474 3839 5551">
    <p class='ocr_par' dir='ltr' id='par_1_117' title="bbox 2186 5474 3839 5551">
     <span class='ocr_line' id='line_1_117' title="bbox 2186 5474 3839 5551; baseline 0.005 -19"><span class='ocrx_word' id='word_1_790' title='bbox 2186 5474 2411 5533; x_wconf 89' lang='lat' dir='ltr'><strong>suerint</strong></span> <span class='ocrx_word' id='word_1_791' title='bbox 2439 5474 2538 5547; x_wconf 91' lang='lat' dir='ltr'><strong>qui</strong></span> <span class='ocrx_word' id='word_1_792' title='bbox 2578 5474 2861 5551; x_wconf 86' lang='lat' dir='ltr'><strong>singulari</strong></span> <span class='ocrx_word' id='word_1_793' title='bbox 2907 5477 3081 5536; x_wconf 92' lang='lat' dir='ltr'><strong>alicui</strong></span> <span class='ocrx_word' id='word_1_794' title='bbox 3129 5481 3380 5537; x_wconf 89' lang='lat' dir='ltr'><strong>sessioni</strong></span> <span class='ocrx_word' id='word_1_795' title='bbox 3429 5481 3839 5541; x_wconf 84' lang='lat' dir='ltr'><strong>interfuerant.</strong></span> 
     </span>
    </p>
   </div>
   <div class='ocr_carea' id='block_1_118' title="bbox 2186 5563 3841 5650">
    <p class='ocr_par' dir='ltr' id='par_1_118' title="bbox 2186 5563 3841 5650">
     <span class='ocr_line' id='line_1_118' title="bbox 2186 5563 3841 5650; baseline 0.008 -29"><span class='ocrx_word' id='word_1_796' title='bbox 2186 5563 2258 5622; x_wconf 90' lang='lat' dir='ltr'><strong>Et</strong></span> <span class='ocrx_word' id='word_1_797' title='bbox 2284 5563 2343 5623; x_wconf 89' lang='lat' dir='ltr'><strong>id</strong></span> <span class='ocrx_word' id='word_1_798' title='bbox 2383 5564 2599 5640; x_wconf 81' lang='lat' dir='ltr'><strong>saepius</strong></span> <span class='ocrx_word' id='word_1_799' title='bbox 2629 5566 2882 5627; x_wconf 90' lang='lat' dir='ltr'><strong>occurrit</strong></span> <span class='ocrx_word' id='word_1_800' title='bbox 2904 5566 2969 5627; x_wconf 90' lang='lat' dir='ltr'><strong>in</strong></span> <span class='ocrx_word' id='word_1_801' title='bbox 3001 5568 3410 5631; x_wconf 88' lang='lat' dir='ltr'><strong>instrumentis</strong></span> <span class='ocrx_word' id='word_1_802' title='bbox 3460 5571 3841 5650; x_wconf 84' lang='lat' dir='ltr'><strong>potissimum</strong></span> 
     </span>
    </p>
   </div>
  </div>
