4000 6176
405 321 523 385 167

1703 314 1777 379 Β.
1823 314 2117 379 URBANI
2160 315 2214 378 11
2254 311 2505 377 ΡΑΡΛΕ.

3701 312 3833 373 188

405 452 847 515 obiissedicitur
877 466 1030 527 anno
1063 450 1222 510 1099.
1253 449 1641 524 Ex-Hispania
1666 465 1799 505 vero
1834 448 2057 505 Dalma-
2082 448 2141 518 Α
2171 448 2433 517 abhates,
2465 446 2565 521 qui
2597 461 2730 502 cum
2761 444 3030 519 episcopo
3080 461 3185 502 suo
3228 443 3536 521 Lamberto
3576 445 3829 502 Atreba-

405 544 526 602 tius
556 543 794 601 Iriensis
812 559 913 600 seu
925 541 1516 618 Composlellanus,et
1534 538 1738 595 Petrus
1764 542 1901 594 Pam
1912 537 2052 611 pilo-

404 631 630 691 nensis.
662 631 1092 707 Papebrochius
1138 631 1199 685 in
1250 627 1560 700 Propylzeo,
1595 643 1697 684 seu
1728 627 1949 685 Conatu
1980 627 2055 684 ad

406 719 736 794 catalogum
766 719 1113 776 Pontiﬁcum
1153 718 1420 785 Romam,
1470 715 1563 773 ait’
1599 717 1672 771 de
1718 714 1950 772 Urbano
2006 714 2058 772 II

405 813 680 866 sanctum
744 806 1114 880 Oldegarium
1172 805 1685 871 Barcinonensem,
1739 804 1929 861 solum
1986 820 2056 861 ex

405 893 687 969 Hispania
733 895 1074 967 episcopum
1124 891 1571 950 Claromontano
1618 892 1754 949 huic
1810 892 2054 950 concilio

404 982 762 1051 interfuisse,
794 983 964 1055 cujus
990 985 1152 1050 Acta,
1185 981 1398 1056 inquit,
1430 982 1811 1038 Barcinonem
1852 998 2054 1054 repor-

403 1070 642 1129 tavit.At
672 1068 891 1126 fallitur
920 1069 1007 1126 vir
1034 1071 1396 1140 eruditus,ac
1426 1086 1496 1127 ea
1523 1087 1651 1144 quae
1684 1070 1742 1126 in
1772 1070 1908 1127 Vita
1926 1070 2053 1142 ejus

401 1159 589 1216 sancti
621 1157 714 1215 die
744 1161 779 1214 3
809 1158 1102 1228 Martii,de
1132 1159 1314 1217 altero
1344 1159 1591 1216 concilio
1608 1158 2054 1217 Claromontano

398 1247 511 1304 sub
543 1247 877 1305 Innocentio
909 1248 958 1304 ll
990 1264 1143 1322 papa
1170 1246 1461 1306 celebrare
1482 1249 1873 1318 habentur,ad
1896 1248 2053 1305 istud

399 1336 619 1403 Urbani
649 1335 963 1393 concilium
994 1336 1227 1393 incaute
1268 1337 1487 1406 retulit,
1515 1342 1582 1394 ut
1623 1354 1691 1393 ex
1737 1336 1865 1411 ipso
1910 1337 2054 1394 Vitae

400 1425 692 1501 Oldegarii
724 1424 874 1496 loco,
907 1442 1083 1499 quem
1114 1424 1335 1495 laudat,
1368 1426 1593 1483 scilicet
1640 1444 1765 1500 cap.
1799 1427 1832 1482 4
1864 1426 2053 1482 mani-

402 1514 616 1571 festum
646 1519 756 1571 est.

470 1603 601 1660 Jam
630 1618 767 1661 vero
798 1604 949 1661 inter
978 1605 1218 1662 abbates
1250 1604 1350 1678 qui
1381 1605 1568 1661 eidem
1600 1604 1846 1662 concilio
1877 1605 2053 1661 inter-

401 1691 660 1759 fuerunt,
694 1690 801 1748 hos
832 1706 902 1749 ex
931 1692 1108 1749 variis
1141 1693 1539 1750 monumentis
1567 1692 1923 1765 colligimus,
1956 1694 2052 1750 Ri-

399 1780 684 1847 chardum
714 1798 922 1856 nempe
955 1781 1147 1838 Sancti
1186 1782 1436 1839 Victoris
1478 1782 1767 1849 Massiliae,
1797 1783 1900 1856 qui
1928 1786 2053 1839 erat

401 1869 676 1927 Romanis
707 1868 974 1927 Ecclesiae
1013 1869 1365 1940 cardinalis;
1401 1870 1717 1928 Gervinum
1748 1871 2054 1928 Centulen-

399 1974 524 2013 sem
558 1956 829 2015 abbatem
848 1958 1099 2016 simulet
1110 1959 1562 2016 Ambianensem
1583 1958 2050 2032 episcopum,qui

399 2044 695 2103 abbatiam
727 2047 1022 2103 dimittere
1051 2046 1113 2103 in
1144 2047 1386 2104 concilio
1408 2051 1643 2104 coactus
1674 2047 2050 2117 fuit;Guiber-

396 2139 525 2190 tum
581 2134 776 2190 Sancti
819 2134 1091 2191 Germani
1140 2134 1690 2203 Antissiodorensis,
1730 2135 1791 2191 in
1847 2135 2050 2192 eadem

396 2223 638 2295 synodo,
679 2224 783 2279 aut
832 2229 986 2280 certe
1042 2224 1102 2279 in
1147 2223 1532 2280 Nemausensi
1580 2240 1733 2280 anno
1783 2223 2050 2297 sequenti

396 2312 1185 2379 exauctoratum,Robertum
1200 2312 1703 2370 archimonasterii
1722 2312 2051 2386 Remigiani

396 2400 553 2473 apud
585 2400 799 2457 Remos
816 2400 1086 2459 abbatem
1105 2406 1163 2457 et
1182 2402 1441 2475 primum
1463 2406 1760 2459 auctorem
1786 2401 2049 2459 Historiis

393 2485 916 2561 Jsrosolymltanze,
962 2490 1062 2563 qui
1111 2495 1169 2546 et
1200 2489 1327 2562 ipse
1357 2494 1561 2563 postea
1589 2491 1682 2547 sui
1712 2489 2050 2547 monasterii

397 2576 658 2648 regimen
715 2574 1010 2634 dimittere
1065 2577 1408 2650 compulsus
1465 2581 1575 2635 est.
1624 2577 1823 2635 Adfuit
1874 2579 2050 2636 etiam

400 2663 761 2733 Lambertus,
778 2656 960 2721 abbas
992 2666 1192 2722 Sancti
1224 2666 1464 2735 Bertini,
1498 2682 1566 2723 ex
1593 2666 1847 2724 Historia
1877 2667 2052 2724 Mori-

400 2766 631 2820 norum,
666 2753 856 2808 Lanzo
880 2754 1076 2808 Sancti
1104 2752 1395 2810 Vincentii
1428 2752 1836 2823 Metensis,cui
1868 2755 2049 2812 Urba-

398 2855 513 2895 nus
541 2856 695 2896 anno
725 2842 992 2913 sequenti
1042 2841 1408 2916 privilegium
1453 2843 1716 2900 indulsit.
1745 2844 2051 2902 Baldricus

397 2931 526 2984 tum
554 2924 819 3003 Burgulii
851 2929 1055 2998 abbas,
1086 2934 1291 3003 postea
1319 2929 1587 2988 Dolensis
1609 2931 2048 3005 opiscopus.qui

398 3021 456 3074 et
494 3016 621 3090 ipse
652 3016 968 3087 Historiam
1013 3018 1516 3092 Jerosolymitanm
1561 3020 1947 3093 expeditionis
1992 3026 2051 3078 et

398 3103 516 3162 alia
542 3104 825 3179 opuscula
854 3107 1120 3180 scripsit;
1156 3107 1319 3182 Hugo
1369 3107 1787 3178 Cluniacensis,
1820 3109 1911 3166 vel
1942 3127 2049 3167 suo

399 3195 638 3265 nomine
666 3194 1054 3267 clarissimus,
1083 3197 1238 3269 quod
1270 3201 1480 3270 praeter
1521 3196 1639 3254 alia
1686 3198 1908 3255 indicat
1948 3199 2052 3255 Pa-

398 3282 619 3340 schalis
644 3282 809 3341 bulla
837 3284 906 3341 ad
940 3300 1075 3342 eum
1115 3285 1312 3359 ipsum
1355 3286 1494 3343 data
1542 3302 1645 3360 pro
1690 3287 2052 3359 subiectione

398 3372 584 3430 sancti
615 3370 887 3447 Cypriani
911 3373 1501 3448 Pictaviensis,quam
1524 3375 1702 3432 habet
1726 3376 2055 3433 Souchetus

398 3460 456 3517 in
485 3459 639 3517 notis
670 3461 744 3518 ad
773 3460 968 3518 Vitam
996 3464 1275 3520 Bernardi
1303 3464 1682 3521 Turonensis.
1718 3465 2053 3523 Bernardus

397 3548 636 3620 Majoris
685 3548 1041 3619 Mouasterii,
1082 3556 1139 3607 et
1180 3551 1514 3624 Stephanus
1564 3552 1939 3610 Nucariensis
1984 3571 2054 3611 ex

397 3636 633 3694 diceeesi
663 3636 1012 3702 Turonensi,
1042 3639 1831 3711 Goii'ridus,Vindocinensis,
1878 3642 2052 3700 rebus

397 3724 579 3798 gestis
609 3729 666 3782 et
694 3726 931 3799 scriptis
962 3725 1228 3798 celebris,
1276 3727 1517 3785 Jareuto
1561 3728 1760 3786 Sancti
1809 3731 2051 3805 Benigni

400 3812 792 3883 Diviouensis,
833 3814 1172 3873 Guntardus
1229 3817 1648 3875 Gemeticensis
1705 3820 1815 3876 sub
1874 3820 2051 3878 tinem

398 3902 650 3974 concilii,
683 3909 749 3961 ut
772 3903 951 3962 habet
991 3904 1301 3963 Ordericus
1355 3906 1555 3964 Vitalis
1584 3906 1733 3965 libro
1762 3926 1818 3977 x,
1852 3909 2053 3966 defun-

398 3995 551 4059 ctus,
582 4008 758 4066 quem
791 3995 863 4051 ad
894 3994 1208 4052 concilium
1250 4010 1377 4052 cum
1421 3999 1635 4054 caeteris
1678 3998 1899 4071 collegis
1933 4001 2052 4055 suis

396 4082 816 4141 Northmannise
838 4085 1152 4156 pastoribus
1178 4087 1483 4158 perrexisse
1513 4086 1667 4143 idem
1690 4093 1894 4144 auctor
1924 4105 2054 4145 nar-

398 4174 491 4226 rat
519 4166 668 4227 libro
696 4173 946 4240 1v;unde
974 4172 1269 4247 colligitur
1289 4173 1487 4247 plures
1508 4190 1577 4231 ex
1596 4176 1798 4233 eadem
1826 4176 2052 4251 provin-

397 4256 490 4314 cia
504 4258 751 4315 ahbates
768 4258 903 4315 huic
927 4261 1149 4334 synodo
1171 4259 1788 4335 interfuisse,quorum
1813 4265 2069 4329 nomina.

398 4345 757 4402 exciderunt.
815 4344 918 4403 His
970 4348 1221 4405 addendi
1278 4349 1500 4407 Natalis
1564 4352 1761 4408 Sancti
1830 4353 2050 4411 Nicolai

398 4448 578 4505 prope
604 4434 946 4507 Andegavos
976 4434 1533 4505 abbas,Guillelmus
1555 4438 1751 4497 Sancti
1778 4440 2048 4499 Florentii

2165 538 2315 593 tensi
2347 542 2404 595 et
2433 537 2563 594 aliis
2592 535 2857 608 ejusdem
2884 534 3152 592 dicecesis
3182 534 3541 607 primoribus
3589 534 3661 591 ad
3682 551 3831 591 con-

2164 625 2363 683 cilium
2396 625 2637 699 profecti
2681 623 2863 680 fuisse
2909 624 3187 680 dicuntur
3213 622 3273 678 in
3304 622 3492 696 ipsius
3523 622 3831 680 Lamberti

2164 714 2376 771 Gestis.
2406 714 2621 770 Aderat
2660 711 2837 768 etiam
2886 727 2955 767 ex
2999 710 3346 767 Taurinensi
3387 710 3686 783 provincia
3715 711 3828 766 Er-

2164 803 2532 876 mengandus
2582 802 2766 857 abbas
2797 797 3116 869 Clusensis,
3166 804 3234 856 ut
3281 816 3350 856 ex
3398 800 3528 870 ejus
3571 796 3833 873 epistola

2165 891 2470 959 discimus,
2503 907 2681 963 quam
2713 906 2825 947 ms.
2853 888 3168 957 habemus;
3202 888 3262 945 in
3293 906 3362 945 ea
3391 888 3608 962 quippe
3640 888 3828 946 Ram-

2163 980 2396 1037 nuli‘um
2412 980 2753 1053 episcopum
2776 981 3198 1035 Santonensem
3228 982 3395 1051 rogat
3423 982 3489 1033 ut
3518 977 3826 1051 negotium

2164 1070 2237 1126 de
2264 1068 2520 1126 Ecclesia
2547 1067 2751 1137 Vallis,
2785 1067 2941 1140 quod
2973 1071 3175 1123 contra
3200 1066 3688 1141 Angeriacensem
3719 1067 3829 1124 ab-

2163 1158 2358 1215 batem
2413 1157 2686 1226 habebat,
2741 1159 3136 1229 componeret,
3185 1153 3337 1210 sicut
3383 1154 3433 1210 ei
3478 1154 3537 1211 in
3568 1154 3825 1212 concilio

2163 1245 2627 1304 Claromontensi
2659 1244 2956 1318 pollicitus
2988 1244 3194 1300 fuerat.

2552 1332 2757 1391 CCVII.
2784 1332 3091 1390 Concilium
3112 1330 3420 1387 inchoatur.

2235 1423 2614 1497 Congregatis
2666 1422 2861 1495 itaque
2908 1438 2978 1477 ex
3022 1420 3179 1476 omni
3214 1422 3379 1493 parte
3415 1418 3823 1492 pontiﬁcibus,

2164 1514 2434 1571 Urbanus
2454 1530 2548 1568 xxv
2575 1510 2864 1569 Kalendas
2894 1509 3230 1569 Decembris
3250 1506 3561 1566 concilium
3584 1508 3828 1567 inchoa-

2162 1603 2246 1658 vit
2275 1602 2404 1675 ipsa
2434 1602 2527 1657 die
2557 1605 2759 1656 octava
2790 1599 2919 1656 festi
2954 1598 3141 1654 sancti
3173 1597 3427 1664 Martini,
3451 1602 3518 1654 ut
3546 1598 3827 1655 observat

2163 1691 2488 1757 Bertoldus,
2521 1690 2612 1746 cui
2639 1688 2932 1745 consentit
2961 1685 3185 1744 Clarius
3215 1686 3271 1742 in
3307 1685 3591 1743 Chronico
3620 1689 3822 1745 Sancti

2166 1780 2312 1836 Petri
2342 1779 2467 1835 Vivi
2499 1777 3033 1845 Senonensis,sicut
3061 1780 3115 1833 et
3144 1775 3333 1848 ipsius
3356 1772 3587 1832 concilii
3610 1776 3826 1834 notitia

2161 1886 2230 1926 ex
2259 1866 2707 1924 cod.Camerarii
2731 1867 2856 1937 jam
2888 1865 3125 1921 laudato
3157 1865 3514 1922 eruta.Ccrte
3543 1865 3829 1924 Urbanus

2161 1958 2285 2031 ipse
2315 1957 2374 2012 in
2405 1955 2654 2030 epistola
2675 1955 2747 2012 ad
2780 1954 3158 2011 Lambertum
3186 1954 3628 2012 Atrebatensem
3650 1953 3822 2011 illam

2160 2046 2449 2121 synodum
2509 2047 2567 2101 in
2622 2046 2824 2101 octavis
2879 2046 3057 2101 sancti
3119 2042 3345 2101 Martini
3405 2041 3823 2101 celebrandam

2160 2135 2278 2192 fore
2309 2134 2786 2202 denuntiaverat;
2819 2132 2975 2205 quod
3005 2132 3076 2188 de
3110 2131 3240 2204 ipsa
3270 2131 3364 2187 die
3395 2135 3594 2188 octava
3641 2131 3821 2189 intel-

2158 2223 2460 2298 ligendum
2491 2239 2619 2280 esse
2650 2225 2811 2296 patet
2839 2239 2908 2278 ex
2938 2219 3219 2296 Raynoldi
3242 2220 3549 2278 Remensis
3569 2220 3826 2295 epistola

2158 2310 2489 2368 invitatoris
2518 2310 2754 2367 nomine
2778 2309 2994 2369 Urbini
3017 2310 3089 2366 ad
3113 2310 3386 2367 eumdem
3411 2309 3823 2380 Lambertum,

2159 2403 2219 2457 in
2251 2417 2367 2474 qua
2397 2401 2611 2457 diserte
2656 2399 2890 2472 legitur,
2918 2397 3233 2456 concilium
3281 2400 3345 2454 in
3387 2400 3594 2456 octavis
3640 2400 3828 2455 sancti

2158 2489 2387 2547 Martini
2431 2506 2531 2545 xm
2579 2488 2827 2545 videlicet
2876 2487 2966 2544 die
3009 2488 3131 2543 Kal.
3183 2487 3490 2543 Decembris
3540 2486 3827 2545 celebrari

2160 2578 2387 2635 debere.
2422 2577 2564 2634 Hinc
2594 2577 3026 2634 emendandum
3074 2579 3164 2632 est
3208 2576 3533 2633 Chronicon
3580 2574 3823 2633 Mallea-

2159 2684 2350 2734 cense,
2394 2666 2454 2722 in
2505 2683 2622 2738 quo
2669 2664 2815 2721 illud
2868 2682 2932 2721 III
2980 2664 3121 2722 Idus
3169 2663 3513 2722 Novembris
3544 2668 3821 2731 coactum

2161 2756 2346 2813 fuisse
2366 2755 2603 2829 legitur.

2157 2863 2387 2919 CCVIII.
2422 2860 2677 2919 Durandi
2698 2861 2936 2933 episcopi
2961 2860 3382 2944 Qtaromontani
3403 2875 3550 2917 mors
3578 2863 3631 2914 et
3658 2875 3822 2917 exse-

2935 2950 3066 2986 uta}.

2229 3022 2475 3079 Tantam
2523 2946 3192 3093 solemnitategiuiaulo
3250 3018 3508 3076 turbavit
3555 3018 3822 3077 Durandi

2161 3110 2349 3184 ipsius
2378 3109 2702 3167 Arvernicze
2753 3109 2917 3165 urbis
2962 3108 3216 3182 episcopi
3251 3126 3430 3178 mors,
3458 3125 3589 3180 quae
3626 3108 3825 3182 primo

2085 3185 2129 3253 C
2158 3198 2390 3256 concilii
2421 3198 2514 3255 die
2543 3198 2806 3272 contigit.
2840 3197 2944 3254 Hic
2974 3214 3043 3254 ex
3071 3198 3227 3254 Casa:
3254 3197 3356 3253 Dei
3387 3198 3601 3254 abbate
3627 3198 3825 3254 tactus

2160 3289 2622 3363 episcopus,tum
2654 3286 3165 3344 Claromontanam
3207 3286 3526 3343 Ecclesiam
3557 3286 3822 3360 regebat,

2161 3377 2397 3450 quando
2426 3377 2543 3433 huc
2574 3376 2807 3434 advenit
2836 3376 3098 3450 pontifex
3125 3380 3192 3432 ut
3222 3374 3539 3433 concilium
3564 3373 3825 3433 celebra-

2161 3470 2266 3534 ret,
2296 3467 2398 3522 sed
2432 3466 2488 3521 in
2520 3464 2869 3522 necessariis
2918 3465 2989 3521 ad
3040 3463 3372 3537 pontiﬁcem
3411 3463 3673 3536 aliosque
3697 3464 3826 3537 epi-

2160 3572 2368 3628 scopos
2398 3559 2463 3610 ut
2493 3554 2737 3611 decebat
2767 3553 3156 3626 excipiendos,
3188 3551 3582 3626 praeparandis
3609 3552 3826 3610 defati~

2159 3647 2330 3718 gaius
2382 3647 2492 3711 est,
2544 3648 2609 3699 ut
2655 3647 2951 3699 contracto
2999 3642 3160 3716 gravi
3210 3641 3436 3709 morbo,
3475 3641 3826 3699 adveniente

2160 3750 2330 3806 papa,
2355 3733 2481 3805 jam
2509 3733 2580 3788 de
2610 3733 2739 3803 ejus
2765 3731 2883 3788 vita
2911 3749 3057 3805 pene
3088 3732 3518 3804 desperaretur.
3570 3731 3639 3787 Et
3688 3731 3822 3803 qui-

2160 3823 2388 3890 dem,ut
2416 3821 2593 3877 habet
2624 3820 2788 3894 Hugo
2814 3819 3267 3877 Flaviniacensis
3296 3820 3356 3875 in
3387 3818 3673 3876 Chronico
3692 3819 3827 3876 Vir-

2158 3909 2432 3979 dunensi,
2463 3909 2535 3966 ab
2568 3908 2800 3965 Urbano
2830 3911 3083 3966 visitatus
3134 3913 3186 3965 et
3233 3909 3514 3965 absolutus
3550 3924 3672 3963 cum
3692 3909 3822 3981 jam

2159 4003 2462 4055 extremum
2509 3999 2770 4072 spiritum
2810 3999 3065 4065 traheret,
3105 4001 3262 4054 nocte
3289 3998 3537 4068 sequenti
3562 3994 3821 4069 primam

2159 4087 2381 4144 scilicet
2436 4087 2669 4144 concilii
2719 4086 2895 4157 diem,
2942 4088 3203 4159 spiritum
3261 4087 3515 4143 Creatori
3559 4085 3821 4142 reddidit.

2160 4177 2404 4234 Funeris
2416 4193 2615 4232 curam
2640 4191 2947 4248 suscepere
2967 4175 3133 4249 Hugo
3154 4172 3585 4248 Gratianopolis
3601 4173 3824 4247 episco-

2159 4282 2291 4339 pus,
2321 4264 2559 4322 Jarento
2589 4264 2786 4321 Sancti
2822 4263 3092 4337 Benigni,
3123 4268 3182 4320 et
3213 4263 3455 4319 Pontius
3505 4262 3669 4319 Cassa
3716 4261 3824 4319 Dei

2160 4353 2529 4426 abbates,qui
2555 4356 2673 4409 tres
2696 4352 2807 4409 sub
2831 4369 2897 4408 eo
2919 4351 3073 4425 apud
3090 4356 3297 4407 Casam
3316 4350 3415 4408 Dei
3433 4350 3822 4409 monasticam

2157 4443 2341 4501 vitam
2375 4443 2695 4499 duxerant:
2727 4459 2831 4498 nec
2862 4457 3124 4514 unquam
3157 4439 3503 4498 celebriores
3531 4439 3822 4512 exsequiis

398 4537 469 4620 ex
497 4521 699 4620 eadem
730 4522 993 4620 dioecesi;
1026 4524 1390 4620 (iapsmarus
1419 4527 1614 4583 Sancti
1646 4528 1797 4586 Petri
1842 4532 2048 4589 Insula:
2072 4554 2120 4620 Ι)
2155 4532 2291 4589 visa:
2322 4531 2652 4602 fuerant,ad
2684 4547 2833 4604 quas
2864 4546 3074 4603 nempe
3096 4546 3229 4586 cum
3256 4528 3531 4602 pontiﬁce
3556 4527 3822 4584 Romano

398 4608 776 4677 Germanice,
810 4628 913 4668 seu
940 4612 1012 4669 de
1038 4611 1194 4670 Cella
1222 4630 1402 4688 prope
1447 4617 1680 4687 Trecas,
1714 4618 2049 4692 Raynaldus

396 4698 593 4755 Sancti
622 4700 910 4772 Cypriani,
944 4701 1255 4760 Gervasius
1302 4705 1496 4761 Sancti
1538 4706 1733 4763 Savini
1763 4711 1821 4765 et
1846 4709 2051 4767 Petrus

395 4787 757 4845 Carroi'ensis
786 4790 941 4861 apud
972 4790 1265 4862 Pictones;
1302 4793 1505 4851 Petrus
1534 4794 1769 4852 Anianoa
1807 4796 1867 4853 in
1909 4798 2049 4853 diae-

397 4877 510 4933 cesi
542 4874 963 4950 Magaloncnsi,
987 4882 1310 4938 Ademarus
1342 4882 1538 4939 Sancti
1580 4884 1865 4942 Martialis
1896 4887 2049 4958 apud

397 4966 753 5033 Lemovicas,
787 4972 843 5025 et
872 4984 941 5025 ex
969 4971 1173 5026 eadem
1221 4970 1456 5027 dioecesi
1507 4973 1801 5030 Gerardus
1845 4974 2051 5032 Useer-

396 5055 588 5113 censis
617 5057 934 5115 Anscull'us
982 5058 1180 5115 Sancti
1225 5059 1470 5116 Joannis
1517 5061 1954 5134 Angeriacensis
1984 5081 2053 5121 ex

396 5140 630 5200 dioecesi
661 5147 1031 5204 Santonensi.
1065 5148 1148 5203 Ex
1193 5148 1439 5205 Arvenia
1486 5165 1643 5213 vero,
1694 5156 1901 5223 printer
1948 5153 2048 5208 Pe-

395 5235 554 5286 trum
609 5233 807 5289 Sancti
859 5232 1032 5290 Illidii
1082 5234 1539 5304 Claromontani,
1573 5237 1816 5297 aderant
1846 5239 2051 5297 Petrus

394 5317 812 5377 Auriliacensis
841 5326 899 5377 et
919 5322 1157 5380 Prultus
1203 5324 1361 5380 Cassa
1400 5323 1502 5381 Dei
1534 5325 1798 5396 abhates,
1828 5345 2051 5402 anony-

399 5420 536 5462 mus
562 5408 757 5463 Sancti
786 5412 1199 5483 Sumphoriani
1244 5412 1315 5470 de
1361 5412 1665 5486 Thigemo,
1701 5420 1760 5472 et
1794 5417 2051 5477 decanus

399 5494 595 5549 Sancti
634 5492 789 5552 Petri
846 5500 917 5555 de
965 5498 1281 5570 Mauriaco,
1331 5502 1549 5575 quibus
1588 5503 1879 5579 jungendi
1912 5514 2053 5566 sunt

397 5580 619 5643 Alodus
650 5583 848 5647 Sancti
878 5587 1135 5663 Vedasti,
1159 5597 1219 5652 et
1242 5590 1585 5653 Hamericus
1602 5594 2051 5677 Aquicentensis

2158 4627 2244 4679 tot
2274 4620 2569 4678 antistites
2596 4625 2653 4677 et
2682 4620 2948 4677 omnium
2966 4620 3239 4676 ordinum
3262 4623 3319 4676 et
3341 4616 3601 4676 illustres
3622 4618 3731 4674 viri
3753 4636 3823 4675 ex

2158 4714 2278 4766 toto
2328 4726 2473 4783 pene
2520 4709 2660 4765 orbe
2707 4707 3037 4765 Christiano
3068 4709 3410 4765 convenisse
3441 4706 3818 4764 videbantur.

2158 4802 2275 4854 Has
2308 4798 2509 4870 paucis
2556 4797 2749 4854 verbis
2797 4798 2961 4872 Hugo
3015 4796 3329 4855 Flaviniaci
3375 4796 3461 4853 sic
3510 4794 3824 4868 descripsit

2156 4886 2282 4943 loco
2313 4885 2571 4943 laudato.
2606 4888 2790 4953 Lotus,
2825 4886 3036 4958 inquit,
3071 4891 3124 4942 et
3155 4889 3381 4942 curatus
3430 4901 3645 4942 summa
3673 4885 3819 4957 filio-

2159 4992 2304 5041 rum,
2353 4975 2411 5030 id
2455 4984 2533 5030 est
2586 4975 2800 5031 abbatis
2850 4976 3213 5040 Divioneusis,
3246 4974 3459 5030 abbatis
3502 4973 3651 5029 Casa?
3698 4970 3817 5039 Dei,

2157 5067 2396 5136 episcopi
2439 5064 2959 5137 Gratianopolitani,
3004 5073 3056 5120 et
3103 5065 3344 5120 aliorum
3386 5063 3706 5132 diligentia.
3754 5060 3821 5117 Et

2156 5155 2238 5210 sic
2265 5158 2559 5224 antequam
2587 5155 2887 5210 concilium
2916 5154 3253 5226 inciperetur
3281 5160 3388 5209 toto
3416 5151 3544 5208 orbe
3583 5150 3655 5206 ad
3701 5151 3821 5222 ejus

2159 5245 2445 5315 exsequias
2474 5251 2806 5310 occurrente,
2838 5243 2907 5297 ab
2940 5244 3054 5315 ipso
3082 5260 3227 5316 papa
3273 5251 3327 5299 et
3372 5241 3634 5314 episcopis
3663 5243 3822 5296 tem

2158 5333 2237 5387 est
2266 5330 2585 5386 mandatum
2614 5347 2739 5386 cum
2771 5330 2987 5402 gloria;
3027 5340 3077 5388 et
3121 5330 3300 5388 sedem
3343 5332 3462 5402 ejus
3495 5328 3820 5385 Willelmus

2157 5420 2224 5476 de
2254 5421 2418 5476 Basia
2442 5419 2671 5490 adeptus
2718 5422 2797 5475 est
2846 5419 3013 5477 laude
3057 5422 3194 5478 cleri
3242 5424 3295 5477 et
3337 5418 3531 5492 populi
3552 5418 3815 5491 praecepto

2156 5507 2399 5582 ejusdem
2429 5507 2732 5580 apostolici.
2766 5507 2991 5582 Duplex
3017 5506 3284 5581 ejusdem
3316 5506 3598 5564 antistitis
3629 5506 3818 5580 epita-

2158 5595 2367 5681 phium
2387 5594 2625 5676 scripsit
2646 5595 2951 5660 Baldricus
2964 5602 3093 5659 tum
3113 5596 3518 5676 Burguliensis
3547 5593 3816 5669 abbas,in
