4000 6178
120 384 255 443 l69‘

1720 392 1930 456 Vl'l‘A.

3411 394 3551 465 γη

115 515 330 609 quibus
350 515 482 609 ejus
500 514 804 609 exsequias
820 517 1121 609 triumpho
1142 518 1365 579 similes
1386 521 1590 593 fuisse,
1611 536 1772 580 eum-
1794 528 1855 595 Α
1880 526 2219 601 Philippum
2268 540 2401 585 vero
2447 543 2641 604 regem
2673 526 2752 588 ibi
2784 520 2857 589 ob
2888 531 3054 591 illum
3082 536 3317 609 raptum
3344 534 3533 596 fuisse

117 602 327 695 queAl3
364 596 460 661 die
507 608 643 662 ante
691 607 1065 665 Decembrem
1118 609 1336 668 obiisse
1381 614 1630 669 testatur
1673 614 1768 670 his
1879 596 2449 675 excommunicatum
2481 596 2595 675 an
2628 619 2935 678 Bertoldus
2965 596 3178 695 solum,
3214 598 3316 687 sed
3346 628 3411 682 ct
3435 624 3531 684 lvo

113 690 381 749 versibus
400 712 415 750 :

116 792 409 863 Exsequias
435 790 688 863 celebres,
720 809 847 867 qua
874 796 1052 868 forma
1078 801 1236 869 [uere
1265 800 1555 873 triumphi,

173 879 530 953 Dispensavil
557 882 610 937 ei
635 883 820 955 gratia
846 899 1061 939 summa
1081 886 1198 951 Dei,

118 968 367 1026 Urbanus
393 968 601 1043 synodo
626 971 879 1043 generali
900 989 1051 1045 papa
1079 982 1285 1041 vocata,

175 1059 374 1114 Patres
407 1059 494 1115 bis
512 1067 733 1115 centum
762 1062 928 1117 movit
955 1060 1027 1117 ad
1054 1062 1390 1135 obsequium.

119 1149 308 1214 Tertia,
343 1162 474 1218 qua
500 1147 772 1204 decimam
802 1148 976 1204 lucem
1002 1152 1165 1221 praeit
1187 1159 1316 1207 ante
1333 1151 1696 1219 Decembrem,
1750 1148 1755 1152 ’

178 1236 323 1293 Fila?
343 1239 631 1303 praesentis
652 1237 839 1293 lumen
868 1237 1077 1296 ademit
1105 1242 1176 1308 ei,
1202 1244 1309 1296 etc.

112 1327 163 1381 In
191 1324 390 1382 altero
421 1324 719 1399 epitaphio
742 1325 895 1382 inter
925 1332 1133 1384 caetera
1162 1329 1245 1383 sic
1276 1329 1482 1385 habet:

170 1415 360 1487 Ipsius
388 1416 674 1486 exsequias
704 1414 855 1485 dicas
884 1416 1156 1472 similasse
1184 1418 1547 1489 triumphum,

237 1504 310 1559 Et
336 1503 713 1576 dispensanlis
741 1506 902 1576 signa
930 1505 1099 1576 fuisse
1124 1505 1262 1573 Dei;

169 1593 372 1664 Adfuit
401 1593 655 1651 Urbanus
683 1597 907 1649 centeno
931 1593 1168 1665 praesule
1192 1603 1393 1668 sepius,

237 1682 528 1739 Abbalum
561 1697 684 1739 vero
714 1683 891 1754 major
917 1687 1036 1739 erat
1055 1699 1339 1753 numerus,
1372 1689 1479 1740 etc.

112 1789 282 1847 CCIX.
328 1789 483 1859 Quid
531 1791 595 1844 in
639 1789 872 1860 concilio
915 1788 1333 1846 Claromontano
1386 1794 1618 1860 gestum.
1661 1791 1771 1848 Cur

353 1856 571 1917 diverse
589 1876 625 1916 a
651 1856 881 1917 diversis
906 1877 1139 1918 canones
1181 1856 1515 1933 referuntur.

173 1950 365 2008 Multa
389 1957 448 2008 et
476 1949 718 2023 quidem
749 1949 941 2023 gravis
962 1950 1245 2007 momenti
1279 1951 1511 2024 negotia
1539 1951 1597 2007 in
1630 1969 1767 2009 con-

116 2039 236 2099 cilio
266 2040 736 2097 Claromontano
785 2043 1031 2095 tractata
1076 2038 1259 2095 fuisse
1307 2056 1480 2097 nemo
1528 2044 1635 2110 est,
1666 2041 1767 2114 qui

114 2148 216 2187 non
246 2130 547 2198 fateatur;
583 2131 643 2183 at
661 2126 764 2182 illa
779 2125 1122 2200 singillatim
1145 2128 1469 2201 expendere
1490 2128 1767 2185 difﬁcilli-

111 2235 259 2273 mum
277 2221 464 2287 esset,
490 2232 625 2271 cum
647 2214 923 2288 pleraque
944 2220 1328 2272 monumenta
1342 2218 1469 2289 ejus
1487 2219 1767 2289 temporis

108 2307 445 2373 exciderint,
475 2308 539 2361 et
565 2320 634 2361 ea
654 2321 781 2377 quin
804 2309 1120 2377 supersunt
1139 2304 1200 2360 in
1226 2305 1403 2361 variis
1425 2306 1764 2363 auctoribus

108 2398 367 2471 dispersa
400 2410 523 2451 non
555 2410 788 2466 semper
815 2404 933 2449 uno
981 2393 1155 2449 modo
1186 2409 1279 2450 res
1309 2399 1761 2467 repraesentant;

108 2489 228 2553 imo,
262 2483 435 2560 quod
470 2482 664 2557 magis
712 2482 942 2550 mirere,
977 2498 1228 2538 canones
1258 2484 1385 2555 ejus
1416 2483 1643 2541 concilii
1676 2484 1761 2540 di-

107 2575 237 2631 versi
268 2581 428 2631 sunt
455 2572 523 2628 in
554 2571 801 2627 diversis
830 2570 1190 2627 auctoribus.
1224 2572 1305 2627 Ne
1336 2576 1532 2628 tamen
1558 2573 1615 2628 in
1643 2573 1764 2629 ani.

109 2680 251 2720 mum
286 2660 554 2718 inducas
585 2676 682 2716 eos
704 2659 804 2733 qui
835 2664 1154 2732 supersunt
1173 2659 1247 2715 ab
1269 2660 1398 2716 istis
1421 2662 1762 2719 auctoribus

111 2752 269 2810 fuisse
300 2746 621 2817 conﬁctos,
655 2748 1012 2817 memineris,
1043 2748 1198 2820 quod
1225 2748 1322 2803 uni
1346 2748 1568 2822 aliquot
1594 2766 1763 2807 cano-

110 2858 213 2909 nes,
242 2840 351 2897 alii
387 2838 565 2907 alios,
598 2837 823 2893 caeteris
856 2835 1112 2905 omissis,
1138 2853 1287 2909 quos
1309 2837 1381 2892 ad
1404 2854 1466 2894 se
1496 2842 1760 2911 spectare

109 2949 204 2986 non
241 2929 577 3004 putabant,
627 2923 970 2994 retulerint;
1018 2923 1139 2981 imo
1177 2942 1284 2981 nec
1324 2924 1439 2997 ipsi
1482 2942 1755 2996 canones,

108 3036 234 3091 quos
250 3032 497 3086 omnes,
525 3018 627 3071 aut
647 3014 908 3088 plerique
931 3013 1223 3081 exhibent,
1246 3015 1450 3071 eodem
1472 3014 1674 3071 ordine
1692 3030 1759 3071 ac

110 3109 291 3165 iisdem
318 3105 541 3163 verbis
570 3107 1082 3176 repraesentantur,
1105 3103 1261 3175 quod
1292 3119 1495 3159 eorum
1514 3109 1755 3160 tantum

110 3196 518 3264 substantiam,
550 3209 667 3249 non
715 3192 846 3264 ipsa
892 3191 1067 3248 verba
1116 3193 1329 3248 referre
1376 3195 1642 3248 auctores
1672 3191 1757 3248 illi

1877 708 2236 763 Carnotenus
2256 707 2424 779 epist.
2448 707 2508 763 2i
2524 709 2573 777 1,
2600 707 2939 767 Willelmus
2963 708 3531 785 Malmesburiensis,

1877 794 2203 867 Sigibertus
2233 800 2291 852 et
2320 795 2416 852 alii
2444 796 2664 869 passim
2686 802 3049 857 asseverant.
3072 803 3145 858 At
3165 801 3387 869 ﬂustra
3406 816 3533 863 mo-

1876 887 2013 939 vent
2040 883 2177 940 inde
2235 885 2617 957 quaestionem
2660 884 2950 956 nonnulli,
3002 904 3076 946 an
3118 890 3296 949 etiam
3330 890 3532 950 Galliis

1879 987 2126 1045 regnum
2158 977 2299 1030 tunc
2321 975 2602 1046 temporis
2632 974 2941 1033 interdicto
2964 977 3300 1051 subjectum
3330 979 3533 1053 fuerit,

1880 1077 2015 1116 cum
2032 1065 2259 1118 certum
2277 1062 2355 1118 sit
2374 1062 2713 1135 hujusmodi
2731 1066 3365 1127 excommunicationes
3380 1066 3534 1128 nihil

1879 1165 2143 1222 unquam
2175 1149 2423 1222 populos
2446 1151 2730 1219 affecisse,
2762 1168 2829 1208 ac
2857 1152 3044 1211 multo
3071 1153 3276 1212 minus
3304 1154 3533 1230 aliquid

1879 1253 1945 1294 ex
1996 1238 2195 1294 debita
2245 1239 2481 1312 regibus
2529 1238 2863 1297 obedientia
2911 1245 3014 1298 aut
3062 1242 3387 1301 reverentia
3432 1245 3536 1303 de-

1878 1328 2146 1395 traxisse,
2178 1333 2246 1384 ut
2274 1344 2343 1384 ex
2372 1329 2562 1385 Ivonis
2594 1328 2983 1404 aliorumque,
3004 1329 3449 1407 quiierventius
3467 1330 3532 1391 in

1879 1415 2238 1474 adulterinas
2270 1416 2522 1490 Philippi
2551 1418 2787 1491 nuptias
2817 1419 3264 1490 invehebantur,
3297 1421 3534 1497 scriptis

1879 1509 2061 1577 patet:
2084 1522 2424 1579 quanquam
2444 1505 2734 1577 Urbanus,
2754 1504 3076 1566 uttandum
3097 1506 3442 1569 scandalum
3458 1510 3533 1570 ab

1877 1594 2133 1651 Ecclesia
2143 1595 2505 1663 amoliretur,
2518 1596 2810 1653 censuerit
2824 1612 2958 1653 eum
2972 1600 3386 1657 communione
3400 1610 3531 1659 esse

1876 1682 2245 1755 privandum,
2270 1683 2802 1758 abstinendumque
2823 1703 2858 1742 a
2877 1682 3126 1743 solemni
3143 1688 3273 1759 ejus
3293 1702 3532 1747 cumna-

1878 1772 2054 1841 tione,
2081 1788 2209 1845 quae
2225 1775 2367 1828 tunc
2388 1773 2691 1846 temporis,
2714 1791 2749 1830 a
2771 1773 3045 1833 Remensi
3068 1774 3529 1852 ambiepisoupo,

1878 1864 1979 1916 aut
2006 1877 2072 1916 eo
2103 1862 2367 1930 absente,
2397 1861 2469 1918 ab
2498 1862 2693 1934 aliquo
2716 1858 2831 1919 alio
2846 1863 3119 1937 episcopo
3136 1864 3197 1921 in
3220 1862 3532 1940 praecipuis

1877 1949 2293 2006 festivitatibus
2351 1951 2476 2006 ﬁeri
2527 1949 2772 2008 solebat.
2827 1950 2946 2009 Nec
2995 1950 3154 2010 aliud
3205 1952 3530 2028 quidquam

1875 2038 2213 2113 intelligunt
2239 2041 2336 2095 Ivo
2367 2038 2710 2113 similesque
2731 2041 2860 2113 ejus
2882 2040 2984 2098 aevi
3010 2045 3278 2101 auctores
3302 2054 3437 2101 cum
3459 2039 3532 2101 de

1875 2143 2098 2184 coronae
2122 2128 2443 2201 privatione
2475 2133 2577 2184 aut
2604 2130 2977 2187 restitutione
3004 2130 3349 2204 loquuntur.

1945 2215 2385 2273 CCX.Canonum
2408 2215 2824 2275 Claromontani
2847 2221 3075 2276 concilii
3095 2218 3454 2279 collectiones.

1946 2304 2120 2361 Porro
2149 2304 2302 2361 inter
2329 2322 2447 2374 eos,
2482 2305 2583 2378 qui
2604 2308 2887 2378 majorem
2908 2307 2971 2363 in
2994 2306 3337 2381 colligendis
3354 2322 3529 2366 cano.

1872 2392 2048 2451 nibus
2076 2392 2542 2451 Claromontanis
2573 2394 2931 2467 diligentiam
2962 2410 3081 2468 pra:
3111 2394 3333 2453 caeteris
3365 2397 3527 2455 adhi-

1871 2484 2071 2540 buisse
2099 2483 2389 2553 videntur,
2421 2483 2642 2539 censeri
2674 2484 2844 2540 debet
2872 2488 3074 2541 auctor
3103 2480 3320 2543 codicis
3352 2484 3525 2543 Lam-

1870 2572 2017 2629 berti
2047 2572 2443 2629 Atrebalensis
2458 2571 2843 2645 episcopi,qui
2866 2574 2995 2645 ejus
3014 2572 3245 2630 concilii
3270 2588 3525 2633 canones

1869 2661 2112 2734 triginta
2139 2661 2289 2717 duos
2333 2661 2585 2718 exhibet.
2636 2661 2901 2718 Labbeus
2948 2662 3151 2720 decem
3196 2660 3417 2736 adjecit
3445 2676 3527 2721 ’σι

1868 2751 2046 2806 veteri
2077 2749 2420 2813 membrana
2465 2748 2617 2805 Petri
2665 2748 2898 2818 Pithcei,
2952 2763 3163 2808 novem
3212 2764 3282 2808 ex
3322 2750 3527 2810 codice

1867 2838 2061 2894 Cencii
2078 2836 2414 2909 Camerarii,
2436 2854 2502 2894 ac
2520 2836 2802 2894 tredecim
2824 2854 2893 2896 ex
2922 2838 3118 2897 codice
3140 2836 3539 2915 Dionysium,

1867 2940 2015 2998 quos
2048 2923 2265 2982 Gallice
2285 2943 2319 2981 a
2339 2925 2676 2983 Belforestio
2700 2927 2847 2983 livro
2868 2926 3257 2987 rvAnnali'u‘m
3276 2926 3527 2988 Francoo

1866 3032 1998 3070 rum
2031 3014 2371 3087 descriptos,
2405 3014 2672 3072 Serarius
2700 3015 2762 3072 in
2803 3017 3079 3074 Latinum
3110 3016 3520 3077 transtulerat.

1866 3103 2087 3177 Viginti
2116 3103 2379 3176 quinque
2421 3104 2659 3160 omnino
2706 3105 2862 3177 apud
2890 3105 3235 3164 Ordericum
3264 3104 3520 3164 Vitalian:

1866 3193 2033 3249 initio
2086 3191 2221 3248 libri
2266 3206 2322 3247 xx
2355 3196 2750 3264 recensentur,
2782 3209 2848 3249 ac
2877 3194 3061 3251 ferme
3084 3193 3332 3253 totidem
3363 3197 3520 3270 apud

111 3286 161 3341 in
185 3286 382 3342 animo
414 3280 774 3339 habuerint:
808 3280 962 3336 unde
994 3281 1281 3337 breviaria
1305 3298 1408 3338 seu
1436 3282 1761 3338 summaria
1790 3268 1833 3336 C
1871 3279 2228 3339 Willelmum
2269 3279 2853 3337 Malmesburiensem
2885 3285 2943 3337 et
2981 3281 3323 3339 Matthmum
3362 3268 3523 3340 Pari-

112 3390 414 3439 canonum,
436 3370 637 3445 potius
654 3385 832 3443 quam
846 3368 1025 3441 hujus
1048 3369 1275 3425 concilii
1295 3386 1547 3426 canones
1569 3368 1763 3443 appel-

108 3461 202 3517 lari
229 3463 474 3519 debent.
498 3456 810 3514 Bertoldus
832 3456 1036 3530 paucis
1062 3457 1252 3513 verbis
1271 3458 1384 3513 tria
1403 3475 1433 3514 e
1453 3458 1762 3532 praecipuis

108 3550 267 3622 hujus
314 3547 536 3624 synodi
586 3546 878 3619 capitibus
909 3546 992 3602 ita
1029 3546 1298 3603 exhibet:
1349 3547 1413 3602 In
1446 3564 1514 3602 ea
1542 3547 1762 3620 synodo

110 3639 344 3695 dominus
397 3654 576 3712 papa,
637 3635 851 3708 inquit,
899 3634 1087 3692 eadem
1144 3638 1371 3704 statuta,
1423 3653 1543 3709 quas
1596 3640 1647 3692 et
1704 3638 1764 3692 in

106 3732 376 3800 praeterita
404 3724 620 3799 synodo
648 3726 972 3781 Placentina
1027 3722 1412 3796 conﬁrmavit;
1460 3727 1687 3798 insuper
1713 3733 1766 3781 et

108 3819 415 3892 Philippum
447 3831 631 3888 regem
654 3814 962 3870 Galliarum
980 3816 1500 3883 excommunicauit,
1520 3830 1582 3871 eo
1601 3814 1761 3887 quod,

106 3910 313 3980 propria
344 3921 535 3961 uxore
561 3902 812 3973 dimissa,
843 3903 1040 3959 militis
1059 3905 1148 3959 sui
1168 3920 1397 3959 uxorem
1417 3904 1529 3959 sibi
1552 3905 1611 3960 in
1636 3920 1763 3960 con-

100 3999 309 4066 jugium
339 3993 582 4051 sociavit
597 4008 619 4054 ;
649 3992 730 4047 ibi
768 3992 935 4048 etiam
963 3992 1136 4047 aliam
1164 3992 1431 4064 synodum
1459 3994 1520 4047 in
1550 3995 1766 4049 tertiam

105 4085 478 4157 subsequentis
527 4080 978 4151 Quadragesim
1006 4081 1395 4136 hebdomadam
1426 4081 1652 4138 Turonis
1680 4098 1763 4138 ce-

110 4174 425 4229 lebrandam
458 4170 822 4226 denuntiavit.
850 4171 919 4224 At
946 4186 1059 4225 non
1084 4170 1275 4226 solum
1298 4186 1425 4242 quae
1444 4170 1503 4224 in
1534 4169 1767 4226 Placen-

111 4264 304 4329 tinam,
331 4261 443 4317 sed
467 4259 646 4315 etiam
668 4276 795 4330 qua:
816 4258 875 4312 in
899 4257 1195 4331 prioribus
1217 4258 1455 4330 synodis
1477 4258 1763 4331 Melphiae,

108 4350 411 4407 Beneventi
438 4351 497 4404 et
514 4347 700 4419 Trojze
722 4347 952 4402 decreta
975 4347 1232 4417 fuerant,
1252 4345 1604 4403 Claromonti
1626 4362 1765 4403 con-

107 4440 337 4496 ﬁrmata
351 4439 565 4505 fuisse,
588 4439 799 4509 praeter
818 4434 964 4493 alios
984 4435 1202 4491 diserte
1222 4434 1497 4509 exprimit
1528 4450 1713 4493 canon
1735 4437 1771 4491 5

106 4546 167 4584 ex
186 4529 389 4585 codice
412 4543 529 4582 ms.
553 4524 749 4581 Cencii
770 4523 1105 4580 Camerarii.
1128 4524 1249 4580 Imo
1267 4529 1324 4579 et
1341 4523 1653 4580 nonnullos
1670 4542 1769 4580 an-

104 4619 433 4692 tiquiorum
464 4612 847 4670 conciliorum
887 4629 1139 4668 canones
1198 4612 1256 4668 in
1312 4613 1514 4668 eadem
1546 4613 1768 4685 synodo

106 4708 280 4763 lectos
311 4710 376 4761 et
407 4702 791 4759 confirmatos
815 4701 995 4757 fuisse
1016 4700 1212 4756 innuit
1237 4701 1580 4757 Lambertus
1610 4703 1772 4757 Atre-

103 4796 370 4852 batcnsis
398 4793 465 4848 in
498 4791 699 4848 charta
737 4790 1072 4847 donationis
1122 4790 1416 4863 prioratus
1445 4790 1774 4846 Ambrisnaa

101 4885 388 4940 Gualtero
416 4880 616 4938 abbati
665 4879 890 4935 Sanctae
946 4878 1256 4935 Trinitatis
1286 4878 1775 4952 Rot‘homagensis

103 4974 299 5040 facta,
341 4970 403 5025 in
428 4987 545 5043 qua
576 4968 801 5035 statuit,
829 4972 893 5023 ut
918 4968 1267 5035 monachus,
1290 4967 1391 5039 qui
1417 4968 1467 5024 ei
1490 4967 1617 5024 loco
1640 4985 1777 5041 prae-

102 5064 410 5128 ﬁceretur,
442 5076 510 5114 eo
568 5058 723 5131 quod
786 5058 934 5113 foret
991 5074 1059 5113 ex
1113 5055 1305 5113 aliena
1355 5057 1609 5124 dioecesi,
1661 5056 1773 5113 sibi

100 5153 355 5224 suisque
383 5148 826 5204 successoribus
846 5146 1188 5219 promittere
1210 5146 1418 5201 debeat
1438 5146 1777 5202 canonicam

100 5237 535 5305 obedientiam,
557 5239 699 5293 sicut
729 5238 790 5293 in
822 5233 1267 5302 Chalcedonensi,
1301 5234 1514 5307 inquit,
1546 5235 1780 5291 concilio

101 5331 311 5401 legitur
334 5326 747 5397 conﬁrmatum,
780 5324 919 5381 etin
951 5324 1391 5382 Claromontensi
1437 5323 1622 5396 dig-nee
1667 5340 1782 5380 me-

98 5421 291 5475 um}:
326 5416 647 5474 venerabili
679 5414 892 5473 Urbano
918 5415 969 5470 II
995 5416 1073 5470 est
1118 5420 1460 5470 renovatum.
1504 5411 1781 5469 Nonnulli

98 5510 269 5567 aiunt
288 5504 622 5565 Fulconem
649 5504 1097 5576 Andegavorum
1129 5500 1401 5558 comitem
1425 5517 1492 5558 eo
1510 5500 1573 5557 in
1595 5501 1785 5557 conci-

93 5599 165 5657 lio
198 5598 514 5657 adversus
565 5590 923 5652 Francorum
975 5605 1175 5667 regem
1215 5589 1379 5647 litem
1427 5591 1681 5649 movisse
1711 5589 1785 5646 ob

94 5688 467 5753 Bel-tradam
507 5682 622 5742 sibi
674 5682 761 5741 ab'
780 5698 846 5740 eo
878 5684 1164 5759 ereptam,
1197 5679 1355 5759 quod
1412 5679 1513 5741 alii
1570 5678 1783 5756 silent;

442 5813 711 5879 Panos.
762 5808 910 5876 GLI.

1870 3370 2048 3437 sium,
2088 3368 2441 3442 Anglicanos
2499 3369 2836 3441 scriptores.
2879 3370 3091 3427 Praeter
3135 3369 3244 3427 hos
3286 3384 3521 3440 omnes,

1871 3459 1969 3515 alii
1998 3458 2174 3515 etiam
2204 3456 2473 3514 nonnulli
2519 3457 2744 3530 passim
2794 3461 3110 3515 occurrunt
3143 3456 3298 3533 apud
3328 3458 3524 3517 varios

1872 3552 2138 3604 auctores
2169 3548 2306 3602 data
2351 3546 2655 3603 occasione
2704 3546 2950 3616 laudati,
3002 3546 3104 3620 qui
3159 3562 3295 3605 cum
3328 3546 3401 3606 ad
3431 3563 3529 3608 res

1872 3636 2230 3708 privatarum
2253 3634 2631 3692 ecclesiarum
2653 3640 2755 3692 aut
2771 3652 3155 3709 personarum
3172 3637 3524 3711 pertineant,

1873 3724 2050 3781 simul
2083 3741 2215 3780 cum
2240 3725 2464 3780 caeteris
2496 3742 2612 3781 non
2641 3721 2956 3782 habentur.
2979 3726 3098 3783 Hos
3119 3740 3324 3786 omnes
3345 3712 3530 3785 simul

1873 3813 2145 3870 collectos
2166 3813 2410 3870 habebis
2439 3814 2592 3870 inter
2622 3813 2839 3871 Urbani
2869 3814 3170 3889 epistolas.

1873 3920 2049 3977 CCXI.
2086 3919 2226 3989 Quid
2254 3921 2316 3975 in
2343 3921 2420 3976 eis
2447 3923 2730 3977 statutum.
2781 3918 2855 3976 De
2884 3920 3176 3991 beneﬁciis.
3207 3918 3284 3979 De
3310 3923 3532 3980 investi-

2435 3993 2596 4047 turis.
2629 3991 2707 4046 De
2744 3993 2967 4062 lreugis.
3489 4066 3495 4071 ν

1942 4080 2023 4135 Eo
2056 4083 2248 4135 autem
2284 4079 2659 4152 potissimum
2706 4078 3047 4135 intendebat
3093 4076 3154 4135 in
3205 4076 3531 4137 condendis

1873 4170 2055 4241 hujus
2087 4168 2314 4224 concilii
2338 4166 2661 4223 canonibus
2681 4167 2962 4239 pontifex,
2982 4170 3048 4222 ut
3065 4166 3344 4224 adversus
3364 4165 3525 4237 vitia,

1875 4276 2003 4332 qua
2033 4261 2161 4313 tum
2190 4256 2250 4312 in
2282 4253 2559 4325 Ecclesia,
2590 4254 2844 4312 maxime
2875 4254 3199 4327 Gallicana,
3231 4256 3530 4330 vigebant,

1876 4345 2135 4404 remedia
2154 4349 2482 4418 opportuna
2512 4348 2885 4417 praepararet,
2920 4346 3075 4417 quod
3101 4347 3228 4421 jam
3258 4345 3401 4403 olim
3424 4345 3531 4403 ob.

1877 4435 2126 4492 servavit
2155 4433 2463 4491 Ordericus
2492 4432 2699 4490 Vitalis
2720 4432 2870 4491 libro
2892 4450 2969 4489 1x.
2995 4432 3215 4491 Hincin
3238 4426 3536 4508 plerisque

1879 4524 1996 4580 illis
2024 4523 2271 4579 decretis
2300 4522 2440 4578 vitia
2468 4527 2809 4595 carpuntur,
2836 4540 2962 4595 quae
2988 4526 3113 4579 tum
3142 4524 3204 4579 in
3233 4522 3534 4580 beneﬁciis

1800 4634 1848 4700 D
1878 4611 2295 4669 ecclesiasticis
2326 4610 2720 4700 adipiscendis
2747 4615 2850 4700 aut
2884 4610 3207 4668 retinendis
3238 4616 3304 4668 ut
3350 4611 3535 4685 plur-lu

1882 4717 2046 4757 mum
2079 4699 2580 4767 admittebantur;
2625 4714 2659 4754 a
2708 4696 2932 4771 quibus
2980 4699 3225 4774 proinde
3265 4704 3540 4758 arcentur

1885 4787 2220 4856 Simoniaci,
2274 4786 2698 4857 concubinarii,
2757 4787 2963 4860 spurii.
3029 4788 3316 4846 Vetantur
3360 4788 3539 4845 etiam

1885 4877 2301 4934 beneficiorum
2331 4876 2659 4948 pluralitas,
2683 4879 2740 4932 et
2764 4892 2834 4933 ex
2854 4893 2972 4934 uno
2994 4877 3053 4933 in
3082 4877 3331 4934 alterum
3350 4879 3544 4932 tram-

1883 4966 2133 5023 lationes
2159 4983 2173 5034 ;
2206 4964 2486 5020 statuitur
2514 4968 2598 5032 ut,
2649 4965 2750 5037 qui
2803 4965 3151 5039 dignitatem
3183 4964 3445 5036 aliquam
3472 4963 3537 5019 in

1885 5055 2158 5111 Ecclesiis
2190 5053 2438 5109 voluerit
2463 5053 2729 5126 adipisci,
2763 5071 2831 5110 eo
2864 5054 3068 5110 ordine
3107 5053 3412 5109 decoratus
3443 5049 3548 5118 sit,

1888 5144 1986 5218 qui
2018 5144 2089 5199 ad
2122 5142 2288 5197 illum
2319 5142 2567 5214 gradum
2610 5144 2960 5199 conveniens
2990 5145 3117 5210 est;
3152 5143 3218 5196 ut
3244 5136 3445 5196 nullus
3473 5152 3545 5197 ex

1887 5232 2055 5289 laicis
2085 5236 2188 5287 aut
2224 5229 2451 5287 clericis
2498 5230 2653 5287 infra
2680 5232 3053 5288 diaconatum
3084 5229 3441 5286 constitutus
3471 5228 3545 5287 ad

1889 5321 2295 5394 episcopatum
2326 5324 2696 5389 assumatur;
2732 5325 2798 5377 ut
2825 5318 2959 5377 laici
3001 5317 3261 5375 decimas
3293 5317 3546 5389 solvant,

1891 5427 1997 5467 nec
2027 5410 2182 5466 bona
2211 5407 2613 5478 ecclesiarum,
2645 5411 2747 5465 aut
2791 5406 3324 5464 ecclesiasticarum
3356 5407 3551 5465 homi-

1893 5514 2057 5567 num,
2076 5502 2210 5571 post
2224 5514 2428 5554 eorum
2444 5501 2693 5554 mortem
2711 5495 2900 5569 spolia
2910 5495 3163 5569 rapiant.
3179 5495 3551 5569 Jejuniorum

1894 5592 2069 5662 atque
2082 5587 2519 5661 ordinationum
2533 5590 2797 5658 tempora
2810 5588 3176 5643 statuuntur.
3192 5585 3556 5645 Investitum

1895 5675 2280 5761 prohibentur
2304 5674 2556 5753 vulgatis
2587 5672 2912 5739 canonibus
2931 5675 3001 5738 15
3017 5678 3078 5738 et
3101 5674 3191 5750 46,
3208 5674 3300 5737 ita
3328 5678 3555 5752 tamen,
