3998 6158
463 295 573 356 171
1755 295 1825 356 Β.
1872 293 2042 359 URB.

2311 295 2565 360 PAPIE.
3743 296 3859 362 172

458 436 523 487 ut
561 431 995 505 interpretatur,
1038 436 1095 490 et
1141 433 1203 489 ee
1252 433 1322 488 ab
1371 430 1602 488 Urbano
1644 431 1769 502 ipso
1808 430 2099 487 audivisse
2125 434 2181 498 Α
2209 448 2339 487 vero
2370 448 2496 504 quae
2532 431 2751 488 nullam
2808 431 3239 505 praestationem
3298 431 3607 499 debebant,
3660 448 3859 491 cense-

455 526 747 578 asseverat
777 524 870 579 Ivo
899 522 1070 596 epist.
1101 524 1171 578 60
1200 522 1272 578 ad
1304 522 1605 593 Hugonem
1628 520 2097 593 Lugdunensem,
2213 521 2430 576 bantur
2463 523 2900 593 impersonaliter
2933 522 3138 578 teneri.
3162 524 3267 578 Ast
3293 539 3428 578 cum
3449 526 3583 595 post
3623 523 3860 596 aliquod

455 614 523 666 ut
571 610 883 668 concilium
926 628 1076 683 reges
1126 616 1342 667 tantum
1382 628 1416 666 a
1461 611 1735 682 corporali
1780 611 2102 666 investitura
2207 613 2442 682 tempus
2474 611 2948 668 animadversum
2981 611 3187 668 fuisset
3231 629 3266 667 a
3311 611 3451 668 viris
3492 611 3603 684 piis
3634 618 3692 668 et
3720 630 3864 670 ocu-

453 700 744 770 excludat;
791 718 900 758 non
945 703 1014 756 ab
1059 702 1336 771 electione,
1385 701 1443 753 in
1493 703 1758 770 quantum
1785 707 1913 754 sunt
1939 703 2100 769 caput
2209 697 2343 753 latis
2392 699 2498 755 has
2541 700 2856 771 pensiones
2915 702 3138 774 absque
3180 701 3376 773 aliqua
3415 701 3687 758 Simonis:
3734 702 3867 759 labe

445 791 660 861 populi,
691 793 776 848 vel
795 793 1150 857 concessione,
1203 793 1310 845 etc.
1347 791 1469 854 Qua
1499 788 1558 843 in
1590 805 1649 843 re
1679 803 1814 842 cum
1846 788 2098 842 Franco-
2209 787 2333 842 dari
2368 805 2478 843 non
2508 805 2701 860 posse,
2734 794 2798 844 ut
2829 789 3143 862 scripserat
3173 792 3268 845 Ivo
3289 790 3456 862 epist.
3486 791 3554 846 12
3573 791 3645 846 ad
3669 791 3865 864 ipsum

452 895 588 934 cum
616 895 780 952 reges
810 879 1184 951 pontificibus
1216 877 1638 945 consenserint,
1665 876 1827 932 nulla
1848 877 1918 932 de
1949 877 2102 931 inve-
2209 875 2531 946 Urbanum,
2565 878 2822 950 pontifex
2845 880 3102 951 primum
3134 880 3194 935 in
3226 880 3576 937 Arvernensi
3597 880 3862 946 concilio,

451 969 679 1024 stituris
706 968 1101 1024 controversia
1130 967 1489 1024 Gallicanam
1520 965 1834 1021 Ecclesiam
1866 970 2097 1036 pertur-
2207 968 2334 1020 tum
2367 967 2542 1021 etiam
2577 968 2634 1022 in
2667 968 3075 1034 Nemausensi,
3096 985 3161 1024 ac
3181 969 3418 1024 demum
3443 967 3539 1024 alii
3560 969 3866 1041 pontiﬁces

448 1057 628 1114 bavit.
660 1058 733 1112 At
761 1073 946 1112 canon
995 1074 1267 1129 sequens,
1319 1059 1519 1111 contra
1564 1072 1662 1110 eos
1711 1055 1810 1125 qui
1863 1053 2100 1126 regibus
2207 1055 2470 1126 exemplo
2499 1059 2827 1124 vetuerunt,
2862 1073 2935 1112 ne
2965 1056 3241 1128 deinceps
3293 1057 3543 1129 pecunia
3589 1055 3711 1112 ulla
3759 1074 3863 1130 pro

447 1143 1004 1219 ﬁdelitatemligiam
1028 1149 1326 1217 praestant,
1345 1144 1575 1199 nullum
1599 1161 1862 1215 unquam
1884 1143 1942 1196 in
1965 1141 2097 1198 Gal-
2207 1142 2479 1199 altarium
2512 1145 2908 1217 redemptione
2945 1145 3234 1218 episcopis
3265 1146 3525 1202 daretur.
3556 1146 3636 1202 Ne
3665 1150 3862 1202 tamen

448 1233 544 1289 liis
575 1235 782 1293 habuit
811 1236 1089 1308 vigorem,
1123 1238 1187 1290 ut
1234 1252 1302 1290 ex
1353 1235 1540 1306 ipsius
1573 1234 1761 1289 Ivonis
1791 1231 1960 1305 epist.
1997 1233 2099 1287 190
2206 1231 2315 1288 hac
2345 1233 2647 1288 occasione
2696 1234 2974 1306 episcopi,
3016 1235 3173 1306 quod
3225 1233 3462 1290 nonnisi
3516 1251 3649 1289 cum
3691 1251 3866 1290 onere

447 1327 606 1395 patet
636 1326 706 1380 ad
735 1323 1072 1380 Paschalem
1105 1324 1154 1379 II
1183 1324 1419 1396 scripta,
1452 1339 1567 1394 qua
1596 1323 1666 1376 de
1698 1339 1756 1376 re
1788 1326 1972 1394 agunt
2001 1322 2100 1376 Ju-
2208 1321 2492 1377 solvendae
2517 1321 2675 1378 illius
2706 1323 2962 1395 pecunia:
2997 1339 3350 1380 consensum
3379 1341 3554 1379 suum
3580 1323 3864 1396 praebuis-

449 1416 608 1468 retus
642 1413 702 1468 in
725 1413 879 1468 notis
903 1413 974 1468 ad
996 1413 1145 1468 hanc
1161 1412 1490 1484 epistolam,
1514 1417 1570 1467 et
1591 1411 1794 1466 Petrus
1811 1411 1880 1464 de
1906 1411 2100 1465 Marca
2209 1415 2359 1477 sent,
2405 1411 2611 1466 altaria
2661 1412 3033 1468 monasteriis
3084 1414 3302 1468 donata
3348 1413 3596 1478 auferre,
3633 1413 3865 1484 sibique

447 1500 548 1558 lib.
583 1520 682 1558 vui
715 1503 1069 1571 Concordiae,
1093 1520 1219 1574 cap.
1251 1503 1340 1556 21.
2207 1500 2525 1556 attribuere
2557 1500 2920 1570 molirentur,
2954 1505 3250 1557 statutum
3285 1503 3343 1556 in
3373 1501 3616 1558 concilio
3654 1503 3864 1569 fuerat,

519 1591 820 1648 Provisum
845 1592 1019 1648 etiam
1051 1593 1110 1646 in
1140 1592 1248 1647 hoc
1269 1590 1512 1646 concilio
1532 1591 1640 1646 fuit
1664 1589 1906 1663 publica:
1938 1605 2099 1645 secu-
2208 1594 2270 1642 ut
2304 1591 2695 1656 monasteriis,
2749 1607 2874 1662 qua:
2933 1607 3036 1662 per
3084 1608 3270 1646 annos
3303 1591 3544 1664 triginta
3571 1591 3861 1663 ejusmodi

448 1680 629 1746 ritati,
665 1681 916 1737 maxime
947 1698 1150 1738 eorum
1178 1680 1279 1752 qui
1296 1697 1404 1736 sua
1426 1679 1755 1736 conditione
1773 1683 1873 1735 aut
1890 1683 2099 1734 natura
2207 1677 2429 1746 altaria,
2456 1695 2554 1733 seu
2581 1679 2838 1734 decimas
2866 1680 3268 1751 possederant,
3294 1680 3487 1751 quiete
3507 1680 3865 1751 possidenda

449 1769 520 1825 ab
543 1769 702 1826 omni
721 1786 1019 1826 armorum
1039 1769 1285 1841 strepitu
1304 1769 1595 1825 abstinere
1618 1768 1926 1824 debebant.
1953 1768 2098 1822 Hinc
2127 1805 2174 1870 Β
2207 1766 2690 1839 relinquerentur.
2726 1773 2915 1839 Atque
2945 1785 3073 1825 eam
3105 1768 3332 1824 concilii
3366 1773 3422 1826 et
3452 1769 3671 1826 Urbani
3696 1786 3861 1826 men-

449 1873 690 1926 canone,
725 1876 839 1930 quo
871 1860 1010 1915 certi
1045 1858 1413 1915 induciarum
1432 1859 1556 1914 dies
1586 1861 1945 1924 statuuntur,
1969 1874 2098 1912 san-
2127 1857 2172 1870 "
2203 1861 2319 1911 tem
2354 1857 2530 1911 fuisse
2564 1873 2628 1911 ex
2664 1857 2786 1929 ipso
2816 1858 3086 1928 pontifice
3133 1858 3438 1926 discimus,
3491 1858 3591 1931 qui
3626 1875 3694 1915 ea
3724 1860 3861 1916 dere

447 1946 631 2003 citum
644 1947 1002 2004 fuitutomni
1022 1951 1279 2020 tempore
1293 1946 1584 2011 monachi,
1607 1945 1821 2014 clerici,
1842 1945 2093 2011 feminzn,
2205 1945 2441 2016 scripsit
2471 1946 2539 1999 ad
2565 1945 2999 2017 lngelramnum
3021 1946 3360 2019 episcopum
3385 1948 3859 2016 Laudunensem,

448 2038 506 2090 et
537 2035 636 2107 qui
661 2053 800 2112 cum
831 2037 915 2092 eis
935 2036 1170 2105 fuerint,
1203 2039 1260 2091 in
1279 2054 1412 2108 pace
1429 2039 1809 2106 permaneant.
1832 2034 2094 2090 Celebres
2204 2038 2330 2088 tum
2363 2034 2539 2088 etiam
2573 2036 2644 2089 ad
2679 2035 2994 2091 monachos
3026 2036 3212 2091 sancti
3247 2037 3483 2092 Bertini.

446 2128 652 2196 postea
679 2125 766 2181 hae
799 2126 1046 2181 induciae
1078 2127 1187 2181 sub
1235 2130 1450 2198 treugze
1479 2129 1534 2180 et
1565 2126 1726 2198 pacis
1758 2124 2096 2180 nominibus
2276 2124 2491 2177 Verum
2539 2141 2672 2178 cum
2715 2124 2825 2180 hoc
2869 2125 3185 2194 decretum,
3239 2124 3396 2181 salvo
3442 2125 3859 2199 episcoporum

446 2212 823 2284 potissimum
855 2215 1157 2270 occasione
1189 2231 1485 2270 sacrarum
1519 2214 1951 2286 expeditionum
1974 2213 2096 2267 fue-
2206 2229 2401 2268 annuo
2432 2229 2632 2278 censu,
2666 2230 2841 2285 quem
2875 2213 2958 2268 illi
3009 2231 3076 2269 ex
3107 2215 3350 2287 antiquo
3385 2217 3520 2287 jure
3551 2216 3766 2272 habere
3799 2217 3862 2271 in

447 2305 622 2370 runt;
654 2303 725 2358 de
749 2302 964 2375 quibus
995 2301 1220 2357 erudite
1243 2319 1346 2374 pro
1369 2319 1476 2357 suo
1500 2318 1660 2356 more
1680 2301 1934 2367 disserit,
1959 2317 2100 2372 praa-
2206 2302 2530 2358 dimceseon
2561 2319 2804 2358 suarum
2853 2303 3135 2369 ecclesiis,
3192 2321 3318 2373 seu,
3369 2310 3434 2359 ut
3463 2304 3859 2378 appellabant,

447 2393 537 2446 ter
567 2391 712 2447 alios
745 2391 1128 2464 quamplures
1156 2395 1438 2457 auctores,
1470 2390 1768 2446 illustriss.
1801 2391 2006 2445 Petrus
2027 2389 2098 2445 de
2207 2391 2512 2459 altaribus,
2539 2396 2978 2460 consueverant,
3013 2392 3303 2448 sancitum
3336 2410 3464 2449 esse
3485 2394 3742 2466 pontifex
3763 2395 3861 2452 de-

448 2478 646 2536 Marca
674 2481 734 2535 in
766 2481 921 2536 notis
955 2481 1025 2535 ad
1057 2481 1212 2535 hunc
1244 2497 1523 2536 canonem
1550 2498 1562 2547 ;
1588 2480 1689 2551 qui
1712 2480 1770 2534 in
1794 2479 1923 2535 aliis
1945 2479 2098 2535 notis
2206 2480 2505 2547 clarasset,
2540 2481 2804 2536 nonnulli
2836 2481 3090 2553 episcopi
3114 2481 3221 2537 hac
3253 2481 3554 2539 occasione
3577 2484 3859 2556 pecunias

449 2569 522 2624 ad
545 2568 980 2625 hocconcilium
999 2569 1514 2623 Claromontanum
1532 2567 2099 2624 multaetiamhabet
2207 2569 2338 2625 illas
2385 2587 2531 2641 quas
2563 2571 2632 2623 ad
2686 2570 2947 2641 singulas
2997 2586 3401 2642 personarum,
3460 2571 3547 2627 uti
3579 2571 3855 2640 diximus,

450 2657 522 2712 de
553 2657 987 2724 communione,
1021 2657 1091 2712 de
1122 2657 1664 2722 chrismationibus,
1698 2661 1828 2724 etc.,
1863 2657 2016 2712 sicut
2044 2660 2100 2712 et
2208 2658 2560 2713 mutationes
2582 2675 2685 2729 pro
2717 2657 2987 2713 altarium
3021 2659 3418 2732 redemptione
3439 2659 3856 2732 percipiebant,

450 2746 512 2801 in
530 2745 697 2802 libris
715 2746 796 2802 De
812 2744 1142 2813 concordia,
1164 2749 1221 2800 et
1242 2745 1302 2800 in
1320 2745 1602 2817 opusculo
1624 2745 1704 2801 De
1725 2745 2095 2817 primatibus,
2208 2746 2279 2802 ad
2310 2750 2557 2802 veterem
2593 2745 2760 2802 illum
2791 2763 3032 2803 censum
3065 2765 3328 2803 annuum
3360 2765 3534 2821 quem
3558 2750 3666 2805 sub
3690 2766 3861 2822 syno-

452 2851 578 2906 qua:
610 2835 810 2891 omnia
839 2835 934 2890 hic
963 2833 1152 2892 fusius
1173 2837 1528 2906 pertractare
1549 2835 1618 2890 ad
1644 2839 1908 2890 nostrum
1938 2835 2101 2891 insti-
2207 2835 2343 2904 dici,
2373 2835 2636 2902 cireadze,
2670 2836 3094 2906 procurationis
3126 2839 3228 2892 aut
3253 2837 3364 2892 alio
3387 2837 3590 2910 quovis
3623 2838 3860 2895 nomine

446 2928 643 2982 tutum
673 2924 820 2981 nihil
851 2928 1094 2998 spectat.
2209 2923 2420 2979 habere
2473 2923 2626 2979 soliti
2678 2928 2866 2992 erant,
2911 2925 3106 2980 conati
3151 2929 3288 2980 sunt
3341 2926 3678 2999 adjungere,
3711 2925 3860 2982 illud

449 3028 654 3088 ccux.
690 3031 877 3088 εαηοη
921 3031 988 3088 de
1041 3030 1409 3103 redemptione
1438 3032 1721 3087 altam-um.
1774 3033 1902 3102 Ejus
1947 3047 2097 3087 οεεα,
2207 3011 2429 3103 scilicet
2457 3017 2620 3067 vetus
2642 3013 2904 3103 debitum
2927 3012 3058 3103 novi
3076 3029 3292 3103 census
3315 3015 3657 3071 accessione
3677 3016 3858 3071 adau-

516 3105 672 3158 sione
736 3105 916 3160 turbae
964 3093 1299 3160 excitantiir.
1363 3102 1633 3174 Goﬂ'ridus
1696 3093 2098 3160 Vindocinensis
2137 3172 2161 3174 μ
2207 3101 2428 3172 gendo:
2463 3105 2522 3156 at
2552 3100 2947 3156 reclamarunt
2995 3101 3234 3157 abbates
3291 3107 3347 3157 et
3399 3103 3695 3158 monachi.
3743 3104 3861 3160 Nec

515 3174 683 3229 abbas
711 3174 1038 3230 vindicatur.
1439 3172 1463 3174 '7
2121 3172 2163 3238 C
2203 3189 2449 3244 dubium
2483 3189 2625 3261 quin
2657 3189 2772 3245 huc
2802 3189 3054 3245 revocari
3077 3190 3286 3245 debeat
3315 3190 3554 3245 Goﬂ'ridi
3585 3192 3860 3248 Vindoci-

519 3279 734 3336 Mirum
765 3285 961 3337 autem
991 3284 1080 3337 est
1129 3296 1410 3336 canonem
1443 3281 1514 3336 de
1565 3279 1836 3336 altarium
1870 3280 2095 3335 redem-
2203 3279 2405 3333 nensis
2435 3278 2680 3351 epistola
2710 3279 2798 3347 l2,
2831 3279 2964 3334 libri
2984 3295 3046 3335 III
3077 3279 3148 3334 ad
3181 3278 3480 3352 Ulgerium
3503 3279 3852 3352 episcopum

447 3369 1818 3442 ptione,quiadeoapudauctorescelebratur,in
1841 3368 2093 3441 vulgatis
2199 3367 2699 3439 Andegavensem,
2745 3371 2802 3422 et
2847 3367 3029 3423 altera
3074 3367 3338 3439 ejusdem
3370 3367 3443 3422 ad
3492 3368 3558 3423 G.
3591 3367 3851 3441 legatum

444 3459 865 3530 passimhujus
887 3459 1397 3531 synodicanonum
1415 3458 1854 3514 collectionibus
1873 3458 2096 3513 deside-
2201 3455 2529 3528 apostolicae
2572 3456 2749 3523 sedis,
2795 3455 2896 3510 lib.
2943 3473 2984 3521 1,
3034 3455 3202 3528 epist.
3248 3457 3340 3510 27.
3393 3455 3516 3532 Imo
3548 3457 3856 3529 pontifices

444 3548 580 3602 rari.
638 3548 706 3602 Et
751 3551 947 3603 tamen
995 3550 1202 3618 praeter
1255 3547 1513 3602 codicem
1553 3547 1746 3602 Cencii
1777 3547 2092 3602 Camerarii
2201 3544 2313 3616 ipsi
2344 3544 2765 3601 monachorum
2795 3544 2904 3600 hac
2936 3545 2994 3598 in
3041 3561 3100 3599 re
3154 3544 3544 3617 patrocinium
3579 3563 3854 3619 suscepe-

442 3637 619 3709 apud.
653 3636 950 3692 Labbeum
981 3639 1138 3691 tomo
1169 3635 1214 3689 Χ
1240 3635 1433 3691 Concil
1461 3639 1516 3690 et
1541 3635 1720 3690 alium
1743 3635 2091 3692 Amaniensis
2201 3640 2355 3701 runt,
2390 3634 2475 3688 uti
2507 3637 2667 3705 patet
2697 3651 2765 3689 ex
2795 3651 2913 3689 una
2941 3633 3242 3690 Paschalis
3291 3650 3456 3706 papa
3504 3635 3754 3706 epistola
3784 3637 3857 3691 ad

440 3725 780 3781 monasterii
805 3725 958 3798 apud
981 3724 1354 3780 Baluziumin
1379 3723 1533 3779 notis
1555 3725 1625 3779 ad
1647 3724 2091 3796 cap.31,livriv1
2197 3721 2428 3778 Ivonem
2461 3723 2850 3778 Carnotenum
2891 3727 2949 3777 et
2993 3722 3374 3778 Ramnulfum
3427 3723 3856 3780 Santonensem

439 3813 518 3870 De
549 3814 859 3870 concordia
888 3813 1197 3870 sacerdotii
1229 3816 1286 3868 et
1315 3813 1566 3885 imperii,
1618 3812 1774 3867 hunc
1805 3829 2088 3870 canonem
2197 3812 2521 3884 episcopos,
2537 3816 2593 3867 et
2608 3828 2676 3867 ex
2692 3811 2806 3868 alia
2828 3828 3003 3883 quam
3027 3811 3344 3868 Gaufridus
3367 3811 3505 3868 item
3528 3812 3857 3870 Carnutum

437 3903 683 3960 laudant
705 3902 1525 3960 Goll‘ridusVindociniabbas
1547 3902 1694 3958 libro
1721 3903 2000 3974 m,epist.
2022 3905 2088 3958 12
2196 3900 2505 3972 episcopus
2564 3905 2622 3956 et
2669 3900 2999 3973 apostolica:
3050 3900 3207 3956 sedis
3265 3900 3495 3973 legatus
3525 3901 3596 3956 de
3654 3903 3861 3959 eodem

435 3994 508 4049 ad
542 3993 836 4066 Ulgerium
860 3993 1330 4048 Andecavensem
1362 3991 1722 4064 episcopum,
1755 3996 1808 4046 et
1836 3991 2086 4048 Pascha-
2194 3994 2538 4061 argumento
2569 3989 2803 4060 scripsit
2861 3990 2951 4060 (ex
2999 3989 3236 4045 Goll'ridi
3268 3989 3370 4046 lib.
3411 4007 3451 4060 1,
3503 4007 3596 4062 ep.
3635 3991 3731 4062 27)
3789 3992 3857 4047 ad

433 4081 508 4138 lis
541 4083 589 4138 ΙΙ
610 4100 762 4154 papa
793 4082 865 4138 ad
897 4080 1277 4137 Ramnulfum
1308 4080 1732 4135 Santonensem
1761 4084 1818 4135 et
1851 4081 2084 4137 Ivonem
2194 4077 2261 4132 R.
2309 4077 2784 4133 archidiaconum
2839 4081 2895 4134 et
2938 4078 3048 4133 Hu.
3095 4079 3382 4134 decanum
3413 4078 3858 4152 Andegavensis

433 4174 846 4226 Carnotensem
878 4170 1201 4242 episcOpos,
1237 4168 1336 4240 qui
1368 4168 1502 4223 huic
1526 4167 1769 4224 concilio
1801 4168 2082 4224 interfue-
2191 4165 2492 4234 Ecclesiae;
2529 4183 2674 4238 quas
2733 4166 2958 4223 litteras
3014 4166 3286 4223 Baluzius
3335 4165 3537 4222 retulit
3595 4167 3653 4222 in
3699 4169 3855 4225 notis

433 4263 586 4314 rant.
621 4259 732 4314 Sed
782 4259 927 4314 forte
957 4259 995 4312 ii
1027 4275 1317 4314 canonum
1355 4257 1689 4314 collectores
1722 4257 1901 4312 istum
1933 4258 2080 4314 omi-
2191 4255 2260 4309 ad
2294 4254 2394 4309 lib.
2429 4272 2549 4321 VIII,
2582 4272 2709 4328 cap.
2743 4257 2806 4311 31
2861 4257 2941 4311 De
2973 4256 3280 4312 concordia
3311 4256 3620 4314 sacerdotii
3652 4261 3708 4312 et
3739 4257 3850 4313 im-

433 4351 657 4416 serunt,
678 4348 835 4420 quod
861 4347 918 4402 in
937 4347 1180 4403 concilio
1204 4347 1587 4403 Nemausensi
1609 4347 1814 4402 iisdem
1839 4345 2077 4402 omnino
2188 4343 2353 4414 perii.
2388 4346 2576 4411 Quare
2609 4350 2672 4399 ut
2698 4343 2756 4398 in
2783 4344 2892 4400 hac
2920 4345 3240 4416 quaestione
3258 4345 3405 4400 nihil
3431 4345 3848 4414 confundatur,

429 4435 622 4492 verbis
672 4453 741 4491 ex
798 4436 910 4492 isto
955 4439 1300 4492 Arvernensi
1353 4440 1670 4509 repetatur.
1726 4435 1798 4490 Ut
1849 4439 1912 4489 ut
1968 4441 2075 4501 est,
2186 4433 2449 4504 apprime
2493 4433 2976 4506 distinguendum
3027 4439 3116 4490 est
3163 4433 3295 4489 novi
3341 4451 3550 4490 census
3601 4437 3847 4503 exactio,

432 4525 796 4582 occasionem
830 4524 1009 4597 hujus
1030 4527 1266 4581 canonis
1299 4526 1585 4582 condendi
1621 4541 1748 4580 eam
1771 4524 1953 4579 fuisse
1982 4525 2076 4580 ob-
2107 4542 2154 4606 D
2186 4528 2287 4576 aut
2343 4521 2562 4577 additio
2615 4523 2685 4577 ad
2746 4526 3000 4577 veterem
3054 4522 3360 4578 occasione
3429 4523 3849 4596 redemptionis

429 4619 666 4670 servant
694 4615 800 4670 viri
833 4614 1043 4670 eruditi
1075 4616 1278 4670 Petrus
1338 4615 1407 4668 de
1468 4614 1662 4668 Marca
1719 4617 1774 4666 et
1818 4613 2074 4668 Jacobus
2185 4610 2478 4679 altarium,
2515 4629 2546 4666 a
2577 4611 2785 4666 veteris
2817 4627 3028 4666 census
3051 4612 3267 4666 debito.
3303 4611 3669 4668 Fatebantur
3686 4613 3844 4668 enim

429 4702 970 4774 Sirmundus,quod
991 4719 1123 4756 cum
1144 4699 1876 4770 multianteapiihomines
1899 4700 2075 4754 eccle-
2184 4717 2408 4767 omnes,
2441 4701 2491 4755 si
2522 4717 2640 4756 non
2674 4699 2864 4770 fallor,
2889 4704 3140 4755 veterem
3173 4717 3440 4768 censum,
3474 4701 3545 4756 de
3568 4718 3683 4774 quo
3711 4718 3848 4757 mox

428 4790 546 4847 sias
569 4809 602 4846 a
622 4809 683 4847 se
709 4792 994 4858 conditas,
1017 4795 1116 4846 aut
1133 4789 1394 4861 quolibet
1418 4789 1588 4843 modo
1615 4803 1722 4841 suo
1740 4787 1860 4858 juri
1881 4787 2075 4857 subje-
2182 4789 2589 4860 loquebamur,
2637 4789 2928 4861 episcopis
2974 4790 3339 4844 reddendum
3393 4807 3556 4857 esse;
3610 4795 3668 4846 at
3705 4807 3843 4846 con-

426 4884 548 4936 etas
564 4881 935 4938 monasteriis
949 4877 1426 4941 contulissent,id
1448 4876 2068 4948 permiserantepisco-
2182 4877 2460 4934 troversia
2492 4883 2617 4934 erat
2646 4879 2797 4934 inter
2815 4878 3038 4950 aliquot
3069 4878 3370 4951 episc0pos
3395 4883 3451 4934 et
3476 4879 3736 4947 abbates,
3768 4895 3838 4935 an

425 4969 482 5040 pi
505 4970 816 5028 dicecesani
838 4968 1225 5040 (necessarius
1249 4965 1464 5036 quippe
1487 4965 1556 5018 ad
1591 4964 1698 5019 hoc
1729 4971 1852 5020 erat
1872 4983 2070 5021 eorum
2183 4967 2307 5022 loco
2341 4967 2757 5040 redemptionis
2806 4967 3079 5022 altarium
3130 4984 3308 5038 quam
3351 4968 3609 5040 synodus
3641 4967 3837 5022 abole-

421 5053 2074 5128 consensus)ealege,utstatistemporibus,nempesingu-
2183 5061 2361 5124 verat,
2398 5057 2687 5112 introduci
2725 5059 2956 5112 deberet
2987 5062 3088 5111 aut
3135 5062 3332 5127 posset
3386 5071 3570 5112 novus
3623 5056 3835 5128 aliquis

419 5146 494 5203 lis
515 5148 888 5210 vicariorum,
915 5159 1013 5198 seu
1041 5143 1123 5196 uti
1147 5141 1538 5214 appellabant,
1565 5159 1945 5214 personarum
1969 5149 2070 5199 aut
2178 5162 2410 5213 census,
2427 5151 2527 5201 aut
2544 5147 2820 5218 antiquus
2839 5145 3070 5200 debitus
3083 5145 3304 5218 augeri.
3321 5145 3381 5201 Id
3405 5146 3838 5202 contendebant

419 5238 912 5309 presbyterorum,
949 5231 1050 5303 qui
1096 5230 1361 5287 videlicet
1410 5232 1646 5286 nomine
1695 5232 1922 5288 abbatis
1966 5236 2068 5288 aut
2177 5234 2400 5306 aliquot
2429 5236 2708 5308 praesules
2755 5234 3108 5307 negantibus
3157 5235 3492 5302 abbatibus,
3525 5239 3582 5291 et
3624 5235 3833 5291 merito

420 5322 840 5380 monachorum
858 5320 2065 5393 ejusmodiparochia:curamsustinebant,
2177 5323 2436 5395 quidem,
2472 5328 2535 5378 ut
2564 5340 2631 5379 ex
2661 5321 2923 5394 epistolis
2953 5321 3172 5378 Urbani
3218 5327 3274 5379 et
3324 5323 3622 5380 Paschalis
3655 5341 3836 5396 supra

420 5409 844 5467 mutationibus
861 5415 1018 5466 certa
1039 5409 1122 5466 eis
1144 5404 1399 5482 pecunia:
1425 5426 1659 5466 summa
1679 5411 2062 5482 penderetur:
2175 5411 2428 5467 laudatis
2459 5415 2633 5484 patet,
2685 5412 2743 5466 in
2803 5411 3019 5484 quibus
3071 5412 3375 5484 pontifices
3406 5411 3832 5468 monachorum

419 5498 520 5570 qui
550 5514 761 5555 census
789 5498 1054 5556 altarium
1075 5499 1368 5572 redemptio
1391 5498 1717 5572 appellatus
1737 5503 1846 5568 est,
1869 5504 1924 5557 et
1945 5500 2065 5557 haee
2173 5501 2566 5575 patrocinium
2588 5505 2791 5558 contra
2812 5501 3119 5575 episcopos
3141 5518 3473 5575 suscepere.
3501 5501 3570 5558 Et
3590 5502 3832 5574 quidem
3916 5567 3917 5570 η

415 5585 625 5662 altaria
681 5589 782 5648 sub
830 5597 1128 5676 personam
1175 5605 1452 5656 concessa
1496 5589 1882 5663 dicebantur;
1943 5590 2058 5650 alia
2175 5591 2245 5651 de
2277 5589 2406 5650 novi
2440 5591 2568 5666 ejus
2599 5608 2810 5652 census
2830 5591 3127 5652 exactione
3149 5589 3520 5650 solummodo
3547 5591 3834 5671 agebatur
3913 5589 3917 5676 ρ
