3998 6158
162 310 306 370 ’178

1782 302 1993 370 VITA.

3473 313 3591 374 1³74

182 443 342 498 inter
386 438 712 496 Goﬂ'ridum
764 438 1067 494 Vindocini
1118 437 1389 495 abbatem
1436 443 1494 494 et
1542 438 1836 511 Ulgerium
1867 440 1923 506 Α
1952 440 2120 510 οάηιι,
2156 455 2228 495 ne
2258 455 2374 511 qua
2394 444 2769 511 supperesset
2799 439 2856 496 in
2888 456 2954 497 eo
2984 457 3205 498 canone
3229 441 3592 502 difﬁcultatis

180 532 668 603 Andegavensem
696 532 758 589 et
800 528 945 585 alios
991 528 1315 601 episcopos.
1367 528 1532 584 Unde
1570 527 1706 583 licet
1737 529 1838 584 Pa-

164 618 405 677 schalis
434 619 496 675 in
527 617 776 692 epistola
804 617 1043 674 laudata
1068 616 1345 673 editionis
1374 615 1702 674 Baluzianae
1733 616 1839 673 ali-

179 725 362 782 quem
377 724 644 764 annuum
658 724 904 764 censum
917 706 1208 779 episcopis
1235 706 1501 762 debitum
1516 705 1838 773 admiserit,

177 798 411 871 ubique
438 801 639 852 tamen
669 795 1054 867 rejiciendum
1098 811 1231 851 esse
1272 793 1675 866 pronuntiavit
1704 809 1839 849 eum

176 901 429 943 ocimum
457 902 634 958 quem
666 887 762 941 Ivo
792 888 848 940 et
878 882 1233 940 Ramnulfus
1262 884 1610 955 simplicitati
1651 884 1841 938 incon-

175 992 353 1048 grua:
376 976 733 1047 duplicitetes
757 976 1089 1030 innectentes
1117 990 1187 1029 ex
1225 988 1585 1045 personarum
1624 971 1839 1028 redem-

170 1068 367 1137 ptione
414 1065 647 1120 mutatis
701 1062 1015 1119 nominibus
1071 1070 1397 1134 extorquere
1455 1061 1835 1117 conabantur.

173 1154 297 1210 Nec
326 1154 404 1210 iis
434 1153 729 1226 episcopis
769 1151 993 1223 imponi
1040 1155 1285 1223 poterat,
1332 1154 1531 1222 utpote
1579 1150 1677 1222 qui
1726 1148 1837 1220 ipsi

173 1240 433 1299 concilio
471 1239 841 1307 Arvernensi,
878 1240 962 1296 uti
1013 1244 1146 1313 post
1196 1240 1494 1296 Urbanum
1542 1238 1838 1295 Paschalis

170 1332 401 1389 ibidem
432 1330 666 1399 asserit,
698 1329 1107 1387 interfuerant.
1146 1330 1442 1385 Goﬂ‘ridus
1471 1332 1666 1384 autem
1697 1344 1835 1383 nus-

169 1437 362 1495 quam
391 1424 648 1477 veterem
680 1418 848 1474 illum
879 1434 1127 1475 censum
1160 1416 1506 1490 impugnare
1526 1432 1838 1490 aggressus

170 1516 286 1579 est,
316 1513 429 1566 aut
460 1507 581 1564 ullo
602 1508 776 1564 modo
798 1523 1061 1579 unquam
1086 1505 1388 1563 contendit
1411 1522 1547 1561 eum
1573 1504 1757 1561 fuisse
1777 1504 1837 1560 in

167 1598 530 1656 Arvernensi
564 1596 808 1653 concilio
838 1596 1121 1662 vetitum;
1156 1595 1257 1651 sed
1297 1610 1430 1650 eum
1462 1609 1703 1651 censum
1747 1608 1837 1648 re-

173 1688 494 1763 prohabat,
528 1702 703 1758 quem
736 1684 1004 1758 Ulgerius
1034 1685 1104 1739 de
1135 1700 1283 1739 novo
1327 1682 1623 1738 nitebatur
1660 1681 1837 1736 indu-

171 1794 323 1835 cere.
384 1774 791 1833 Contendebat
844 1773 1001 1830 enim
1062 1772 1378 1838 Goll‘ridus,
1437 1775 1503 1825 ut
1556 1768 1656 1825 ille
1712 1769 1837 1841 ipse

174 1866 441 1939 scripsit,
474 1864 579 1920 lib.
614 1881 654 1931 ι,
689 1863 862 1935 epist.
895 1865 964 1917 27
996 1862 1069 1917 ad
1101 1860 1448 1917 Gaufridum
1492 1858 1668 1931 episc.
1704 1858 1838 1914 Car-

176 1964 490 2013 notensem
533 1953 826 2010 annullari
872 1952 1170 2008 decretum
1210 1947 1431 2005 Urbani
1485 1948 1542 2002 in
1594 1945 1839 2003 concilio

173 2041 536 2101 Arvernensi
552 2038 1089 2105 oontraSimoniam
1112 2034 1531 2108 redemptionis
1543 2033 1836 2098 altarium,

160 2151 304 2206 .qnaz
340 2136 407 2188 in
438 2132 540 2187 illo
567 2146 777 2199 magno
823 2128 1052 2184 concilio
1088 2128 1333 2198 pravitas
1369 2125 1622 2179 hwretica
1653 2126 1839 2179 vocata

178 2226 398 2290 fuerat,
434 2220 753 2290 sancitum,
788 2219 837 2274 si
867 2218 923 2273 id
956 2217 1111 2289 quod
1143 2215 1379 2271 nonnisi
1412 2212 1592 2269 semel
1625 2230 1727 2284 per
1754 2212 1837 2267 vi-

176 2314 372 2377 carios
404 2315 581 2366 antea
613 2308 966 2372 solvebatur,
990 2306 1100 2362 sub
1119 2306 1343 2361 nomine
1362 2319 1550 2359 census
1570 2305 1749 2358 annui
1769 2302 1840 2357 de

176 2420 325 2459 novo
360 2399 626 2457 instituti
656 2398 730 2454 ab
752 2394 1042 2469 episcopis
1066 2393 1343 2465 deinceps
1361 2395 1834 2464 extorqueretur:

176 2492 333 2565 quod
370 2504 589 2563 parum
619 2487 931 2542 interesset
969 2484 1040 2539 ad
1088 2482 1414 2538 Simoniam
1447 2480 1836 2545 conﬂandam,

175 2600 244 2638 an
277 2580 390 2636 illa
422 2576 673 2651 pecunia
702 2572 915 2639 rarius,
948 2571 1116 2628 sicuti
1157 2574 1329 2626 antea
1376 2569 1570 2636 ﬁebat,
1621 2567 1841 2623 scilicet

170 2667 601 2727 tantummodo
631 2665 690 2720 in
722 2678 1105 2736 personarum
1135 2659 1584 2725 mutationibus,
1631 2675 1706 2712 an
1736 2658 1842 2713 fre-

179 2758 488 2832 quentius,
522 2770 734 2826 nempe
764 2749 1015 2824 singulis
1040 2750 1230 2814 annis,
1283 2750 1394 2803 sub
1442 2746 1555 2803 alio
1604 2746 1842 2802 nomine

181 2849 565 2922 penderetur.
598 2842 812 2899 Eadem
834 2840 1015 2896 ferme
1034 2839 1242 2911 repetit
1266 2836 1559 2894 Goﬁ'ridus
1589 2835 1647 2890 in
1672 2835 1841 2907 epist.

186 2941 265 3004 t2,
291 2937 337 2992 l.
376 2952 470 3001 ιιι,
506 2934 581 2989 ad
612 2932 810 3004 ipsum
841 2928 1139 3001 Ulgerium
1162 2926 1402 2999 scripta.
1424 2928 1496 2981 At
1513 2924 1573 2981 in
1595 2924 1690 2980 his
1714 2941 1847 2980 con-

186 3026 491 3083 troversiis
514 3037 822 3095 nunquam
844 3018 966 3075 ulla
985 3017 1228 3090 quaestio
1250 3016 1361 3072 fuit
1381 3016 1453 3072 de
1471 3013 1648 3070 veteri
1665 3029 1844 3069 censu

1949 528 2179 584 umbra.

1947 617 2182 674 CCXIII.
2234 617 2467 673 (Iunonis
2506 618 2571 673 de
2600 617 2964 690 redemptione
2993 620 3260 675 altarium
3297 620 3593 694 appendix.

2020 705 2214 761 Canon
2247 710 2277 760 7
2323 705 2695 779 vulgatarum
2743 707 3148 765 collectionum
3189 708 3421 765 videtur
3470 725 3599 767 esse

1948 795 2327 866 praecedentis
2355 795 2424 850 de
2456 794 2731 852 altarium
2760 796 3159 869 redemptione
3179 797 3489 871 appendix.
3520 800 3597 864 Eo

1949 883 2165 956 quippe
2195 888 2443 953 cavetur,
2479 888 2543 939 ut
2572 884 2779 941 altaria
2801 902 2927 957 quas
2948 886 3247 943 canonicis
3268 890 3372 943 aut
3389 904 3597 944 mona-

1948 972 2074 1027 chis
2120 988 2224 1045 per
2271 989 2551 1045 personas
2581 973 2718 1029 data
2741 974 2979 1042 fuerint,
3025 978 3157 1046 post
3206 991 3594 1047 personarum

1948 1065 2196 1117 mortem
2226 1062 2296 1117 ad
2327 1063 2633 1135 episcopos
2662 1062 2918 1130 redeant,
2951 1062 3067 1119 nisi
3098 1062 3209 1135 ipsi
3242 1063 3497 1138 episcopi
3528 1081 3597 1122 ea

1947 1150 2295 1223 perlitteras
2325 1155 2426 1206 aut
2476 1150 2776 1223 privilegia
2823 1152 3193 1208 monasteriis
3224 1153 3591 1211 conﬁrment.

1947 1240 2071 1295 Iluc
2101 1240 2257 1296 enim
2298 1245 2601 1297 revocatur
2648 1241 2942 1312 possessio
2989 1239 3231 1313 triginta
3279 1258 3591 1300 annorum.

1947 1346 2072 1401 quae
2104 1329 2163 1384 in
2198 1346 2418 1385 canone
2449 1330 2519 1385 de
2548 1328 2821 1385 altarium
2846 1330 3355 1403 redemptione,ad
3386 1331 3596 1389 altaria

1947 1419 2319 1475 monasteriis
2344 1419 2659 1477 asserenda
2680 1420 3092 1491 praescribitur.
3135 1420 3296 1486 Quod
3344 1438 3478 1478 vero
3528 1422 3590 1478 in

1946 1522 2046 1563 eos
2072 1508 2372 1574 statuitur,
2406 1512 2471 1563 ut
2500 1507 2696 1563 vicarii
2729 1524 2763 1563 a
2790 1507 3093 1564 monachis
3122 1508 3378 1566 instituti
3398 1509 3460 1566 in
3491 1526 3593 1583 pa-

1946 1595 2183 1661 rochiis,
2234 1613 2436 1652 curam
2487 1596 2818 1653 animarum
2877 1598 2948 1652 ab
3012 1597 3305 1671 episcopis
3354 1598 3594 1670 quidem

1946 1684 2291 1756 suscipiant,
2325 1686 2425 1741 sed
2451 1684 2721 1741 monachi
2753 1685 3001 1741 reddant
3033 1685 3449 1759 temporalium
3501 1704 3593 1744 ra-

1947 1774 2189 1844 tionem,
2248 1774 2479 1831 nullam
2536 1775 2757 1847 patitur
2801 1774 3232 1832 difficultatem.
3280 1776 3350 1847 ,Si
3397 1780 3595 1834 tamen

1948 1863 2120 1936 plura
2140 1864 2273 1935 quis
2294 1865 2490 1936 cupiat
2511 1881 2579 1920 ea
2594 1865 2664 1920 de
2682 1880 2763 1933 re,
2786 1865 2958 1922 adeat
2978 1864 3284 1922 Baluzium
3305 1864 3365 1921 in
3379 1865 3595 1923 additis

1947 1952 2019 2007 ad
2050 1969 2177 2024 cap.
2211 1954 2275 2007 21
2308 1952 2441 2008 libri
2473 1970 2527 2007 v1
2566 1953 2647 2008 De
2693 1953 3005 2010 concordia
3041 1952 3353 2011 sacerdotii
3399 1957 3457 2011 et
3483 1953 3595 2013 im-

1946 2040 2091 2113 perii
2118 2040 2421 2097 illustriss.
2443 2041 2552 2096 viri
2576 2041 2727 2098 Petri
2747 2042 2818 2098 de
2840 2041 3056 2112 Marca,
3081 2046 3139 2100 et
3160 2041 3307 2100 alios
3328 2042 3596 2101 canonici

1937 2130 2094 2201 juris
2123 2129 2487 2203 interpretes.

2479 2219 2706 2275 CCXIV.
2738 2220 2865 2276 Alia
2890 2220 3120 2276 decreta.

2018 2308 2230 2362 Praeter
2259 2308 2367 2363 hos
2406 2323 2678 2379 canones,
2734 2309 3028 2365 Goﬂ'ridus
3065 2307 3374 2365 Vindocini
3415 2308 3597 2366 abbas

1948 2395 2049 2452 lib.
2085 2396 2329 2470 u,epist.
2362 2397 2432 2452 29
2458 2404 2509 2452 et
2537 2398 2610 2451 30
2638 2398 2709 2453 ad
2739 2396 3063 2452 Gotl'ridum
3085 2397 3428 2470 episc0pum
3458 2398 3594 2454 Car-

1948 2490 2274 2555 notensem,
2300 2508 2327 2535 ‹‹
2354 2484 2555 2541 laudat
2575 2484 2949 2558 prolatam:ab
2968 2486 3197 2542 Urbano
3218 2502 3372 2558 papa
3385 2485 3446 2541 in
3459 2502 3595 2543 con-

1948 2575 2080 2632 cilio
2112 2574 2459 2631 Arvernensi
2488 2574 2861 2643 sententiam,
2895 2574 3171 2631 omnibus
3216 2574 3511 2648 episcopis
3539 2579 3598 2634 et

1949 2665 2282 2733 abbatibus,
2317 2664 2418 2736 qui
2445 2664 2707 2731 aderant,
2740 2663 3139 2730 laudantibus,
3174 2667 3239 2719 ut
3260 2663 3596 2737 quicunque

1950 2753 2076 2810 sine
2122 2753 2421 2809 vocatione
2468 2759 2525 2809 et
2573 2753 2800 2824 judicio
2865 2752 3346 2825 exspoliarentur,
3416 2752 3595 2811 etiam

1950 2842 2076 2898 sine
2116 2841 2415 2898 vocatione
2461 2845 2518 2897 et
2558 2840 2784 2913 judicio
2842 2841 3280 2913 investirentur;
3342 2859 3415 2900 ne
3481 2841 3596 2900 sci-

1949 2930 2085 2986 licet
2132 2931 2243 2987 sub
2291 2929 2635 2986 occasioune
2682 2929 3005 2986 vocationis
3058 2934 3115 2987 et
3151 2929 3363 3003 judicii
3409 2931 3596 2989 inter-

1951 3018 2174 3076 venerit
2219 3017 2444 3085 dilatio,
2496 3022 2555 3074 et
2603 3034 2706 3090 per
2752 3018 3092 3075 dilationem
3145 3022 3247 3076 aut
3321 3019 3598 3077 diuturna

187 3110 904 3189 episcopisdebito;unde
922 3106 1214 3164 immerito
1237 3104 1912 3189 Goll'ridumtemerita-n
1955 3112 2057 3164 aut
2122 3108 2477 3179 sempiterna
2538 3111 2803 3164 maneret
2861 3107 3221 3180 exspoliatio.
3254 3131 3283 3159 »
3349 3110 3599 3168 Consule

191 3175 586 3262 divideretur
610 3175 816 3256 notare
844 3197 1111 3254 eruditus
1140 3194 1413 3250 Baluzius
1458 3193 1518 3248 in
1566 3192 1720 3248 notis
1767 3192 1839 3248 ad
1870 3175 1914 3243 C
1954 3202 2125 3253 notas
2193 3175 2269 3251 ίη“
2339 3194 2508 3267 epist.
2596 3197 2692 3250 172
2760 3175 2984 3252 Ivonis‘
3031 3197 3360 3254 Garmani.
3435 3199 3597 3256 Idem

190 3295 537 3352 Gratianum
571 3292 626 3358 1,
660 3305 717 3361 q.
748 3289 805 3356 3,
832 3305 882 3343 c.
933 3287 1244 3358 quaesitum,
1297 3282 1466 3355 quasi
1514 3281 1609 3337 ille
1660 3280 1842 3336 abbas

192 3383 334 3440 malo
365 3382 577 3439 animo
607 3376 934 3435 clausulam
966 3373 1342 3448 expunxisset
1361 3388 1391 3428 e
1411 3388 1634 3428 canone
1653 3368 1844 3426 Claro-

188 3478 489 3537 montano,
523 3485 654 3541 quae
684 3465 911 3524 salvum
949 3480 1077 3521 esse
1121 3462 1352 3519 volebat
1399 3460 1688 3534 episcopis
1738 3475 1841 3513 an-

190 3577 365 3616 nuum
398 3572 673 3622 censum,
705 3560 772 3612 ut
799 3554 883 3610 eis
913 3568 1145 3609 omnem
1171 3550 1411 3607 o'mnino
1434 3565 1698 3617 censum,
1723 3548 1844 3604 sive

186 3655 439 3705 veterem
473 3646 817 3719 synodalem,
849 3646 919 3699 ut
944 3642 1069 3715 ipse
1108 3639 1386 3696 Baluzius
1416 3637 1691 3711 appellat,
1726 3637 1844 3693 sive

190 3755 404 3795 novum
461 3736 795 3807 denegaret.
856 3735 1089 3788 Certum
1139 3734 1228 3787 est
1276 3727 1433 3785 enim
1480 3744 1551 3784 ex
1599 3731 1846 3798 utraque

190 3827 441 3899 epistola
485 3822 727 3881 Goll'ridi
774 3819 1033 3891 laudata,
1083 3822 1150 3876 ut
1182 3820 1307 3891 jam
1359 3816 1638 3886 diximus,
1688 3814 1843 3887 quod

194 3917 365 3972 etiam
383 3913 634 3971 cuilibet
650 3910 783 3967 illas
806 3908 1084 3982 epistolas
1102 3909 1320 3964 attente
1339 3904 1575 3974 legenti,
1609 3908 1672 3958 ut
1696 3920 1843 3971 reor,

196 4003 436 4076 patebit,
471 4016 605 4058 eum
652 3997 887 4055 nonnisi
933 3998 1004 4053 de
1050 4013 1227 4054 censu
1282 4011 1450 4059 novo,
1501 4009 1673 4065 quem
1723 3992 1847 4048 loco

198 4094 355 4150 illius
383 4088 733 4155 exactionis,
764 4103 892 4158 quae
925 4086 997 4140 ad
1029 4083 1293 4157 singulas
1336 4083 1686 4139 vicariorum
1719 4099 1846 4137 mu-

198 4183 451 4240 tationes
484 4184 655 4235 antea
678 4175 801 4233 fieri
833 4173 1077 4243 solebat,
1120 4172 1376 4245 episcopi
1411 4171 1710 4228 intrudere
1750 4188 1847 4227 vo-

196 4271 417 4336 lebant,
451 4268 713 4324 locutum
745 4264 946 4321 fuisse.
984 4262 1143 4318 Unde
1171 4266 1229 4317 et
1266 4260 1521 4332 episcopi
1570 4261 1849 4316 adversus

198 4377 345 4433 quos
373 4358 589 4431 agebat
619 4352 910 4410 Gotl'ridus
939 4367 1118 4408 causa
1138 4350 1492 4418 ceciderunt,
1519 4353 1575 4405 et
1596 4346 1849 4405 abolitus

195 4454 286 4505 est
303 4446 554 4505 omnino
577 4440 920 4500 auctoritate
943 4440 1285 4512 pontificum
1311 4454 1495 4494 novus
1518 4436 1614 4492 ille
1639 4453 1849 4493 census

1948 3291 2045 3342 Ivo
2085 3284 2245 3341 aliud
2290 3284 2492 3340 laudat
2529 3284 2794 3355 ejusdem
2837 3284 3067 3340 concilii
3108 3285 3429 3355 decretum,
3478 3303 3594 3359 quo

1950 3373 2213 3431 sancitur
2233 3377 2295 3429 ut
2342 3372 2881 3428 excommunicatus
2931 3373 3003 3429 ab
3053 3388 3167 3429 uno
3214 3373 3508 3446 episcopo,
3560 3392 3594 3431 a

1946 3462 2153 3520 vicinis
2184 3478 2417 3534 quoque
2455 3461 2746 3533 episcopis
2768 3462 3322 3519 excommunicetur.
3352 3463 3483 3521 Haec
3520 3464 3592 3521 de

1951 3552 2274 3609 canonibus
2302 3550 2418 3606 illis
2450 3552 2756 3608 observare
2785 3552 2978 3609 visum
3009 3556 3100 3609 est
3129 3550 3303 3609 Plura
3333 3553 3592 3626 cupienti

1951 3645 2160 3714 praesto
2191 3644 2363 3696 erunt
2393 3639 2525 3695 libri
2560 3640 2639 3696 De
2668 3639 3049 3697 conciliorum
3070 3642 3317 3699 decretis
3341 3643 3509 3700 editi;
3525 3646 3600 3701 At

1952 3735 2122 3785 notas
2152 3728 2481 3803 singulares
2525 3728 2584 3783 in
2630 3728 3111 3787 Claromontanos
3160 3748 3414 3789 canones
3463 3734 3601 3791 fecit

1954 3818 2258 3875 illustriss.
2292 3818 2496 3874 Petrus
2527 3818 2599 3873 de
2630 3818 2823 3873 Marca
2849 3822 2991 3874 tom.
3016 3818 3062 3873 X
3091 3819 3311 3876 Concil.
3359 3822 3597 3896 Labbei,

1955 3908 2027 3963 ad
2061 3924 2208 3979 quos
2236 3907 2414 3963 etiam
2447 3909 2672 3977 spectat
2702 3905 2853 3961 liber
2878 3907 3006 3977 ejus
3037 3906 3117 3962 De
3145 3907 3519 3979 primatibus.

1954 4014 2351 4069 CCXVJ'ariaz
2380 4027 2558 4068 causa:
2584 4013 2644 4065 in
2666 4012 2867 4082 synodo
2890 4012 3312 4069 Claromontana
3329 4016 3599 4074 tractatae.

2452 4084 2731 4137 Primatus
2759 4082 3159 4152 Lugdunensis.

2029 4174 2186 4229 Inter
2206 4171 2394 4228 varias
2416 4187 2646 4238 causas,
2672 4186 2798 4243 qua:
2819 4171 2878 4226 in
2902 4171 3121 4243 synodo
3151 4169 3602 4232 Claromontana

1957 4262 2187 4336 agitata:
2210 4264 2369 4330 sunt,
2393 4259 2637 4316 celebris
2656 4274 2725 4314 ea
2744 4262 2834 4315 est
2852 4276 2980 4331 qua:
3001 4260 3073 4316 ad
3096 4260 3416 4333 primatum
3450 4263 3599 4337 Lug-

1957 4352 2281 4407 dunensem
2314 4349 2582 4422 pertinet.
2615 4347 2961 4404 Obtinuerat
2989 4347 3300 4407 Gilbuinus
3330 4351 3599 4425 Lugduni

1958 4438 2429 4511 archiepiscopus
2460 4436 2683 4493 litteras
2721 4454 2755 4493 a
2802 4437 3077 4511 Gregorio
3116 4439 3239 4509 VII,
3284 4440 3503 4512 quibus
3546 4441 3599 4499 ei

197 4553 375 4610 quem
405 4534 497 4590 illi
539 4532 768 4605 exigere
814 4532 1201 4593 tentaverant,
1252 4531 1366 4582 Cur
1411 4543 1544 4582 vero
1589 4525 1853 4581 clausula
1880 4546 1925 4611 D
1959 4526 2346 4600 primatumin
2374 4526 3060 4598 quatuorLugdlunenses
3077 4528 3490 4600 provincias,id
3512 4534 3605 4587 est

194 4626 299 4682 illa
312 4626 469 4680 salvo
486 4625 677 4693 utique
689 4634 871 4684 censu,
887 4622 995 4675 etc.
1008 4661 1021 4686 ,
1040 4618 1095 4673 in
1113 4615 1413 4672 Chartario
1433 4614 1847 4670 Vindocinensi

196 4714 375 4777 desit,
405 4710 555 4767 nihil
570 4710 742 4781 juvat
761 4707 1041 4772 divinare,
1065 4722 1199 4761 cum
1222 4705 1293 4760 de
1316 4719 1386 4759 ea
1404 4701 1569 4757 nulla
1591 4719 1851 4774 unquam

198 4802 383 4859 fuerit
435 4801 592 4855 inter
635 4796 981 4863 Goll'ridum,
1039 4810 1140 4850 seu
1197 4793 1327 4863 ejus
1375 4807 1744 4847 successores
1800 4795 1856 4846 et

198 4891 513 4963 episcopos
542 4884 956 4944 controversia.
988 4884 1111 4938 Non
1144 4881 1301 4938 enim
1334 4881 1675 4936 auctoritate
1696 4879 1856 4936 illius

201 4976 453 5035 canonis
485 4992 547 5032 se
572 4990 839 5046 unquam
873 4990 906 5028 a
934 4970 1196 5043 quolibet
1225 4986 1424 5034 censu,
1447 4969 1547 5024 sed
1570 4973 1800 5024 tantum
1825 4985 1859 5023 a

200 5082 360 5124 novo
376 5063 475 5121 illo
492 5064 793 5128 solvendo,
815 5076 989 5132 quem
1006 5058 1134 5115 loco
1150 5057 1568 5129 redemptionis
1582 5056 1857 5113 altarium

200 5153 514 5213 intrudere
541 5152 796 5225 episcopi
826 5148 1114 5215 volebant,
1147 5146 1360 5204 liberos
1393 5162 1520 5202 esse
1550 5146 1859 5202 contende-

199 5250 345 5303 runt
374 5241 859 5306 Vindocineuses,
903 5238 1058 5310 quod
1107 5236 1303 5307 reipsa
1346 5250 1551 5290 verum
1599 5238 1740 5290 erat.
1795 5236 1863 5290 Et

202 5335 459 5390 fortasse
491 5345 609 5386 non
641 5327 874 5385 sublata
921 5329 1061 5383 sunt
1090 5342 1124 5381 a
1167 5321 1695 5379 Vindocinensibus
1741 5323 1862 5377 haec

200 5422 409 5489 verba,
440 5418 548 5476 sed
577 5417 652 5475 ab
680 5416 813 5473 aliis
844 5416 917 5472 ad
948 5415 1232 5486 majorem
1262 5411 1503 5469 canonis
1531 5409 1861 5484 intelligen-

198 5511 352 5576 tiam
371 5507 497 5569 ista
516 5506 579 5564 in
595 5504 728 5563 aliis
749 5504 1049 5562 codicibus
1067 5501 1269 5560 addita
1289 5500 1546 5569 fuerunt,
1563 5503 1628 5556 ut
1652 5499 1866 5573 aliquis

198 5598 269 5693 In
294 5598 506 5664 codice
537 5595 727 5661 saan
753 5592 951 5686 Albini
981 5592 1053 5661 ad
1081 5607 1282 5655 vocem
1310 5605 1476 5659 censu
1497 5588 1721 5651 addidit
1739 5606 1866 5671 syn-

1958 4618 2016 4672 in
2031 4616 2220 4689 ipsam
2241 4615 2716 4687 Lugdunensem,
2741 4614 3295 4690 Rothomagensem,
3309 4619 3607 4676 Turonen-

1963 4722 2111 4772 sem,
2142 4710 2198 4759 et
2228 4704 2623 4759 Senonensem
2677 4702 3082 4775 conﬁrmabat,
3144 4706 3379 4780 scriptis
3426 4708 3605 4765 etiam

1963 4793 2097 4850 aliis
2113 4792 2322 4847 litteris
2336 4791 2407 4846 ad
2424 4789 2659 4846 illarum
2677 4791 3112 4863 provinciarum
3130 4794 3609 4868 metropolitano:

1965 4881 2181 4954 quibus
2212 4880 2297 4935 eis
2329 4880 2693 4953 injungebat,
2720 4884 2787 4937 ut
2806 4882 3159 4952 Lugdunensi
3175 4884 3431 4941 Ecclesia
3448 4883 3613 4940 hono-

1966 4986 2079 5026 rem
2124 4974 2176 5025 et
2220 4970 2602 5036 reverentiam,
2650 4986 2684 5024 α
2726 4971 3046 5043 majoribus,
3092 4971 3282 5042 inquit
3328 4972 3607 5044 pontifex,

1965 5060 2184 5126 nostris,
2198 5058 2263 5112 de
2273 5058 2511 5112 ccclesiis
2525 5061 2717 5115 vestris
2724 5061 3038 5131 praeﬁxum,
3057 5059 3613 5116 exhiberent.Ponti—

1967 5145 2340 5203 ﬁciislitteris
2351 5146 2552 5201 statim
2569 5148 2764 5219 paruit
2780 5147 3064 5204 Rodulfus
3076 5148 3612 5217 Turonensis,forte

1970 5235 2124 5308 quod
2138 5251 2205 5289 eo
2218 5238 2384 5306 pacto
2401 5233 2702 5291 Dolensem
2721 5252 2785 5291 ac
2798 5240 3032 5293 caeteros
3044 5236 3356 5294 Britanniae
3369 5237 3614 5296 minoris

1969 5324 2299 5397 episcopos,
2321 5322 2420 5395 qui
2444 5328 2572 5379 "sese
2596 5324 2668 5380 ab
2685 5325 2812 5396 ejus
2833 5324 3101 5381 Ecclesiae
3123 5326 3456 5385 obedientia
3474 5327 3614 5385 sub-

1970 5414 2277 5481 duxerant,
2311 5412 2542 5468 facilius
2586 5412 2999 5481 restituendos,
3051 5416 3278 5474 favente
3316 5416 3618 5490 pontiﬁce,

1973 5503 2272 5578 speraret;
2305 5504 2367 5557 at
2397 5500 2702 5561 Rioherius
2732 5501 3108 5576 Senonensis,
3143 5506 3246 5582 qui
3275 5510 3333 5565 et
3377 5505 3505 5582 ipse
3553 5520 3624 5566 ex

1972 5589 2219 5677 Joannis
2247 5589 2376 5655 VIII
2406 5589 2707 5673 privilegio
2729 5592 3050 5673 primatum
3071 5612 3133 5659 se
3153 5594 3368 5660 habere
3384 5597 3622 5661 conten-
