4000 6176
423 325 540 388 175

1742 326 1816 388 Β.
1860 321 2157 389 ΠΒΒΛΝῙ
2195 317 2253 386 II
2293 323 2553 386 ΡΑΡΑΞ.

3707 321 3824 384 ιτῡ

421 460 616 529 debat,
649 469 885 516 omnem
905 474 1148 533 prorsus
1167 457 1438 516 Ecclesiae
1459 457 1838 532 Lugdunensi
1863 459 2063 530 subje-
2090 460 2146 526 Α
2177 457 2333 513 tiﬁce
2361 462 2418 513 et
2445 454 2671 514 caeteris
2701 456 2930 514 concilii
2962 455 3232 514 Patribus
3258 455 3599 528 conquestis
3626 469 3828 514 mona-

421 549 670 606 ctionem
685 549 1010 624 denegavit.
1021 550 1184 606 Hunc
1198 549 1463 604 imitatus
1475 551 1566 602 est
1577 546 2068 621 Rothomagensis

359 701 361 704 ,
413 639 687 706 antistes,
719 639 888 710 cujus
917 639 1214 712 provincia
1240 637 1382 692 tunc
1413 637 1770 693 Francorum
1807 635 2066 693 dominio

421 728 686 800 subjecta
702 745 816 785 non
845 732 987 793 erat,
1012 732 1186 799 atque
1209 726 1352 782 adeo
1375 725 1522 781 nihil
1548 725 1664 782 fere
1686 730 1821 781 tunc
1847 725 2066 798 profuit

419 816 680 874 Gebuino
712 815 970 889 Gregorii
1001 818 1322 871 decretum.
1354 816 1426 870 At
1446 815 1610 888 Hugo
1641 819 1773 886 post
1820 814 2068 870 Gebuini

421 905 649 963 obitum
669 923 700 962 e
720 905 915 962 Diensi
946 905 1017 960 ad
1041 905 1452 978 Lugdnensem
1479 903 1798 960 Ecclesium
1817 908 1945 960 tran
1955 903 2070 959 sla-

421 997 540 1061 tus,
573 995 674 1066 qui
697 994 768 1050 ob
789 993 1136 1050 vicariatum
1159 994 1318 1051 sedis
1338 993 1670 1066 apostolica
1692 992 1804 1049 sibi
1827 993 2071 1048 deman-

420 1083 625 1138 datum
657 1083 914 1139 maxima
945 1083 1286 1139 auctoritate
1319 1082 1592 1155 pollebat,
1625 1098 1858 1138 omnem
1892 1081 2072 1138 movit

417 1169 698 1244 lapidem,
717 1176 784 1228 ut
803 1173 1123 1245 primatum
1138 1172 1394 1228 sedisuze
1417 1175 1722 1238 assereret,
1747 1174 2072 1243 nactusque

412 1261 759 1333 praeclaram
771 1262 949 1333 bujus
971 1261 1052 1317 rei
1074 1262 1415 1334 praestandae
1428 1262 1816 1330 occasionem,
1832 1277 2070 1317 causam

420 1350 493 1406 ad
515 1349 829 1408 concilium
852 1349 1372 1408 Claromontanum
1415 1349 1623 1406 detulit
1670 1367 1798 1421 quae
1838 1349 1986 1421 jam
2011 1350 2070 1406 in

417 1439 595 1497 variis
629 1439 961 1496 minoribus
1010 1440 1274 1496 conciliis
1323 1439 1541 1513 agitata
1589 1440 1797 1495 fuerat.
1848 1439 2072 1496 Citatus

419 1528 727 1586 Richerius
756 1529 1132 1596 Senonensis,
1167 1529 1267 1601 qui
1291 1544 1550 1601 praesens
1576 1529 1797 1597 aderat,
1824 1533 1955 1602 post
1972 1545 2070 1585 va-

419 1617 538 1674 rias
565 1618 1096 1690 tergiversationes,
1131 1635 1264 1674 cum
1297 1619 1368 1674 de
1389 1619 1484 1674 die
1527 1617 1585 1672 in
1630 1617 1784 1674 diem
1830 1632 2072 1690 respon-

420 1707 555 1763 dere
588 1705 865 1776 differret,
896 1712 1059 1764 sexta
1085 1708 1180 1763 die
1211 1723 1390 1764 causa
1420 1705 1627 1763 cecidit
1651 1724 1664 1775 ;
1685 1723 1750 1763 ac
1771 1711 1905 1779 post
1924 1707 2072 1762 duas

421 1794 568 1852 alias
598 1795 746 1865 dies,
781 1813 915 1852 cum
947 1797 1140 1852 adhuc
1170 1795 1563 1852 obedientiam
1595 1795 2071 1869 promittentibus

421 1884 550 1956 ejus
577 1884 981 1958 suﬁ‘raganeis,
1007 1901 1136 1941 eam
1156 1885 1494 1958 promittere
1516 1885 1881 1952 detrectaret,
1907 1883 2072 1956 pallii

422 1990 536 2030 usu
559 1978 617 2030 et
636 1974 1047 2047 jurisdictione
1069 1974 1131 2030 in
1176 1989 1315 2031 suos
1364 1975 1764 2047 suifraganeos
1812 1974 2073 2047 privatus

419 2067 531 2130 est,
565 2064 748 2120 donec
777 2061 1006 2120 decreto
1033 2065 1478 2136 obtemperaret.
1532 2063 1742 2118 Eadem
1793 2075 1964 2134 pcena
2011 2062 2071 2118 in

419 2151 924 2226 archiepiscopum
957 2153 1507 2226 Rothomagensem,
1538 2152 1639 2224 qui
1671 2151 1923 2208 concilio
1955 2167 2072 2207 non

370 2227 374 2232 λ
420 2239 720 2311 intererat,
737 2243 968 2298 decreta
983 2245 1090 2310 est,
1119 2241 1233 2297 nisi
1261 2242 1411 2296 intra
1431 2245 1550 2296 tres
1575 2257 1809 2296 menses
1830 2239 2072 2312 primati

425 2329 806 2402 Lugdunensi
823 2329 1249 2401 subjectionem
1262 2332 1482 2400 scripto,
1505 2329 1774 2401 siquidem
1794 2329 1918 2384 viva
1950 2343 2075 2384 voce

414 2434 526 2474 non
572 2423 750 2491 posset
804 2421 1189 2492 polliceretur;
1227 2422 1404 2491 atque
1453 2435 1518 2474 eo
1568 2423 1735 2490 pacto
1779 2418 2073 2490 primatus

419 2507 834 2580 Lugdunensis
860 2507 921 2564 in
953 2525 1051 2564 eas
1084 2507 1358 2564 ecclesias
1387 2506 1651 2563 invaluit.
1692 2506 1826 2562 Haec
1874 2505 2076 2562 omnia

418 2596 612 2652 fusius
642 2595 904 2668 exposita
929 2601 1068 2652 sunt
1097 2597 1158 2651 in
1187 2595 1352 2652 bulla
1382 2595 1601 2652 Urbani
1632 2612 1701 2652 ea
1730 2595 1802 2650 de
1841 2611 1905 2650 re
1943 2597 2077 2666 post

422 2683 646 2757 aliquot
675 2685 800 2741 dies
833 2685 987 2740 data.

703 2773 928 2830 CCXVI.
957 2775 1048 2848 Lis
1076 2773 1142 2828 de
1163 2773 1592 2829 Salmoriacensi
1627 2788 1786 2845 pago.

489 2863 655 2918 Haud
687 2861 898 2919 minori
925 2863 1294 2919 contentione
1308 2863 1589 2935 agebatur
1605 2867 1747 2918 tunc
1763 2861 2070 2934 temporis,

422 2949 566 3007 linet
593 2967 702 3008 noc
731 2951 879 3008 tanti
909 2951 1085 3007 fuerit
1133 2951 1434 3020 momenti,
1485 2951 1878 3007 controversia
1925 2950 2078 3007 inter

419 3039 747 3097 Guidonem
758 3040 1148 3098 Viennensem
1161 3039 1759 3113 metropolitanum,et
1772 3040 2074 3112 Hugonem

421 3129 914 3202 Gratianopolitan
925 3148 1023 3186 um
1036 3129 1376 3203 episcopum
1391 3131 1460 3186 de
1475 3127 2074 3202 pagoSalmoriacensi

2177 545 2322 616 chis,
2342 546 2786 618 archipiscopus
2809 547 3028 603 factum
3053 545 3302 619 negavit,
3320 544 3700 614 si'me‘naoho,
3726 545 3827 619 qui

2178 633 2442 691 libellum
2483 635 2563 692 De
2594 635 2777 709 gestis
2825 635 3398 708 archiepiscoporum
3443 638 3506 690 ‘et
3547 628 3826 691 abbatum

2179 720 2787 795 Majoris-Monasterii
2807 741 2840 780 a
2856 724 3120 780 Bochelle
3137 724 3360 781 editum
3377 724 3632 797 scripsit,
3654 724 3828 782 fidem

2179 812 2523 883 habeamus,
2541 814 2960 886 responditque
2977 813 3134 887 quod,
3153 815 3202 869 si
3213 813 3328 870 tale
3345 813 3568 886 aliquid
3583 820 3830 885 unquam

2171 917 2247 958 ex
2274 900 2390 974 ejus
2418 919 2510 960 ore
2525 907 2789 972 evaserat,
2805 903 2930 974 plus
2951 918 3022 960 ea:
3038 905 3396 960 commotione
3415 912 3540 958 cum
3570 902 3828 974 indigna-

2173 993 2324 1048 tione
2352 994 2549 1063 animi,
2584 1009 2750 1064 quam
2769 1009 2838 1048 ex
2857 993 3248 1049 deliberatione
3261 993 3600 1065 processisse.
3622 991 3829 1048 Visum

2181 1081 2378 1152 itaque
2409 1086 2519 1148 est,
2553 1081 2791 1138 omissis
2823 1081 3302 1148 circumstantiis,
3350 1095 3589 1138 causam
3633 1080 3830 1153 ipsam

2181 1170 2513 1226 accuratius
2541 1170 2894 1227 examinare.
2927 1171 3117 1235 Quare
3146 1170 3404 1244 repetitis
3445 1171 3542 1237 iis,
3591 1183 3722 1243 quae
3769 1168 3830 1224 in

2177 1259 2357 1314 variis
2388 1258 2650 1315 conciliis
2680 1275 2746 1315 ac
2777 1260 3160 1316 conventibus
3189 1260 3409 1333 agitata
3429 1262 3487 1315 et
3507 1260 3742 1315 decreta
3761 1259 3834 1314 de

2180 1347 2292 1403 hac
2323 1363 2382 1404 re
2413 1349 2659 1417 fuerant,
2711 1349 2969 1421 pontifex
3007 1348 3377 1422 privilegium
3408 1365 3442 1404 a
3489 1365 3552 1404 se
3597 1348 3832 1420 Majori-

2183 1437 2533 1494 Monasterio
2545 1453 2891 1494 concessum
2908 1454 3104 1493 coram
3123 1439 3282 1494 omni
3301 1453 3579 1494 consessu
3597 1436 3836 1494 recitari

2183 1527 2352 1582 fecit:
2389 1532 2512 1581 tum
2545 1543 2678 1582 cum
2711 1528 2914 1600 paucis
2946 1527 3139 1584 'verbis
3169 1529 3648 1592 demonstrasset,
3683 1523 3834 1582 nihil

2183 1615 2241 1670 in
2270 1631 2336 1671 eo
2377 1615 2683 1682 contineri,
2737 1616 2892 1688 quod
2922 1633 2956 1671 a
2987 1617 3123 1672 sede
3169 1616 3491 1690 apostolica
3539 1614 3832 1688 indulgeri

2181 1721 2296 1759 non
2347 1705 2622 1776 potuerit,
2670 1705 2810 1760 illud
2857 1707 3179 1762 auctoritate
3225 1706 3345 1772 Dei,
3391 1710 3446 1760 et
3493 1703 3638 1760 beati
3680 1703 3836 1759 Petri

2179 1794 2428 1865 apostoli,
2461 1796 2813 1865 omniumque
2842 1796 3208 1866 apostolorum
3237 1802 3290 1851 et
3313 1811 3436 1863 sua,
3463 1793 3620 1850 modo
3657 1792 3837 1849 indis-

2181 1883 2404 1938 solubili
2423 1885 2670 1952 ﬁrmavit
2690 1887 2743 1938 et
2765 1885 3144 1940 auctorizavit.
3167 1883 3377 1939 Latum
3398 1885 3489 1940 est
3508 1882 3619 1940 hoc
3643 1883 3837 1939 decre-

2181 1977 2308 2026 tum
2341 1971 2726 2043 prmsentibus
2754 1989 2824 2028 ex
2845 1989 2964 2028 una
2983 1977 3146 2045 parte
3168 1971 3605 2045 archiepiscopo
3627 1976 3684 2028 et
3703 1972 3834 2043 ejus

2181 2059 2408 2116 clericis
2435 2078 2446 2126 ;
2481 2079 2548 2115 ex
2579 2060 2761 2117 altera
2789 2077 2946 2130 vero,
2981 2061 3276 2116 Bernardo
3306 2061 3521 2118 abbate
3566 2061 3835 2132 Majoris-

2183 2149 2518 2204 Monasterii
2551 2167 2686 2206 cum
2718 2151 2848 2220 ejus
2879 2150 3205 2220 monachis,
3247 2149 3400 2206 inter
3443 2165 3590 2223 quos
3635 2165 3833 2206 recen-

2183 2242 2386 2294 sentur
2418 2238 2744 2311 Rangerius
2777 2239 3092 2295 cardinalis
3124 2243 3183 2294 et
3220 2239 3694 2312 archiepiscopus
3726 2239 3835 2296 Re-

2181 2327 2424 2400 giensis,
2458 2327 2824 2385 Gausmarus
2855 2329 3036 2384 abbas
3067 2327 3267 2384 Sancti
3311 2329 3464 2384 Petri
3504 2329 3835 2397 Trecensis,

2175 2416 2512 2489 Stephanus
2534 2417 2717 2473 abbas
2738 2417 3134 2485 Nucariensis,
3161 2421 3220 2473 et
3239 2416 3522 2491 Hil'godus
3543 2417 3646 2490 qui
3669 2418 3842 2474 Sues-

2183 2506 2516 2563 sionensem
2551 2507 2957 2580 episcopatum
3001 2507 3325 2563 dimiserat.
3372 2499 3454 2562 Ex
3495 2507 3662 2562 curia
3703 2521 3838 2564 vero

2183 2596 2450 2651 Romana
2479 2601 2792 2667 praesentes
2823 2599 2990 2652 erant
3032 2595 3393 2664 Portuensis,
3444 2595 3726 2664 Pisensis,
3781 2601 3840 2652 et

2182 2684 2508 2758 Signiensis
2537 2684 2816 2757 episcopi,
2842 2685 3170 2742 Richardus
3191 2685 3389 2742 Sancti
3411 2683 3660 2741 Victoris
3682 2685 3836 2742 Mas-

2183 2772 2327 2828 siliae
2359 2774 2562 2839 abbas,
2597 2773 2764 2842 Hero,
2819 2773 3090 2830 Albertus
3121 2773 3467 2840 cardinales,
3501 2778 3560 2830 et
3587 2773 3708 2829 alii.
3754 2775 3837 2832 Ex

2183 2861 2498 2919 Gallicanis
2529 2861 2819 2936 episcopis
2848 2863 3013 2936 Hugo
3041 2863 3332 2937 Lugduni,
3355 2865 3600 2920 Am‘atus
3624 2862 3834 2919 Burdi-

2183 2951 2346 3025 galae,
2389 2951 2724 3024 Raynoldus
2770 2953 3107 3022 Remorum,
3154 2952 3460 3009 Richerius
3504 2953 3828 3020 Senonum,

2185 3039 2506 3097 Rollandus
2538 3040 2849 3108 Dollensis,
2881 3041 3296 3106 Narbonensis,
3336 3041 3624 3111 Axiensis,
3668 3046 3726 3098 et
3761 3053 3832 3098 ex

2184 3129 2465 3201 Hispania
2501 3129 2838 3196 Toletanus,
2887 3130 3347 3203 archiepiscopi;
3399 3130 3650 3203 episcopi
3695 3145 3833 3186 vero

417 3233 596 3291 quem
628 3201 875 3292 uterque
905 3237 1024 3275 suze
1053 3201 1181 3275 esse
1213 3201 1491 3275 dioecesis
1511 3201 1919 3275 contendebat.
1954 3217 2068 3273 Res
2099 3201 2143 3270 C
2181 3216 3031 3285 HoellusCenomnnnensis,et
3047 3201 3830 3291 GaufridusAndegavensis,

416 3309 745 3365 secundum
760 3309 1086 3381 Hugonem,
1101 3309 1295 3379 utjam
1313 3324 1427 3364 non
1443 3307 1622 3364 semel
1640 3307 1858 3362 factum
1886 3307 2068 3362 fuisse

418 3397 694 3467 diximus,
710 3397 978 3469 judicata
997 3401 1106 3465 est,
1131 3397 1291 3468 quia
1309 3395 1591 3452 Guidonis
1617 3395 1709 3452 sui
1740 3393 2072 3468 metropoli-

417 3486 542 3542 tani
583 3485 917 3542 obedientia
972 3484 1278 3541 absolutus
1323 3484 1452 3551 fuit,
1489 3485 1672 3540 donec
1711 3483 1809 3540 ille
1839 3485 2068 3539 decreto

418 3572 648 3629 concilii
681 3573 962 3643 obediret,
994 3577 1062 3628 ut
1089 3573 1214 3644 ipse
1236 3573 1494 3645 pontifex
1516 3571 1575 3627 in
1600 3571 1811 3627 litteris
1833 3573 1904 3628 ad
1937 3571 2072 3626 Gui-

417 3677 629 3734 gonem
651 3663 926 3718 comitem
951 3661 1246 3718 acclerum
1259 3666 1318 3716 et
1333 3659 1618 3734 populum
1643 3659 2067 3733 Gratianopoli-

417 3754 625 3807 tanum
656 3749 989 3807 declaravit.

569 3839 848 3896 CCXVIII.
882 3839 959 3897 De
979 3837 1290 3913 privilegiis
1313 3837 1893 3911 Majoris-Monasterii.

487 3930 699 3988 Actum
720 3944 953 4002 quoque
975 3929 1055 3985 ibi
1077 3933 1166 3986 est
1184 3929 1256 3985 de
1281 3945 1460 3984 causa
1489 3927 1748 3984 Dolensis
1774 3927 2062 3996 Ecclesiae,

417 4019 589 4091 cujus
613 4019 873 4093 episcopi
905 4037 939 4076 a
959 4019 1318 4076 Turonensis
1339 4017 1678 4091 metropolis
1699 4018 1809 4074 sub
1810 4018 2065 4090 jectione

417 4124 480 4164 se
509 4108 853 4166 subtrahere
890 4109 1271 4165 conabantur.
1303 4107 1374 4162 Et
1415 4107 1651 4179 quidem
1689 4124 1780 4163 res
1824 4107 1945 4177 jam
1989 4109 2062 4164 ab

416 4195 649 4256 Urbano
677 4197 920 4252 deﬁnita
948 4197 1155 4264 fuerat,
1189 4196 1276 4252 uti
1299 4196 1584 4264 diximus;
1608 4195 1732 4262 sed,
1767 4196 1906 4267 quia
1937 4195 2066 4251 Rol-

415 4283 1158 4342 IandusDolensisantistes
1169 4284 1346 4356 pallio
1359 4283 2062 4357 donatus,archiepiscopi

415 4371 586 4428 titulo
615 4375 671 4428 et
694 4372 1028 4446 insignibus
1073 4374 1370 4440 utebatur,
1420 4373 1728 4430 verebatur
1775 4372 2059 4428 Radulfus

415 4461 792 4530 Turonensis,
817 4477 889 4518 ne
909 4463 1038 4533 ejus
1059 4477 1292 4534 quoque
1315 4477 1683 4518 successores
1699 4461 1854 4516 idem
1867 4461 2062 4516 ambi-

2181 3306 2282 3378 qui
2315 3306 2429 3360 duo
2461 3322 2529 3362 ex
2557 3305 2882 3361 Turonensi
2915 3306 3214 3379 provincia
3242 3305 3379 3362 huic
3421 3305 3832 3362 controversiis

2179 3395 2616 3467 componendae,
2650 3398 2718 3450 ut
2747 3395 2922 3450 refert
2951 3396 3045 3452 Ivo
3066 3395 3236 3468 epist.
3259 3395 3360 3452 234
3388 3393 3642 3450 multum
3659 3395 3830 3452 insu-

2173 3485 2496 3554 ‘daverant;
2533 3499 2601 3540 ex
2634 3481 2765 3538 aliis
2793 3500 2928 3539 vero
2959 3483 3295 3557 provinciis,
3321 3485 3448 3557 ipse
3479 3485 3571 3540 Ivo
3614 3487 3831 3540 Carno-

2178 3572 2382 3640 tensis,
2415 3564 2714 3629 Johannes
2743 3572 3205 3640 Aurelianensis,
3246 3572 3525 3646 Rogerius
3569 3571 3831 3630 Bellova-

2178 3661 2390 3729 censis,
2424 3662 2858 3730 Namnetensis,
2890 3661 3244 3718 Pictavensis
3289 3666 3348 3718 et
3394 3660 3494 3718 alii
3542 3661 3828 3736 episcopi,

2177 3767 2312 3807 cum
2345 3750 2646 3808 nonnullis
2677 3750 2989 3808 abbatibus
3013 3755 3072 3806 et
3102 3751 3459 3824 proceribus,
3487 3751 3587 3824 qui
3618 3764 3826 3809 omnes

2174 3842 2316 3905 Fiat,
2364 3842 2463 3912 ﬁat
2515 3840 2588 3894 ad
2640 3840 3146 3896 confirmationem
3194 3839 3483 3914 privilegii
3534 3839 3825 3897 acclama-

2173 3933 2398 3984 verunt.

2173 4033 2397 4091 CCXIX.
2444 4035 2569 4091 Alia
2612 4036 2742 4092 item
2789 4035 3108 4164 pzivilggtzgn
3130 4040 3360 4092 asserta.
3410 4034 3821 4094 Vindocinense.

2888 4124 2945 4164 re
2984 4126 3015 4163 a
3111 4123 3186 4163 se.

2888 4123 3186 4164 reoatense.

2241 4197 2575 4269 Approbata
2605 4195 2743 4252 item
2776 4197 2935 4252 fuere
2966 4195 3024 4251 in
3047 4212 3113 4252 eo
3143 4195 3387 4252 concilio
3421 4195 3538 4252 alia
3570 4194 3822 4252 aliarum

2171 4284 2548 4340 ecclesiarum
2571 4287 2628 4340 et
2647 4284 3139 4341 monasteriorum
3162 4284 3482 4358 privilegia.
3507 4286 3669 4341 Certe
3685 4284 3820 4352 hoc,

2169 4373 2324 4428 sicut
2347 4378 2405 4429 et
2431 4373 2556 4446 ipse
2580 4373 2851 4429 Urbanus
2869 4373 2929 4428 in
2945 4373 3125 4431 variis
3148 4375 3468 4447 rescriptis,
3492 4373 3562 4430 de
3583 4375 3674 4430 sui
3694 4387 3822 4431 m0-

2168 4461 2408 4517 nasterii
2440 4461 2740 4534 privilegio
2773 4462 3029 4518 affirmat
3054 4463 3347 4519 Goffrid-us
3367 4463 3821 4520 Vindocinensi’!

415 4551 570 4604 rent:
596 4565 776 4620 quare
796 4549 984 4606 effecit
1005 4555 1070 4606 ut
1093 4551 1312 4607 Urbani
1335 4549 1407 4606 de
1421 4550 1780 4623 subjectione
1795 4549 2060 4606 Dolensis
2090 4567 2136 4632 Β
2168 4551 2370 4618 abbas,
2422 4550 2522 4606 lib.
2556 4567 2619 4621 II,
2650 4549 2819 4622 epist.
2847 4551 2916 4606 47
2955 4552 3029 4606 ad
3079 4551 3425 4608 Gaufridum
3475 4552 3820 4624 episcopum

413 4636 682 4694 Ecclesiae
712 4638 1009 4695 decretum
1029 4640 1090 4695 in
1111 4639 1356 4696 concilio
1379 4641 1905 4705 conﬁrmaretur,et
1930 4639 2058 4710 qui-

413 4731 547 4782 dem
581 4725 900 4784 Rollandus
931 4728 1176 4784 Radulfo
1208 4727 1656 4800 metropolitano
1683 4743 1790 4782 suo
1821 4727 2057 4783 obedire

411 4815 756 4890 compulsus
767 4821 947 4885 est,ut
961 4817 1538 4876 testaturWillelmus
1550 4816 1860 4889 episcopus
1874 4816 2056 4872 Picta-

409 4905 646 4976 viensis,
668 4906 921 4979 quiante
943 4902 1345 4979 episcopatum
1368 4906 1526 4961 haud
1549 4905 1797 4960 dubium
1834 4905 1894 4960 in
1933 4907 2055 4979 epi-

409 4994 676 5067 scopisui
693 4995 973 5052 comitatu
987 4995 1175 5051 eidem
1191 4993 1434 5050 concilio
1448 4995 1810 5049 interfuerat.
1831 4993 2054 5049 Instru-

409 5087 676 5139 mentum
696 5101 765 5140 ea
780 5085 852 5138 de
873 5099 934 5138 re
951 5083 1272 5138 Martenius
1286 5087 1483 5138 noster
1495 5081 1694 5138 retulit
1708 5083 1765 5136 in
1791 5087 2052 5138 veterum

409 5169 772 5244 Scriptorum
803 5187 951 5227 nova
981 5170 1320 5227 collectione
1349 5188 1404 5243 p.
1437 5173 1526 5226 68.

682 5259 885 5316 CCXII.
917 5261 992 5316 De
1021 5261 1244 5317 Dolensi
1272 5260 1761 5332 archiepiscOpatu.

476 5348 564 5402 Ad
594 5348 861 5404 eamdem
891 5349 1181 5421 synodum
1223 5347 1416 5405 delata
1463 5348 1574 5403 fuit
1611 5365 1792 5404 causa
1827 5349 1955 5420 jam
1987 5348 2049 5405 in

405 5432 608 5491 multis
621 5435 1385 5508 agitataconventibusinter
1395 5436 2048 5510 eumdemRadulphum

405 5525 462 5579 et
490 5522 808 5581 monachos
838 5525 1465 5597 Majoris-Monasterii,
1497 5541 1647 5600 quos
1678 5525 1775 5583 ille
1815 5527 1903 5583 uti
1949 5543 2046 5584 ex-

402 5613 869 5689 communicatps
899 5614 1101 5676 haberi
1130 5613 1380 5680 volebat.
1404 5615 1486 5675 Ea
1505 5615 1577 5674 de
1599 5631 1658 5678 re
1679 5633 1876 5676 coram
1900 5632 2044 5696 pon-

2169 4640 2603 4706 Carnotensem,
2638 4640 2698 4694 in
2729 4655 2847 4712 qua
2875 4639 3092 4696 Urbani
3121 4655 3190 4696 ea
3218 4641 3289 4697 de
3317 4657 3380 4696 re
3406 4641 3701 4697 decretum
3726 4655 3821 4697 ex-

2163 4729 2347 4796 hibet,
2379 4729 2535 4800 quod
2567 4745 2675 4784 suo
2706 4727 2830 4784 loco
2861 4728 3016 4784 inter
3040 4729 3168 4800 ejus
3197 4729 3494 4801 pontiﬁcis
3534 4728 3819 4802 epistolas

2164 4818 2504 4888 proferetur.
2539 4818 2705 4873 Tunc
2735 4817 2913 4874 etiam
2943 4818 3488 4874 excommunicatus
3521 4818 3631 4874 fuit
3649 4817 3815 4887 Eble,

2163 4907 2409 4962 omnium
2437 4907 2824 4975 religiosorum
2851 4909 2951 4978 qui
2991 4907 3223 4964 aderant
3256 4921 3499 4975 assensu,
3547 4923 3614 4963 eo
3657 4906 3816 4978 quod

2164 4994 2427 5050 Oleronis
2457 4994 2785 5062 ecclesiam,
2821 5011 2948 5068 quae
2981 4997 3054 5052 ad
3075 4995 3538 5052 Vindocinenses
3560 4993 3818 5068 pertine—

2164 5083 2282 5150 bat,
2312 5083 2529 5155 injuste
2572 5085 2884 5140 retineret:
2919 5085 3090 5155 cujus
3136 5083 3220 5140 rei
3267 5088 3477 5141 testem
3525 5083 3815 5141 habemus

2161 5170 2541 5228 Guillelmum
2570 5172 2895 5246 Aquitaniae
2927 5173 3158 5244 ducem,
3183 5173 3285 5247 qui
3315 5174 3374 5229 id
3397 5173 3459 5230 in
3481 5171 3684 5230 charta
3701 5183 3817 5230 sua

2161 5258 2434 5315 afﬁrmat.
3613 5279 3618 5281 -

2230 5347 2516 5420 Tempore
2563 5349 2829 5419 ejusdem
2885 5351 3092 5424 synodi
3148 5350 3519 5425 privilegium
3575 5349 3812 5424 insigne

2157 5436 2445 5493 concessit
2472 5436 2744 5494 Urbanus
2775 5439 3124 5512 parthenoni
3145 5445 3358 5498 sanctae
3379 5439 3576 5497 Marica
3597 5440 3812 5496 Santo-

2154 5525 2377 5595 nensis,
2397 5526 2498 5600 qui
2521 5525 2593 5582 ab
2614 5526 2884 5600 ipsisloci
2899 5529 3304 5587 conditoribus
3322 5529 3602 5587 Romanis
3616 5517 3813 5586 Ecclu-

2154 5615 2252 5677 βίω
2266 5615 2390 5697 juri
2411 5615 2782 5696 mancipatus
2806 5615 3012 5680 fuerat.
3036 5619 3412 5698 Privilegium
3431 5617 3678 5680 ἀνεθηαὶ
3691 5617 3806 5681 αδδ
