3998 6158
253 401 373 467 177

1852 346 2067 463 vim.

3510 372 3513 377 ’
3545 399 3666 472 ne

248 538 490 598 Datiane
516 534 894 613 inscriptum.
916 534 1122 596 datum
1149 538 1243 596 est
1270 534 1365 595 die
1391 526 1449 594 VI
1480 532 1771 595 Kalendas
1789 533 1896 594 ΒΘ·
1924 533 1982 605 Α
2009 496 2067 602 et
2088 537 2391 601 comitissa
2418 537 2706 600 Montensi
2737 543 2937 599 contra
2964 535 3259 616 legitimos
3279 538 3583 617 episcopos
3605 542 3660 602 ei

250 628 529 695 eembris,
560 645 716 686 anno
745 629 888 687 1096
916 644 1020 703 pro
1053 628 1213 695 1095,
1246 631 1314 684 ut
1343 627 1619 701 pleraque
1639 627 1754 685 alia
1774 629 1905 702 ejus

248 719 536 794 temporis
558 719 1144 792 monumenta,juxta
1155 718 1448 776 calculum
1465 719 1742 777 Pisanum
1762 738 1904 794 pras-

383 828 421 866 ιι

248 811 947 957 fel'Clbstervandaomuino
959 902 1198 964 suntea,
1216 915 1344 971 qua!
1366 899 1438 956 de
1459 900 1902 959 conﬁrmatione

242 990 531 1064 privilegii
550 990 921 1045 renovationis
947 996 999 1045 et
1025 990 1388 1045 restitutionis
1407 989 1664 1048 Ecclesia
1679 989 1901 1046 Atreba-
1914 1044 1933 1061 ,

244 1081 418 1137 tensis
443 1082 648 1135 narrat
671 1082 875 1135 auctor
913 1078 1224 1136 Gestorum
1278 1079 1587 1136 Lamberti.
1623 1080 1687 1136 Is'
1726 1080 1904 1136 refert

241 1169 587 1247 pontiﬁcem
610 1168 702 1225 die
722 1185 782 1225 ιν
801 1168 1091 1225 Kalendas
1120 1169 1475 1236 Decembris,
1501 1185 1635 1225 cum
1650 1170 1901 1240 jamjam

239 1258 501 1316 concilio
528 1259 704 1315 tinem
734 1262 889 1315 esset
916 1258 1329 1332 impositurus,
1353 1259 1629 1332 jussisse,
1660 1262 1727 1314 ut
1755 1257 1900 1314 illud

239 1351 579 1407 recitaretur
605 1351 669 1405 in
695 1352 980 1423 conspectu
1008 1352 1173 1407 totius
1199 1351 1446 1420 concilii,
1476 1351 1538 1405 in
1568 1367 1672 1422 quo
1715 1350 1898 1406 cardi-

237 1440 404 1496 nales
441 1439 674 1496 Romani
701 1440 755 1496 ei
778 1438 1157 1506 consedebant,
1206 1444 1259 1496 et
1306 1440 1702 1513 archiepiscopi
1732 1440 1819 1507 14,
1851 1448 1903 1496 et

237 1529 487 1602 episcopi
509 1529 638 1600 225,
663 1531 713 1584 et
740 1529 963 1585 abbates
981 1531 1285 1601 nonaginta
1313 1538 1365 1586 et
1384 1532 1642 1602 amplius,
1665 1531 1901 1603 aliisque

234 1616 633 1691 propemodum
661 1616 928 1687 inﬁnistis
952 1620 1219 1689 personis.
1244 1620 1547 1675 Recitatum
1565 1627 1749 1676 autem
1765 1621 1895 1692 fuit,

237 1712 292 1763 et
313 1706 579 1763 distincte
603 1714 655 1764 et
678 1714 866 1778 aperte
892 1707 1111 1774 lectum,
1151 1711 1312 1779 atque
1340 1709 1408 1764 ab
1454 1711 1606 1765 omni
1650 1725 1900 1767 consessu

238 1797 467 1853 milii
491 1795 594 1852 sub
622 1811 823 1866 magno
851 1796 1074 1853 silentio
1101 1797 1307 1853 intente
1333 1798 1603 1864 auditum,
1623 1799 1898 1856 collauda-

2011 635 2258 700 tavente,
2285 633 2546 692 schisma
2565 633 2625 688 in
2656 650 2723 690 ea
2754 630 3011 690 Ecclesia
3031 632 3265 701 foveret,
3290 636 3358 689 ut
3376 631 3662 691 discimus

2011 741 2080 781 ex
2108 724 2306 781 libello
2337 724 2418 782 De
2445 723 2867 781 restauratione
2920 722 3120 780 Sancti
3159 721 3394 780 Martini
3439 724 3662 781 Toma-

2011 815 2204 871 cencis
2226 814 2517 888 Spicilegii
2540 817 2699 871 tomo
2721 814 2763 880 Ι,
2788 817 2845 870 et
2864 830 2932 869 ex
2951 812 3128 871 variis
3148 812 3413 887 epistolis
3432 816 3591 871 tomo
3610 812 3663 869 ν

2011 904 2517 963 Miscellaneorum
2542 904 2757 960 Baluzii
2780 903 3000 959 relatis.
3025 903 3120 959 Hae
3153 903 3336 959 turba
3369 904 3664 960 Summar-

2010 995 2208 1051 thanis
2239 994 2472 1073 errandi
2522 994 2887 1051 occasionem
2936 993 3312 1066 praibueruut
3361 992 3422 1048 in
3474 992 3663 1051 Gallia
3708 1020 3717 1025 ·

2011 1083 2362 1152 Christiana,
2385 1083 2485 1140 ubi
2500 1085 2646 1140 duos
2669 1083 2969 1140 Manasses
2994 1082 3262 1153 duosque
3284 1080 3661 1139 Gualcherios

2010 1174 2377 1229 admiserunt
2404 1172 2499 1229 his
2528 1172 2908 1245 temporibus,
2941 1172 3014 1228 ob
3042 1171 3205 1227 varia
3245 1170 3657 1228 instrumenta.

2010 1264 2071 1319 in
2103 1262 2319 1336 quibus
2359 1262 2681 1330 Manasses,
2733 1266 2860 1317 tum
2906 1258 3309 1328 Gualcherius,
3361 1261 3418 1316 et
3461 1263 3663 1333 postea

2008 1353 2330 1421 Manasses,
2383 1369 2448 1408 ac
2497 1352 2709 1407 iterum
2750 1349 3138 1407 Cualcherius
3188 1349 3496 1406 memorati
3556 1349 3662 1405 ha-

2008 1442 2243 1499 bentur.

2007 1549 2233 1606 CCXXI.
2265 1548 2528 1606 Gervinus
2558 1551 2836 1622 episcopus
2866 1547 3247 1606 Ambianensis
3275 1545 3496 1604 abbatia
3524 1546 3661 1604 Cen-

2611 1622 2747 1679 tutae
2771 1622 3049 1692 privatur.

2077 1711 2504 1767 Ambianorum
2528 1710 2846 1767 Ecclesium
2874 1709 2933 1765 in
2966 1709 3171 1766 eadem
3203 1706 3477 1764 Remensi
3518 1723 3658 1781 pro-

2003 1800 2196 1857 vincia
2230 1805 2373 1857 tunc
2403 1800 2639 1874 regebat
2662 1800 2964 1868 Cervinus,
2998 1797 3099 1870 qui
3128 1814 3198 1854 ex
3226 1795 3513 1854 monacho
3556 1796 3661 1853 Re-

238 1895 361 1942 tum
389 1889 445 1942 et
469 1885 855 1957 conﬁrmatum
886 1902 1031 1941 anno
1061 1887 1164 1943 Dei
1194 1885 1399 1944 Christi
1428 1887 1584 1943 1095.
1609 1887 1756 1945 Hinc
1778 1889 1893 1945 mi-
1924 1907 1973 1973 Β
2004 1889 2263 1963 migiano
2282 1890 2437 1962 apud
2454 1889 2666 1946 Remos
2681 1889 2874 1945 factus
2887 1886 3254 1945 Centulensis
3278 1886 3481 1963 abbas,
3504 1885 3657 1942 hanc

239 1990 376 2031 rum
411 1991 531 2031 non
563 1978 674 2043 est,
704 1974 757 2030 si
781 1974 990 2031 exinde
1016 1974 1370 2033 inconcussa
1408 1993 1644 2050 semper
1671 1979 1898 2036 steterit

235 2064 645 2122 Atrebatensis
663 2061 932 2121 Ecclesiae
955 2082 988 2121 a
1006 2066 1410 2122 Cameracensi
1431 2067 1741 2140 exemptio,
1768 2086 1898 2141 quae

240 2171 277 2211 a
295 2159 386 2211 tot
402 2154 708 2227 tantisque
727 2153 1100 2227 praesulibus,
1123 2159 1258 2228 post
1276 2155 1467 2212 varias
1489 2158 1743 2230 synodos
1765 2176 1897 2231 pro-

235 2242 525 2315 vinciales
555 2246 613 2298 et
640 2242 937 2299 Romanas
964 2242 1026 2299 in
1056 2243 1313 2318 generali
1361 2245 1600 2301 tandem
1650 2247 1897 2303 concilio

236 2332 622 2406 comprobato
654 2337 712 2388 et
740 2332 1085 2389 conﬁrmata
1114 2334 1324 2391 fuerat.

235 2422 447 2481 CCXX.
480 2421 729 2478 Schisma
756 2422 821 2476 in
850 2421 1222 2480 Cameracensi
1257 2424 1487 2480 ecclesia
1512 2440 1893 2497 compressum.

309 2510 787 2568 Atrebatensium
809 2528 997 2568 causa
1019 2510 1248 2568 favebat
1269 2512 1532 2569 sohisma
1553 2512 1612 2568 in
1635 2513 1898 2571 Camera-

234 2601 404 2659 eeusi
454 2599 713 2657 Ecclesia
753 2598 847 2656 bis
874 2600 1242 2674 temporibus
1287 2602 1622 2671 excitatum,
1674 2602 1900 2660 scilicet

233 2691 395 2746 inter
406 2689 842 2759 Manassem,ex
852 2688 1536 2747 archidiaconoRemensi
1552 2691 1895 2765 episcopum

210 2778 520 2846 electum,
540 2777 601 2833 in
621 2793 797 2851 quem
814 2777 1133 2834 Remorum
1153 2779 1421 2845 antistes,
1444 2779 1750 2852 provincia?
1773 2798 1895 2837 me-

227 2866 657 2941 tmpolitanus,
681 2867 1097 2941 propendebat,
1117 2870 1176 2924 et
1192 2867 1608 2925 Gualcherium
1625 2869 1725 2943 qui
1744 2870 1896 2927 hanc

230 2957 439 3015 sedem
460 2955 720 3012 Bimonia
739 2955 1019 3013 ambiisse
1039 2956 1361 3013 dicebatur.
1384 2957 1635 3015 Venerat
1656 2959 1895 3032 quidem

231 3046 343 3104 iste
359 3046 438 3103 ad
462 3043 800 3113 concilium,
820 3062 938 3101 sua:
960 3045 1249 3114 Ecclesiae,
1274 3046 1361 3103 uti
1378 3049 1742 3118 autumabat,
1755 3050 1897 3122 jura

237 3139 453 3193 contra
477 3133 889 3191 Atrebatenses
918 3140 1437 3207 propugnaturus;
1471 3140 1549 3205 at,
1598 3154 1735 3194 cum
1787 3156 1896 3195 sua

232 3225 431 3300 ipsius
464 3239 644 3281 causa
662 3223 995 3280 examinata
1014 3223 1241 3290 fuisset,
1264 3224 1534 3281 inventus
1556 3231 1647 3282 est
1667 3227 1893 3299 episco-

234 3312 354 3387 pali
386 3312 580 3386 gradu
608 3312 922 3385 indiguus;
956 3329 1140 3384 quare
1169 3313 1309 3386 fuga
1337 3313 1594 3385 elapsus,
1630 3318 1687 3371 et
1722 3315 1894 3371 tertio

236 3403 463 3459 frustra
491 3401 853 3470 admonitus,
881 3405 948 3457 ut
977 3417 1175 3459 coram
1204 3402 1471 3475 patribus
1519 3404 1645 3475 ipse
1696 3409 1895 3478 ageret

234 3506 486 3548 causam
511 3505 705 3557 suam,
736 3506 873 3546 cum
903 3490 1151 3547 minime
1184 3491 1631 3564 comparuisset,
1654 3493 1722 3548 ab
1743 3495 1897 3550 omni

231 3579 567 3636 sacerdotali
594 3587 647 3635 et
666 3579 961 3651 episcopali
978 3579 1180 3652 ofﬁcio,
1206 3583 1271 3635 ut
1295 3579 1356 3635 in
1386 3580 1575 3637 Cestis
1597 3581 1896 3639 Lamberti

234 3669 479 3742 legitur,
504 3665 830 3741 approbata
847 3668 1140 3724 Menassis
1162 3667 1461 3738 electione,
1485 3670 1762 3742 depositus
1781 3676 1894 3734 est;

228 3759 531 3814 intentata
557 3756 619 3811 in
651 3771 786 3812 eum
815 3757 1439 3826 excommunicatione,
1473 3758 1523 3815 si
1561 3775 1619 3815 se
1662 3761 1896 3817 ulterius

228 3847 302 3903 de
346 3844 624 3901 Ecclesia;
674 3844 1112 3902 Cameracensis
1160 3846 1482 3917 praelatione
1530 3849 1899 3905 intromittere

227 3937 498 4000 tentaret,
528 3937 597 3987 ut
623 3932 801 3989 habet
833 3933 1105 3991 Urbanus
1135 3934 1263 4006 ipse
1291 3934 1352 3990 in
1374 3935 1622 4008 epistola
1655 3953 1723 3992 ea
1743 3938 1815 3994 de
1836 3954 1898 3994 re

228 4024 302 4079 ad
334 4026 794 4079 Cameracenses
823 4023 1064 4095 scripta.
1088 4023 1144 4079 ls
1168 4023 1405 4095 quidem
1430 4024 1813 4082 Gualcherius
1835 4026 1896 4083 in

232 4113 587 4186 episcopum
618 4127 653 4166 a
680 4110 877 4167 nescio
909 4128 1024 4184 quo
1074 4117 1453 4169 consecratus
1501 4114 1718 4183 fuerat;
1770 4115 1896 4185 sed,

234 4202 380 4275 quia
424 4199 584 4256 hanc
629 4201 949 4257 electionem
993 4205 1045 4256 et
1084 4203 1447 4274 episcopalem
1493 4201 1897 4261 Cameracensis

238 4290 505 4347 Ecclesiae
536 4288 963 4346 benedictionem
998 4290 1351 4363 subripuerat
1388 4308 1490 4363 per
1538 4294 1893 4363 invasionem,

240 4382 291 4435 et
333 4394 440 4451 per
487 4393 687 4433 manus
732 4379 960 4434 Henrici
1007 4382 1464 4436 excommunicati
1507 4382 1895 4454 imperatoris;

240 4470 499 4523 sanetum
534 4467 828 4522 concilium
873 4466 1186 4539 adjudicato
1232 4469 1486 4526 Manaesi
1536 4470 1894 4542 episcopatu,

243 4555 523 4621 decrevit,
551 4557 614 4610 ut
640 4557 702 4610 in
733 4555 1111 4613 Cameracensi
1138 4558 1399 4627 Ecclesia,
1456 4558 1670 4629 rejecto
1720 4557 1896 4615 Gual-

2008 1980 2207 2037 sedem
2238 1996 2355 2035 non
2372 1979 2595 2051 absque
2615 1979 2887 2035 Simonim
2909 1976 3242 2051 suspicione
3264 1977 3512 2049 adeptus
3533 1975 3657 2031 tius-

2009 2072 2117 2125 rat.
2151 2068 2461 2141 Utcunque
2490 2072 2689 2123 tamen
2723 2084 2789 2124 eo
2817 2067 2958 2123 vitio
2988 2069 3294 2140 purgatus,
3342 2065 3430 2121 uti
3477 2081 3658 2138 supra

2008 2175 2091 2213 ss.
2124 2157 2230 2213 414
2250 2161 2309 2214 et
2327 2157 2430 2214 434
2451 2156 2729 2225 diximus,
2754 2155 3047 2213 abbatiam
3073 2155 3249 2212 simul
3274 2158 3330 2211 et
3361 2153 3659 2228 episcopa-

2006 2250 2135 2303 tum
2157 2247 2463 2316 relinebat,
2489 2263 2702 2320 magno
2725 2245 3067 2302 monasterii
3082 2245 3299 2300 damno
3311 2245 3481 2318 cujus
3502 2244 3659 2300 bona

2007 2338 2081 2393 ab
2111 2354 2178 2393 eo
2204 2335 2698 2410 dilapidabantur.
2744 2338 2888 2390 Cum
2936 2333 3136 2406 itaque
3184 2332 3349 2389 nulla
3389 2333 3660 2388 subesset

2006 2424 2432 2483 emendationis
2481 2441 2637 2497 spes,
2678 2426 2878 2495 fratres
2927 2423 3287 2489 Centulenses,
3335 2438 3371 2477 a
3408 2420 3660 2477 Remensi

2006 2516 2245 2573 Ecclesia
2271 2514 2579 2571 consilium
2612 2516 2980 2586 acceperunt,
3014 2516 3073 2567 ut
3101 2511 3323 2568 domino
3358 2523 3523 2583 papa
3563 2510 3657 2567 Ur-

2007 2606 2170 2673 bano,
2201 2607 2297 2677 qui
2323 2621 2383 2662 eo
2409 2608 2649 2676 tempore
2695 2603 2991 2660 concilium
3038 2603 3100 2658 in
3149 2600 3496 2658 Claromonto
3535 2601 3657 2656 erat

2004 2695 2069 2750 de
2110 2696 2363 2767 proximo
2407 2694 2715 2761 habiturus,
2768 2693 2874 2748 loci
2931 2691 3321 2748 desolationem
3378 2689 3659 2763 aperirent

2006 2792 2056 2841 et
2082 2785 2385 2857 majestatis
2416 2783 2532 2855 ejus
2550 2783 2897 2851 clementiam
2918 2780 3298 2853 implorarent.
3323 2779 3391 2835 Et
3412 2776 3653 2851 quidem

2004 2890 2099 2930 res
2125 2888 2398 2945 prospere
2429 2871 2513 2928 eis
2543 2870 2847 2927 successit.
2876 2870 3015 2926 Nam
3037 2871 3290 2942 pontifex
3328 2869 3391 2923 in
3422 2866 3654 2923 concilio

2002 2962 2246 3019 residens
2268 2962 2486 3034 prolata
2514 2963 2575 3015 in
2602 2977 2729 3017 eum
2767 2960 3061 3025 sententia,
3110 2959 3295 3018 baculo
3342 2952 3557 3039 abbatis
3600 2956 3654 3011 et

2002 3051 2394 3108 monachorum
2420 3066 2553 3106 cura
2581 3049 2866 3121 spoliando
2895 3048 3148 3104 absolvit.
3174 3048 3301 3103 lianc
3322 3047 3500 3104 dubio
3526 3067 3653 3125 pro-

2003 3139 2097 3196 cul
2114 3156 2293 3196 causa
2313 3139 2423 3194 fuit
2439 3139 2723 3195 condendi
2746 3137 2988 3194 canonis
3006 3138 3039 3194 Δ
3061 3138 3216 3210 apud
3236 3136 3576 3195 Ordericum
3598 3143 3656 3197 et

2005 3227 2152 3284 alios
2183 3232 2450 3284 auctores
2473 3226 2661 3292 relati,
2685 3243 2800 3299 quo
2820 3229 3071 3296 vetetur,
3093 3243 3165 3282 ne
3187 3225 3319 3299 quis
3342 3227 3653 3300 episcopus

1925 3277 1969 3345 (ἶ
2006 3317 2184 3373 simul
2211 3321 2270 3373 et
2298 3316 2479 3372 abbas
2502 3277 2968 3371 sit.Seritentiam
2999 3277 3407 3370 ίιξρειιῖέῑηωὲ
3426 3277 3657 3387 ponim-

2002 3406 2087 3462 cis
2107 3423 2204 3462 ore
2224 3404 2510 3478 prolatam
2534 3405 2708 3460 refert
2728 3398 3027 3459 Hariulfus
3050 3402 3409 3481 domesticus
3430 3407 3653 3473 auctor,

2001 3494 2062 3551 in
2092 3494 2377 3551 Chronico
2406 3491 2737 3550 Centulensi
2769 3497 2928 3548 tomo
2961 3491 3029 3548 IV
3052 3490 3371 3564 Spicilegii,
3424 3492 3527 3549 ubi
3572 3492 3657 3550 sie

2002 3585 2288 3641 habetur:
2316 3605 2344 3633 »
2372 3584 2458 3639 Tu
2493 3582 2787 3638 abbatiam
2819 3580 3018 3638 Sancti
3051 3578 3328 3649 Richarii,
3373 3597 3499 3654 quae
3550 3598 3653 3639 no-

2004 3674 2140 3730 bilis
2171 3672 2311 3730 olim
2339 3676 2397 3729 et
2425 3672 2585 3728 dives
2613 3672 2821 3739 fuerat,
2854 3674 2978 3727 tam
3011 3669 3266 3744 pessime
3284 3670 3551 3731 tractasti
3589 3675 3658 3729 ut

2004 3762 2129 3819 suis
2151 3761 2455 3818 ecclesiam
2480 3760 2841 3817 ornamentis
2863 3758 3224 3831 spoliaveris,
3253 3762 3310 3815 et
3336 3759 3655 3817 monachos

2004 3850 2224 3907 multos
2253 3848 2372 3905 tuis
2394 3848 2549 3904 vitiis
2582 3848 2923 3903 resistentes
2953 3845 3185 3902 exsules
3217 3845 3424 3902 feceris
3452 3862 3464 3902 :
3498 3847 3658 3903 unde

2004 3940 2219 4013 dignus
2250 3955 2378 3995 eras
2410 3941 2476 3993 ut
2504 3952 2739 3992 omnem
2772 3933 3021 4008 gratiam
3039 3932 3445 3989 ecclesiasticae
3462 3933 3655 4007 digni-

2001 4029 2141 4084 tatis
2167 4043 2236 4083 ex
2266 4029 2385 4082 toto
2416 4025 2709 4097 perderes,
2742 4020 2922 4078 veluti
2954 4020 3152 4077 ovium
3183 4020 3397 4076 Christi
3431 4026 3651 4085 macte.-

2002 4122 2113 4182 tor,
2148 4118 2205 4172 et
2233 4117 2445 4171 sancta
2476 4112 2745 4169 Ecclesiae
2774 4109 3117 4181 dissipator;
3151 4108 3275 4180 sed,
3309 4124 3381 4164 ne
3411 4108 3551 4164 bina
3597 4114 3656 4167 te

2004 4204 2223 4261 ultione
2247 4202 2417 4259 ferire
2435 4201 2760 4268 videamur,
2783 4201 2905 4255 esto
2928 4200 3239 4254 contentus
3272 4196 3653 4255 Ambianensi

2003 4293 2362 4366 episcopatu,
2396 4306 2571 4363 quem
2600 4294 2721 4345 tam
2767 4288 2911 4344 dure
2967 4285 3297 4359 acquisisti,
3346 4286 3653 4343 monachis

2006 4386 2201 4439 autem
2228 4379 2425 4437 Sancti
2468 4377 2724 4435 Richarii
2773 4376 2850 4433 sit
2892 4376 3060 4449 copia
3107 4374 3361 4448 eligendi
3420 4374 3654 4433 abbatis

2005 4472 2098 4528 cui
2130 4475 2192 4527 tu
2224 4469 2513 4526 contraire
2542 4466 2705 4523 nulla
2734 4465 2955 4523 ratione
2985 4480 3331 4538 presumas,
3384 4465 3539 4537 quod
3592 4464 3657 4521 in

2003 4561 2216 4616 virtute
2236 4558 2491 4631 Spiritus
2505 4557 2689 4615 sancti
2705 4560 2760 4613 te
2772 4556 3079 4612 observare
3085 4554 3110 4626 j
3118 4554 3391 4611 abemus.
3413 4575 3441 4604 »
3463 4553 3658 4611 Rediit

240 4643 463 4713 cherio,
485 4643 839 4701 ordinaretur
855 4647 1137 4718 episcopus
1155 4663 1168 4714 ;
1189 4647 1290 4718 qui
1312 4650 1510 4702 tamen
1533 4646 1768 4703 nonnisi
1787 4646 1897 4703 sub
1932 4647 1977 4713 Ι)
2008 4647 2207 4721 itaque
2237 4646 2523 4704 Cervinus
2553 4646 2611 4701 in
2640 4661 2809 4701 suam
2831 4644 3028 4700 sedem
3051 4641 3286 4699 abbatis
3316 4640 3657 4700 Centulensi

241 4734 421 4790 tinem
438 4732 894 4805 annisequentis
904 4734 977 4790 ob
998 4734 1233 4791 comitis
1251 4734 1530 4791 Flandriae
1544 4736 1896 4802 absentiam,

241 4827 302 4879 et
328 4822 539 4878 turbas
568 4821 642 4878 ab
670 4822 799 4895 ipso
829 4821 1176 4880 Gualcherio
1214 4823 1493 4880 excitatas
1524 4829 1901 4881 consecratus

247 4915 361 4978 est,
383 4913 451 4966 ut
481 4926 551 4966 ex
580 4911 869 4967 Manassis
893 4912 1197 4969 Remensis
1217 4911 1636 4987 archiepiscopi
1657 4912 1904 4986 epistola

250 4998 329 5056 ad
356 4998 807 5057 Cameracenses
827 5004 1006 5074 patet,
1032 5001 1302 5074 quamvis
1324 5001 1449 5058 dies
1471 5002 1542 5057 ad
1574 5000 1725 5058 hanc
1762 5019 1901 5058 con-

248 5088 639 5145 secrationem
693 5088 1107 5146 celebrandam
1125 5134 1140 5158 ,
1191 5091 1254 5146 in
1309 5092 1508 5147 octavis
1568 5091 1904 5148 Pentecostes

247 5176 412 5233 dicta
441 5176 672 5243 fuisset,
702 5180 770 5232 ut
794 5192 863 5233 ex
893 5176 1009 5233 alia
1038 5178 1303 5249 ejusdem
1335 5178 1763 5250 metropolitani
1785 5179 1905 5252 epi-

246 5264 407 5323 stola
424 5264 500 5321 ad
524 5265 905 5323 Lambertum
924 5266 1366 5323 Atrebatensem
1387 5266 1717 5324 invitatoris
1736 5268 1909 5324 disci-

244 5368 408 5412 mus.
448 5353 711 5412 Manassi
758 5358 963 5431 postea
1007 5355 1290 5413 suffectus
1316 5359 1408 5413 est
1433 5355 1558 5413 Odo
1581 5372 1651 5414 ex
1696 5356 1907 5413 abbate

240 5443 609 5501 Tornacensi
658 5444 856 5501 Sancti
899 5444 1157 5514 Martini,
1209 5445 1311 5518 qui
1358 5443 1534 5502 etiam
1568 5463 1604 5502 a
1638 5446 1907 5503 Manasse

242 5531 722 5608 metrOpolitano,
730 5533 1148 5592 assistentibus
1160 5534 1525 5591 eiLamberto
1536 5534 1711 5591 Atreb
1717 5539 1848 5591 aten
1856 5535 1907 5591 si

243 5621 504 5695 aliisque
551 5622 865 5695 provincia:
911 5622 1204 5696 episcopis
1257 5623 1563 5695 ordinatus
1612 5626 1720 5690 est,
1771 5640 1906 5681 cum
1990 5664 2011 5678 .

244 5712 480 5770 interea
497 5710 904 5783 Gualcherius,
930 5711 1179 5772 Henrico
1200 5706 1550 5786 imperatore
1572 5713 1909 5785 adjuvante,

2008 4737 2287 4810 privatus,
2318 4734 2419 4808 qui
2451 4733 2626 4790 etiam
2659 4740 2790 4804 post
2819 4731 3045 4804 aliquot
3082 4747 3268 4788 annos
3317 4732 3659 4805 episcopatu

2010 4826 2211 4882 cedere
2233 4827 2467 4879 coactus
2495 4821 2556 4877 in
2588 4819 3240 4893 Majus-Mouasterium
3273 4820 3535 4887 secessit,
3557 4818 3659 4875 ubi

2007 4918 2210 4987 postea
2240 4912 2551 4968 defunctus
2581 4914 2689 4978 est,
2721 4907 3034 4965 Godet‘rido
3058 4912 3260 4964 sancto
3283 4907 3429 4975 viro,
3448 4906 3507 4962 in
3531 4907 3659 4977 ejus

2008 5002 2202 5059 locum
2233 5018 2302 5057 ex
2332 5000 2541 5057 abbate
2572 4997 2913 5055 monasterii
2942 4996 3137 5052 Sancti
3170 4994 3435 5075 Quintini
3480 5010 3662 5067 prope

2009 5092 2315 5156 Peronam,
2346 5093 2658 5162 postquam
2688 5087 2810 5143 haec
2861 5086 3030 5143 sedes
3076 5084 3255 5144 ferme
3304 5081 3546 5166 biennio
3562 5100 3663 5141 va-

2012 5183 2223 5246 cesset,
2248 5178 2567 5234 substituto
2587 5176 2648 5233 in
2674 5174 2917 5232 concilio
2963 5170 3237 5229 Trecensi
3289 5186 3444 5227 anno
3494 5171 3655 5241 1095,

2014 5273 2082 5326 ut
2127 5268 2302 5324 refert
2348 5266 2666 5324 Cuibertus
2724 5260 3028 5337 Novigenti
3075 5260 3180 5318 lib.
3232 5275 3275 5318 ιι
3328 5259 3475 5319 Vita
3517 5279 3659 5334 suae,

2015 5374 2141 5431 cap.
2173 5358 2229 5412 2.

2014 5462 2264 5521 CCXXII.
2294 5463 2428 5521 Unio
2458 5457 3277 5586 ᾖίρίαεθηδίε
3300 5464 3355 5515 et
3387 5456 3667 5516 Conchen-

2661 5549 2710 5586 sz
2998 5572 3011 5585 .

2661 5549 2739 5588 διδ
2773 5549 3011 5585 armata.

2084 5622 2437 5679 Conﬁrmata
2465 5621 2575 5678 fuit
2604 5620 2662 5675 in
2694 5618 2897 5675 eadem
2943 5617 3393 5677 Glaromontana
3440 5618 3669 5689 synodo

2016 5711 2373 5771 Conchensis
2394 5713 2454 5767 et
2474 5707 2829 5783 Figiacensis
2849 5708 3341 5768 monasteriorum
3362 5706 3471 5765 sub
3494 5706 3669 5764 unico
