3998 6158
326 346 443 419 179

1622 352 1692 416 Β.
1738 352 2034 418 URBANI
2074 351 2132 416 ῙῘ
2175 350 2427 416 PAP/E.

3612 350 3733 418 180

328 484 538 545 abbate
595 477 765 549 unio;
813 484 889 554 et,
950 482 1084 559 quia
1143 488 1346 544 contra
1411 484 1557 542 illud
1628 485 1965 545 institutum
1995 487 2052 557 Α
2080 488 2300 555 turum,
2334 481 2490 560 quod
2522 479 2717 559 reipsa
2745 479 2918 559 paulo
2950 484 3082 558 post
3112 478 3248 543 fecit
3275 497 3472 542 coram
3514 481 3728 546 iisdem

324 575 693 635 Conchenses
758 575 1027 631 abbatem
1096 578 1397 649 proprium
1468 576 1580 631 sibi
1648 576 1966 650 elegerant,

322 665 481 723 hunc
510 664 738 721 concilii
771 665 970 721 Patres
1000 670 1538 722 exauctoraverunt.
1570 665 1785 721 Verum
1839 683 1973 722 cum

324 754 449 812 hinc
470 772 666 811 rerum
687 753 992 828 dispositio
1013 754 1535 811 controversiarum
1554 771 1804 827 perenne
1818 759 1975 811 esset

326 845 733 914 seminarium,
767 845 826 900 in
850 844 1093 901 concilio
1120 845 1503 901 Nemausensi
1535 845 1797 917 sequenti
1820 861 1973 900 anno

329 938 556 991 mutata
583 935 712 1002 fuit,
745 937 811 989 ut
837 933 918 988 ibi
951 934 1235 990 dicemus.
1845 920 1860 934 ’

428 1023 942 1080 CCXXIII.Anianae
971 1024 1186 1080 abbatis
1213 1026 1570 1097 praesumptio
1599 1041 1863 1095 repressa.

401 1114 766 1186 Conquestus
789 1118 877 1170 est
897 1130 1091 1169 coram
1117 1114 1320 1186 synodi
1340 1113 1608 1169 Patribus
1624 1113 1973 1168 Bertrandus

326 1202 757 1276 Magalonensis
787 1202 1052 1270 antistes,
1077 1203 1163 1258 uti
1206 1204 1378 1258 refert
1401 1201 1596 1258 Gariet
1626 1202 1683 1257 in
1708 1203 1974 1274 ejusdem

327 1290 600 1349 Ecclesiae
637 1291 1045 1364 episcoporum
1093 1291 1373 1357 Historia,
1417 1292 1694 1347 adversus
1738 1292 1973 1346 Petrum

327 1380 565 1437 Aniena
598 1381 892 1448 abbatem,
919 1382 1071 1452 quod
1096 1380 1212 1448 ille,
1238 1398 1299 1436 se
1320 1380 1447 1453 ipso
1470 1380 1741 1452 episcopo
1772 1380 1975 1435 dioece-

329 1486 472 1529 sano
503 1471 743 1542 insuper
772 1469 991 1537 habito,
1024 1474 1250 1525 exteros
1270 1470 1561 1524 antistites
1593 1468 1862 1523 invitaret
1901 1470 1974 1524 ad

326 1558 752 1616 consecrandas
773 1557 1047 1613 ecclesias
1064 1557 1293 1629 aliaque
1313 1556 1668 1630 pontificalia
1694 1556 1893 1611 munia
1915 1557 1972 1611 in

327 1664 434 1704 suo
456 1646 809 1703 monasterio
840 1648 1238 1719 exsequenda;
1271 1647 1389 1702 imo
1419 1650 1475 1702 et
1507 1648 1973 1702 excommunica-

326 1739 418 1794 tos
467 1735 701 1809 propria
747 1735 1088 1791 auctoritate
1146 1734 1391 1791 solveret
1454 1735 1682 1806 aliaque
1736 1736 1977 1790 auderet

328 1828 534 1883 contra
557 1826 656 1896 jus
682 1824 948 1881 Ecclesia:
994 1823 1446 1896 Magalonensis.
1499 1826 1683 1889 Quam
1736 1823 1973 1896 quidem

328 1914 844 1988 praesumptionem
876 1913 1155 1985 pontifex,
1189 1913 1365 1968 salvis
1394 1917 1592 1968 tamen
1623 1913 1974 1967 Anianensis

329 2001 672 2060 monasterii
701 2002 1047 2075 privilegiis,
1098 2003 1395 2075 repressit,
1447 2004 1790 2058 confirmata
1835 2019 1973 2057 sen-

324 2091 524 2161 tentia,
560 2108 739 2165 quam
767 2091 906 2148 olim
942 2089 1268 2147 Alexander
1283 2091 1333 2147 II
1364 2092 1423 2146 in
1446 2091 1624 2147 simili
1658 2108 1831 2147 causa
1846 2093 1972 2163 jam

323 2179 556 2238 tulerat.

429 2269 703 2326 CCXXIV.
743 2271 921 2326 Varia:
947 2269 1075 2324 alia
1107 2284 1284 2325 causa?
1311 2270 1544 2325 minoris
1574 2271 1853 2325 momenti.

392 2358 596 2416 Plures
626 2358 754 2415 alia
784 2358 1188 2415 controversiae
1211 2359 1283 2413 ad
1306 2358 1617 2414 concilium
1641 2358 1972 2414 Claromon-

320 2451 529 2505 tanum
560 2447 763 2505 delatae
790 2448 1047 2515 fuerunt,
1080 2448 1182 2504 sed
1216 2464 1340 2519 quae
1363 2447 1509 2503 tanti
1534 2449 1813 2503 momenti
1837 2447 1971 2503 visaa

324 2554 440 2603 non
471 2540 612 2594 sunt
631 2536 891 2608 antiquis
922 2536 1280 2604 auctoribus,
1306 2539 1369 2590 ut
1386 2553 1484 2591 eas
1508 2537 1848 2609 proferrent,
1874 2541 1975 2592 aut

324 2628 479 2682 certe
508 2623 654 2681 tales
673 2641 790 2680 non
812 2628 971 2692 sunt,
995 2641 1120 2696 quae
1143 2624 1390 2679 debeant
1413 2624 1505 2679 hic
1529 2625 1717 2681 fusius
1739 2625 1967 2697 exponi.

323 2714 403 2770 Ex
431 2713 526 2769 his
564 2713 676 2768 fuit
722 2712 960 2785 querela
1008 2713 1423 2768 canonicorum
1456 2714 1649 2768 Sancti
1690 2714 1969 2787 Stephani

324 2801 569 2869 Tolosae,
602 2801 702 2875 qui
732 2800 1039 2858 ecclesiam
1061 2802 1241 2857 beatae
1265 2802 1481 2869 Mariae,
1507 2819 1683 2874 quam
1708 2803 1797 2858 sui
1812 2804 1970 2875 juris

321 2908 451 2949 esse
479 2890 928 2960 contendebant,
961 2908 995 2946 a
1025 2889 1505 2947 Cluniacensibus
1536 2890 1836 2964 repetiisse
1886 2893 1970 2947 di-

320 2984 554 3037 cuntur.
575 2980 762 3036 Variae
785 2980 958 3036 etiam
980 2980 1889 3054 erantinterHugonemCluniaci
1914 2985 1971 3038 et

320 3070 595 3127 Pontium
614 3069 773 3126 Casa
790 3069 891 3125 Dei
913 3070 1152 3126 abbates
1172 3069 1587 3138 contentiones,
1613 3087 1738 3142 quae
1752 3070 1965 3126 ibidem

317 3158 540 3215 Urbani
570 3159 931 3226 auctoritate,
966 3176 1034 3214 ac
1064 3159 1327 3231 Hugonis
1359 3159 1763 3231 Lugdunensis
1793 3163 1849 3215 et
1876 3159 1965 3215 Al-

2084 575 2421 632 memoratis
2436 576 2574 632 viris
2594 575 2749 649 apud
2764 575 3164 644 Silviniacum,
3181 575 3337 648 quod
3351 576 3425 631 ad
3447 575 3729 649 placitum

2082 682 2150 721 ea
2179 666 2251 720 de
2280 682 2339 721 re
2371 665 2652 720 indictum
2688 668 3100 734 convenerant,
3132 668 3199 721 ut
3228 665 3495 737 ejusdem
3533 666 3731 739 placiti

2083 753 2317 827 publico
2351 755 2741 810 instrumento
2773 757 3021 809 constat.
3055 754 3117 810 In
3146 754 3349 810 eadem
3373 755 3592 827 synodo
3615 757 3737 812 Ste-

2084 842 2314 915 phanus
2334 843 2490 915 prior
2509 842 2707 898 Sancti
2730 842 2880 898 Flori
2906 844 3060 915 apud
3092 845 3349 899 Avernos
3374 849 3733 916 conquestus

2082 936 2172 988 est
2188 933 2467 988 adversus
2490 933 2848 987 Bernardum
2866 948 2931 987 ac
2952 933 3081 1003 ejus
3099 932 3271 1000 ﬁlios,
3297 949 3445 1004 quos
3463 933 3734 990 Urbanus

2081 1020 2605 1077 excommunicavit
2634 1020 2706 1077 ob
2740 1019 3003 1077 invasam
3026 1020 3334 1077 ecclesiam
3358 1021 3556 1078 Sancti
3574 1022 3731 1078 Mar-

2081 1109 2190 1165 tini
2222 1111 2292 1165 de
2324 1109 2761 1182 Calidis-aquis,
2798 1113 2862 1165 ut
2911 1110 3064 1165 infra
3107 1127 3272 1166 num.
3316 1112 3424 1166 232
3471 1111 3726 1167 dicitur:

2084 1198 2337 1254 similem
2370 1216 2599 1270 pmnam
2634 1198 2871 1271 pertulit
2899 1199 3063 1266 Eblo,
3087 1204 3154 1254 ut
3174 1200 3302 1271 jam
3325 1200 3601 1269 diximus,
3627 1201 3730 1273 qui

2082 1287 2357 1344 ecclesias
2386 1288 2907 1344 Vindocinensium
2941 1288 2998 1343 in
3031 1288 3279 1344 Olerona
3308 1288 3503 1345 insula
3531 1289 3733 1361 inique

2083 1377 2422 1450 occupabat.
2447 1379 2691 1433 Asserts:
2714 1378 2889 1432 etiam
2913 1377 2971 1432 in
3006 1378 3209 1433 eodem
3234 1377 3477 1433 concilio
3498 1378 3734 1434 fuerunt

2084 1465 2450 1522 Cluniacensi
2473 1466 2827 1522 monasterio
2846 1466 3015 1522 varia:
3037 1467 3439 1539 possessiones
3457 1484 3606 1539 quas
3622 1467 3737 1523 sin-

2083 1554 2325 1628 gulatim
2359 1572 2656 1611 recensere
2699 1554 2903 1610 inutile
2950 1555 3113 1610 foret.
3170 1556 3284 1611 Nec
3332 1555 3503 1628 plura
3545 1557 3736 1613 dicere

2082 1648 2247 1698 vacat
2275 1645 2345 1699 de
2377 1644 2648 1700 societate
2679 1660 2916 1716 precum
2942 1661 3090 1716 quas
3114 1644 3383 1700 nonnulli
3407 1646 3647 1701 abbates
3669 1663 3737 1701 ex

2082 1732 2258 1787 variis
2290 1732 2601 1804 provinciis
2633 1733 2703 1789 ad
2737 1733 2845 1789 hoc
2870 1732 3184 1789 concilium
3217 1734 3553 1807 congregati
3584 1734 3736 1791 inter

2084 1837 2212 1878 sese
2238 1821 2516 1889 inierunt,
2548 1826 2613 1877 ut
2642 1822 2896 1878 dicimus
2927 1840 2995 1878 ex
3022 1823 3199 1878 veteri
3233 1823 3442 1879 notitia
3471 1824 3600 1895 ejus
3649 1824 3732 1879 rei

2083 1910 2141 1966 in
2172 1928 2284 1966 ms.
2315 1911 2510 1968 codice
2531 1910 2873 1967 monasterii
2899 1911 3149 1967 Illidiani
3172 1912 3438 1983 ejusdem
3463 1912 3627 1969 urbis
3650 1930 3735 1969 re-

2081 1998 2219 2056 lata.
2256 2000 2319 2055 In
2351 2018 2419 2055 ea
2448 2005 2851 2056 memorantur
2879 2017 3013 2056 cum
3046 2001 3253 2056 abbate
3295 2001 3490 2056 Sancti
3532 1999 3730 2073 Illidii,

2082 2090 2321 2145 abbates
2352 2089 2548 2145 Sancti
2572 2089 2864 2157 Florentii,
2898 2088 3095 2145 Sancti
3115 2088 3335 2146 Nicolai
3356 2091 3732 2163 Andegaven-

2082 2179 2185 2246 sis,
2220 2178 2414 2235 Sancti
2444 2178 2715 2251 Cypriani
2745 2195 2922 2251 prope
2954 2178 3276 2249 Pictavum,
3300 2179 3496 2235 Sancti
3529 2180 3729 2235 Savini

2080 2267 2221 2323 item
2245 2268 2399 2340 apud
2422 2267 3021 2336 Pictones,Casaa-Dei:
3044 2271 3169 2323 tum
3194 2267 3467 2323 monachi
3489 2268 3729 2325 Portus-

2081 2356 2204 2422 Dei,
2237 2358 2431 2412 Sancti
2454 2357 2605 2412 Petri
2626 2357 3065 2425 Mauriacensis,
3089 2361 3147 2412 et
3167 2357 3347 2414 abbas
3373 2374 3438 2413 ac
3456 2357 3737 2415 monachi

2081 2446 2275 2501 Sancti
2307 2446 2716 2518 Symphoriani
2744 2445 3146 2501 Tbiernensis.

2080 2550 2327 2636 CCt‘gXY.
2354 2552 2646 2636 Expeditio
2674 2569 2834 2636 saera
2864 2554 2945 2608 ibi
2972 2552 3205 2636 decreta.
3242 2553 3524 2636 Qrationes
3549 2556 3734 2626 ponti-

2176 2625 2311 2693 ﬁcis.
2344 2624 2641 2696 Episcopus
2670 2624 2832 2679 Podii
2860 2627 3201 2680 exercituum
3227 2624 3343 2680 dux
3368 2624 3617 2696 eligitur.

2149 2712 2364 2768 Verum
2398 2712 2543 2767 nihil
2573 2714 2714 2769 adeo
2759 2712 2988 2769 concilii
3038 2713 3473 2770 Claromontani
3506 2715 3725 2771 famam

2077 2801 2325 2874 posteris
2338 2801 2765 2857 commendavit
2784 2819 2850 2858 ac
2863 2801 3107 2858 celebris
3126 2801 3296 2858 illain
3319 2808 3532 2859 terram
3557 2821 3724 2860 sanc-

2075 2894 2198 2946 tam
2229 2890 2671 2963 expeditio,quae
2697 2890 2776 2947 ibi
2818 2891 3077 2964 primum
3116 2893 3417 2948 communi
3457 2892 3722 2949 omnium

2075 2979 2348 3035 ordinum
2361 2996 2650 3036 consensu
2668 2985 2726 3036 et
2743 2980 3029 3053 applausu
3043 2980 3268 3037 sancite
3280 2986 3335 3037 et
3346 2982 3721 3056 promulgata

2075 3069 2205 3124 fuit.
2241 3068 2456 3126 Urbani
2488 3069 2596 3125 hac
2626 3070 2930 3126 occasione
2978 3070 3038 3125 in
3090 3070 3330 3127 dicendo
3381 3071 3718 3127 facundiam

2074 3155 2317 3213 laudant
2335 3158 2557 3230 passim
2574 3157 2792 3231 vulgati
2815 3162 3102 3231 auctores,
3128 3175 3301 3231 quem
3325 3159 3517 3231 reipsa
3536 3159 3718 3215 veluti

315 3249 535 3306 deberti
587 3248 967 3305 Bituricensis
1005 3248 1578 3321 archiepiscoporum
1637 3249 1962 3305 interventu
1998 3232 2039 3299 C
2074 3249 2262 3302 tubam
2309 3249 2572 3303 ea’lestem
2617 3249 2920 3304 intonuisse
2964 3247 3166 3304 scribit
3213 3246 3506 3318 Eugenius
3535 3248 3611 3303 III
3643 3248 3716 3303 ad

315 3355 654 3413 compressa
681 3338 937 3405 fuerunt,
966 3341 1032 3395 ut
1060 3342 1219 3411 patet
1246 3355 1314 3393 ex
1354 3337 1749 3394 instrumento
1780 3356 1847 3396 ea
1895 3340 1966 3395 de

314 3444 377 3485 re
406 3429 671 3484 confecto
696 3444 751 3483 Iv
768 3427 1063 3483 Kalendas
1079 3426 1435 3482 Decembris.
1462 3428 1627 3482 Forte
1652 3427 1767 3483 huc
1787 3428 1963 3484 etiam

316 3516 573 3573 revocari
606 3516 779 3572 debet
801 3516 859 3570 id
882 3516 1037 3587 quod
1061 3514 1359 3570 Paschalis
1380 3514 1420 3569 ll
1445 3515 1622 3571 habet
1651 3516 1711 3571 in
1742 3516 1968 3590 privile-

315 3605 409 3678 gio
438 3607 495 3659 S.
528 3603 760 3676 Hugoni
790 3620 884 3658 an.
912 3604 1052 3658 1100
1077 3619 1353 3659 concesso
1375 3603 1527 3658 edito
1558 3603 1617 3659 in
1646 3605 1964 3677 appendice

312 3691 461 3748 Bibl.
494 3690 915 3758 Cluniacensis,
951 3690 1049 3745 ubi
1072 3690 1330 3762 pontifex
1349 3693 1657 3748 confirmat
1677 3694 1875 3750 omnia
1895 3696 1967 3751 de

312 3780 511 3853 quibus
539 3779 599 3836 in
629 3778 874 3836 concilio
887 3778 1623 3837 Claromontanoadversus
1645 3799 1779 3837 eum
1810 3786 1967 3840 nulla

312 3871 539 3943 quaestio
568 3872 718 3925 mota
739 3875 836 3924 est.
872 3868 1032 3923 Idem
1066 3871 1305 3923 sanctus
1341 3872 1507 3941 Hugo
1538 3870 1609 3925 ad
1652 3870 1963 3928 concilium

309 3958 518 4017 detulit
537 3957 1044 4015 Silviniacensium
1066 3956 1485 4013 monachorum
1501 3974 1735 4014 causam
1764 3961 1962 4017 adver-

308 4063 412 4105 sus
440 4045 921 4109 Archimbaldum
953 4045 1224 4102 Borbonii
1253 4045 1601 4119 principem,
1635 4064 1754 4116 eos,
1787 4053 1961 4105 utsu-

309 4153 417 4210 pra
437 4137 566 4208 jam
586 4136 865 4204 diximus,
898 4151 1103 4191 vexare
1123 4139 1459 4207 pergentem
1490 4136 1752 4209 exemplo
1776 4138 1961 4194 Patris

309 4226 424 4296 sui,
450 4224 551 4298 qui
576 4224 795 4281 frustra
822 4241 857 4279 a
885 4225 1056 4280 beato
1086 4224 1295 4279 abbate
1327 4223 1660 4296 frequenter
1699 4226 1960 4283 monitus

308 4318 367 4371 et
393 4315 454 4369 in
480 4314 700 4386 synodo
721 4310 963 4368 Cariloci
983 4329 1050 4368 ea
1072 4312 1373 4368 occasione
1403 4313 1604 4369 habita
1644 4315 1960 4387 reprehen-

309 4419 432 4471 sus,
466 4401 702 4458 nonnisi
733 4401 905 4457 morti
939 4399 1237 4473 proximus
1281 4401 1623 4474 resipuerat,
1678 4403 1777 4460 Ille
1823 4420 1957 4461 vero

307 4489 492 4564 patris
521 4489 636 4556 sui,
669 4488 788 4545 imo
818 4493 874 4544 et
918 4506 1183 4555 suorum,
1232 4493 1298 4544 ut
1345 4506 1525 4562 supra
1572 4492 1679 4546 202
1730 4492 1953 4548 dictum

2074 3336 2427 3391 Ludovicum
2463 3337 2814 3392 Francorum
2848 3353 3062 3410 regem,
3087 3339 3152 3390 ut
3176 3337 3226 3391 si
3247 3336 3317 3391 ad
3340 3334 3594 3391 similem
3620 3352 3719 3392 ex-

2072 3424 2426 3497 peditionem
2442 3424 2875 3498 suscipiendam
2889 3426 3154 3481 animum
3169 3425 3723 3497 adjiceret.Audien-

2073 3514 2185 3569 dus
2198 3531 2264 3569 ea
2284 3515 2353 3569 de
2376 3531 2434 3569 re
2455 3514 2769 3571 Guibertus
2791 3514 3091 3586 Novigenti
3106 3515 3310 3581 abbas,
3334 3514 3431 3586 qui
3447 3514 3717 3586 postlau-

2073 3603 2270 3658 datam
2286 3603 2578 3676 pontificis
2593 3603 2653 3658 in
2674 3620 2743 3659 ea
2762 3604 3125 3677 expeditione
3147 3602 3575 3677 promulganda
3598 3619 3717 3658 ma-

2072 3692 2542 3765 gnanimitatem,
2567 3691 2648 3748 sic
2671 3709 2804 3748 eum
2827 3691 3069 3747 concilio
3092 3691 3497 3765 praesidentem
3519 3708 3722 3764 reprae-

2074 3784 2299 3836 sentat:
2348 3784 2488 3836 Erat
2543 3782 2623 3837 ibi
2672 3789 2912 3853 spectare
2962 3798 3128 3853 quam
3177 3797 3373 3837 serena
3429 3783 3716 3852 gravitate,

2069 3870 2368 3942 ponderosa
2398 3872 2647 3926 comitate
2666 3870 3021 3942 pra’sideret:
3049 3874 3119 3941 et,
3174 3878 3235 3926 ut
3278 3870 3495 3925 Sidonii
3540 3870 3719 3926 verbis

2071 3967 2217 4025 utar,
2246 3975 2409 4030 quam
2426 3961 2677 4031 piperata
2693 3959 2958 4030 facundia
2978 3958 3048 4013 ad
3069 3959 3270 4030 objecta
3301 3959 3560 4031 quzelibet
3571 3976 3719 4030 papa

2070 4047 2465 4103 disertissimus
2493 4048 2792 4103 detonaret.
2826 4048 3123 4105 Notabatur
3160 4051 3368 4118 quanta
3405 4049 3491 4102 vir
3517 4048 3719 4102 claris-

2068 4139 2241 4192 simus
2264 4137 2523 4193 modestia
2560 4137 2826 4192 tolerabat
2871 4154 2997 4193 suas
3029 4138 3362 4192 tumultuose
3403 4152 3594 4191 causas
3622 4138 3717 4190 in-

2067 4227 2371 4297 gerentium
2398 4227 2803 4296 loquacitatem,
2843 4243 3008 4297 quam
3032 4242 3236 4298 parum
3278 4225 3715 4297 appretiabatur,

2066 4316 2183 4369 nisi
2195 4313 2490 4369 secundum
2510 4316 2696 4380 Deum,
2722 4315 3030 4387 cujuspiam
3045 4314 3495 4387 personalitatem
3510 4330 3531 4375 ;
3553 4313 3709 4385 quod

2068 4402 2128 4457 in
2159 4420 2225 4458 eo
2259 4402 2509 4458 maxime
2534 4404 2821 4475 apparuit,
2857 4404 2942 4459 uti
2975 4403 3349 4476 prosequitur
3368 4402 3466 4457 ille
3488 4406 3711 4467 auctor,

2064 4491 2204 4564 quod
2232 4492 2551 4564 Philippum
2576 4508 2766 4564 regem
2797 4495 2954 4548 tanta
2982 4494 3306 4548 auctoritate
3343 4492 3716 4547 excommuni-

306 4583 416 4647 est,
440 4578 865 4651 promissorum
890 4578 1148 4650 pontifici
1173 4578 1457 4635 factorum
1479 4580 1807 4649 immemor,
1842 4582 1953 4637 Sil-
1983 4602 2031 4667 D
2063 4583 2225 4648 cavit,
2259 4588 2318 4636 ut
2349 4581 2758 4636 intercessiones
2808 4581 3187 4653 spectabilium
3229 4596 3611 4652 personarum,
3663 4584 3717 4634 et

304 4666 531 4723 viniaco
560 4665 753 4722 adhuc
785 4670 910 4723 erat
938 4666 1219 4723 infestus:
1251 4684 1430 4740 quare
1461 4668 1627 4742 Hugo
1682 4674 1746 4725 ut
1776 4670 1835 4725 in
1870 4672 1953 4726 in-

304 4759 632 4813 strumento
662 4754 880 4812 ibidem
910 4755 1145 4811 laudato
1189 4756 1458 4824 refertur,
1499 4759 1557 4812 in
1598 4759 1700 4813 illa
1743 4776 1951 4830 magna

303 4844 526 4919 synodo,
558 4861 675 4917 qua
703 4844 849 4918 apud
878 4846 1264 4901 Arvernensem
1286 4845 1555 4901 celebrata
1577 4855 1655 4902 est
1674 4848 1951 4904 civitatem

304 4934 491 4991 domni
522 4950 687 5008 papa?
730 4934 958 4991 auribus
998 4934 1110 4989 haec
1156 4935 1453 4990 intimavit.
1505 4936 1567 4989 At
1612 4952 1737 4991 vero
1780 4937 1948 4992 isdem

299 5040 464 5097 papa,
497 5027 558 5080 ut
583 5040 793 5097 semper
815 5027 1048 5097 paratus
1094 5026 1213 5077 erat
1259 5025 1320 5077 in
1362 5024 1612 5079 omnibus
1647 5025 1767 5095 jam
1816 5026 1950 5082 dicti

296 5116 475 5186 patris
502 5113 871 5186 obtemperare
889 5113 1044 5178 votis,
1068 5116 1277 5168 evocato
1301 5110 1373 5166 ad
1392 5113 1681 5167 concilium
1699 5114 1945 5168 Ar..-him-

305 5200 484 5271 baldo,
517 5202 587 5257 ad
632 5203 731 5257 hoe
775 5202 946 5272 coegit
990 5204 1051 5254 ut
1091 5203 1432 5272 promitteret
1475 5217 1531 5255 se
1568 5203 1735 5273 juxta
1780 5206 1951 5258 consi-

302 5292 443 5346 lium
470 5290 865 5361 arehiepiseopi
893 5290 1253 5344 Bituricensis
1281 5292 1331 5343 et
1359 5291 1567 5361 epicbpz
1620 5290 1945 5363 Aniciensis,

303 5376 603 5435 Guillelmi
633 5393 865 5448 quoque
895 5377 967 5433 de
995 5377 1172 5445 Balia,
1205 5377 1256 5433 is
1285 5380 1374 5432 est
1404 5377 1505 5449 qui
1536 5377 1595 5433 in
1618 5378 1811 5435 locum
1836 5385 1948 5437 Du-

301 5465 472 5522 ranni
503 5464 761 5537 episcopi
782 5464 1215 5522 Claromontani
1239 5466 1494 5521 defuncti
1520 5469 1800 5525 suffectus
1835 5475 1946 5540 est,

301 5558 360 5610 et
390 5553 639 5609 aliorum
671 5554 1058 5625 quorumdam
1091 5554 1377 5611 nobilium
1430 5555 1687 5611 virorum
1737 5564 1947 5616 cuncta

306 5659 481 5715 prave
512 5660 545 5699 a
575 5659 636 5701 se
669 5646 867 5700 contra
890 5644 1172 5701 domnum
1197 5645 1466 5702 abbatem
1493 5649 1656 5720 gesta
1671 5649 1945 5705 emenda-

2060 4671 2453 4742 multiplicium
2507 4686 2799 4725 munerum
2858 4672 3130 4726 illationes
3189 4671 3609 4741 contempserit,-
3664 4673 3719 4724 et

2058 4759 2199 4830 quod
2229 4761 2377 4814 intra
2408 4760 2567 4828 regni
2593 4760 2765 4831 ipsius
2792 4759 3176 4816 demorabatur
3202 4759 3405 4814 limites
3430 4774 3540 4814 non
3568 4758 3710 4814 exti-

2057 4849 2279 4903 mueril.

2128 4935 2335 4991 Finitis
2365 4934 2558 5007 itaque
2585 4936 2762 4992 variis
2794 4937 3070 5010 negotiis,
3108 4952 3235 5009 quae
3280 4936 3353 4992 ad
3399 4933 3711 4991 concilium
3755 5008 3763 5014 ‘

2057 5024 2247 5080 delata
2281 5024 2527 5090 fuerant,
2574 5025 2849 5097 pontifex,
2897 5030 2962 5081 ut
3004 5026 3288 5082 Robertus
3331 5023 3710 5096 Remigianus

2057 5114 2237 5169 abbas
2270 5114 2461 5181 refert,
2496 5114 2594 5185 qui
2627 5130 2882 5185 praesens
2908 5115 3127 5181 aderat,
3170 5115 3342 5169 exivit
3384 5115 3445 5169 in
3476 5111 3713 5185 quadam

2055 5205 2311 5275 spatiosa:
2344 5203 2656 5257 latitudinis
2679 5203 2863 5274 platea
2894 5204 3029 5274 quia
3053 5220 3163 5260 non
3189 5206 3399 5275 poterat
3444 5203 3570 5258 illas
3619 5216 3709 5255 ea-

2048 5308 2181 5364 pere
2197 5292 2485 5362 cujuslibet
2499 5290 2729 5361 aediﬁcii
2742 5291 3023 5358 clausura,
3043 5292 3144 5347 ubi
3163 5292 3509 5359 orationem,
3528 5305 3708 5361 quam

2055 5382 2210 5436 idem
2230 5384 2432 5435 auctor
2448 5379 2789 5434 summatim
2808 5381 3002 5449 refert,
3022 5381 3250 5450 habuit,
3270 5385 3335 5436 ut
3354 5378 3603 5436 adillam
3619 5394 3712 5433 ex-

2056 5469 2407 5544 peditionem
2433 5468 2752 5524 astantium
2772 5469 2998 5527 animos
3016 5472 3321 5539 excitaret;
3343 5485 3494 5542 quos
3512 5483 3714 5524 revera

2055 5560 2135 5615 ita
2165 5557 2465 5630 permovit,
2499 5560 2563 5612 ut
2592 5558 2793 5614 statim
2820 5576 3025 5617 omnes
3048 5558 3545 5617 conclamaverint
3567 5557 3707 5612 Deus

2054 5646 2195 5702 illud
2226 5645 2359 5713 vult,
2393 5647 2529 5702 Deus
2566 5646 2707 5703 illud
2731 5649 2865 5719 vult,
2893 5666 3020 5722 qua:
3056 5650 3228 5706 verba
3250 5646 3625 5721 postmodum
3648 5644 3708 5699 in
