  <div class='ocr_page' id='page_1' title='image "/cluster/home/n/w/nwhite01/storage/ocr_20150623/151/hvd.32044054760095/096.png"; bbox 0 0 3998 6158; ppageno 0'>
   <div class='ocr_carea' id='block_1_1' title="bbox 191 379 315 445">
    <p class='ocr_par' dir='ltr' id='par_1_1' title="bbox 191 379 315 445">
     <span class='ocr_line' id='line_1_1' title="bbox 191 379 315 445; baseline -0.024 0"><span class='ocrx_word' id='word_1_1' title='bbox 191 379 315 445; x_wconf 80' lang='lat'><strong>181</strong></span> 
     </span>
    </p>
   </div>
   <div class='ocr_carea' id='block_1_2' title="bbox 1798 364 2012 434">
    <p class='ocr_par' dir='ltr' id='par_1_2' title="bbox 1798 364 2012 434">
     <span class='ocr_line' id='line_1_2' title="bbox 1798 364 2012 434; baseline -0.005 -1"><span class='ocrx_word' id='word_1_2' title='bbox 1798 364 2012 434; x_wconf 67' lang='grc' dir='ltr'><strong>νισι-Α.</strong></span> 
     </span>
    </p>
   </div>
   <div class='ocr_carea' id='block_1_3' title="bbox 3488 360 3661 433">
    <p class='ocr_par' dir='ltr' id='par_1_3' title="bbox 3488 360 3661 433">
     <span class='ocr_line' id='line_1_3' title="bbox 3488 360 3661 433; baseline 0.029 -7"><span class='ocrx_word' id='word_1_3' title='bbox 3488 360 3609 433; x_wconf 71' lang='grc'><strong>182</strong></span> <span class='ocrx_word' id='word_1_4' title='bbox 3659 364 3661 367; x_wconf 74' lang='grc'><strong>’</strong></span> 
     </span>
    </p>
   </div>
   <div class='ocr_carea' id='block_1_4' title="bbox 192 495 3625 588">
    <p class='ocr_par' dir='ltr' id='par_1_4' title="bbox 192 495 3625 588">
     <span class='ocr_line' id='line_1_4' title="bbox 192 495 3625 588; baseline -0.005 -12"><span class='ocrx_word' id='word_1_5' title='bbox 192 523 489 576; x_wconf 76' lang='lat' dir='ltr'><strong>tesseram</strong></span> <span class='ocrx_word' id='word_1_6' title='bbox 501 499 1203 588; x_wconf 80' lang='lat' dir='ltr'><strong>peregrinantium,veteri</strong></span> <span class='ocrx_word' id='word_1_7' title='bbox 1216 501 1426 582; x_wconf 89' lang='lat' dir='ltr'><strong>gallico</strong></span> <span class='ocrx_word' id='word_1_8' title='bbox 1446 500 1723 563; x_wconf 89' lang='lat' dir='ltr'><strong>idiomate</strong></span> <span class='ocrx_word' id='word_1_9' title='bbox 1738 501 1853 562; x_wconf 87' lang='lat' dir='ltr'><strong>Deu</strong></span> <span class='ocrx_word' id='word_1_10' title='bbox 1879 504 1937 574; x_wconf 82' lang='grc' dir='ltr'><strong>Α</strong></span> <span class='ocrx_word' id='word_1_11' title='bbox 1965 502 2122 563; x_wconf 85' lang='lat' dir='ltr'><strong>Gesta</strong></span> <span class='ocrx_word' id='word_1_12' title='bbox 2144 501 2244 560; x_wconf 83' lang='lat' dir='ltr'><strong>Dei</strong></span> <span class='ocrx_word' id='word_1_13' title='bbox 2266 516 2369 577; x_wconf 85' lang='lat' dir='ltr'><strong>per</strong></span> <span class='ocrx_word' id='word_1_14' title='bbox 2404 500 2657 559; x_wconf 82' lang='lat' dir='ltr'><strong>Francos.</strong></span> <span class='ocrx_word' id='word_1_15' title='bbox 2680 500 2896 559; x_wconf 84' lang='lat' dir='ltr'><strong>Earum</strong></span> <span class='ocrx_word' id='word_1_16' title='bbox 2920 513 3053 558; x_wconf 88' lang='lat' dir='ltr'><strong>vero</strong></span> <span class='ocrx_word' id='word_1_17' title='bbox 3075 495 3472 558; x_wconf 73' lang='lat' dir='ltr'><strong>sinceritatem</strong></span> <span class='ocrx_word' id='word_1_18' title='bbox 3504 516 3625 581; x_wconf 78' lang='lat' dir='ltr'><strong>ne-_</strong></span> 
     </span>
    </p>
   </div>
   <div class='ocr_carea' id='block_1_5' title="bbox 195 593 1853 677">
    <p class='ocr_par' dir='ltr' id='par_1_5' title="bbox 195 593 1853 677">
     <span class='ocr_line' id='line_1_5' title="bbox 195 593 1853 677; baseline -0.011 -9"><span class='ocrx_word' id='word_1_19' title='bbox 195 609 246 668; x_wconf 87' lang='lat' dir='ltr'><strong>lo</strong></span> <span class='ocrx_word' id='word_1_20' title='bbox 268 609 397 666; x_wconf 83' lang='lat' dir='ltr'><strong>wolt</strong></span> <span class='ocrx_word' id='word_1_21' title='bbox 421 605 730 677; x_wconf 84' lang='lat' dir='ltr'><strong>assumpta</strong></span> <span class='ocrx_word' id='word_1_22' title='bbox 740 600 921 668; x_wconf 88' lang='lat' dir='ltr'><strong>fuere,</strong></span> <span class='ocrx_word' id='word_1_23' title='bbox 937 596 1153 672; x_wconf 90' lang='lat' dir='ltr'><strong>quibus</strong></span> <span class='ocrx_word' id='word_1_24' title='bbox 1165 595 1381 654; x_wconf 88' lang='lat' dir='ltr'><strong>milites</strong></span> <span class='ocrx_word' id='word_1_25' title='bbox 1392 600 1449 653; x_wconf 91' lang='lat' dir='ltr'><strong>et</strong></span> <span class='ocrx_word' id='word_1_26' title='bbox 1465 594 1561 652; x_wconf 84' lang='lat' dir='ltr'><strong>alii</strong></span> <span class='ocrx_word' id='word_1_27' title='bbox 1574 593 1853 669; x_wconf 88' lang='lat' dir='ltr'><strong>perigrini</strong></span> 
     </span>
    </p>
   </div>
   <div class='ocr_carea' id='block_1_6' title="bbox 189 685 1850 774">
    <p class='ocr_par' dir='ltr' id='par_1_6' title="bbox 189 685 1850 774">
     <span class='ocr_line' id='line_1_6' title="bbox 189 685 1850 774; baseline -0.011 -17"><span class='ocrx_word' id='word_1_28' title='bbox 189 700 254 757; x_wconf 89' lang='lat' dir='ltr'><strong>in</strong></span> <span class='ocrx_word' id='word_1_29' title='bbox 271 695 649 774; x_wconf 71' lang='lat' dir='ltr'><strong>gravioribus</strong></span> <span class='ocrx_word' id='word_1_30' title='bbox 661 691 939 748; x_wconf 81' lang='lat' dir='ltr'><strong>itinerum</strong></span> <span class='ocrx_word' id='word_1_31' title='bbox 952 693 1009 745; x_wconf 91' lang='lat' dir='ltr'><strong>et</strong></span> <span class='ocrx_word' id='word_1_32' title='bbox 1024 688 1251 744; x_wconf 83' lang='lat' dir='ltr'><strong>viarum</strong></span> <span class='ocrx_word' id='word_1_33' title='bbox 1274 685 1850 750; x_wconf 80' lang='lat' dir='ltr'><strong>difficultatibus,seu</strong></span> 
     </span>
    </p>
   </div>
   <div class='ocr_carea' id='block_1_7' title="bbox 192 774 1853 845">
    <p class='ocr_par' dir='ltr' id='par_1_7' title="bbox 192 774 1853 845">
     <span class='ocr_line' id='line_1_7' title="bbox 192 774 1853 845; baseline -0.011 0"><span class='ocrx_word' id='word_1_34' title='bbox 192 789 255 845; x_wconf 91' lang='lat' dir='ltr'><strong>in</strong></span> <span class='ocrx_word' id='word_1_35' title='bbox 286 786 507 845; x_wconf 89' lang='lat' dir='ltr'><strong>mediis</strong></span> <span class='ocrx_word' id='word_1_36' title='bbox 526 780 947 840; x_wconf 79' lang='lat' dir='ltr'><strong>certaminibus</strong></span> <span class='ocrx_word' id='word_1_37' title='bbox 970 778 1248 834; x_wconf 89' lang='lat' dir='ltr'><strong>adversus</strong></span> <span class='ocrx_word' id='word_1_38' title='bbox 1264 775 1549 843; x_wconf 79' lang='lat' dir='ltr'><strong>infideles,</strong></span> <span class='ocrx_word' id='word_1_39' title='bbox 1569 790 1696 831; x_wconf 88' lang='lat' dir='ltr'><strong>sese</strong></span> <span class='ocrx_word' id='word_1_40' title='bbox 1712 774 1853 829; x_wconf 90' lang='lat' dir='ltr'><strong>invi-</strong></span> 
     </span>
    </p>
   </div>
   <div class='ocr_carea' id='block_1_8' title="bbox 189 865 1855 943">
    <p class='ocr_par' dir='ltr' id='par_1_8' title="bbox 189 865 1855 943">
     <span class='ocr_line' id='line_1_8' title="bbox 189 865 1855 943; baseline -0.011 -8"><span class='ocrx_word' id='word_1_41' title='bbox 189 895 326 934; x_wconf 89' lang='lat' dir='ltr'><strong>cem</strong></span> <span class='ocrx_word' id='word_1_42' title='bbox 341 878 413 933; x_wconf 86' lang='lat' dir='ltr'><strong>ad</strong></span> <span class='ocrx_word' id='word_1_43' title='bbox 437 879 674 931; x_wconf 85' lang='lat' dir='ltr'><strong>strenue</strong></span> <span class='ocrx_word' id='word_1_44' title='bbox 687 868 977 943; x_wconf 89' lang='lat' dir='ltr'><strong>agendum</strong></span> <span class='ocrx_word' id='word_1_45' title='bbox 995 865 1638 923; x_wconf 86' lang='lat' dir='ltr'><strong>cohortabantur.ldem</strong></span> <span class='ocrx_word' id='word_1_46' title='bbox 1653 865 1855 918; x_wconf 84' lang='lat' dir='ltr'><strong>auctor</strong></span> 
     </span>
    </p>
   </div>
   <div class='ocr_carea' id='block_1_9' title="bbox 189 951 1854 1035">
    <p class='ocr_par' dir='ltr' id='par_1_9' title="bbox 189 951 1854 1035">
     <span class='ocr_line' id='line_1_9' title="bbox 189 951 1854 1035; baseline -0.011 -11"><span class='ocrx_word' id='word_1_47' title='bbox 189 971 402 1024; x_wconf 88' lang='lat' dir='ltr'><strong>narrat</strong></span> <span class='ocrx_word' id='word_1_48' title='bbox 452 960 795 1035; x_wconf 87' lang='lat' dir='ltr'><strong>Gregorium</strong></span> <span class='ocrx_word' id='word_1_49' title='bbox 843 955 1195 1013; x_wconf 83' lang='lat' dir='ltr'><strong>cardinalem</strong></span> <span class='ocrx_word' id='word_1_50' title='bbox 1244 955 1318 1027; x_wconf 87' lang='lat' dir='ltr'><strong>(is</strong></span> <span class='ocrx_word' id='word_1_51' title='bbox 1348 957 1550 1026; x_wconf 90' lang='lat' dir='ltr'><strong>postea</strong></span> <span class='ocrx_word' id='word_1_52' title='bbox 1594 951 1854 1024; x_wconf 86' lang='lat' dir='ltr'><strong>pontifex</strong></span> 
     </span>
    </p>
   </div>
   <div class='ocr_carea' id='block_1_10' title="bbox 191 1040 1850 1122">
    <p class='ocr_par' dir='ltr' id='par_1_10' title="bbox 191 1040 1850 1122">
     <span class='ocr_line' id='line_1_10' title="bbox 191 1040 1850 1122; baseline -0.012 -8"><span class='ocrx_word' id='word_1_53' title='bbox 191 1048 807 1122; x_wconf 71' lang='lat' dir='ltr'><strong>tactuannoceutius</strong></span> <span class='ocrx_word' id='word_1_54' title='bbox 822 1047 871 1103; x_wconf 89' lang='lat' dir='ltr'><strong>II</strong></span> <span class='ocrx_word' id='word_1_55' title='bbox 893 1046 1086 1102; x_wconf 90' lang='lat' dir='ltr'><strong>dictus</strong></span> <span class='ocrx_word' id='word_1_56' title='bbox 1101 1045 1237 1116; x_wconf 90' lang='lat' dir='ltr'><strong>est),</strong></span> <span class='ocrx_word' id='word_1_57' title='bbox 1252 1043 1449 1099; x_wconf 83' lang='lat' dir='ltr'><strong>statim</strong></span> <span class='ocrx_word' id='word_1_58' title='bbox 1471 1044 1605 1114; x_wconf 88' lang='lat' dir='ltr'><strong>post</strong></span> <span class='ocrx_word' id='word_1_59' title='bbox 1625 1040 1850 1096; x_wconf 82' lang='lat' dir='ltr'><strong>finitam</strong></span> 
     </span>
    </p>
   </div>
   <div class='ocr_carea' id='block_1_11' title="bbox 190 1130 1853 1208">
    <p class='ocr_par' dir='ltr' id='par_1_11' title="bbox 190 1130 1853 1208">
     <span class='ocr_line' id='line_1_11' title="bbox 190 1130 1853 1208; baseline -0.012 -4"><span class='ocrx_word' id='word_1_60' title='bbox 190 1144 419 1204; x_wconf 81' lang='lat' dir='ltr'><strong>Urbani</strong></span> <span class='ocrx_word' id='word_1_61' title='bbox 452 1138 913 1200; x_wconf 81' lang='lat' dir='ltr'><strong>exhortationem</strong></span> <span class='ocrx_word' id='word_1_62' title='bbox 939 1151 1040 1208; x_wconf 88' lang='lat' dir='ltr'><strong>pro</strong></span> <span class='ocrx_word' id='word_1_63' title='bbox 1085 1134 1336 1189; x_wconf 84' lang='lat' dir='ltr'><strong>omnibus</strong></span> <span class='ocrx_word' id='word_1_64' title='bbox 1365 1140 1522 1187; x_wconf 68' lang='lat' dir='ltr'><strong>terra:</strong></span> <span class='ocrx_word' id='word_1_65' title='bbox 1565 1130 1853 1203; x_wconf 81' lang='lat' dir='ltr'><strong>prostratis</strong></span> 
     </span>
    </p>
   </div>
   <div class='ocr_carea' id='block_1_12' title="bbox 188 1222 1854 1308">
    <p class='ocr_par' dir='ltr' id='par_1_12' title="bbox 188 1222 1854 1308">
     <span class='ocr_line' id='line_1_12' title="bbox 188 1222 1854 1308; baseline -0.014 -12"><span class='ocrx_word' id='word_1_66' title='bbox 188 1236 599 1308; x_wconf 74' lang='lat' dir='ltr'><strong>wnfessionem</strong></span> <span class='ocrx_word' id='word_1_67' title='bbox 624 1245 782 1286; x_wconf 86' lang='lat' dir='ltr'><strong>suam</strong></span> <span class='ocrx_word' id='word_1_68' title='bbox 808 1227 1032 1292; x_wconf 72' lang='lat' dir='ltr'><strong>dixisse,</strong></span> <span class='ocrx_word' id='word_1_69' title='bbox 1085 1231 1137 1280; x_wconf 90' lang='lat' dir='ltr'><strong>et</strong></span> <span class='ocrx_word' id='word_1_70' title='bbox 1179 1224 1260 1278; x_wconf 89' lang='lat' dir='ltr'><strong>sic</strong></span> <span class='ocrx_word' id='word_1_71' title='bbox 1296 1238 1479 1278; x_wconf 87' lang='lat' dir='ltr'><strong>omnes</strong></span> <span class='ocrx_word' id='word_1_72' title='bbox 1504 1222 1721 1293; x_wconf 80' lang='lat' dir='ltr'><strong>pectora</strong></span> <span class='ocrx_word' id='word_1_73' title='bbox 1749 1234 1854 1273; x_wconf 85' lang='lat' dir='ltr'><strong>sua</strong></span> 
     </span>
    </p>
   </div>
   <div class='ocr_carea' id='block_1_13' title="bbox 186 1311 1850 1392">
    <p class='ocr_par' dir='ltr' id='par_1_13' title="bbox 186 1311 1850 1392">
     <span class='ocr_line' id='line_1_13' title="bbox 186 1311 1850 1392; baseline -0.013 -8"><span class='ocrx_word' id='word_1_74' title='bbox 186 1326 491 1384; x_wconf 77' lang='lat' dir='ltr'><strong>tundentes</strong></span> <span class='ocrx_word' id='word_1_75' title='bbox 514 1321 831 1392; x_wconf 84' lang='lat' dir='ltr'><strong>impetrasse</strong></span> <span class='ocrx_word' id='word_1_76' title='bbox 861 1316 926 1372; x_wconf 87' lang='lat' dir='ltr'><strong>de</strong></span> <span class='ocrx_word' id='word_1_77' title='bbox 972 1315 1074 1381; x_wconf 84' lang='lat' dir='ltr'><strong>his,</strong></span> <span class='ocrx_word' id='word_1_78' title='bbox 1109 1329 1226 1385; x_wconf 70' lang='lat' dir='ltr'><strong>quae</strong></span> <span class='ocrx_word' id='word_1_79' title='bbox 1255 1312 1400 1367; x_wconf 87' lang='lat' dir='ltr'><strong>male</strong></span> <span class='ocrx_word' id='word_1_80' title='bbox 1445 1311 1850 1373; x_wconf 79' lang='lat' dir='ltr'><strong>commiserant,</strong></span> 
     </span>
    </p>
   </div>
   <div class='ocr_carea' id='block_1_14' title="bbox 187 1400 1855 1479">
    <p class='ocr_par' dir='ltr' id='par_1_14' title="bbox 187 1400 1855 1479">
     <span class='ocr_line' id='line_1_14' title="bbox 187 1400 1855 1479; baseline -0.013 -6"><span class='ocrx_word' id='word_1_81' title='bbox 187 1415 643 1473; x_wconf 77' lang='lat' dir='ltr'><strong>absolutionem;</strong></span> <span class='ocrx_word' id='word_1_82' title='bbox 675 1416 725 1464; x_wconf 91' lang='lat' dir='ltr'><strong>et</strong></span> <span class='ocrx_word' id='word_1_83' title='bbox 770 1409 923 1479; x_wconf 80' lang='lat' dir='ltr'><strong>facta</strong></span> <span class='ocrx_word' id='word_1_84' title='bbox 957 1404 1296 1460; x_wconf 86' lang='lat' dir='ltr'><strong>absolutione</strong></span> <span class='ocrx_word' id='word_1_85' title='bbox 1326 1400 1769 1464; x_wconf 88' lang='lat' dir='ltr'><strong>benedictionem,</strong></span> <span class='ocrx_word' id='word_1_86' title='bbox 1802 1401 1855 1453; x_wconf 92' lang='lat' dir='ltr'><strong>et</strong></span> 
     </span>
    </p>
   </div>
   <div class='ocr_carea' id='block_1_15' title="bbox 190 1489 1849 1565">
    <p class='ocr_par' dir='ltr' id='par_1_15' title="bbox 190 1489 1849 1565">
     <span class='ocr_line' id='line_1_15' title="bbox 190 1489 1849 1565; baseline -0.014 -2"><span class='ocrx_word' id='word_1_87' title='bbox 190 1504 577 1563; x_wconf 82' lang='lat' dir='ltr'><strong>benedictione</strong></span> <span class='ocrx_word' id='word_1_88' title='bbox 604 1504 889 1555; x_wconf 79' lang='lat' dir='ltr'><strong>consecuta</strong></span> <span class='ocrx_word' id='word_1_89' title='bbox 905 1494 975 1550; x_wconf 86' lang='lat' dir='ltr'><strong>ad</strong></span> <span class='ocrx_word' id='word_1_90' title='bbox 998 1494 1226 1565; x_wconf 85' lang='lat' dir='ltr'><strong>prepria</strong></span> <span class='ocrx_word' id='word_1_91' title='bbox 1244 1489 1529 1546; x_wconf 82' lang='lat' dir='ltr'><strong>remeandi</strong></span> <span class='ocrx_word' id='word_1_92' title='bbox 1549 1490 1849 1552; x_wconf 88' lang='lat' dir='ltr'><strong>licentiam,</strong></span> 
     </span>
    </p>
   </div>
   <div class='ocr_carea' id='block_1_16' title="bbox 189 1577 1850 1660">
    <p class='ocr_par' dir='ltr' id='par_1_16' title="bbox 189 1577 1850 1660">
     <span class='ocr_line' id='line_1_16' title="bbox 189 1577 1850 1660; baseline -0.013 -8"><span class='ocrx_word' id='word_1_93' title='bbox 189 1600 257 1652; x_wconf 86' lang='lat' dir='ltr'><strong>ut</strong></span> <span class='ocrx_word' id='word_1_94' title='bbox 288 1593 523 1651; x_wconf 83' lang='lat' dir='ltr'><strong>scilicet</strong></span> <span class='ocrx_word' id='word_1_95' title='bbox 552 1605 681 1660; x_wconf 59' lang='lat' dir='ltr'><strong>qua</strong></span> <span class='ocrx_word' id='word_1_96' title='bbox 711 1586 782 1642; x_wconf 89' lang='lat' dir='ltr'><strong>ad</strong></span> <span class='ocrx_word' id='word_1_97' title='bbox 815 1587 1049 1640; x_wconf 88' lang='lat' dir='ltr'><strong>tantum</strong></span> <span class='ocrx_word' id='word_1_98' title='bbox 1075 1581 1205 1649; x_wconf 86' lang='lat' dir='ltr'><strong>iter,</strong></span> <span class='ocrx_word' id='word_1_99' title='bbox 1240 1580 1394 1653; x_wconf 88' lang='lat' dir='ltr'><strong>quod</strong></span> <span class='ocrx_word' id='word_1_100' title='bbox 1429 1577 1700 1648; x_wconf 85' lang='lat' dir='ltr'><strong>deinceps</strong></span> <span class='ocrx_word' id='word_1_101' title='bbox 1731 1577 1850 1630; x_wconf 87' lang='lat' dir='ltr'><strong>Via-</strong></span> 
     </span>
    </p>
   </div>
   <div class='ocr_carea' id='block_1_17' title="bbox 190 1665 1853 1755">
    <p class='ocr_par' dir='ltr' id='par_1_17' title="bbox 190 1665 1853 1755">
     <span class='ocr_line' id='line_1_17' title="bbox 190 1665 1853 1755; baseline -0.015 -12"><span class='ocrx_word' id='word_1_102' title='bbox 190 1687 292 1743; x_wconf 85' lang='lat' dir='ltr'><strong>Dei</strong></span> <span class='ocrx_word' id='word_1_103' title='bbox 322 1678 692 1755; x_wconf 84' lang='lat' dir='ltr'><strong>appellatum</strong></span> <span class='ocrx_word' id='word_1_104' title='bbox 725 1675 855 1741; x_wconf 85' lang='lat' dir='ltr'><strong>fuit,</strong></span> <span class='ocrx_word' id='word_1_105' title='bbox 886 1671 1217 1729; x_wconf 85' lang='lat' dir='ltr'><strong>necessaria</strong></span> <span class='ocrx_word' id='word_1_106' title='bbox 1247 1671 1415 1737; x_wconf 88' lang='lat' dir='ltr'><strong>erant</strong></span> <span class='ocrx_word' id='word_1_107' title='bbox 1445 1667 1557 1723; x_wconf 92' lang='lat' dir='ltr'><strong>sibi</strong></span> <span class='ocrx_word' id='word_1_108' title='bbox 1589 1665 1853 1739; x_wconf 90' lang='lat' dir='ltr'><strong>provide-</strong></span> 
     </span>
    </p>
   </div>
   <div class='ocr_carea' id='block_1_18' title="bbox 193 1756 1855 1840">
    <p class='ocr_par' dir='ltr' id='par_1_18' title="bbox 193 1756 1855 1840">
     <span class='ocr_line' id='line_1_18' title="bbox 193 1756 1855 1840; baseline -0.014 -8"><span class='ocrx_word' id='word_1_109' title='bbox 193 1778 351 1840; x_wconf 84' lang='lat' dir='ltr'><strong>rent,</strong></span> <span class='ocrx_word' id='word_1_110' title='bbox 371 1788 441 1828; x_wconf 88' lang='lat' dir='ltr'><strong>ac</strong></span> <span class='ocrx_word' id='word_1_111' title='bbox 472 1768 641 1834; x_wconf 90' lang='lat' dir='ltr'><strong>alios,</strong></span> <span class='ocrx_word' id='word_1_112' title='bbox 662 1763 762 1838; x_wconf 91' lang='lat' dir='ltr'><strong>qui</strong></span> <span class='ocrx_word' id='word_1_113' title='bbox 784 1764 1054 1820; x_wconf 87' lang='lat' dir='ltr'><strong>absentes</strong></span> <span class='ocrx_word' id='word_1_114' title='bbox 1084 1762 1269 1827; x_wconf 90' lang='lat' dir='ltr'><strong>erant,</strong></span> <span class='ocrx_word' id='word_1_115' title='bbox 1294 1758 1364 1813; x_wconf 89' lang='lat' dir='ltr'><strong>ad</strong></span> <span class='ocrx_word' id='word_1_116' title='bbox 1393 1756 1659 1813; x_wconf 87' lang='lat' dir='ltr'><strong>eamdem</strong></span> <span class='ocrx_word' id='word_1_117' title='bbox 1690 1769 1855 1826; x_wconf 89' lang='lat' dir='ltr'><strong>expe-</strong></span> 
     </span>
    </p>
   </div>
   <div class='ocr_carea' id='block_1_19' title="bbox 196 1849 1461 1926">
    <p class='ocr_par' dir='ltr' id='par_1_19' title="bbox 196 1849 1461 1926">
     <span class='ocr_line' id='line_1_19' title="bbox 196 1849 1461 1926; baseline -0.014 -6"><span class='ocrx_word' id='word_1_118' title='bbox 196 1862 490 1920; x_wconf 85' lang='lat' dir='ltr'><strong>ditionem</strong></span> <span class='ocrx_word' id='word_1_119' title='bbox 520 1853 959 1926; x_wconf 87' lang='lat' dir='ltr'><strong>suscipiendam</strong></span> <span class='ocrx_word' id='word_1_120' title='bbox 989 1849 1461 1907; x_wconf 86' lang='lat' dir='ltr'><strong>adhortarentur.</strong></span> 
     </span>
    </p>
   </div>
   <div class='ocr_carea' id='block_1_20' title="bbox 262 1932 1854 2008">
    <p class='ocr_par' dir='ltr' id='par_1_20' title="bbox 262 1932 1854 2008">
     <span class='ocr_line' id='line_1_20' title="bbox 262 1932 1854 2008; baseline -0.014 0"><span class='ocrx_word' id='word_1_121' title='bbox 262 1947 565 2008; x_wconf 86' lang='lat' dir='ltr'><strong>Postridie</strong></span> <span class='ocrx_word' id='word_1_122' title='bbox 594 1942 944 2008; x_wconf 87' lang='lat' dir='ltr'><strong>convocatis,</strong></span> <span class='ocrx_word' id='word_1_123' title='bbox 978 1943 1046 1995; x_wconf 91' lang='lat' dir='ltr'><strong>ut</strong></span> <span class='ocrx_word' id='word_1_124' title='bbox 1063 1937 1219 1994; x_wconf 89' lang='lat' dir='ltr'><strong>idem</strong></span> <span class='ocrx_word' id='word_1_125' title='bbox 1239 1938 1439 1992; x_wconf 88' lang='lat' dir='ltr'><strong>auctor</strong></span> <span class='ocrx_word' id='word_1_126' title='bbox 1460 1932 1854 2007; x_wconf 85' lang='lat' dir='ltr'><strong>prosequitur,</strong></span> 
     </span>
    </p>
   </div>
   <div class='ocr_carea' id='block_1_21' title="bbox 195 2020 1857 2116">
    <p class='ocr_par' dir='ltr' id='par_1_21' title="bbox 195 2020 1857 2116">
     <span class='ocr_line' id='line_1_21' title="bbox 195 2020 1857 2116; baseline -0.014 -18"><span class='ocrx_word' id='word_1_127' title='bbox 195 2036 520 2116; x_wconf 87' lang='lat' dir='ltr'><strong>episcopis,</strong></span> <span class='ocrx_word' id='word_1_128' title='bbox 550 2034 823 2091; x_wconf 89' lang='lat' dir='ltr'><strong>Urbanus</strong></span> <span class='ocrx_word' id='word_1_129' title='bbox 855 2031 926 2086; x_wconf 87' lang='lat' dir='ltr'><strong>de</strong></span> <span class='ocrx_word' id='word_1_130' title='bbox 954 2028 1221 2101; x_wconf 90' lang='lat' dir='ltr'><strong>eligendo</strong></span> <span class='ocrx_word' id='word_1_131' title='bbox 1265 2042 1443 2081; x_wconf 64' lang='lat' dir='ltr'><strong>sacrae</strong></span> <span class='ocrx_word' id='word_1_132' title='bbox 1473 2020 1857 2095; x_wconf 88' lang='lat' dir='ltr'><strong>expeditionis</strong></span> 
     </span>
    </p>
   </div>
   <div class='ocr_carea' id='block_1_22' title="bbox 196 2111 1857 2202">
    <p class='ocr_par' dir='ltr' id='par_1_22' title="bbox 196 2111 1857 2202">
     <span class='ocr_line' id='line_1_22' title="bbox 196 2111 1857 2202; baseline -0.014 -14"><span class='ocrx_word' id='word_1_133' title='bbox 196 2111 349 2188; x_wconf 71' lang='lat' dir='ltr'><strong>duce</strong></span> <span class='ocrx_word' id='word_1_134' title='bbox 383 2125 682 2202; x_wconf 85' lang='lat' dir='ltr'><strong>agendum</strong></span> <span class='ocrx_word' id='word_1_135' title='bbox 714 2137 842 2178; x_wconf 88' lang='lat' dir='ltr'><strong>esse</strong></span> <span class='ocrx_word' id='word_1_136' title='bbox 867 2117 1191 2192; x_wconf 90' lang='lat' dir='ltr'><strong>proposuit,</strong></span> <span class='ocrx_word' id='word_1_137' title='bbox 1216 2132 1282 2171; x_wconf 91' lang='lat' dir='ltr'><strong>ac</strong></span> <span class='ocrx_word' id='word_1_138' title='bbox 1302 2114 1569 2170; x_wconf 88' lang='lat' dir='ltr'><strong>unanimi</strong></span> <span class='ocrx_word' id='word_1_139' title='bbox 1590 2111 1857 2168; x_wconf 89' lang='lat' dir='ltr'><strong>omnium</strong></span> 
     </span>
    </p>
   </div>
   <div class='ocr_carea' id='block_1_23' title="bbox 198 2202 1855 2280">
    <p class='ocr_par' dir='ltr' id='par_1_23' title="bbox 198 2202 1855 2280">
     <span class='ocr_line' id='line_1_23' title="bbox 198 2202 1855 2280; baseline -0.014 -2"><span class='ocrx_word' id='word_1_140' title='bbox 198 2233 502 2280; x_wconf 86' lang='lat' dir='ltr'><strong>consensu</strong></span> <span class='ocrx_word' id='word_1_141' title='bbox 532 2213 753 2271; x_wconf 88' lang='lat' dir='ltr'><strong>electus</strong></span> <span class='ocrx_word' id='word_1_142' title='bbox 782 2214 873 2266; x_wconf 92' lang='lat' dir='ltr'><strong>est</strong></span> <span class='ocrx_word' id='word_1_143' title='bbox 899 2207 1268 2264; x_wconf 87' lang='lat' dir='ltr'><strong>Adhemarus</strong></span> <span class='ocrx_word' id='word_1_144' title='bbox 1311 2204 1473 2260; x_wconf 91' lang='lat' dir='ltr'><strong>Podii</strong></span> <span class='ocrx_word' id='word_1_145' title='bbox 1523 2202 1855 2275; x_wconf 81' lang='lat' dir='ltr'><strong>episcOpus,</strong></span> 
     </span>
    </p>
   </div>
   <div class='ocr_carea' id='block_1_24' title="bbox 196 2291 1860 2383">
    <p class='ocr_par' dir='ltr' id='par_1_24' title="bbox 196 2291 1860 2383">
     <span class='ocr_line' id='line_1_24' title="bbox 196 2291 1860 2383; baseline -0.013 -17"><span class='ocrx_word' id='word_1_146' title='bbox 196 2312 411 2383; x_wconf 88' lang='lat' dir='ltr'><strong>utpote</strong></span> <span class='ocrx_word' id='word_1_147' title='bbox 470 2306 568 2377; x_wconf 87' lang='lat' dir='ltr'><strong>qui</strong></span> <span class='ocrx_word' id='word_1_148' title='bbox 618 2301 873 2357; x_wconf 83' lang='lat' dir='ltr'><strong>humanis</strong></span> <span class='ocrx_word' id='word_1_149' title='bbox 923 2298 1086 2353; x_wconf 83' lang='lat' dir='ltr'><strong>rebus</strong></span> <span class='ocrx_word' id='word_1_150' title='bbox 1140 2312 1205 2350; x_wconf 88' lang='lat' dir='ltr'><strong>ac</strong></span> <span class='ocrx_word' id='word_1_151' title='bbox 1260 2294 1464 2349; x_wconf 86' lang='lat' dir='ltr'><strong>divinis</strong></span> <span class='ocrx_word' id='word_1_152' title='bbox 1521 2291 1678 2348; x_wconf 87' lang='lat' dir='ltr'><strong>valde</strong></span> <span class='ocrx_word' id='word_1_153' title='bbox 1724 2295 1860 2346; x_wconf 81' lang='lat' dir='ltr'><strong>esset</strong></span> 
     </span>
    </p>
   </div>
   <div class='ocr_carea' id='block_1_25' title="bbox 198 2379 1858 2463">
    <p class='ocr_par' dir='ltr' id='par_1_25' title="bbox 198 2379 1858 2463">
     <span class='ocr_line' id='line_1_25' title="bbox 198 2379 1858 2463; baseline -0.014 -7"><span class='ocrx_word' id='word_1_154' title='bbox 198 2379 455 2460; x_wconf 68' lang='lat' dir='ltr'><strong>idoneus,</strong></span> <span class='ocrx_word' id='word_1_155' title='bbox 489 2399 539 2449; x_wconf 87' lang='lat' dir='ltr'><strong>et</strong></span> <span class='ocrx_word' id='word_1_156' title='bbox 579 2397 812 2463; x_wconf 78' lang='lat' dir='ltr'><strong>utraque</strong></span> <span class='ocrx_word' id='word_1_157' title='bbox 858 2388 1090 2444; x_wconf 87' lang='lat' dir='ltr'><strong>scientia</strong></span> <span class='ocrx_word' id='word_1_158' title='bbox 1128 2384 1517 2456; x_wconf 85' lang='lat' dir='ltr'><strong>peritissimus,</strong></span> <span class='ocrx_word' id='word_1_159' title='bbox 1549 2382 1768 2452; x_wconf 81' lang='lat' dir='ltr'><strong>suisque</strong></span> <span class='ocrx_word' id='word_1_160' title='bbox 1798 2379 1858 2434; x_wconf 90' lang='lat' dir='ltr'><strong>in</strong></span> 
     </span>
    </p>
   </div>
   <div class='ocr_carea' id='block_1_26' title="bbox 192 2472 1856 2545">
    <p class='ocr_par' dir='ltr' id='par_1_26' title="bbox 192 2472 1856 2545">
     <span class='ocr_line' id='line_1_26' title="bbox 192 2472 1856 2545; baseline -0.014 0"><span class='ocrx_word' id='word_1_161' title='bbox 192 2486 517 2545; x_wconf 78' lang='lat' dir='ltr'><strong>actionibus</strong></span> <span class='ocrx_word' id='word_1_162' title='bbox 542 2477 942 2537; x_wconf 86' lang='lat' dir='ltr'><strong>multivividus.</strong></span> <span class='ocrx_word' id='word_1_163' title='bbox 977 2474 1084 2540; x_wconf 88' lang='lat' dir='ltr'><strong>Qui</strong></span> <span class='ocrx_word' id='word_1_164' title='bbox 1115 2472 1315 2530; x_wconf 86' lang='lat' dir='ltr'><strong>statim</strong></span> <span class='ocrx_word' id='word_1_165' title='bbox 1347 2473 1475 2527; x_wconf 89' lang='lat' dir='ltr'><strong>licet</strong></span> <span class='ocrx_word' id='word_1_166' title='bbox 1503 2472 1710 2525; x_wconf 85' lang='lat' dir='ltr'><strong>invitus</strong></span> <span class='ocrx_word' id='word_1_167' title='bbox 1737 2485 1856 2524; x_wconf 86' lang='lat' dir='ltr'><strong>sus-</strong></span> 
     </span>
    </p>
   </div>
   <div class='ocr_carea' id='block_1_27' title="bbox 194 2554 1857 2650">
    <p class='ocr_par' dir='ltr' id='par_1_27' title="bbox 194 2554 1857 2650">
     <span class='ocr_line' id='line_1_27' title="bbox 194 2554 1857 2650; baseline -0.014 -16"><span class='ocrx_word' id='word_1_168' title='bbox 194 2579 341 2650; x_wconf 82' lang='lat' dir='ltr'><strong>cepit</strong></span> <span class='ocrx_word' id='word_1_169' title='bbox 399 2573 563 2647; x_wconf 84' lang='lat' dir='ltr'><strong>quasi</strong></span> <span class='ocrx_word' id='word_1_170' title='bbox 604 2571 744 2626; x_wconf 81' lang='lat' dir='ltr'><strong>alter</strong></span> <span class='ocrx_word' id='word_1_171' title='bbox 790 2566 952 2623; x_wconf 77' lang='lat' dir='ltr'><strong>Moses</strong></span> <span class='ocrx_word' id='word_1_172' title='bbox 1001 2564 1259 2619; x_wconf 85' lang='lat' dir='ltr'><strong>ducatum</strong></span> <span class='ocrx_word' id='word_1_173' title='bbox 1286 2578 1351 2617; x_wconf 89' lang='lat' dir='ltr'><strong>ac</strong></span> <span class='ocrx_word' id='word_1_174' title='bbox 1404 2554 1643 2631; x_wconf 56' lang='lat' dir='ltr'><strong>regimen</strong></span> <span class='ocrx_word' id='word_1_175' title='bbox 1674 2559 1857 2614; x_wconf 82' lang='lat' dir='ltr'><strong>Domi-</strong></span> 
     </span>
    </p>
   </div>
   <div class='ocr_carea' id='block_1_28' title="bbox 196 2649 1858 2738">
    <p class='ocr_par' dir='ltr' id='par_1_28' title="bbox 196 2649 1858 2738">
     <span class='ocr_line' id='line_1_28' title="bbox 196 2649 1858 2738; baseline -0.014 -15"><span class='ocrx_word' id='word_1_176' title='bbox 196 2649 317 2722; x_wconf 72' lang='lat' dir='ltr'><strong>nisi</strong></span> <span class='ocrx_word' id='word_1_177' title='bbox 343 2662 543 2738; x_wconf 81' lang='lat' dir='ltr'><strong>populi</strong></span> <span class='ocrx_word' id='word_1_178' title='bbox 568 2676 696 2715; x_wconf 89' lang='lat' dir='ltr'><strong>cum</strong></span> <span class='ocrx_word' id='word_1_179' title='bbox 748 2655 1118 2713; x_wconf 82' lang='lat' dir='ltr'><strong>benedictione</strong></span> <span class='ocrx_word' id='word_1_180' title='bbox 1161 2652 1375 2707; x_wconf 85' lang='lat' dir='ltr'><strong>domini</strong></span> <span class='ocrx_word' id='word_1_181' title='bbox 1399 2663 1561 2721; x_wconf 65' lang='lat' dir='ltr'><strong>papae</strong></span> <span class='ocrx_word' id='word_1_182' title='bbox 1585 2665 1647 2703; x_wconf 88' lang='lat' dir='ltr'><strong>ac</strong></span> <span class='ocrx_word' id='word_1_183' title='bbox 1692 2649 1858 2703; x_wconf 84' lang='lat' dir='ltr'><strong>totius</strong></span> 
     </span>
    </p>
   </div>
   <div class='ocr_carea' id='block_1_29' title="bbox 191 2737 1860 2817">
    <p class='ocr_par' dir='ltr' id='par_1_29' title="bbox 191 2737 1860 2817">
     <span class='ocr_line' id='line_1_29' title="bbox 191 2737 1860 2817; baseline -0.014 -5"><span class='ocrx_word' id='word_1_184' title='bbox 191 2737 447 2813; x_wconf 83' lang='lat' dir='ltr'><strong>concilii.</strong></span> <span class='ocrx_word' id='word_1_185' title='bbox 478 2750 650 2805; x_wconf 79' lang='lat' dir='ltr'><strong>Vices</strong></span> <span class='ocrx_word' id='word_1_186' title='bbox 682 2763 822 2802; x_wconf 89' lang='lat' dir='ltr'><strong>suas</strong></span> <span class='ocrx_word' id='word_1_187' title='bbox 854 2742 966 2817; x_wconf 91' lang='lat' dir='ltr'><strong>ipsi</strong></span> <span class='ocrx_word' id='word_1_188' title='bbox 995 2758 1160 2814; x_wconf 85' lang='lat' dir='ltr'><strong>super</strong></span> <span class='ocrx_word' id='word_1_189' title='bbox 1199 2740 1573 2795; x_wconf 82' lang='lat' dir='ltr'><strong>Christianum</strong></span> <span class='ocrx_word' id='word_1_190' title='bbox 1596 2737 1860 2809; x_wconf 81' lang='lat' dir='ltr'><strong>populum</strong></span> 
     </span>
    </p>
   </div>
   <div class='ocr_carea' id='block_1_30' title="bbox 194 2824 1861 2919">
    <p class='ocr_par' dir='ltr' id='par_1_30' title="bbox 194 2824 1861 2919">
     <span class='ocr_line' id='line_1_30' title="bbox 194 2824 1861 2919; baseline -0.013 -19"><span class='ocrx_word' id='word_1_191' title='bbox 194 2856 525 2919; x_wconf 76' lang='lat' dir='ltr'><strong>quocunque</strong></span> <span class='ocrx_word' id='word_1_192' title='bbox 560 2838 811 2894; x_wconf 82' lang='lat' dir='ltr'><strong>venirent</strong></span> <span class='ocrx_word' id='word_1_193' title='bbox 841 2831 1176 2907; x_wconf 82' lang='lat' dir='ltr'><strong>pontificem</strong></span> <span class='ocrx_word' id='word_1_194' title='bbox 1207 2827 1650 2884; x_wconf 88' lang='lat' dir='ltr'><strong>commendasse</strong></span> <span class='ocrx_word' id='word_1_195' title='bbox 1682 2824 1861 2880; x_wconf 88' lang='lat' dir='ltr'><strong>tradit</strong></span> 
     </span>
    </p>
   </div>
   <div class='ocr_carea' id='block_1_31' title="bbox 197 2915 1860 2996">
    <p class='ocr_par' dir='ltr' id='par_1_31' title="bbox 197 2915 1860 2996">
     <span class='ocr_line' id='line_1_31' title="bbox 197 2915 1860 2996; baseline -0.014 -5"><span class='ocrx_word' id='word_1_196' title='bbox 197 2915 546 2996; x_wconf 73' lang='lat' dir='ltr'><strong>Guibertus,</strong></span> <span class='ocrx_word' id='word_1_197' title='bbox 591 2924 757 2992; x_wconf 82' lang='lat' dir='ltr'><strong>unde,</strong></span> <span class='ocrx_word' id='word_1_198' title='bbox 808 2921 1021 2994; x_wconf 85' lang='lat' dir='ltr'><strong>inquit,</strong></span> <span class='ocrx_word' id='word_1_199' title='bbox 1053 2923 1103 2976; x_wconf 87' lang='lat' dir='ltr'><strong>et</strong></span> <span class='ocrx_word' id='word_1_200' title='bbox 1148 2934 1343 2975; x_wconf 86' lang='lat' dir='ltr'><strong>manus</strong></span> <span class='ocrx_word' id='word_1_201' title='bbox 1397 2917 1451 2973; x_wconf 86' lang='lat' dir='ltr'><strong>ei</strong></span> <span class='ocrx_word' id='word_1_202' title='bbox 1491 2915 1860 2988; x_wconf 85' lang='lat' dir='ltr'><strong>apostolorum</strong></span> 
     </span>
    </p>
   </div>
   <div class='ocr_carea' id='block_1_32' title="bbox 198 3006 1858 3090">
    <p class='ocr_par' dir='ltr' id='par_1_32' title="bbox 198 3006 1858 3090">
     <span class='ocr_line' id='line_1_32' title="bbox 198 3006 1858 3090; baseline -0.013 -12"><span class='ocrx_word' id='word_1_203' title='bbox 198 3037 372 3090; x_wconf 73' lang='lat' dir='ltr'><strong>mone,</strong></span> <span class='ocrx_word' id='word_1_204' title='bbox 395 3019 533 3075; x_wconf 85' lang='lat' dir='ltr'><strong>data</strong></span> <span class='ocrx_word' id='word_1_205' title='bbox 550 3016 767 3089; x_wconf 79' lang='lat' dir='ltr'><strong>pariter</strong></span> <span class='ocrx_word' id='word_1_206' title='bbox 798 3011 1184 3075; x_wconf 83' lang='lat' dir='ltr'><strong>benedictione,</strong></span> <span class='ocrx_word' id='word_1_207' title='bbox 1218 3008 1495 3079; x_wconf 83' lang='lat' dir='ltr'><strong>imposuit.</strong></span> <span class='ocrx_word' id='word_1_208' title='bbox 1517 3006 1702 3069; x_wconf 89' lang='lat' dir='ltr'><strong>Quam</strong></span> <span class='ocrx_word' id='word_1_209' title='bbox 1724 3019 1858 3058; x_wconf 90' lang='lat' dir='ltr'><strong>vero</strong></span> 
     </span>
    </p>
   </div>
   <div class='ocr_carea' id='block_1_33' title="bbox 198 3092 1857 3186">
    <p class='ocr_par' dir='ltr' id='par_1_33' title="bbox 198 3092 1857 3186">
     <span class='ocr_line' id='line_1_33' title="bbox 198 3092 1857 3186; baseline -0.014 -18"><span class='ocrx_word' id='word_1_210' title='bbox 198 3108 436 3186; x_wconf 83' lang='lat' dir='ltr'><strong>egregie</strong></span> <span class='ocrx_word' id='word_1_211' title='bbox 465 3107 650 3178; x_wconf 88' lang='lat' dir='ltr'><strong>hujus</strong></span> <span class='ocrx_word' id='word_1_212' title='bbox 670 3099 982 3175; x_wconf 84' lang='lat' dir='ltr'><strong>legationis</strong></span> <span class='ocrx_word' id='word_1_213' title='bbox 1003 3102 1201 3171; x_wconf 85' lang='lat' dir='ltr'><strong>partes</strong></span> <span class='ocrx_word' id='word_1_214' title='bbox 1221 3094 1550 3168; x_wconf 84' lang='lat' dir='ltr'><strong>impleverit</strong></span> <span class='ocrx_word' id='word_1_215' title='bbox 1568 3092 1857 3148; x_wconf 85' lang='lat' dir='ltr'><strong>Adhema-</strong></span> 
     </span>
    </p>
   </div>
   <div class='ocr_carea' id='block_1_34' title="bbox 200 3181 1861 3271">
    <p class='ocr_par' dir='ltr' id='par_1_34' title="bbox 200 3181 1861 3271">
     <span class='ocr_line' id='line_1_34' title="bbox 200 3181 1861 3271; baseline -0.014 -13"><span class='ocrx_word' id='word_1_216' title='bbox 200 3181 324 3266; x_wconf 74' lang='lat' dir='ltr'><strong>rus,</strong></span> <span class='ocrx_word' id='word_1_217' title='bbox 342 3181 578 3271; x_wconf 64' lang='lat' dir='ltr'><strong>probat,</strong></span> <span class='ocrx_word' id='word_1_218' title='bbox 605 3191 797 3264; x_wconf 88' lang='lat' dir='ltr'><strong>inquit</strong></span> <span class='ocrx_word' id='word_1_219' title='bbox 816 3189 914 3245; x_wconf 89' lang='lat' dir='ltr'><strong>ille</strong></span> <span class='ocrx_word' id='word_1_220' title='bbox 961 3191 1181 3253; x_wconf 87' lang='lat' dir='ltr'><strong>auctor,</strong></span> <span class='ocrx_word' id='word_1_221' title='bbox 1205 3184 1482 3241; x_wconf 84' lang='lat' dir='ltr'><strong>mirabilis</strong></span> <span class='ocrx_word' id='word_1_222' title='bbox 1511 3184 1687 3254; x_wconf 88' lang='lat' dir='ltr'><strong>operis</strong></span> <span class='ocrx_word' id='word_1_223' title='bbox 1716 3181 1861 3236; x_wconf 89' lang='lat' dir='ltr'><strong>tanti</strong></span> 
     </span>
    </p>
   </div>
   <div class='ocr_carea' id='block_1_35' title="bbox 1962 589 3629 664">
    <p class='ocr_par' dir='ltr' id='par_1_35' title="bbox 1962 589 3629 664">
     <span class='ocr_line' id='line_1_35' title="bbox 1962 589 3629 664; baseline -0.001 -14"><span class='ocrx_word' id='word_1_224' title='bbox 1962 611 2057 652; x_wconf 91' lang='lat' dir='ltr'><strong>mo</strong></span> <span class='ocrx_word' id='word_1_225' title='bbox 2071 593 2132 650; x_wconf 92' lang='lat' dir='ltr'><strong>in</strong></span> <span class='ocrx_word' id='word_1_226' title='bbox 2152 593 2400 651; x_wconf 90' lang='lat' dir='ltr'><strong>dubium</strong></span> <span class='ocrx_word' id='word_1_227' title='bbox 2422 608 2689 649; x_wconf 89' lang='lat' dir='ltr'><strong>revocare</strong></span> <span class='ocrx_word' id='word_1_228' title='bbox 2706 591 2876 649; x_wconf 90' lang='lat' dir='ltr'><strong>debet</strong></span> <span class='ocrx_word' id='word_1_229' title='bbox 2888 591 3043 664; x_wconf 88' lang='lat' dir='ltr'><strong>quod</strong></span> <span class='ocrx_word' id='word_1_230' title='bbox 3062 589 3219 647; x_wconf 88' lang='lat' dir='ltr'><strong>varie</strong></span> <span class='ocrx_word' id='word_1_231' title='bbox 3242 591 3395 664; x_wconf 89' lang='lat' dir='ltr'><strong>apud</strong></span> <span class='ocrx_word' id='word_1_232' title='bbox 3414 590 3606 657; x_wconf 84' lang='lat' dir='ltr'><strong>varios</strong></span> <span class='ocrx_word' id='word_1_233' title='bbox 3626 596 3629 601; x_wconf 84' lang='lat'>&#39;</span> 
     </span>
    </p>
   </div>
   <div class='ocr_carea' id='block_1_36' title="bbox 1961 681 3610 755">
    <p class='ocr_par' dir='ltr' id='par_1_36' title="bbox 1961 681 3610 755">
     <span class='ocr_line' id='line_1_36' title="bbox 1961 681 3610 755; baseline -0.002 -14"><span class='ocrx_word' id='word_1_234' title='bbox 1961 688 2227 741; x_wconf 90' lang='lat' dir='ltr'><strong>auctores</strong></span> <span class='ocrx_word' id='word_1_235' title='bbox 2257 684 2601 749; x_wconf 88' lang='lat' dir='ltr'><strong>referantur,</strong></span> <span class='ocrx_word' id='word_1_236' title='bbox 2635 681 2898 755; x_wconf 89' lang='lat' dir='ltr'><strong>plerique</strong></span> <span class='ocrx_word' id='word_1_237' title='bbox 2928 681 3086 737; x_wconf 90' lang='lat' dir='ltr'><strong>enim</strong></span> <span class='ocrx_word' id='word_1_238' title='bbox 3126 697 3328 738; x_wconf 90' lang='lat' dir='ltr'><strong>eorum</strong></span> <span class='ocrx_word' id='word_1_239' title='bbox 3359 681 3510 753; x_wconf 90' lang='lat' dir='ltr'><strong>illas,</strong></span> <span class='ocrx_word' id='word_1_240' title='bbox 3543 685 3610 744; x_wconf 86' lang='lat' dir='ltr'><strong>ut</strong></span> 
     </span>
    </p>
   </div>
   <div class='ocr_carea' id='block_1_37' title="bbox 1962 770 3605 847">
    <p class='ocr_par' dir='ltr' id='par_1_37' title="bbox 1962 770 3605 847">
     <span class='ocr_line' id='line_1_37' title="bbox 1962 770 3605 847; baseline -0.001 -18"><span class='ocrx_word' id='word_1_241' title='bbox 1962 774 2198 847; x_wconf 91' lang='lat' dir='ltr'><strong>quidem</strong></span> <span class='ocrx_word' id='word_1_242' title='bbox 2222 772 2524 828; x_wconf 88' lang='lat' dir='ltr'><strong>Baldrious</strong></span> <span class='ocrx_word' id='word_1_243' title='bbox 2546 776 2598 827; x_wconf 91' lang='lat' dir='ltr'><strong>et</strong></span> <span class='ocrx_word' id='word_1_244' title='bbox 2622 770 2938 827; x_wconf 86' lang='lat' dir='ltr'><strong>Guibertus</strong></span> <span class='ocrx_word' id='word_1_245' title='bbox 2961 771 3032 826; x_wconf 90' lang='lat' dir='ltr'><strong>de</strong></span> <span class='ocrx_word' id='word_1_246' title='bbox 3066 786 3128 826; x_wconf 89' lang='lat' dir='ltr'><strong>se</strong></span> <span class='ocrx_word' id='word_1_247' title='bbox 3156 770 3302 843; x_wconf 87' lang='lat' dir='ltr'><strong>ipsis</strong></span> <span class='ocrx_word' id='word_1_248' title='bbox 3329 770 3605 839; x_wconf 84' lang='lat' dir='ltr'><strong>fatentur,</strong></span> 
     </span>
    </p>
   </div>
   <div class='ocr_carea' id='block_1_38' title="bbox 1962 859 3629 925">
    <p class='ocr_par' dir='ltr' id='par_1_38' title="bbox 1962 859 3629 925">
     <span class='ocr_line' id='line_1_38' title="bbox 1962 859 3629 925; baseline -0.002 -6"><span class='ocrx_word' id='word_1_249' title='bbox 1962 880 2139 919; x_wconf 87' lang='lat' dir='ltr'><strong>sensu</strong></span> <span class='ocrx_word' id='word_1_250' title='bbox 2161 861 2528 918; x_wconf 89' lang='lat' dir='ltr'><strong>solummodo</strong></span> <span class='ocrx_word' id='word_1_251' title='bbox 2542 865 2598 917; x_wconf 85' lang='lat' dir='ltr'><strong>et</strong></span> <span class='ocrx_word' id='word_1_252' title='bbox 2617 862 2936 925; x_wconf 85' lang='lat' dir='ltr'><strong>intentione,</strong></span> <span class='ocrx_word' id='word_1_253' title='bbox 2961 863 3029 914; x_wconf 90' lang='lat' dir='ltr'><strong>ut</strong></span> <span class='ocrx_word' id='word_1_254' title='bbox 3050 859 3339 916; x_wconf 88' lang='lat' dir='ltr'><strong>audiendo</strong></span> <span class='ocrx_word' id='word_1_255' title='bbox 3357 860 3629 917; x_wconf 65' lang='lat' dir='ltr'><strong>retinere&#39;</strong></span> 
     </span>
    </p>
   </div>
   <div class='ocr_carea' id='block_1_39' title="bbox 1960 948 3606 1025">
    <p class='ocr_par' dir='ltr' id='par_1_39' title="bbox 1960 948 3606 1025">
     <span class='ocr_line' id='line_1_39' title="bbox 1960 948 3606 1025; baseline -0.001 -17"><span class='ocrx_word' id='word_1_256' title='bbox 1960 955 2292 1025; x_wconf 87' lang='lat' dir='ltr'><strong>potuerant,</strong></span> <span class='ocrx_word' id='word_1_257' title='bbox 2316 968 2431 1006; x_wconf 92' lang='lat' dir='ltr'><strong>non</strong></span> <span class='ocrx_word' id='word_1_258' title='bbox 2457 950 2602 1022; x_wconf 90' lang='lat' dir='ltr'><strong>ipsis</strong></span> <span class='ocrx_word' id='word_1_259' title='bbox 2633 949 2850 1005; x_wconf 89' lang='lat' dir='ltr'><strong>Urbani</strong></span> <span class='ocrx_word' id='word_1_260' title='bbox 2878 948 3072 1004; x_wconf 88' lang='lat' dir='ltr'><strong>verbis</strong></span> <span class='ocrx_word' id='word_1_261' title='bbox 3094 952 3606 1021; x_wconf 67' lang='lat' dir='ltr'><strong>repraesentarunt.</strong></span> 
     </span>
    </p>
   </div>
   <div class='ocr_carea' id='block_1_40' title="bbox 1959 1037 3609 1110">
    <p class='ocr_par' dir='ltr' id='par_1_40' title="bbox 1959 1037 3609 1110">
     <span class='ocr_line' id='line_1_40' title="bbox 1959 1037 3609 1110; baseline -0.001 -12"><span class='ocrx_word' id='word_1_262' title='bbox 1959 1041 2180 1098; x_wconf 90' lang='lat' dir='ltr'><strong>Deinde</strong></span> <span class='ocrx_word' id='word_1_263' title='bbox 2199 1057 2332 1096; x_wconf 92' lang='lat' dir='ltr'><strong>cum</strong></span> <span class='ocrx_word' id='word_1_264' title='bbox 2354 1056 2469 1096; x_wconf 91' lang='lat' dir='ltr'><strong>non</strong></span> <span class='ocrx_word' id='word_1_265' title='bbox 2501 1038 2680 1096; x_wconf 89' lang='lat' dir='ltr'><strong>semel</strong></span> <span class='ocrx_word' id='word_1_266' title='bbox 2711 1055 2779 1095; x_wconf 91' lang='lat' dir='ltr'><strong>ea</strong></span> <span class='ocrx_word' id='word_1_267' title='bbox 2808 1039 2879 1094; x_wconf 90' lang='lat' dir='ltr'><strong>de</strong></span> <span class='ocrx_word' id='word_1_268' title='bbox 2908 1054 2968 1092; x_wconf 92' lang='lat' dir='ltr'><strong>re</strong></span> <span class='ocrx_word' id='word_1_269' title='bbox 2997 1037 3254 1110; x_wconf 83' lang='lat' dir='ltr'><strong>pontifex</strong></span> <span class='ocrx_word' id='word_1_270' title='bbox 3278 1055 3609 1096; x_wconf 88' lang='lat' dir='ltr'><strong>sermonem</strong></span> 
     </span>
    </p>
   </div>
   <div class='ocr_carea' id='block_1_41' title="bbox 1960 1126 3608 1201">
    <p class='ocr_par' dir='ltr' id='par_1_41' title="bbox 1960 1126 3608 1201">
     <span class='ocr_line' id='line_1_41' title="bbox 1960 1126 3608 1201; baseline -0.002 -14"><span class='ocrx_word' id='word_1_271' title='bbox 1960 1130 2253 1201; x_wconf 85' lang='lat' dir='ltr'><strong>habuerit,</strong></span> <span class='ocrx_word' id='word_1_272' title='bbox 2272 1130 2374 1185; x_wconf 90' lang='lat' dir='ltr'><strong>uni</strong></span> <span class='ocrx_word' id='word_1_273' title='bbox 2397 1144 2599 1196; x_wconf 88' lang='lat' dir='ltr'><strong>unam,</strong></span> <span class='ocrx_word' id='word_1_274' title='bbox 2624 1127 2722 1183; x_wconf 89' lang='lat' dir='ltr'><strong>alii</strong></span> <span class='ocrx_word' id='word_1_275' title='bbox 2747 1126 2923 1183; x_wconf 90' lang='lat' dir='ltr'><strong>aliam</strong></span> <span class='ocrx_word' id='word_1_276' title='bbox 2946 1128 3074 1199; x_wconf 91' lang='lat' dir='ltr'><strong>ejus</strong></span> <span class='ocrx_word' id='word_1_277' title='bbox 3094 1126 3417 1183; x_wconf 88' lang='lat' dir='ltr'><strong>orationem</strong></span> <span class='ocrx_word' id='word_1_278' title='bbox 3449 1131 3608 1191; x_wconf 87' lang='lat' dir='ltr'><strong>retu-</strong></span> 
     </span>
    </p>
   </div>
   <div class='ocr_carea' id='block_1_42' title="bbox 1961 1215 3629 1292">
    <p class='ocr_par' dir='ltr' id='par_1_42' title="bbox 1961 1215 3629 1292">
     <span class='ocr_line' id='line_1_42' title="bbox 1961 1215 3629 1292; baseline -0.003 -15"><span class='ocrx_word' id='word_1_279' title='bbox 1961 1220 2102 1277; x_wconf 89' lang='lat' dir='ltr'><strong>lisse</strong></span> <span class='ocrx_word' id='word_1_280' title='bbox 2118 1219 2251 1292; x_wconf 90' lang='lat' dir='ltr'><strong>quis</strong></span> <span class='ocrx_word' id='word_1_281' title='bbox 2276 1217 2675 1275; x_wconf 85' lang='lat' dir='ltr'><strong>inﬁciabitur‘l</strong></span> <span class='ocrx_word' id='word_1_282' title='bbox 2695 1217 2849 1282; x_wconf 89' lang='lat' dir='ltr'><strong>Quas</strong></span> <span class='ocrx_word' id='word_1_283' title='bbox 2876 1233 3008 1273; x_wconf 92' lang='lat' dir='ltr'><strong>vero</strong></span> <span class='ocrx_word' id='word_1_284' title='bbox 3040 1232 3109 1271; x_wconf 85' lang='lat' dir='ltr'><strong>ex</strong></span> <span class='ocrx_word' id='word_1_285' title='bbox 3136 1216 3209 1272; x_wconf 92' lang='lat' dir='ltr'><strong>iis</strong></span> <span class='ocrx_word' id='word_1_286' title='bbox 3240 1215 3429 1289; x_wconf 90' lang='lat' dir='ltr'><strong>magis</strong></span> <span class='ocrx_word' id='word_1_287' title='bbox 3477 1220 3629 1289; x_wconf 75' lang='lat' dir='ltr'><strong>ger-&#39;</strong></span> 
     </span>
    </p>
   </div>
   <div class='ocr_carea' id='block_1_43' title="bbox 1962 1294 3631 1379">
    <p class='ocr_par' dir='ltr' id='par_1_43' title="bbox 1962 1294 3631 1379">
     <span class='ocr_line' id='line_1_43' title="bbox 1962 1294 3631 1379; baseline -0.002 -13"><span class='ocrx_word' id='word_1_288' title='bbox 1962 1326 2171 1366; x_wconf 90' lang='lat' dir='ltr'><strong>manas</strong></span> <span class='ocrx_word' id='word_1_289' title='bbox 2215 1308 2472 1365; x_wconf 89' lang='lat' dir='ltr'><strong>invenire</strong></span> <span class='ocrx_word' id='word_1_290' title='bbox 2520 1305 2907 1379; x_wconf 85' lang='lat' dir='ltr'><strong>potuerimus,</strong></span> <span class='ocrx_word' id='word_1_291' title='bbox 2953 1305 3013 1360; x_wconf 89' lang='lat' dir='ltr'><strong>in</strong></span> <span class='ocrx_word' id='word_1_292' title='bbox 3044 1305 3361 1378; x_wconf 86' lang='lat' dir='ltr'><strong>appendice</strong></span> <span class='ocrx_word' id='word_1_293' title='bbox 3391 1294 3631 1362; x_wconf 31' lang='lat' dir='ltr'><strong>retere-3</strong></span> 
     </span>
    </p>
   </div>
   <div class='ocr_carea' id='block_1_44' title="bbox 1962 1416 2116 1455">
    <p class='ocr_par' dir='ltr' id='par_1_44' title="bbox 1962 1416 2116 1455">
     <span class='ocr_line' id='line_1_44' title="bbox 1962 1416 2116 1455; baseline 0 0"><span class='ocrx_word' id='word_1_294' title='bbox 1962 1416 2116 1455; x_wconf 88' lang='lat' dir='ltr'><strong>mus.</strong></span> 
     </span>
    </p>
   </div>
   <div class='ocr_carea' id='block_1_45' title="bbox 1962 1510 3607 1583">
    <p class='ocr_par' dir='ltr' id='par_1_45' title="bbox 1962 1510 3607 1583">
     <span class='ocr_line' id='line_1_45' title="bbox 1962 1510 3607 1583; baseline -0.002 -13"><span class='ocrx_word' id='word_1_295' title='bbox 1962 1514 2235 1570; x_wconf 81' lang='lat' dir='ltr'><strong>CCXXVI.</strong></span> <span class='ocrx_word' id='word_1_296' title='bbox 2301 1513 2505 1569; x_wconf 85' lang='lat' dir='ltr'><strong>Urbani</strong></span> <span class='ocrx_word' id='word_1_297' title='bbox 2580 1514 2640 1567; x_wconf 89' lang='lat' dir='ltr'><strong>in</strong></span> <span class='ocrx_word' id='word_1_298' title='bbox 2721 1510 3120 1582; x_wconf 83' lang='lat' dir='ltr'><strong>promulganda</strong></span> <span class='ocrx_word' id='word_1_299' title='bbox 3204 1510 3306 1566; x_wconf 86' lang='lat' dir='ltr'><strong>hac</strong></span> <span class='ocrx_word' id='word_1_300' title='bbox 3387 1512 3607 1583; x_wconf 69' lang='lat' dir='ltr'><strong>expedi-</strong></span> 
     </span>
    </p>
   </div>
   <div class='ocr_carea' id='block_1_46' title="bbox 2031 1576 3633 1655">
    <p class='ocr_par' dir='ltr' id='par_1_46' title="bbox 2031 1576 3633 1655">
     <span class='ocr_line' id='line_1_46' title="bbox 2031 1576 3633 1655; baseline -0.001 -14"><span class='ocrx_word' id='word_1_301' title='bbox 2031 1587 2180 1641; x_wconf 86' lang='lat' dir='ltr'><strong>tione</strong></span> <span class='ocrx_word' id='word_1_302' title='bbox 2208 1585 2659 1655; x_wconf 85' lang='lat' dir='ltr'><strong>magnanimitas.</strong></span> <span class='ocrx_word' id='word_1_303' title='bbox 2685 1576 3019 1638; x_wconf 51' lang='lat' dir='ltr'><strong>P&#39;amitent&#39;ise</strong></span> <span class='ocrx_word' id='word_1_304' title='bbox 3050 1583 3162 1638; x_wconf 89' lang='lat' dir='ltr'><strong>loco</strong></span> <span class='ocrx_word' id='word_1_305' title='bbox 3179 1576 3468 1655; x_wconf 65' lang='lat' dir='ltr'><strong>instituta</strong></span> <span class='ocrx_word' id='word_1_306' title='bbox 3478 1576 3633 1655; x_wconf 44' lang='lat' dir='ltr'><strong>pro?</strong></span> 
     </span>
    </p>
   </div>
   <div class='ocr_carea' id='block_1_47' title="bbox 2032 1653 3612 1728">
    <p class='ocr_par' dir='ltr' id='par_1_47' title="bbox 2032 1653 3612 1728">
     <span class='ocr_line' id='line_1_47' title="bbox 2032 1653 3612 1728; baseline -0.001 -16"><span class='ocrx_word' id='word_1_307' title='bbox 2032 1658 2191 1728; x_wconf 71' lang='lat' dir='ltr'><strong>lectio</strong></span> <span class='ocrx_word' id='word_1_308' title='bbox 2246 1653 2318 1712; x_wconf 82' lang='lat' dir='ltr'><strong>ad</strong></span> <span class='ocrx_word' id='word_1_309' title='bbox 2372 1655 2789 1727; x_wconf 74' lang='lat' dir='ltr'><strong>expeditionem.</strong></span> <span class='ocrx_word' id='word_1_310' title='bbox 2848 1655 3037 1710; x_wconf 84' lang='lat' dir='ltr'><strong>Preces</strong></span> <span class='ocrx_word' id='word_1_311' title='bbox 3092 1653 3281 1709; x_wconf 84' lang='lat' dir='ltr'><strong>eadem</strong></span> <span class='ocrx_word' id='word_1_312' title='bbox 3334 1653 3612 1710; x_wconf 77' lang='lat' dir='ltr'><strong>occasione</strong></span> 
     </span>
    </p>
   </div>
   <div class='ocr_carea' id='block_1_48' title="bbox 2034 1731 2326 1786">
    <p class='ocr_par' dir='ltr' id='par_1_48' title="bbox 2034 1731 2326 1786">
     <span class='ocr_line' id='line_1_48' title="bbox 2034 1731 2326 1786; baseline -0.003 -3"><span class='ocrx_word' id='word_1_313' title='bbox 2034 1731 2326 1786; x_wconf 72' lang='lat' dir='ltr'><strong>institutae.</strong></span> 
     </span>
    </p>
   </div>
   <div class='ocr_carea' id='block_1_49' title="bbox 1883 1840 3609 1942">
    <p class='ocr_par' dir='ltr' id='par_1_49' title="bbox 1883 1840 3609 1942">
     <span class='ocr_line' id='line_1_49' title="bbox 1883 1840 3609 1942; baseline -0.002 -41"><span class='ocrx_word' id='word_1_314' title='bbox 1883 1877 1932 1942; x_wconf 78' lang='grc' dir='ltr'>Β</span> <span class='ocrx_word' id='word_1_315' title='bbox 2032 1846 2114 1901; x_wconf 90' lang='lat' dir='ltr'><strong>Ex</strong></span> <span class='ocrx_word' id='word_1_316' title='bbox 2146 1845 2276 1901; x_wconf 87' lang='lat' dir='ltr'><strong>istis</strong></span> <span class='ocrx_word' id='word_1_317' title='bbox 2298 1860 2469 1917; x_wconf 91' lang='lat' dir='ltr'><strong>porro</strong></span> <span class='ocrx_word' id='word_1_318' title='bbox 2493 1841 2898 1914; x_wconf 84' lang='lat' dir='ltr'><strong>scriptoribus,</strong></span> <span class='ocrx_word' id='word_1_319' title='bbox 2923 1856 3071 1913; x_wconf 90' lang='lat' dir='ltr'><strong>quos</strong></span> <span class='ocrx_word' id='word_1_320' title='bbox 3093 1840 3332 1913; x_wconf 89' lang='lat' dir='ltr'><strong>quidem</strong></span> <span class='ocrx_word' id='word_1_321' title='bbox 3353 1840 3609 1897; x_wconf 69' lang='lat' dir='ltr'><strong>historia:</strong></span> 
     </span>
    </p>
   </div>
   <div class='ocr_carea' id='block_1_50' title="bbox 1965 1928 3613 2002">
    <p class='ocr_par' dir='ltr' id='par_1_50' title="bbox 1965 1928 3613 2002">
     <span class='ocr_line' id='line_1_50' title="bbox 1965 1928 3613 2002; baseline -0.003 -10"><span class='ocrx_word' id='word_1_322' title='bbox 1965 1952 2142 1992; x_wconf 68' lang='lat' dir='ltr'><strong>sacrae</strong></span> <span class='ocrx_word' id='word_1_323' title='bbox 2173 1933 2469 1990; x_wconf 89' lang='lat' dir='ltr'><strong>studiosos</strong></span> <span class='ocrx_word' id='word_1_324' title='bbox 2498 1931 2755 1988; x_wconf 89' lang='lat' dir='ltr'><strong>evolvere</strong></span> <span class='ocrx_word' id='word_1_325' title='bbox 2798 1947 2913 1986; x_wconf 91' lang='lat' dir='ltr'><strong>non</strong></span> <span class='ocrx_word' id='word_1_326' title='bbox 2944 1929 3265 2002; x_wconf 69' lang='lat' dir='ltr'><strong>paenitebit,</strong></span> <span class='ocrx_word' id='word_1_327' title='bbox 3297 1928 3491 1986; x_wconf 88' lang='lat' dir='ltr'><strong>videre</strong></span> <span class='ocrx_word' id='word_1_328' title='bbox 3523 1933 3613 1987; x_wconf 89' lang='lat' dir='ltr'><strong>est</strong></span> 
     </span>
    </p>
   </div>
   <div class='ocr_carea' id='block_1_51' title="bbox 1966 2018 3613 2097">
    <p class='ocr_par' dir='ltr' id='par_1_51' title="bbox 1966 2018 3613 2097">
     <span class='ocr_line' id='line_1_51' title="bbox 1966 2018 3613 2097; baseline -0.003 -16"><span class='ocrx_word' id='word_1_329' title='bbox 1966 2027 2187 2097; x_wconf 87' lang='lat' dir='ltr'><strong>quanta</strong></span> <span class='ocrx_word' id='word_1_330' title='bbox 2208 2024 2280 2079; x_wconf 91' lang='lat' dir='ltr'><strong>ab</strong></span> <span class='ocrx_word' id='word_1_331' title='bbox 2303 2022 2534 2079; x_wconf 89' lang='lat' dir='ltr'><strong>Urbano</strong></span> <span class='ocrx_word' id='word_1_332' title='bbox 2555 2020 2815 2093; x_wconf 82' lang='lat' dir='ltr'><strong>praestita</strong></span> <span class='ocrx_word' id='word_1_333' title='bbox 2845 2020 3062 2076; x_wconf 89' lang='lat' dir='ltr'><strong>fuerint</strong></span> <span class='ocrx_word' id='word_1_334' title='bbox 3081 2020 3154 2075; x_wconf 90' lang='lat' dir='ltr'><strong>ad</strong></span> <span class='ocrx_word' id='word_1_335' title='bbox 3174 2018 3326 2075; x_wconf 91' lang='lat' dir='ltr'><strong>hanc</strong></span> <span class='ocrx_word' id='word_1_336' title='bbox 3357 2020 3613 2092; x_wconf 79' lang='lat' dir='ltr'><strong>promul~</strong></span> 
     </span>
    </p>
   </div>
   <div class='ocr_carea' id='block_1_52' title="bbox 1966 2108 3615 2188">
    <p class='ocr_par' dir='ltr' id='par_1_52' title="bbox 1966 2108 3615 2188">
     <span class='ocr_line' id='line_1_52' title="bbox 1966 2108 3615 2188; baseline -0.002 -19"><span class='ocrx_word' id='word_1_337' title='bbox 1966 2114 2242 2188; x_wconf 90' lang='lat' dir='ltr'><strong>gandam,</strong></span> <span class='ocrx_word' id='word_1_338' title='bbox 2287 2111 2863 2184; x_wconf 88' lang='lat' dir='ltr'><strong>promovendamque</strong></span> <span class='ocrx_word' id='word_1_339' title='bbox 2910 2108 3355 2181; x_wconf 85' lang='lat' dir='ltr'><strong>expeditionem.</strong></span> <span class='ocrx_word' id='word_1_340' title='bbox 3406 2113 3550 2166; x_wconf 89' lang='lat' dir='ltr'><strong>Eum</strong></span> <span class='ocrx_word' id='word_1_341' title='bbox 3578 2126 3615 2165; x_wconf 89' lang='lat' dir='ltr'><strong>a</strong></span> 
     </span>
    </p>
   </div>
   <div class='ocr_carea' id='block_1_53' title="bbox 1966 2198 3616 2271">
    <p class='ocr_par' dir='ltr' id='par_1_53' title="bbox 1966 2198 3616 2271">
     <span class='ocr_line' id='line_1_53' title="bbox 1966 2198 3616 2271; baseline -0.003 -13"><span class='ocrx_word' id='word_1_342' title='bbox 1966 2204 2069 2260; x_wconf 90' lang='lat' dir='ltr'><strong>Deo</strong></span> <span class='ocrx_word' id='word_1_343' title='bbox 2094 2202 2263 2258; x_wconf 86' lang='lat' dir='ltr'><strong>Israel</strong></span> <span class='ocrx_word' id='word_1_344' title='bbox 2288 2202 2596 2257; x_wconf 70' lang='lat' dir='ltr'><strong>mawimum</strong></span> <span class='ocrx_word' id='word_1_345' title='bbox 2609 2200 2920 2271; x_wconf 82' lang='lat' dir='ltr'><strong>principem</strong></span> <span class='ocrx_word' id='word_1_346' title='bbox 2937 2201 3128 2254; x_wconf 81' lang='lat' dir='ltr'><strong>contra</strong></span> <span class='ocrx_word' id='word_1_347' title='bbox 3148 2198 3463 2271; x_wconf 84' lang='lat' dir='ltr'><strong>Allophylos</strong></span> <span class='ocrx_word' id='word_1_348' title='bbox 3491 2215 3616 2255; x_wconf 85' lang='lat' dir='ltr'><strong>con-</strong></span> 
     </span>
    </p>
   </div>
   <div class='ocr_carea' id='block_1_54' title="bbox 1965 2286 3616 2359">
    <p class='ocr_par' dir='ltr' id='par_1_54' title="bbox 1965 2286 3616 2359">
     <span class='ocr_line' id='line_1_54' title="bbox 1965 2286 3616 2359; baseline -0.004 -12"><span class='ocrx_word' id='word_1_349' title='bbox 1965 2294 2217 2348; x_wconf 86' lang='lat' dir='ltr'><strong>stitutum</strong></span> <span class='ocrx_word' id='word_1_350' title='bbox 2245 2289 2427 2345; x_wconf 81' lang='lat' dir='ltr'><strong>fuisse</strong></span> <span class='ocrx_word' id='word_1_351' title='bbox 2456 2305 2524 2343; x_wconf 88' lang='lat' dir='ltr'><strong>ea</strong></span> <span class='ocrx_word' id='word_1_352' title='bbox 2555 2287 2857 2343; x_wconf 88' lang='lat' dir='ltr'><strong>occasione</strong></span> <span class='ocrx_word' id='word_1_353' title='bbox 2886 2286 3162 2359; x_wconf 65' lang='lat' dir='ltr'><strong>praedicat</strong></span> <span class='ocrx_word' id='word_1_354' title='bbox 3191 2286 3502 2344; x_wconf 86' lang='lat' dir='ltr'><strong>Ordericus</strong></span> <span class='ocrx_word' id='word_1_355' title='bbox 3521 2286 3616 2341; x_wconf 90' lang='lat' dir='ltr'><strong>Vi-</strong></span> 
     </span>
    </p>
   </div>
   <div class='ocr_carea' id='block_1_55' title="bbox 1965 2374 3617 2448">
    <p class='ocr_par' dir='ltr' id='par_1_55' title="bbox 1965 2374 3617 2448">
     <span class='ocr_line' id='line_1_55' title="bbox 1965 2374 3617 2448; baseline -0.004 -12"><span class='ocrx_word' id='word_1_356' title='bbox 1965 2380 2101 2437; x_wconf 89' lang='lat' dir='ltr'><strong>talis</strong></span> <span class='ocrx_word' id='word_1_357' title='bbox 2120 2380 2269 2435; x_wconf 92' lang='lat' dir='ltr'><strong>libro</strong></span> <span class='ocrx_word' id='word_1_358' title='bbox 2306 2396 2428 2445; x_wconf 86' lang='lat' dir='ltr'><strong>vm,</strong></span> <span class='ocrx_word' id='word_1_359' title='bbox 2460 2378 2552 2433; x_wconf 87' lang='lat' dir='ltr'><strong>cui</strong></span> <span class='ocrx_word' id='word_1_360' title='bbox 2582 2374 2684 2432; x_wconf 88' lang='lat' dir='ltr'><strong>ille</strong></span> <span class='ocrx_word' id='word_1_361' title='bbox 2713 2384 2924 2432; x_wconf 86' lang='lat' dir='ltr'><strong>turrem</strong></span> <span class='ocrx_word' id='word_1_362' title='bbox 2955 2374 3126 2431; x_wconf 86' lang='lat' dir='ltr'><strong>David</strong></span> <span class='ocrx_word' id='word_1_363' title='bbox 3153 2392 3280 2431; x_wconf 87' lang='lat' dir='ltr'><strong>cum</strong></span> <span class='ocrx_word' id='word_1_364' title='bbox 3300 2391 3617 2448; x_wconf 86' lang='lat' dir='ltr'><strong>propugna-</strong></span> 
     </span>
    </p>
   </div>
   <div class='ocr_carea' id='block_1_56' title="bbox 1965 2462 3617 2540">
    <p class='ocr_par' dir='ltr' id='par_1_56' title="bbox 1965 2462 3617 2540">
     <span class='ocr_line' id='line_1_56' title="bbox 1965 2462 3617 2540; baseline -0.004 -14"><span class='ocrx_word' id='word_1_365' title='bbox 1965 2471 2102 2526; x_wconf 89' lang='lat' dir='ltr'><strong>culis</strong></span> <span class='ocrx_word' id='word_1_366' title='bbox 2121 2477 2311 2525; x_wconf 90' lang='lat' dir='ltr'><strong>contra</strong></span> <span class='ocrx_word' id='word_1_367' title='bbox 2329 2468 2531 2540; x_wconf 77' lang='lat' dir='ltr'><strong>faciem</strong></span> <span class='ocrx_word' id='word_1_368' title='bbox 2558 2466 2811 2521; x_wconf 86' lang='lat' dir='ltr'><strong>Damasci</strong></span> <span class='ocrx_word' id='word_1_369' title='bbox 2837 2466 3201 2520; x_wconf 82' lang='lat' dir='ltr'><strong>commiserat.</strong></span> <span class='ocrx_word' id='word_1_370' title='bbox 3233 2462 3409 2520; x_wconf 91' lang='lat' dir='ltr'><strong>Plura</strong></span> <span class='ocrx_word' id='word_1_371' title='bbox 3437 2463 3617 2520; x_wconf 88' lang='lat' dir='ltr'><strong>habet</strong></span> 
     </span>
    </p>
   </div>
   <div class='ocr_carea' id='block_1_57' title="bbox 1966 2553 3635 2627">
    <p class='ocr_par' dir='ltr' id='par_1_57' title="bbox 1966 2553 3635 2627">
     <span class='ocr_line' id='line_1_57' title="bbox 1966 2553 3635 2627; baseline -0.004 -12"><span class='ocrx_word' id='word_1_372' title='bbox 1966 2559 2114 2615; x_wconf 91' lang='lat' dir='ltr'><strong>libro</strong></span> <span class='ocrx_word' id='word_1_373' title='bbox 2145 2576 2223 2619; x_wconf 78' lang='lat' dir='ltr'><strong>ix.</strong></span> <span class='ocrx_word' id='word_1_374' title='bbox 2276 2557 2559 2612; x_wconf 84' lang='lat' dir='ltr'><strong>Eumdem</strong></span> <span class='ocrx_word' id='word_1_375' title='bbox 2600 2553 2937 2627; x_wconf 82' lang='lat' dir='ltr'><strong>pontificem</strong></span> <span class='ocrx_word' id='word_1_376' title='bbox 2994 2553 3139 2625; x_wconf 86' lang='lat' dir='ltr'><strong>apud</strong></span> <span class='ocrx_word' id='word_1_377' title='bbox 3167 2569 3352 2609; x_wconf 88' lang='lat' dir='ltr'><strong>omnes</strong></span> <span class='ocrx_word' id='word_1_378' title='bbox 3397 2554 3635 2609; x_wconf 77' lang='lat' dir='ltr'><strong>illustre</strong></span> 
     </span>
    </p>
   </div>
   <div class='ocr_carea' id='block_1_58' title="bbox 1964 2642 3650 2718">
    <p class='ocr_par' dir='ltr' id='par_1_58' title="bbox 1964 2642 3650 2718">
     <span class='ocr_line' id='line_1_58' title="bbox 1964 2642 3650 2718; baseline -0.004 -14"><span class='ocrx_word' id='word_1_379' title='bbox 1964 2665 2077 2704; x_wconf 61' lang='lat' dir='ltr'><strong>sum</strong></span> <span class='ocrx_word' id='word_1_380' title='bbox 2104 2647 2577 2718; x_wconf 75' lang='lat' dir='ltr'><strong>magnanimitatis</strong></span> <span class='ocrx_word' id='word_1_381' title='bbox 2624 2650 3011 2713; x_wconf 86' lang='lat' dir='ltr'><strong>argumentum</strong></span> <span class='ocrx_word' id='word_1_382' title='bbox 3041 2656 3109 2697; x_wconf 90' lang='lat' dir='ltr'><strong>ea</strong></span> <span class='ocrx_word' id='word_1_383' title='bbox 3137 2642 3439 2698; x_wconf 86' lang='lat' dir='ltr'><strong>occasione</strong></span> <span class='ocrx_word' id='word_1_384' title='bbox 3469 2650 3650 2715; x_wconf 68' lang='lat' dir='ltr'><strong>prae-‘-</strong></span> 
     </span>
    </p>
   </div>
   <div class='ocr_carea' id='block_1_59' title="bbox 1967 2730 3616 2804">
    <p class='ocr_par' dir='ltr' id='par_1_59' title="bbox 1967 2730 3616 2804">
     <span class='ocr_line' id='line_1_59' title="bbox 1967 2730 3616 2804; baseline -0.004 -11"><span class='ocrx_word' id='word_1_385' title='bbox 1967 2736 2166 2793; x_wconf 88' lang='lat' dir='ltr'><strong>buisse</strong></span> <span class='ocrx_word' id='word_1_386' title='bbox 2206 2736 2287 2791; x_wconf 89' lang='lat' dir='ltr'><strong>ait</strong></span> <span class='ocrx_word' id='word_1_387' title='bbox 2317 2734 2652 2802; x_wconf 89' lang='lat' dir='ltr'><strong>Guibertus,</strong></span> <span class='ocrx_word' id='word_1_388' title='bbox 2686 2749 2821 2788; x_wconf 87' lang='lat' dir='ltr'><strong>cum</strong></span> <span class='ocrx_word' id='word_1_389' title='bbox 2861 2747 2930 2787; x_wconf 78' lang='lat' dir='ltr'><strong>ea:</strong></span> <span class='ocrx_word' id='word_1_390' title='bbox 2959 2730 3122 2804; x_wconf 85' lang='lat' dir='ltr'><strong>hujus</strong></span> <span class='ocrx_word' id='word_1_391' title='bbox 3148 2733 3496 2803; x_wconf 80' lang='lat' dir='ltr'><strong>profectionis</strong></span> <span class='ocrx_word' id='word_1_392' title='bbox 3526 2733 3616 2786; x_wconf 88' lang='lat' dir='ltr'><strong>in-</strong></span> 
     </span>
    </p>
   </div>
   <div class='ocr_carea' id='block_1_60' title="bbox 1966 2820 3617 2895">
    <p class='ocr_par' dir='ltr' id='par_1_60' title="bbox 1966 2820 3617 2895">
     <span class='ocr_line' id='line_1_60' title="bbox 1966 2820 3617 2895; baseline -0.003 -14"><span class='ocrx_word' id='word_1_393' title='bbox 1966 2827 2193 2891; x_wconf 88' lang='lat' dir='ltr'><strong>centivo,</strong></span> <span class='ocrx_word' id='word_1_394' title='bbox 2223 2824 2363 2895; x_wconf 86' lang='lat' dir='ltr'><strong>quod</strong></span> <span class='ocrx_word' id='word_1_395' title='bbox 2382 2823 2513 2879; x_wconf 86' lang='lat' dir='ltr'><strong>dum</strong></span> <span class='ocrx_word' id='word_1_396' title='bbox 2536 2825 2753 2893; x_wconf 86' lang='lat' dir='ltr'><strong>primus</strong></span> <span class='ocrx_word' id='word_1_397' title='bbox 2773 2823 2891 2893; x_wconf 89' lang='lat' dir='ltr'><strong>ipse</strong></span> <span class='ocrx_word' id='word_1_398' title='bbox 2914 2820 3176 2892; x_wconf 65' lang='lat' dir='ltr'><strong>praebuit,</strong></span> <span class='ocrx_word' id='word_1_399' title='bbox 3207 2836 3445 2892; x_wconf 87' lang='lat' dir='ltr'><strong>quonam</strong></span> <span class='ocrx_word' id='word_1_400' title='bbox 3458 2826 3617 2893; x_wconf 83' lang='lat' dir='ltr'><strong>pacto</strong></span> 
     </span>
    </p>
   </div>
   <div class='ocr_carea' id='block_1_61' title="bbox 1966 2907 3617 2985">
    <p class='ocr_par' dir='ltr' id='par_1_61' title="bbox 1966 2907 3617 2985">
     <span class='ocr_line' id='line_1_61' title="bbox 1966 2907 3617 2985; baseline -0.002 -15"><span class='ocrx_word' id='word_1_401' title='bbox 1966 2915 2023 2970; x_wconf 86' lang='lat' dir='ltr'><strong>id</strong></span> <span class='ocrx_word' id='word_1_402' title='bbox 2050 2916 2200 2985; x_wconf 81' lang='lat' dir='ltr'><strong>ﬁeret</strong></span> <span class='ocrx_word' id='word_1_403' title='bbox 2229 2918 2368 2969; x_wconf 87' lang='lat' dir='ltr'><strong>totus</strong></span> <span class='ocrx_word' id='word_1_404' title='bbox 2396 2911 2632 2967; x_wconf 88' lang='lat' dir='ltr'><strong>mundus</strong></span> <span class='ocrx_word' id='word_1_405' title='bbox 2659 2910 2954 2981; x_wconf 88' lang='lat' dir='ltr'><strong>obstupuit.</strong></span> <span class='ocrx_word' id='word_1_406' title='bbox 2993 2909 3063 2964; x_wconf 88' lang='lat' dir='ltr'><strong>Et</strong></span> <span class='ocrx_word' id='word_1_407' title='bbox 3112 2908 3349 2981; x_wconf 89' lang='lat' dir='ltr'><strong>quidem</strong></span> <span class='ocrx_word' id='word_1_408' title='bbox 3398 2907 3617 2967; x_wconf 86' lang='lat' dir='ltr'><strong>mirum</strong></span> 
     </span>
    </p>
   </div>
   <div class='ocr_carea' id='block_1_62' title="bbox 1966 2997 3620 3076">
    <p class='ocr_par' dir='ltr' id='par_1_62' title="bbox 1966 2997 3620 3076">
     <span class='ocr_line' id='line_1_62' title="bbox 1966 2997 3620 3076; baseline -0.004 -17"><span class='ocrx_word' id='word_1_409' title='bbox 1966 3007 2056 3060; x_wconf 89' lang='lat' dir='ltr'><strong>est</strong></span> <span class='ocrx_word' id='word_1_410' title='bbox 2081 3001 2415 3076; x_wconf 83' lang='lat' dir='ltr'><strong>pontificem</strong></span> <span class='ocrx_word' id='word_1_411' title='bbox 2432 3016 2766 3073; x_wconf 90' lang='lat' dir='ltr'><strong>pauperem,</strong></span> <span class='ocrx_word' id='word_1_412' title='bbox 2791 2998 2877 3054; x_wconf 90' lang='lat' dir='ltr'><strong>uti</strong></span> <span class='ocrx_word' id='word_1_413' title='bbox 2898 3001 3024 3054; x_wconf 90' lang='lat' dir='ltr'><strong>tum</strong></span> <span class='ocrx_word' id='word_1_414' title='bbox 3047 3002 3171 3054; x_wconf 89' lang='lat' dir='ltr'><strong>erat</strong></span> <span class='ocrx_word' id='word_1_415' title='bbox 3190 2997 3620 3064; x_wconf 89' lang='lat' dir='ltr'><strong>Urbanus,abs-</strong></span> 
     </span>
    </p>
   </div>
   <div class='ocr_carea' id='block_1_63' title="bbox 1967 3085 3613 3164">
    <p class='ocr_par' dir='ltr' id='par_1_63' title="bbox 1967 3085 3613 3164">
     <span class='ocr_line' id='line_1_63' title="bbox 1967 3085 3613 3164; baseline -0.004 -16"><span class='ocrx_word' id='word_1_416' title='bbox 1967 3109 2080 3164; x_wconf 91' lang='lat' dir='ltr'><strong>que</strong></span> <span class='ocrx_word' id='word_1_417' title='bbox 2111 3107 2318 3164; x_wconf 88' lang='lat' dir='ltr'><strong>regum</strong></span> <span class='ocrx_word' id='word_1_418' title='bbox 2367 3106 2494 3162; x_wconf 89' lang='lat' dir='ltr'><strong>ope,</strong></span> <span class='ocrx_word' id='word_1_419' title='bbox 2547 3090 2673 3145; x_wconf 89' lang='lat' dir='ltr'><strong>sine</strong></span> <span class='ocrx_word' id='word_1_420' title='bbox 2719 3086 2843 3142; x_wconf 91' lang='lat' dir='ltr'><strong>ulla</strong></span> <span class='ocrx_word' id='word_1_421' title='bbox 2899 3086 3197 3143; x_wconf 85' lang='lat' dir='ltr'><strong>exactione</strong></span> <span class='ocrx_word' id='word_1_422' title='bbox 3244 3090 3345 3143; x_wconf 89' lang='lat' dir='ltr'><strong>aut</strong></span> <span class='ocrx_word' id='word_1_423' title='bbox 3370 3085 3613 3155; x_wconf 89' lang='lat' dir='ltr'><strong>tributo,</strong></span> 
     </span>
    </p>
   </div>
   <div class='ocr_carea' id='block_1_64' title="bbox 1967 3174 3619 3257">
    <p class='ocr_par' dir='ltr' id='par_1_64' title="bbox 1967 3174 3619 3257">
     <span class='ocr_line' id='line_1_64' title="bbox 1967 3174 3619 3257; baseline -0.004 -20"><span class='ocrx_word' id='word_1_424' title='bbox 1967 3185 2192 3237; x_wconf 88' lang='lat' dir='ltr'><strong>tantam</strong></span> <span class='ocrx_word' id='word_1_425' title='bbox 2223 3178 2557 3251; x_wconf 88' lang='lat' dir='ltr'><strong>principum</strong></span> <span class='ocrx_word' id='word_1_426' title='bbox 2588 3176 2966 3257; x_wconf 88' lang='lat' dir='ltr'><strong>virorumque</strong></span> <span class='ocrx_word' id='word_1_427' title='bbox 2982 3174 3271 3231; x_wconf 89' lang='lat' dir='ltr'><strong>nobilium</strong></span> <span class='ocrx_word' id='word_1_428' title='bbox 3304 3192 3371 3231; x_wconf 91' lang='lat' dir='ltr'><strong>ac</strong></span> <span class='ocrx_word' id='word_1_429' title='bbox 3391 3178 3619 3232; x_wconf 78' lang='lat' dir='ltr'><strong>caetero-</strong></span> 
     </span>
    </p>
   </div>
   <div class='ocr_carea' id='block_1_65' title="bbox 203 3249 3615 3356">
    <p class='ocr_par' dir='ltr' id='par_1_65' title="bbox 203 3249 3615 3356">
     <span class='ocr_line' id='line_1_65' title="bbox 203 3249 3615 3356; baseline -0.008 -10"><span class='ocrx_word' id='word_1_430' title='bbox 434 3249 784 3356; x_wconf 69' lang='lat' dir='ltr'><strong>quidem</strong></span> <span class='ocrx_word' id='word_1_431' title='bbox 815 3276 1048 3351; x_wconf 88' lang='lat' dir='ltr'><strong>egregia</strong></span> <span class='ocrx_word' id='word_1_432' title='bbox 1074 3249 1235 3331; x_wconf 83' lang='lat' dir='ltr'><strong>illius</strong></span> <span class='ocrx_word' id='word_1_433' title='bbox 1265 3249 1554 3330; x_wconf 78' lang='lat' dir='ltr'><strong>antistitis</strong></span> <span class='ocrx_word' id='word_1_434' title='bbox 1603 3270 1861 3327; x_wconf 87' lang='lat' dir='ltr'><strong>facinora</strong></span> <span class='ocrx_word' id='word_1_435' title='bbox 1889 3249 1932 3317; x_wconf 61' lang='grc' dir='ltr'><strong>(ἶ</strong></span> <span class='ocrx_word' id='word_1_436' title='bbox 1970 3287 2101 3325; x_wconf 89' lang='lat' dir='ltr'><strong>rum</strong></span> <span class='ocrx_word' id='word_1_437' title='bbox 2146 3249 2405 3324; x_wconf 29' lang='lat' dir='ltr'><strong>exvomni</strong></span> <span class='ocrx_word' id='word_1_438' title='bbox 2425 3249 2665 3331; x_wconf 81' lang='lat' dir='ltr'><strong>ordine,</strong></span> <span class='ocrx_word' id='word_1_439' title='bbox 2693 3254 2850 3320; x_wconf 88' lang='lat' dir='ltr'><strong>statu</strong></span> <span class='ocrx_word' id='word_1_440' title='bbox 2879 3268 2937 3320; x_wconf 90' lang='lat' dir='ltr'><strong>et</strong></span> <span class='ocrx_word' id='word_1_441' title='bbox 2966 3280 3141 3337; x_wconf 88' lang='lat' dir='ltr'><strong>regno</strong></span> <span class='ocrx_word' id='word_1_442' title='bbox 3173 3262 3615 3319; x_wconf 88' lang='lat' dir='ltr'><strong>multitudinem</strong></span> 
     </span>
    </p>
   </div>
   <div class='ocr_carea' id='block_1_66' title="bbox 206 3362 1864 3453">
    <p class='ocr_par' dir='ltr' id='par_1_66' title="bbox 206 3362 1864 3453">
     <span class='ocr_line' id='line_1_66' title="bbox 206 3362 1864 3453; baseline -0.014 -18"><span class='ocrx_word' id='word_1_443' title='bbox 206 3377 434 3453; x_wconf 87' lang='lat' dir='ltr'><strong>passim</strong></span> <span class='ocrx_word' id='word_1_444' title='bbox 458 3372 617 3447; x_wconf 89' lang='lat' dir='ltr'><strong>apud</strong></span> <span class='ocrx_word' id='word_1_445' title='bbox 641 3372 907 3426; x_wconf 88' lang='lat' dir='ltr'><strong>auctores</strong></span> <span class='ocrx_word' id='word_1_446' title='bbox 928 3366 1347 3422; x_wconf 87' lang='lat' dir='ltr'><strong>memorantur.</strong></span> <span class='ocrx_word' id='word_1_447' title='bbox 1362 3362 1502 3431; x_wconf 86' lang='lat' dir='ltr'><strong>Ejus</strong></span> <span class='ocrx_word' id='word_1_448' title='bbox 1522 3376 1655 3416; x_wconf 88' lang='lat' dir='ltr'><strong>vero</strong></span> <span class='ocrx_word' id='word_1_449' title='bbox 1675 3374 1864 3414; x_wconf 88' lang='lat' dir='ltr'><strong>exem-</strong></span> 
     </span>
    </p>
   </div>
   <div class='ocr_carea' id='block_1_67' title="bbox 208 3449 1863 3541">
    <p class='ocr_par' dir='ltr' id='par_1_67' title="bbox 208 3449 1863 3541">
     <span class='ocr_line' id='line_1_67' title="bbox 208 3449 1863 3541; baseline -0.014 -18"><span class='ocrx_word' id='word_1_450' title='bbox 208 3449 372 3541; x_wconf 76' lang='lat' dir='ltr'><strong>plum</strong></span> <span class='ocrx_word' id='word_1_451' title='bbox 406 3463 508 3521; x_wconf 85' lang='lat' dir='ltr'><strong>alii</strong></span> <span class='ocrx_word' id='word_1_452' title='bbox 541 3458 800 3535; x_wconf 89' lang='lat' dir='ltr'><strong>episcopi</strong></span> <span class='ocrx_word' id='word_1_453' title='bbox 831 3453 1153 3518; x_wconf 88' lang='lat' dir='ltr'><strong>subsecuti,</strong></span> <span class='ocrx_word' id='word_1_454' title='bbox 1184 3449 1536 3523; x_wconf 87' lang='lat' dir='ltr'><strong>expeditioni</strong></span> <span class='ocrx_word' id='word_1_455' title='bbox 1559 3464 1736 3504; x_wconf 81' lang='lat' dir='ltr'><strong>sacrae</strong></span> <span class='ocrx_word' id='word_1_456' title='bbox 1767 3462 1863 3518; x_wconf 90' lang='lat' dir='ltr'><strong>po-</strong></span> 
     </span>
    </p>
   </div>
   <div class='ocr_carea' id='block_1_68' title="bbox 206 3535 1860 3615">
    <p class='ocr_par' dir='ltr' id='par_1_68' title="bbox 206 3535 1860 3615">
     <span class='ocr_line' id='line_1_68' title="bbox 206 3535 1860 3615; baseline -0.015 -2"><span class='ocrx_word' id='word_1_457' title='bbox 206 3535 329 3614; x_wconf 77' lang='lat' dir='ltr'><strong>stea</strong></span> <span class='ocrx_word' id='word_1_458' title='bbox 362 3567 586 3610; x_wconf 89' lang='lat' dir='ltr'><strong>nomen</strong></span> <span class='ocrx_word' id='word_1_459' title='bbox 617 3548 932 3613; x_wconf 88' lang='lat' dir='ltr'><strong>dederunt;</strong></span> <span class='ocrx_word' id='word_1_460' title='bbox 967 3542 1120 3615; x_wconf 88' lang='lat' dir='ltr'><strong>quod</strong></span> <span class='ocrx_word' id='word_1_461' title='bbox 1154 3542 1215 3596; x_wconf 89' lang='lat' dir='ltr'><strong>in</strong></span> <span class='ocrx_word' id='word_1_462' title='bbox 1258 3540 1387 3611; x_wconf 91' lang='lat' dir='ltr'><strong>ipso</strong></span> <span class='ocrx_word' id='word_1_463' title='bbox 1438 3538 1617 3594; x_wconf 89' lang='lat' dir='ltr'><strong>etiam</strong></span> <span class='ocrx_word' id='word_1_464' title='bbox 1664 3535 1860 3591; x_wconf 90' lang='lat' dir='ltr'><strong>Claro-</strong></span> 
     </span>
    </p>
   </div>
   <div class='ocr_carea' id='block_1_69' title="bbox 208 3623 1865 3701">
    <p class='ocr_par' dir='ltr' id='par_1_69' title="bbox 208 3623 1865 3701">
     <span class='ocr_line' id='line_1_69' title="bbox 208 3623 1865 3701; baseline -0.014 1"><span class='ocrx_word' id='word_1_465' title='bbox 208 3648 496 3701; x_wconf 87' lang='lat' dir='ltr'><strong>montano</strong></span> <span class='ocrx_word' id='word_1_466' title='bbox 529 3636 775 3695; x_wconf 90' lang='lat' dir='ltr'><strong>concilio</strong></span> <span class='ocrx_word' id='word_1_467' title='bbox 790 3634 999 3691; x_wconf 81' lang='lat' dir='ltr'><strong>fecisse</strong></span> <span class='ocrx_word' id='word_1_468' title='bbox 1029 3631 1245 3687; x_wconf 87' lang='lat' dir='ltr'><strong>dicitur</strong></span> <span class='ocrx_word' id='word_1_469' title='bbox 1272 3627 1607 3683; x_wconf 87' lang='lat' dir='ltr'><strong>Willelmus</strong></span> <span class='ocrx_word' id='word_1_470' title='bbox 1634 3623 1865 3681; x_wconf 88' lang='lat' dir='ltr'><strong>Arausi-</strong></span> 
     </span>
    </p>
   </div>
   <div class='ocr_carea' id='block_1_70' title="bbox 207 3714 1865 3790">
    <p class='ocr_par' dir='ltr' id='par_1_70' title="bbox 207 3714 1865 3790">
     <span class='ocr_line' id='line_1_70' title="bbox 207 3714 1865 3790; baseline -0.014 1"><span class='ocrx_word' id='word_1_471' title='bbox 207 3732 427 3790; x_wconf 85' lang='lat' dir='ltr'><strong>censis.</strong></span> <span class='ocrx_word' id='word_1_472' title='bbox 449 3729 671 3786; x_wconf 88' lang='lat' dir='ltr'><strong>Eodem</strong></span> <span class='ocrx_word' id='word_1_473' title='bbox 692 3725 868 3782; x_wconf 88' lang='lat' dir='ltr'><strong>etiam</strong></span> <span class='ocrx_word' id='word_1_474' title='bbox 891 3738 954 3778; x_wconf 92' lang='lat' dir='ltr'><strong>se</strong></span> <span class='ocrx_word' id='word_1_475' title='bbox 968 3725 1099 3777; x_wconf 91' lang='lat' dir='ltr'><strong>voto</strong></span> <span class='ocrx_word' id='word_1_476' title='bbox 1119 3717 1510 3775; x_wconf 87' lang='lat' dir='ltr'><strong>obstrinxerat</strong></span> <span class='ocrx_word' id='word_1_477' title='bbox 1534 3714 1865 3771; x_wconf 87' lang='lat' dir='ltr'><strong>Bernardus</strong></span> 
     </span>
    </p>
   </div>
   <div class='ocr_carea' id='block_1_71' title="bbox 207 3802 1866 3887">
    <p class='ocr_par' dir='ltr' id='par_1_71' title="bbox 207 3802 1866 3887">
     <span class='ocr_line' id='line_1_71' title="bbox 207 3802 1866 3887; baseline -0.014 -7"><span class='ocrx_word' id='word_1_478' title='bbox 207 3821 397 3880; x_wconf 85' lang='lat' dir='ltr'><strong>Toleti</strong></span> <span class='ocrx_word' id='word_1_479' title='bbox 424 3814 924 3887; x_wconf 86' lang='lat' dir='ltr'><strong>archiepiscopus,</strong></span> <span class='ocrx_word' id='word_1_480' title='bbox 956 3810 1057 3867; x_wconf 90' lang='lat' dir='ltr'><strong>sed</strong></span> <span class='ocrx_word' id='word_1_481' title='bbox 1096 3809 1171 3865; x_wconf 89' lang='lat' dir='ltr'><strong>ab</strong></span> <span class='ocrx_word' id='word_1_482' title='bbox 1201 3824 1266 3864; x_wconf 91' lang='lat' dir='ltr'><strong>eo</strong></span> <span class='ocrx_word' id='word_1_483' title='bbox 1289 3810 1421 3862; x_wconf 91' lang='lat' dir='ltr'><strong>voto</strong></span> <span class='ocrx_word' id='word_1_484' title='bbox 1453 3802 1701 3861; x_wconf 89' lang='lat' dir='ltr'><strong>absolvit</strong></span> <span class='ocrx_word' id='word_1_485' title='bbox 1731 3818 1866 3857; x_wconf 89' lang='lat' dir='ltr'><strong>eum</strong></span> 
     </span>
    </p>
   </div>
   <div class='ocr_carea' id='block_1_72' title="bbox 207 3893 1871 3986">
    <p class='ocr_par' dir='ltr' id='par_1_72' title="bbox 207 3893 1871 3986">
     <span class='ocr_line' id='line_1_72' title="bbox 207 3893 1871 3986; baseline -0.013 -19"><span class='ocrx_word' id='word_1_486' title='bbox 207 3909 497 3986; x_wconf 80' lang='lat' dir='ltr'><strong>pontifex,</strong></span> <span class='ocrx_word' id='word_1_487' title='bbox 523 3904 678 3978; x_wconf 90' lang='lat' dir='ltr'><strong>quod</strong></span> <span class='ocrx_word' id='word_1_488' title='bbox 699 3900 951 3959; x_wconf 79' lang='lat' dir='ltr'><strong>turbatis</strong></span> <span class='ocrx_word' id='word_1_489' title='bbox 965 3900 1026 3954; x_wconf 90' lang='lat' dir='ltr'><strong>in</strong></span> <span class='ocrx_word' id='word_1_490' title='bbox 1038 3896 1319 3970; x_wconf 89' lang='lat' dir='ltr'><strong>Hispania</strong></span> <span class='ocrx_word' id='word_1_491' title='bbox 1330 3896 1505 3951; x_wconf 90' lang='lat' dir='ltr'><strong>rebus</strong></span> <span class='ocrx_word' id='word_1_492' title='bbox 1519 3893 1704 3951; x_wconf 87' lang='lat' dir='ltr'><strong>satius</strong></span> <span class='ocrx_word' id='word_1_493' title='bbox 1716 3894 1871 3948; x_wconf 86' lang='lat' dir='ltr'><strong>esset</strong></span> 
     </span>
    </p>
   </div>
   <div class='ocr_carea' id='block_1_73' title="bbox 209 3981 1867 4059">
    <p class='ocr_par' dir='ltr' id='par_1_73' title="bbox 209 3981 1867 4059">
     <span class='ocr_line' id='line_1_73' title="bbox 209 3981 1867 4059; baseline -0.014 -2"><span class='ocrx_word' id='word_1_494' title='bbox 209 3981 275 4057; x_wconf 75' lang='lat' dir='ltr'><strong>ut</strong></span> <span class='ocrx_word' id='word_1_495' title='bbox 295 3999 379 4056; x_wconf 92' lang='lat' dir='ltr'><strong>ibi</strong></span> <span class='ocrx_word' id='word_1_496' title='bbox 419 3995 834 4053; x_wconf 87' lang='lat' dir='ltr'><strong>remoraretur.</strong></span> <span class='ocrx_word' id='word_1_497' title='bbox 874 3989 1016 4059; x_wconf 88' lang='lat' dir='ltr'><strong>Ejus</strong></span> <span class='ocrx_word' id='word_1_498' title='bbox 1047 3985 1432 4043; x_wconf 89' lang='lat' dir='ltr'><strong>absolutionis</strong></span> <span class='ocrx_word' id='word_1_499' title='bbox 1462 3981 1733 4038; x_wconf 89' lang='lat' dir='ltr'><strong>meminit</strong></span> <span class='ocrx_word' id='word_1_500' title='bbox 1762 3981 1867 4035; x_wconf 90' lang='lat' dir='ltr'><strong>Pa-</strong></span> 
     </span>
    </p>
   </div>
   <div class='ocr_carea' id='block_1_74' title="bbox 211 4068 1868 4153">
    <p class='ocr_par' dir='ltr' id='par_1_74' title="bbox 211 4068 1868 4153">
     <span class='ocr_line' id='line_1_74' title="bbox 211 4068 1868 4153; baseline -0.014 -7"><span class='ocrx_word' id='word_1_501' title='bbox 211 4086 440 4147; x_wconf 83' lang='lat' dir='ltr'><strong>schalis</strong></span> <span class='ocrx_word' id='word_1_502' title='bbox 460 4084 513 4141; x_wconf 90' lang='lat' dir='ltr'><strong>ll</strong></span> <span class='ocrx_word' id='word_1_503' title='bbox 547 4083 604 4138; x_wconf 88' lang='lat' dir='ltr'><strong>in</strong></span> <span class='ocrx_word' id='word_1_504' title='bbox 637 4080 806 4153; x_wconf 90' lang='lat' dir='ltr'><strong>epist.</strong></span> <span class='ocrx_word' id='word_1_505' title='bbox 830 4079 898 4134; x_wconf 86' lang='lat' dir='ltr'><strong>ad</strong></span> <span class='ocrx_word' id='word_1_506' title='bbox 924 4077 1144 4133; x_wconf 90' lang='lat' dir='ltr'><strong>clerum</strong></span> <span class='ocrx_word' id='word_1_507' title='bbox 1176 4078 1233 4130; x_wconf 91' lang='lat' dir='ltr'><strong>et</strong></span> <span class='ocrx_word' id='word_1_508' title='bbox 1263 4072 1545 4147; x_wconf 88' lang='lat' dir='ltr'><strong>pepulum</strong></span> <span class='ocrx_word' id='word_1_509' title='bbox 1579 4070 1740 4144; x_wconf 91' lang='lat' dir='ltr'><strong>regni</strong></span> <span class='ocrx_word' id='word_1_510' title='bbox 1773 4068 1868 4124; x_wconf 91' lang='lat' dir='ltr'><strong>Al-</strong></span> 
     </span>
    </p>
   </div>
   <div class='ocr_carea' id='block_1_75' title="bbox 213 4159 1874 4247">
    <p class='ocr_par' dir='ltr' id='par_1_75' title="bbox 213 4159 1874 4247">
     <span class='ocr_line' id='line_1_75' title="bbox 213 4159 1874 4247; baseline -0.013 -12"><span class='ocrx_word' id='word_1_511' title='bbox 213 4177 390 4242; x_wconf 87' lang='lat' dir='ltr'><strong>fonsi,</strong></span> <span class='ocrx_word' id='word_1_512' title='bbox 428 4172 589 4247; x_wconf 89' lang='lat' dir='ltr'><strong>apud</strong></span> <span class='ocrx_word' id='word_1_513' title='bbox 608 4167 910 4226; x_wconf 87' lang='lat' dir='ltr'><strong>Tamaiam</strong></span> <span class='ocrx_word' id='word_1_514' title='bbox 929 4165 1072 4239; x_wconf 23' lang='lat' dir='ltr'><strong>diet3</strong></span> <span class='ocrx_word' id='word_1_515' title='bbox 1085 4163 1319 4236; x_wconf 89' lang='lat' dir='ltr'><strong>Aprilis,</strong></span> <span class='ocrx_word' id='word_1_516' title='bbox 1345 4162 1445 4217; x_wconf 91' lang='lat' dir='ltr'><strong>ubi</strong></span> <span class='ocrx_word' id='word_1_517' title='bbox 1465 4160 1679 4216; x_wconf 87' lang='lat' dir='ltr'><strong>dicitur</strong></span> <span class='ocrx_word' id='word_1_518' title='bbox 1696 4159 1874 4215; x_wconf 89' lang='lat' dir='ltr'><strong>Urba-</strong></span> 
     </span>
    </p>
   </div>
   <div class='ocr_carea' id='block_1_76' title="bbox 214 4248 1871 4324">
    <p class='ocr_par' dir='ltr' id='par_1_76' title="bbox 214 4248 1871 4324">
     <span class='ocr_line' id='line_1_76' title="bbox 214 4248 1871 4324; baseline -0.014 0"><span class='ocrx_word' id='word_1_519' title='bbox 214 4282 329 4324; x_wconf 87' lang='lat' dir='ltr'><strong>nus</strong></span> <span class='ocrx_word' id='word_1_520' title='bbox 353 4259 643 4321; x_wconf 87' lang='lat' dir='ltr'><strong>Bernardi</strong></span> <span class='ocrx_word' id='word_1_521' title='bbox 663 4262 861 4314; x_wconf 87' lang='lat' dir='ltr'><strong>votum</strong></span> <span class='ocrx_word' id='word_1_522' title='bbox 884 4257 1279 4311; x_wconf 86' lang='lat' dir='ltr'><strong>commutasse</strong></span> <span class='ocrx_word' id='word_1_523' title='bbox 1302 4251 1360 4306; x_wconf 91' lang='lat' dir='ltr'><strong>in</strong></span> <span class='ocrx_word' id='word_1_524' title='bbox 1384 4248 1871 4305; x_wconf 88' lang='lat' dir='ltr'><strong>restaurationem</strong></span> 
     </span>
    </p>
   </div>
   <div class='ocr_carea' id='block_1_77' title="bbox 216 4335 1872 4412">
    <p class='ocr_par' dir='ltr' id='par_1_77' title="bbox 216 4335 1872 4412">
     <span class='ocr_line' id='line_1_77' title="bbox 216 4335 1872 4412; baseline -0.013 -1"><span class='ocrx_word' id='word_1_525' title='bbox 216 4355 384 4411; x_wconf 86' lang='lat' dir='ltr'><strong>urbis</strong></span> <span class='ocrx_word' id='word_1_526' title='bbox 418 4356 477 4408; x_wconf 90' lang='lat' dir='ltr'><strong>et</strong></span> <span class='ocrx_word' id='word_1_527' title='bbox 507 4347 778 4405; x_wconf 60' lang='lat' dir='ltr'><strong>Ecclesia:</strong></span> <span class='ocrx_word' id='word_1_528' title='bbox 800 4340 1256 4401; x_wconf 85' lang='lat' dir='ltr'><strong>Tarraconensis</strong></span> <span class='ocrx_word' id='word_1_529' title='bbox 1291 4338 1765 4412; x_wconf 89' lang='lat' dir='ltr'><strong>promovendam.</strong></span> <span class='ocrx_word' id='word_1_530' title='bbox 1812 4335 1872 4392; x_wconf 89' lang='lat' dir='ltr'><strong>Si</strong></span> 
     </span>
    </p>
   </div>
   <div class='ocr_carea' id='block_1_78' title="bbox 220 4428 1876 4501">
    <p class='ocr_par' dir='ltr' id='par_1_78' title="bbox 220 4428 1876 4501">
     <span class='ocr_line' id='line_1_78' title="bbox 220 4428 1876 4501; baseline -0.013 0"><span class='ocrx_word' id='word_1_531' title='bbox 220 4440 490 4501; x_wconf 80' lang='lat' dir='ltr'><strong>Bonﬁnio</strong></span> <span class='ocrx_word' id='word_1_532' title='bbox 520 4442 581 4494; x_wconf 88' lang='lat' dir='ltr'><strong>et</strong></span> <span class='ocrx_word' id='word_1_533' title='bbox 608 4436 742 4493; x_wconf 87' lang='lat' dir='ltr'><strong>aliis</strong></span> <span class='ocrx_word' id='word_1_534' title='bbox 771 4432 1071 4490; x_wconf 90' lang='lat' dir='ltr'><strong>historicis</strong></span> <span class='ocrx_word' id='word_1_535' title='bbox 1101 4430 1429 4494; x_wconf 85' lang='lat' dir='ltr'><strong>credamus,</strong></span> <span class='ocrx_word' id='word_1_536' title='bbox 1463 4428 1521 4483; x_wconf 90' lang='lat' dir='ltr'><strong>in</strong></span> <span class='ocrx_word' id='word_1_537' title='bbox 1554 4428 1683 4499; x_wconf 87' lang='lat' dir='ltr'><strong>ejus</strong></span> <span class='ocrx_word' id='word_1_538' title='bbox 1711 4441 1876 4497; x_wconf 59' lang='lat' dir='ltr'><strong>expeo</strong></span> 
     </span>
    </p>
   </div>
   <div class='ocr_carea' id='block_1_79' title="bbox 220 4515 1876 4588">
    <p class='ocr_par' dir='ltr' id='par_1_79' title="bbox 220 4515 1876 4588">
     <span class='ocr_line' id='line_1_79' title="bbox 220 4515 1876 4588; baseline -0.013 0"><span class='ocrx_word' id='word_1_539' title='bbox 220 4530 471 4588; x_wconf 86' lang='lat' dir='ltr'><strong>ditionis</strong></span> <span class='ocrx_word' id='word_1_540' title='bbox 491 4529 700 4583; x_wconf 88' lang='lat' dir='ltr'><strong>ducem</strong></span> <span class='ocrx_word' id='word_1_541' title='bbox 723 4523 943 4580; x_wconf 89' lang='lat' dir='ltr'><strong>electus</strong></span> <span class='ocrx_word' id='word_1_542' title='bbox 957 4524 1046 4578; x_wconf 91' lang='lat' dir='ltr'><strong>est</strong></span> <span class='ocrx_word' id='word_1_543' title='bbox 1067 4522 1307 4576; x_wconf 87' lang='lat' dir='ltr'><strong>sanctus</strong></span> <span class='ocrx_word' id='word_1_544' title='bbox 1327 4515 1633 4572; x_wconf 88' lang='lat' dir='ltr'><strong>Ladislaus</strong></span> <span class='ocrx_word' id='word_1_545' title='bbox 1647 4515 1876 4583; x_wconf 83' lang='lat' dir='ltr'><strong>Hunga-</strong></span> 
     </span>
    </p>
   </div>
   <div class='ocr_carea' id='block_1_80' title="bbox 1969 3350 3616 3431">
    <p class='ocr_par' dir='ltr' id='par_1_80' title="bbox 1969 3350 3616 3431">
     <span class='ocr_line' id='line_1_80' title="bbox 1969 3350 3616 3431; baseline -0.005 -16"><span class='ocrx_word' id='word_1_546' title='bbox 1969 3372 2377 3431; x_wconf 87' lang='lat' dir='ltr'><strong>congregasse,</strong></span> <span class='ocrx_word' id='word_1_547' title='bbox 2411 3354 2512 3427; x_wconf 89' lang='lat' dir='ltr'><strong>qui</strong></span> <span class='ocrx_word' id='word_1_548' title='bbox 2540 3354 2613 3410; x_wconf 91' lang='lat' dir='ltr'><strong>ad</strong></span> <span class='ocrx_word' id='word_1_549' title='bbox 2645 3351 2943 3408; x_wconf 88' lang='lat' dir='ltr'><strong>difﬁcilem</strong></span> <span class='ocrx_word' id='word_1_550' title='bbox 2995 3353 3139 3407; x_wconf 90' lang='lat' dir='ltr'><strong>adeo</strong></span> <span class='ocrx_word' id='word_1_551' title='bbox 3186 3350 3616 3423; x_wconf 87' lang='lat' dir='ltr'><strong>expeditionem</strong></span> 
     </span>
    </p>
   </div>
   <div class='ocr_carea' id='block_1_81' title="bbox 1970 3438 3618 3521">
    <p class='ocr_par' dir='ltr' id='par_1_81' title="bbox 1970 3438 3618 3521">
     <span class='ocr_line' id='line_1_81' title="bbox 1970 3438 3618 3521; baseline -0.007 -16"><span class='ocrx_word' id='word_1_552' title='bbox 1970 3451 2175 3521; x_wconf 89' lang='lat' dir='ltr'><strong>sponte</strong></span> <span class='ocrx_word' id='word_1_553' title='bbox 2195 3450 2251 3502; x_wconf 92' lang='lat' dir='ltr'><strong>et</strong></span> <span class='ocrx_word' id='word_1_554' title='bbox 2272 3444 2468 3501; x_wconf 90' lang='lat' dir='ltr'><strong>animo</strong></span> <span class='ocrx_word' id='word_1_555' title='bbox 2491 3442 2667 3499; x_wconf 87' lang='lat' dir='ltr'><strong>alacri</strong></span> <span class='ocrx_word' id='word_1_556' title='bbox 2688 3443 3095 3514; x_wconf 82' lang='lat' dir='ltr'><strong>properarent;</strong></span> <span class='ocrx_word' id='word_1_557' title='bbox 3128 3438 3345 3512; x_wconf 87' lang='lat' dir='ltr'><strong>quibus</strong></span> <span class='ocrx_word' id='word_1_558' title='bbox 3375 3456 3480 3512; x_wconf 89' lang='lat' dir='ltr'><strong>pro</strong></span> <span class='ocrx_word' id='word_1_559' title='bbox 3511 3439 3618 3495; x_wconf 88' lang='lat' dir='ltr'><strong>sti-</strong></span> 
     </span>
    </p>
   </div>
   <div class='ocr_carea' id='block_1_82' title="bbox 1969 3527 3618 3610">
    <p class='ocr_par' dir='ltr' id='par_1_82' title="bbox 1969 3527 3618 3610">
     <span class='ocr_line' id='line_1_82' title="bbox 1969 3527 3618 3610; baseline -0.005 -17"><span class='ocrx_word' id='word_1_560' title='bbox 1969 3536 2182 3610; x_wconf 90' lang='lat' dir='ltr'><strong>pendio</strong></span> <span class='ocrx_word' id='word_1_561' title='bbox 2195 3535 2321 3590; x_wconf 87' lang='lat' dir='ltr'><strong>sola</strong></span> <span class='ocrx_word' id='word_1_562' title='bbox 2336 3533 2769 3607; x_wconf 88' lang='lat' dir='ltr'><strong>proponebatur</strong></span> <span class='ocrx_word' id='word_1_563' title='bbox 2787 3534 3156 3603; x_wconf 89' lang='lat' dir='ltr'><strong>peccatorum</strong></span> <span class='ocrx_word' id='word_1_564' title='bbox 3170 3527 3618 3603; x_wconf 90' lang='lat' dir='ltr'><strong>indulgentia,et</strong></span> 
     </span>
    </p>
   </div>
   <div class='ocr_carea' id='block_1_83' title="bbox 1973 3622 2941 3701">
    <p class='ocr_par' dir='ltr' id='par_1_83' title="bbox 1973 3622 2941 3701">
     <span class='ocr_line' id='line_1_83' title="bbox 1973 3622 2941 3701; baseline -0.008 -18"><span class='ocrx_word' id='word_1_565' title='bbox 1973 3644 2077 3701; x_wconf 90' lang='lat' dir='ltr'><strong>pro</strong></span> <span class='ocrx_word' id='word_1_566' title='bbox 2107 3623 2344 3699; x_wconf 75' lang='lat' dir='ltr'><strong>praemio</strong></span> <span class='ocrx_word' id='word_1_567' title='bbox 2371 3638 2505 3694; x_wconf 89' lang='lat' dir='ltr'><strong>spes</strong></span> <span class='ocrx_word' id='word_1_568' title='bbox 2533 3622 2661 3677; x_wconf 72' lang='lat' dir='ltr'><strong>vitae</strong></span> <span class='ocrx_word' id='word_1_569' title='bbox 2692 3624 2941 3677; x_wconf 73' lang='lat' dir='ltr'><strong>aeternae.</strong></span> 
     </span>
    </p>
   </div>
   <div class='ocr_carea' id='block_1_84' title="bbox 2045 3708 3629 3783">
    <p class='ocr_par' dir='ltr' id='par_1_84' title="bbox 2045 3708 3629 3783">
     <span class='ocr_line' id='line_1_84' title="bbox 2045 3708 3629 3783; baseline -0.006 -11"><span class='ocrx_word' id='word_1_570' title='bbox 2045 3714 2348 3771; x_wconf 89' lang='lat' dir='ltr'><strong>Habebant</strong></span> <span class='ocrx_word' id='word_1_571' title='bbox 2377 3716 2593 3779; x_wconf 88' lang='lat' dir='ltr'><strong>autem,</strong></span> <span class='ocrx_word' id='word_1_572' title='bbox 2646 3713 2711 3766; x_wconf 90' lang='lat' dir='ltr'><strong>ut</strong></span> <span class='ocrx_word' id='word_1_573' title='bbox 2745 3711 2873 3783; x_wconf 88' lang='lat' dir='ltr'><strong>jam</strong></span> <span class='ocrx_word' id='word_1_574' title='bbox 2912 3708 3190 3777; x_wconf 88' lang='lat' dir='ltr'><strong>diximus,</strong></span> <span class='ocrx_word' id='word_1_575' title='bbox 3240 3725 3344 3781; x_wconf 91' lang='lat' dir='ltr'><strong>pro</strong></span> <span class='ocrx_word' id='word_1_576' title='bbox 3399 3708 3629 3781; x_wconf 80' lang='lat' dir='ltr'><strong>tessera</strong></span> 
     </span>
    </p>
   </div>
   <div class='ocr_carea' id='block_1_85' title="bbox 1974 3776 3667 3871">
    <p class='ocr_par' dir='ltr' id='par_1_85' title="bbox 1974 3776 3667 3871">
     <span class='ocr_line' id='line_1_85' title="bbox 1974 3776 3667 3871; baseline -0.005 -11"><span class='ocrx_word' id='word_1_577' title='bbox 1974 3804 2081 3859; x_wconf 88' lang='lat' dir='ltr'><strong>has</strong></span> <span class='ocrx_word' id='word_1_578' title='bbox 2111 3818 2280 3859; x_wconf 91' lang='lat' dir='ltr'><strong>voces</strong></span> <span class='ocrx_word' id='word_1_579' title='bbox 2309 3803 2424 3856; x_wconf 85' lang='lat' dir='ltr'><strong>Deu</strong></span> <span class='ocrx_word' id='word_1_580' title='bbox 2454 3802 2505 3857; x_wconf 92' lang='lat' dir='ltr'><strong>lo</strong></span> <span class='ocrx_word' id='word_1_581' title='bbox 2534 3801 2679 3866; x_wconf 83' lang='lat' dir='ltr'><strong>wolt,</strong></span> <span class='ocrx_word' id='word_1_582' title='bbox 2713 3816 2818 3871; x_wconf 87' lang='lat' dir='ltr'><strong>pro</strong></span> <span class='ocrx_word' id='word_1_583' title='bbox 2866 3797 3106 3854; x_wconf 86' lang='lat' dir='ltr'><strong>militari</strong></span> <span class='ocrx_word' id='word_1_584' title='bbox 3157 3776 3326 3870; x_wconf 45' lang='lat' dir='ltr'><strong>sig—no</strong></span> <span class='ocrx_word' id='word_1_585' title='bbox 3366 3778 3627 3863; x_wconf 82' lang='lat' dir='ltr'><strong>crucem,</strong></span> <span class='ocrx_word' id='word_1_586' title='bbox 3660 3776 3667 3795; x_wconf 77' lang='grc'><em>’</em></span> 
     </span>
    </p>
   </div>
   <div class='ocr_carea' id='block_1_86' title="bbox 1977 3885 3633 3965">
    <p class='ocr_par' dir='ltr' id='par_1_86' title="bbox 1977 3885 3633 3965">
     <span class='ocr_line' id='line_1_86' title="bbox 1977 3885 3633 3965; baseline -0.005 -16"><span class='ocrx_word' id='word_1_587' title='bbox 1977 3895 2143 3965; x_wconf 88' lang='lat' dir='ltr'><strong>cujus</strong></span> <span class='ocrx_word' id='word_1_588' title='bbox 2186 3890 2505 3963; x_wconf 85' lang='lat' dir='ltr'><strong>imaginem</strong></span> <span class='ocrx_word' id='word_1_589' title='bbox 2551 3888 2663 3945; x_wconf 92' lang='lat' dir='ltr'><strong>sibi</strong></span> <span class='ocrx_word' id='word_1_590' title='bbox 2706 3887 2765 3943; x_wconf 91' lang='lat' dir='ltr'><strong>in</strong></span> <span class='ocrx_word' id='word_1_591' title='bbox 2798 3886 3059 3943; x_wconf 90' lang='lat' dir='ltr'><strong>vestibus</strong></span> <span class='ocrx_word' id='word_1_592' title='bbox 3092 3902 3272 3958; x_wconf 86' lang='lat' dir='ltr'><strong>super</strong></span> <span class='ocrx_word' id='word_1_593' title='bbox 3318 3885 3633 3958; x_wconf 44' lang='lat' dir='ltr'><strong>scapulam,</strong></span> 
     </span>
    </p>
   </div>
   <div class='ocr_carea' id='block_1_87' title="bbox 1978 3974 3627 4050">
    <p class='ocr_par' dir='ltr' id='par_1_87' title="bbox 1978 3974 3627 4050">
     <span class='ocr_line' id='line_1_87' title="bbox 1978 3974 3627 4050; baseline -0.005 -13"><span class='ocrx_word' id='word_1_594' title='bbox 1978 3982 2274 4038; x_wconf 85' lang='lat' dir='ltr'><strong>dexteram</strong></span> <span class='ocrx_word' id='word_1_595' title='bbox 2322 3978 2759 4050; x_wconf 89' lang='lat' dir='ltr'><strong>imprimebant.</strong></span> <span class='ocrx_word' id='word_1_596' title='bbox 2796 3975 2942 4030; x_wconf 90' lang='lat' dir='ltr'><strong>Hinc</strong></span> <span class='ocrx_word' id='word_1_597' title='bbox 2999 3974 3521 4043; x_wconf 85' lang='lat' dir='ltr'><strong>crucesignatorum,</strong></span> <span class='ocrx_word' id='word_1_598' title='bbox 3576 3981 3627 4029; x_wconf 87' lang='lat' dir='ltr'><strong>et</strong></span> 
     </span>
    </p>
   </div>
   <div class='ocr_carea' id='block_1_88' title="bbox 1976 4060 3626 4127">
    <p class='ocr_par' dir='ltr' id='par_1_88' title="bbox 1976 4060 3626 4127">
     <span class='ocr_line' id='line_1_88' title="bbox 1976 4060 3626 4127; baseline -0.006 0"><span class='ocrx_word' id='word_1_599' title='bbox 1976 4072 2348 4127; x_wconf 87' lang='lat' dir='ltr'><strong>cruciatorum</strong></span> <span class='ocrx_word' id='word_1_600' title='bbox 2368 4065 2607 4123; x_wconf 89' lang='lat' dir='ltr'><strong>nomina</strong></span> <span class='ocrx_word' id='word_1_601' title='bbox 2635 4063 3017 4120; x_wconf 90' lang='lat' dir='ltr'><strong>inoleverunt.</strong></span> <span class='ocrx_word' id='word_1_602' title='bbox 3040 4061 3236 4117; x_wconf 83' lang='lat' dir='ltr'><strong>Refert</strong></span> <span class='ocrx_word' id='word_1_603' title='bbox 3254 4060 3626 4117; x_wconf 87' lang='lat' dir='ltr'><strong>Hermannus</strong></span> 
     </span>
    </p>
   </div>
   <div class='ocr_carea' id='block_1_89' title="bbox 1979 4148 3627 4216">
    <p class='ocr_par' dir='ltr' id='par_1_89' title="bbox 1979 4148 3627 4216">
     <span class='ocr_line' id='line_1_89' title="bbox 1979 4148 3627 4216; baseline -0.005 -2"><span class='ocrx_word' id='word_1_604' title='bbox 1979 4160 2039 4214; x_wconf 91' lang='lat' dir='ltr'><strong>in</strong></span> <span class='ocrx_word' id='word_1_605' title='bbox 2071 4157 2324 4214; x_wconf 87' lang='lat' dir='ltr'><strong>Historia</strong></span> <span class='ocrx_word' id='word_1_606' title='bbox 2354 4154 2548 4210; x_wconf 88' lang='lat' dir='ltr'><strong>Sancti</strong></span> <span class='ocrx_word' id='word_1_607' title='bbox 2599 4152 2832 4209; x_wconf 87' lang='lat' dir='ltr'><strong>Martini</strong></span> <span class='ocrx_word' id='word_1_608' title='bbox 2882 4149 3293 4216; x_wconf 88' lang='lat' dir='ltr'><strong>Tornacensis,</strong></span> <span class='ocrx_word' id='word_1_609' title='bbox 3324 4148 3627 4205; x_wconf 90' lang='lat' dir='ltr'><strong>Urbanum</strong></span> 
     </span>
    </p>
   </div>
   <div class='ocr_carea' id='block_1_90' title="bbox 1978 4237 3630 4313">
    <p class='ocr_par' dir='ltr' id='par_1_90' title="bbox 1978 4237 3630 4313">
     <span class='ocr_line' id='line_1_90' title="bbox 1978 4237 3630 4313; baseline -0.007 -10"><span class='ocrx_word' id='word_1_610' title='bbox 1978 4249 2042 4303; x_wconf 91' lang='lat' dir='ltr'><strong>in</strong></span> <span class='ocrx_word' id='word_1_611' title='bbox 2071 4244 2314 4303; x_wconf 91' lang='lat' dir='ltr'><strong>concilio</strong></span> <span class='ocrx_word' id='word_1_612' title='bbox 2360 4242 2806 4300; x_wconf 82' lang='lat' dir='ltr'><strong>Claromontano</strong></span> <span class='ocrx_word' id='word_1_613' title='bbox 2858 4240 3161 4313; x_wconf 91' lang='lat' dir='ltr'><strong>episcopos</strong></span> <span class='ocrx_word' id='word_1_614' title='bbox 3209 4237 3531 4305; x_wconf 90' lang='lat' dir='ltr'><strong>monuisse,</strong></span> <span class='ocrx_word' id='word_1_615' title='bbox 3563 4241 3630 4293; x_wconf 90' lang='lat' dir='ltr'><strong>ut</strong></span> 
     </span>
    </p>
   </div>
   <div class='ocr_carea' id='block_1_91' title="bbox 1981 4327 3630 4399">
    <p class='ocr_par' dir='ltr' id='par_1_91' title="bbox 1981 4327 3630 4399">
     <span class='ocr_line' id='line_1_91' title="bbox 1981 4327 3630 4399; baseline -0.006 -6"><span class='ocrx_word' id='word_1_616' title='bbox 1981 4353 2116 4393; x_wconf 90' lang='lat' dir='ltr'><strong>cum</strong></span> <span class='ocrx_word' id='word_1_617' title='bbox 2147 4335 2219 4391; x_wconf 88' lang='lat' dir='ltr'><strong>ad</strong></span> <span class='ocrx_word' id='word_1_618' title='bbox 2251 4350 2391 4389; x_wconf 88' lang='lat' dir='ltr'><strong>suas</strong></span> <span class='ocrx_word' id='word_1_619' title='bbox 2430 4331 2708 4387; x_wconf 78' lang='lat' dir='ltr'><strong>dimceses</strong></span> <span class='ocrx_word' id='word_1_620' title='bbox 2760 4330 2974 4387; x_wconf 88' lang='lat' dir='ltr'><strong>reversi</strong></span> <span class='ocrx_word' id='word_1_621' title='bbox 3026 4327 3296 4396; x_wconf 87' lang='lat' dir='ltr'><strong>fuissent,</strong></span> <span class='ocrx_word' id='word_1_622' title='bbox 3346 4327 3630 4399; x_wconf 80' lang='lat' dir='ltr'><strong>subjectis</strong></span> 
     </span>
    </p>
   </div>
   <div class='ocr_carea' id='block_1_92' title="bbox 1982 4417 3632 4495">
    <p class='ocr_par' dir='ltr' id='par_1_92' title="bbox 1982 4417 3632 4495">
     <span class='ocr_line' id='line_1_92' title="bbox 1982 4417 3632 4495; baseline -0.007 -13"><span class='ocrx_word' id='word_1_623' title='bbox 1982 4425 2095 4482; x_wconf 89' lang='lat' dir='ltr'><strong>sibi</strong></span> <span class='ocrx_word' id='word_1_624' title='bbox 2121 4421 2354 4495; x_wconf 89' lang='lat' dir='ltr'><strong>populis</strong></span> <span class='ocrx_word' id='word_1_625' title='bbox 2375 4439 2478 4493; x_wconf 93' lang='lat' dir='ltr'><strong>pro</strong></span> <span class='ocrx_word' id='word_1_626' title='bbox 2500 4422 2869 4493; x_wconf 88' lang='lat' dir='ltr'><strong>peccatorum</strong></span> <span class='ocrx_word' id='word_1_627' title='bbox 2892 4417 3234 4474; x_wconf 89' lang='lat' dir='ltr'><strong>remissione</strong></span> <span class='ocrx_word' id='word_1_628' title='bbox 3256 4417 3632 4490; x_wconf 87' lang='lat' dir='ltr'><strong>injungerent</strong></span> 
     </span>
    </p>
   </div>
   <div class='ocr_carea' id='block_1_93' title="bbox 1984 4504 3632 4585">
    <p class='ocr_par' dir='ltr' id='par_1_93' title="bbox 1984 4504 3632 4585">
     <span class='ocr_line' id='line_1_93' title="bbox 1984 4504 3632 4585; baseline -0.004 -17"><span class='ocrx_word' id='word_1_629' title='bbox 1984 4514 2041 4568; x_wconf 91' lang='lat' dir='ltr'><strong>in</strong></span> <span class='ocrx_word' id='word_1_630' title='bbox 2096 4509 2447 4585; x_wconf 72' lang='lat' dir='ltr'><strong>pmnitcntim</strong></span> <span class='ocrx_word' id='word_1_631' title='bbox 2508 4509 2699 4564; x_wconf 88' lang='lat' dir='ltr'><strong>locum</strong></span> <span class='ocrx_word' id='word_1_632' title='bbox 2757 4524 2970 4563; x_wconf 87' lang='lat' dir='ltr'><strong>nomen</strong></span> <span class='ocrx_word' id='word_1_633' title='bbox 3027 4506 3120 4561; x_wconf 88' lang='lat' dir='ltr'><strong>his</strong></span> <span class='ocrx_word' id='word_1_634' title='bbox 3164 4504 3632 4578; x_wconf 87' lang='lat' dir='ltr'><strong>expeditionibus</strong></span> 
     </span>
    </p>
   </div>
   <div class='ocr_carea' id='block_1_94' title="bbox 220 4594 3635 4687">
    <p class='ocr_par' dir='ltr' id='par_1_94' title="bbox 220 4594 3635 4687">
     <span class='ocr_line' id='line_1_94' title="bbox 220 4594 3635 4687; baseline -0.008 -10"><span class='ocrx_word' id='word_1_635' title='bbox 220 4623 319 4678; x_wconf 62' lang='lat' dir='ltr'><strong>ria</strong></span> <span class='ocrx_word' id='word_1_636' title='bbox 350 4635 477 4683; x_wconf 86' lang='lat' dir='ltr'><strong>rex,</strong></span> <span class='ocrx_word' id='word_1_637' title='bbox 508 4629 776 4687; x_wconf 88' lang='lat' dir='ltr'><strong>eamque,</strong></span> <span class='ocrx_word' id='word_1_638' title='bbox 800 4612 884 4667; x_wconf 91' lang='lat' dir='ltr'><strong>uti</strong></span> <span class='ocrx_word' id='word_1_639' title='bbox 916 4611 1099 4677; x_wconf 88' lang='lat' dir='ltr'><strong>aiunt,</strong></span> <span class='ocrx_word' id='word_1_640' title='bbox 1151 4606 1505 4681; x_wconf 90' lang='lat' dir='ltr'><strong>provinciam</strong></span> <span class='ocrx_word' id='word_1_641' title='bbox 1549 4606 1675 4676; x_wconf 86' lang='lat' dir='ltr'><strong>jam</strong></span> <span class='ocrx_word' id='word_1_642' title='bbox 1719 4617 1873 4659; x_wconf 89' lang='lat' dir='ltr'><strong>rece-</strong></span> <span class='ocrx_word' id='word_1_643' title='bbox 1907 4619 1952 4685; x_wconf 82' lang='lat' dir='ltr'><strong>D</strong></span> <span class='ocrx_word' id='word_1_644' title='bbox 1983 4603 2139 4659; x_wconf 87' lang='lat' dir='ltr'><strong>dare.</strong></span> <span class='ocrx_word' id='word_1_645' title='bbox 2170 4600 2318 4656; x_wconf 90' lang='lat' dir='ltr'><strong>Hinc</strong></span> <span class='ocrx_word' id='word_1_646' title='bbox 2347 4599 2408 4655; x_wconf 90' lang='lat' dir='ltr'><strong>in</strong></span> <span class='ocrx_word' id='word_1_647' title='bbox 2438 4600 2709 4654; x_wconf 88' lang='lat' dir='ltr'><strong>oanone2</strong></span> <span class='ocrx_word' id='word_1_648' title='bbox 2733 4596 2978 4670; x_wconf 84' lang='lat' dir='ltr'><strong>vulgatae</strong></span> <span class='ocrx_word' id='word_1_649' title='bbox 3005 4594 3276 4652; x_wconf 89' lang='lat' dir='ltr'><strong>editionis</strong></span> <span class='ocrx_word' id='word_1_650' title='bbox 3300 4594 3535 4668; x_wconf 87' lang='lat' dir='ltr'><strong>legitur,</strong></span> <span class='ocrx_word' id='word_1_651' title='bbox 3569 4596 3635 4649; x_wconf 91' lang='lat' dir='ltr'><strong>ut</strong></span> 
     </span>
    </p>
   </div>
   <div class='ocr_carea' id='block_1_95' title="bbox 219 4682 3637 4784">
    <p class='ocr_par' dir='ltr' id='par_1_95' title="bbox 219 4682 3637 4784">
     <span class='ocr_line' id='line_1_95' title="bbox 219 4682 3637 4784; baseline -0.008 -18"><span class='ocrx_word' id='word_1_652' title='bbox 219 4714 421 4784; x_wconf 86' lang='lat' dir='ltr'><strong>perat;</strong></span> <span class='ocrx_word' id='word_1_653' title='bbox 446 4682 514 4762; x_wconf 88' lang='lat' dir='ltr'><strong>ac</strong></span> <span class='ocrx_word' id='word_1_654' title='bbox 545 4682 880 4760; x_wconf 82' lang='lat' dir='ltr'><strong>domesticis</strong></span> <span class='ocrx_word' id='word_1_655' title='bbox 900 4697 1352 4762; x_wconf 88' lang='lat' dir='ltr'><strong>tumultibus,ac</strong></span> <span class='ocrx_word' id='word_1_656' title='bbox 1377 4694 1553 4784; x_wconf 86' lang='lat' dir='ltr'><strong>etiam</strong></span> <span class='ocrx_word' id='word_1_657' title='bbox 1570 4692 1700 4766; x_wconf 89' lang='lat' dir='ltr'><strong>ipsa</strong></span> <span class='ocrx_word' id='word_1_658' title='bbox 1715 4707 1876 4747; x_wconf 90' lang='lat' dir='ltr'><strong>mor-</strong></span> <span class='ocrx_word' id='word_1_659' title='bbox 1910 4682 1933 4685; x_wconf 56' lang='grc'><strong>⁷</strong></span> <span class='ocrx_word' id='word_1_660' title='bbox 1982 4692 2085 4764; x_wconf 91' lang='lat' dir='ltr'><strong>qui</strong></span> <span class='ocrx_word' id='word_1_661' title='bbox 2117 4692 2187 4746; x_wconf 86' lang='lat' dir='ltr'><strong>ad</strong></span> <span class='ocrx_word' id='word_1_662' title='bbox 2220 4688 2583 4744; x_wconf 88' lang='lat' dir='ltr'><strong>liberandam</strong></span> <span class='ocrx_word' id='word_1_663' title='bbox 2613 4686 2715 4741; x_wconf 92' lang='lat' dir='ltr'><strong>Dei</strong></span> <span class='ocrx_word' id='word_1_664' title='bbox 2750 4684 3062 4742; x_wconf 90' lang='lat' dir='ltr'><strong>Ecclesiam</strong></span> <span class='ocrx_word' id='word_1_665' title='bbox 3092 4683 3422 4741; x_wconf 88' lang='lat' dir='ltr'><strong>Jerusalem</strong></span> <span class='ocrx_word' id='word_1_666' title='bbox 3453 4682 3637 4756; x_wconf 88' lang='lat' dir='ltr'><strong>profe-</strong></span> 
     </span>
    </p>
   </div>
   <div class='ocr_carea' id='block_1_96' title="bbox 220 4783 1878 4869">
    <p class='ocr_par' dir='ltr' id='par_1_96' title="bbox 220 4783 1878 4869">
     <span class='ocr_line' id='line_1_96' title="bbox 220 4783 1878 4869; baseline -0.012 -15"><span class='ocrx_word' id='word_1_667' title='bbox 220 4783 304 4867; x_wconf 80' lang='lat' dir='ltr'><strong>te,</strong></span> <span class='ocrx_word' id='word_1_668' title='bbox 345 4813 471 4869; x_wconf 89' lang='lat' dir='ltr'><strong>qua</strong></span> <span class='ocrx_word' id='word_1_669' title='bbox 522 4794 633 4850; x_wconf 90' lang='lat' dir='ltr'><strong>hoc</strong></span> <span class='ocrx_word' id='word_1_670' title='bbox 662 4808 816 4849; x_wconf 90' lang='lat' dir='ltr'><strong>anno</strong></span> <span class='ocrx_word' id='word_1_671' title='bbox 863 4790 1101 4845; x_wconf 88' lang='lat' dir='ltr'><strong>functus</strong></span> <span class='ocrx_word' id='word_1_672' title='bbox 1128 4790 1236 4853; x_wconf 90' lang='lat' dir='ltr'><strong>est,</strong></span> <span class='ocrx_word' id='word_1_673' title='bbox 1272 4800 1343 4839; x_wconf 90' lang='lat' dir='ltr'><strong>ne</strong></span> <span class='ocrx_word' id='word_1_674' title='bbox 1372 4783 1431 4839; x_wconf 91' lang='lat' dir='ltr'><strong>id</strong></span> <span class='ocrx_word' id='word_1_675' title='bbox 1463 4785 1878 4854; x_wconf 74' lang='lat' dir='ltr'><strong>exSequeretur</strong></span> 
     </span>
    </p>
   </div>
   <div class='ocr_carea' id='block_1_97' title="bbox 223 4879 714 4958">
    <p class='ocr_par' dir='ltr' id='par_1_97' title="bbox 223 4879 714 4958">
     <span class='ocr_line' id='line_1_97' title="bbox 223 4879 714 4958; baseline -0.014 -15"><span class='ocrx_word' id='word_1_676' title='bbox 223 4885 555 4958; x_wconf 85' lang='lat' dir='ltr'><strong>impeditus</strong></span> <span class='ocrx_word' id='word_1_677' title='bbox 584 4879 714 4937; x_wconf 86' lang='lat' dir='ltr'><strong>fuit.</strong></span> 
     </span>
    </p>
   </div>
   <div class='ocr_carea' id='block_1_98' title="bbox 303 4958 1884 5043">
    <p class='ocr_par' dir='ltr' id='par_1_98' title="bbox 303 4958 1884 5043">
     <span class='ocr_line' id='line_1_98' title="bbox 303 4958 1884 5043; baseline -0.011 -13"><span class='ocrx_word' id='word_1_678' title='bbox 303 4974 635 5037; x_wconf 87' lang='lat' dir='ltr'><strong>Orationes,</strong></span> <span class='ocrx_word' id='word_1_679' title='bbox 658 4986 806 5043; x_wconf 87' lang='lat' dir='ltr'><strong>quas</strong></span> <span class='ocrx_word' id='word_1_680' title='bbox 837 4984 907 5025; x_wconf 91' lang='lat' dir='ltr'><strong>ea</strong></span> <span class='ocrx_word' id='word_1_681' title='bbox 934 4964 1237 5023; x_wconf 89' lang='lat' dir='ltr'><strong>occasione</strong></span> <span class='ocrx_word' id='word_1_682' title='bbox 1266 4961 1474 5017; x_wconf 88' lang='lat' dir='ltr'><strong>habuit</strong></span> <span class='ocrx_word' id='word_1_683' title='bbox 1502 4958 1781 5032; x_wconf 87' lang='lat' dir='ltr'><strong>pontifex,</strong></span> <span class='ocrx_word' id='word_1_684' title='bbox 1814 4974 1884 5013; x_wconf 85' lang='lat' dir='ltr'><strong>ex</strong></span> 
     </span>
    </p>
   </div>
   <div class='ocr_carea' id='block_1_99' title="bbox 230 5048 1884 5136">
    <p class='ocr_par' dir='ltr' id='par_1_99' title="bbox 230 5048 1884 5136">
     <span class='ocr_line' id='line_1_99' title="bbox 230 5048 1884 5136; baseline -0.013 -15"><span class='ocrx_word' id='word_1_685' title='bbox 230 5062 497 5136; x_wconf 87' lang='lat' dir='ltr'><strong>antiquis</strong></span> <span class='ocrx_word' id='word_1_686' title='bbox 527 5059 887 5125; x_wconf 88' lang='lat' dir='ltr'><strong>auctoribus,</strong></span> <span class='ocrx_word' id='word_1_687' title='bbox 910 5060 967 5112; x_wconf 88' lang='lat' dir='ltr'><strong>et</strong></span> <span class='ocrx_word' id='word_1_688' title='bbox 983 5052 1275 5111; x_wconf 89' lang='lat' dir='ltr'><strong>veteribus</strong></span> <span class='ocrx_word' id='word_1_689' title='bbox 1297 5049 1531 5106; x_wconf 88' lang='lat' dir='ltr'><strong>schedis</strong></span> <span class='ocrx_word' id='word_1_690' title='bbox 1552 5048 1717 5106; x_wconf 64' lang='lat' dir='ltr'><strong>editas</strong></span> <span class='ocrx_word' id='word_1_691' title='bbox 1745 5049 1884 5102; x_wconf 90' lang='lat' dir='ltr'><strong>sunt</strong></span> 
     </span>
    </p>
   </div>
   <div class='ocr_carea' id='block_1_100' title="bbox 230 5136 1883 5210">
    <p class='ocr_par' dir='ltr' id='par_1_100' title="bbox 230 5136 1883 5210">
     <span class='ocr_line' id='line_1_100' title="bbox 230 5136 1883 5210; baseline -0.012 0"><span class='ocrx_word' id='word_1_692' title='bbox 230 5172 265 5210; x_wconf 90' lang='lat' dir='ltr'><strong>a</strong></span> <span class='ocrx_word' id='word_1_693' title='bbox 294 5150 547 5209; x_wconf 89' lang='lat' dir='ltr'><strong>Baronio</strong></span> <span class='ocrx_word' id='word_1_694' title='bbox 576 5152 634 5206; x_wconf 88' lang='lat' dir='ltr'><strong>et</strong></span> <span class='ocrx_word' id='word_1_695' title='bbox 661 5148 721 5203; x_wconf 89' lang='lat' dir='ltr'><strong>in</strong></span> <span class='ocrx_word' id='word_1_696' title='bbox 745 5146 922 5202; x_wconf 86' lang='lat' dir='ltr'><strong>variis</strong></span> <span class='ocrx_word' id='word_1_697' title='bbox 943 5142 1324 5201; x_wconf 89' lang='lat' dir='ltr'><strong>conciliorum</strong></span> <span class='ocrx_word' id='word_1_698' title='bbox 1354 5137 1749 5195; x_wconf 85' lang='lat' dir='ltr'><strong>editionibus.’</strong></span> <span class='ocrx_word' id='word_1_699' title='bbox 1772 5136 1883 5191; x_wconf 87' lang='lat' dir='ltr'><strong>Eas</strong></span> 
     </span>
    </p>
   </div>
   <div class='ocr_carea' id='block_1_101' title="bbox 230 5224 1879 5299">
    <p class='ocr_par' dir='ltr' id='par_1_101' title="bbox 230 5224 1879 5299">
     <span class='ocr_line' id='line_1_101' title="bbox 230 5224 1879 5299; baseline -0.012 -1"><span class='ocrx_word' id='word_1_700' title='bbox 230 5241 485 5299; x_wconf 86' lang='lat' dir='ltr'><strong>retulere</strong></span> <span class='ocrx_word' id='word_1_701' title='bbox 505 5235 844 5293; x_wconf 87' lang='lat' dir='ltr'><strong>Willelmus</strong></span> <span class='ocrx_word' id='word_1_702' title='bbox 864 5228 1430 5295; x_wconf 87' lang='lat' dir='ltr'><strong>Malmesburiensis,</strong></span> <span class='ocrx_word' id='word_1_703' title='bbox 1455 5225 1764 5282; x_wconf 88' lang='lat' dir='ltr'><strong>Ordericus</strong></span> <span class='ocrx_word' id='word_1_704' title='bbox 1784 5224 1879 5279; x_wconf 91' lang='lat' dir='ltr'><strong>Vi-</strong></span> 
     </span>
    </p>
   </div>
   <div class='ocr_carea' id='block_1_102' title="bbox 228 5313 1883 5398">
    <p class='ocr_par' dir='ltr' id='par_1_102' title="bbox 228 5313 1883 5398">
     <span class='ocr_line' id='line_1_102' title="bbox 228 5313 1883 5398; baseline -0.011 -10"><span class='ocrx_word' id='word_1_705' title='bbox 228 5330 391 5398; x_wconf 81' lang='lat' dir='ltr'><strong>talis,</strong></span> <span class='ocrx_word' id='word_1_706' title='bbox 407 5328 698 5385; x_wconf 80' lang='lat' dir='ltr'><strong>Robertus</strong></span> <span class='ocrx_word' id='word_1_707' title='bbox 709 5323 905 5381; x_wconf 86' lang='lat' dir='ltr'><strong>Sancti</strong></span> <span class='ocrx_word' id='word_1_708' title='bbox 920 5319 1167 5394; x_wconf 84' lang='lat' dir='ltr'><strong>Remigii</strong></span> <span class='ocrx_word' id='word_1_709' title='bbox 1181 5322 1237 5375; x_wconf 89' lang='lat' dir='ltr'><strong>et</strong></span> <span class='ocrx_word' id='word_1_710' title='bbox 1249 5317 1565 5374; x_wconf 87' lang='lat' dir='ltr'><strong>Guibertus</strong></span> <span class='ocrx_word' id='word_1_711' title='bbox 1577 5313 1883 5389; x_wconf 91' lang='lat' dir='ltr'><strong>Novigenti</strong></span> 
     </span>
    </p>
   </div>
   <div class='ocr_carea' id='block_1_103' title="bbox 230 5403 1882 5484">
    <p class='ocr_par' dir='ltr' id='par_1_103' title="bbox 230 5403 1882 5484">
     <span class='ocr_line' id='line_1_103' title="bbox 230 5403 1882 5484; baseline -0.012 -9"><span class='ocrx_word' id='word_1_712' title='bbox 230 5420 503 5484; x_wconf 86' lang='lat' dir='ltr'><strong>abbates,</strong></span> <span class='ocrx_word' id='word_1_713' title='bbox 524 5412 864 5470; x_wconf 85' lang='lat' dir='ltr'><strong>Willelmus</strong></span> <span class='ocrx_word' id='word_1_714' title='bbox 892 5408 1188 5484; x_wconf 75' lang='lat' dir='ltr'><strong>Tyriensis</strong></span> <span class='ocrx_word' id='word_1_715' title='bbox 1216 5410 1273 5462; x_wconf 90' lang='lat' dir='ltr'><strong>et</strong></span> <span class='ocrx_word' id='word_1_716' title='bbox 1302 5404 1399 5462; x_wconf 88' lang='lat' dir='ltr'><strong>alii</strong></span> <span class='ocrx_word' id='word_1_717' title='bbox 1423 5408 1689 5460; x_wconf 88' lang='lat' dir='ltr'><strong>auctores</strong></span> <span class='ocrx_word' id='word_1_718' title='bbox 1734 5403 1882 5458; x_wconf 91' lang='lat' dir='ltr'><strong>anti-</strong></span> 
     </span>
    </p>
   </div>
   <div class='ocr_carea' id='block_1_104' title="bbox 230 5492 1886 5582">
    <p class='ocr_par' dir='ltr' id='par_1_104' title="bbox 230 5492 1886 5582">
     <span class='ocr_line' id='line_1_104' title="bbox 230 5492 1886 5582; baseline -0.011 -18"><span class='ocrx_word' id='word_1_719' title='bbox 230 5507 355 5582; x_wconf 87' lang='lat' dir='ltr'><strong>qui,</strong></span> <span class='ocrx_word' id='word_1_720' title='bbox 380 5505 485 5580; x_wconf 89' lang='lat' dir='ltr'><strong>qui</strong></span> <span class='ocrx_word' id='word_1_721' title='bbox 506 5505 644 5561; x_wconf 89' lang='lat' dir='ltr'><strong>data</strong></span> <span class='ocrx_word' id='word_1_722' title='bbox 662 5519 839 5577; x_wconf 89' lang='lat' dir='ltr'><strong>opera</strong></span> <span class='ocrx_word' id='word_1_723' title='bbox 857 5501 1035 5573; x_wconf 89' lang='lat' dir='ltr'><strong>hujus</strong></span> <span class='ocrx_word' id='word_1_724' title='bbox 1056 5495 1544 5570; x_wconf 86' lang='lat' dir='ltr'><strong>sequentiumque</strong></span> <span class='ocrx_word' id='word_1_725' title='bbox 1564 5492 1886 5582; x_wconf 47' lang='lat' dir='ltr'><strong>expeditiof</strong></span> 
     </span>
    </p>
   </div>
   <div class='ocr_carea' id='block_1_105' title="bbox 227 5581 1885 5658">
    <p class='ocr_par' dir='ltr' id='par_1_105' title="bbox 227 5581 1885 5658">
     <span class='ocr_line' id='line_1_105' title="bbox 227 5581 1885 5658; baseline -0.013 -2"><span class='ocrx_word' id='word_1_726' title='bbox 227 5581 374 5655; x_wconf 85' lang='lat' dir='ltr'><strong>num</strong></span> <span class='ocrx_word' id='word_1_727' title='bbox 406 5611 713 5654; x_wconf 86' lang='lat' dir='ltr'><strong>sacrarum</strong></span> <span class='ocrx_word' id='word_1_728' title='bbox 742 5590 1050 5649; x_wconf 86' lang='lat' dir='ltr'><strong>historiam</strong></span> <span class='ocrx_word' id='word_1_729' title='bbox 1088 5586 1470 5658; x_wconf 88' lang='lat' dir='ltr'><strong>scripserunt,</strong></span> <span class='ocrx_word' id='word_1_730' title='bbox 1520 5581 1701 5639; x_wconf 90' lang='lat' dir='ltr'><strong>simul</strong></span> <span class='ocrx_word' id='word_1_731' title='bbox 1747 5581 1885 5637; x_wconf 87' lang='lat' dir='ltr'><strong>editi</strong></span> 
     </span>
    </p>
   </div>
   <div class='ocr_carea' id='block_1_106' title="bbox 231 5670 1887 5752">
    <p class='ocr_par' dir='ltr' id='par_1_106' title="bbox 231 5670 1887 5752">
     <span class='ocr_line' id='line_1_106' title="bbox 231 5670 1887 5752; baseline -0.01 -7"><span class='ocrx_word' id='word_1_732' title='bbox 231 5704 385 5745; x_wconf 75' lang='lat' dir='ltr'><strong>anno</strong></span> <span class='ocrx_word' id='word_1_733' title='bbox 435 5685 599 5752; x_wconf 83' lang='lat'><strong>1611,</strong></span> <span class='ocrx_word' id='word_1_734' title='bbox 656 5681 927 5740; x_wconf 73' lang='lat' dir='ltr'><strong>Hanoviaa</strong></span> <span class='ocrx_word' id='word_1_735' title='bbox 969 5677 1122 5752; x_wconf 83' lang='lat' dir='ltr'><strong>typis</strong></span> <span class='ocrx_word' id='word_1_736' title='bbox 1150 5672 1547 5734; x_wconf 85' lang='lat' dir='ltr'><strong>Wechelianis</strong></span> <span class='ocrx_word' id='word_1_737' title='bbox 1577 5672 1687 5729; x_wconf 79' lang='lat' dir='ltr'><strong>sub</strong></span> <span class='ocrx_word' id='word_1_738' title='bbox 1718 5670 1887 5728; x_wconf 90' lang='lat' dir='ltr'><strong>titulo</strong></span> 
     </span>
    </p>
   </div>
   <div class='ocr_carea' id='block_1_107' title="bbox 1983 4772 3636 4848">
    <p class='ocr_par' dir='ltr' id='par_1_107' title="bbox 1983 4772 3636 4848">
     <span class='ocr_line' id='line_1_107' title="bbox 1983 4772 3636 4848; baseline -0.006 -12"><span class='ocrx_word' id='word_1_739' title='bbox 1983 4785 2115 4836; x_wconf 91' lang='lat' dir='ltr'><strong>ctus</strong></span> <span class='ocrx_word' id='word_1_740' title='bbox 2147 4778 2343 4845; x_wconf 88' lang='lat' dir='ltr'><strong>fuerit,</strong></span> <span class='ocrx_word' id='word_1_741' title='bbox 2370 4777 2479 4832; x_wconf 87' lang='lat' dir='ltr'><strong>iter</strong></span> <span class='ocrx_word' id='word_1_742' title='bbox 2509 4774 2654 4831; x_wconf 88' lang='lat' dir='ltr'><strong>illud</strong></span> <span class='ocrx_word' id='word_1_743' title='bbox 2697 4791 2801 4848; x_wconf 91' lang='lat' dir='ltr'><strong>pro</strong></span> <span class='ocrx_word' id='word_1_744' title='bbox 2833 4774 2992 4831; x_wconf 90' lang='lat' dir='ltr'><strong>omni</strong></span> <span class='ocrx_word' id='word_1_745' title='bbox 3026 4772 3370 4847; x_wconf 75' lang='lat' dir='ltr'><strong>pmnitentia</strong></span> <span class='ocrx_word' id='word_1_746' title='bbox 3398 4776 3636 4843; x_wconf 86' lang='lat' dir='ltr'><strong>repute-</strong></span> 
     </span>
    </p>
   </div>
   <div class='ocr_carea' id='block_1_108' title="bbox 1984 4861 3647 4935">
    <p class='ocr_par' dir='ltr' id='par_1_108' title="bbox 1984 4861 3647 4935">
     <span class='ocr_line' id='line_1_108' title="bbox 1984 4861 3647 4935; baseline -0.007 -10"><span class='ocrx_word' id='word_1_747' title='bbox 1984 4873 2101 4925; x_wconf 90' lang='lat' dir='ltr'><strong>tur.</strong></span> <span class='ocrx_word' id='word_1_748' title='bbox 2156 4864 2458 4923; x_wconf 88' lang='lat' dir='ltr'><strong>Consentit</strong></span> <span class='ocrx_word' id='word_1_749' title='bbox 2487 4864 2819 4933; x_wconf 88' lang='lat' dir='ltr'><strong>Ordericus,</strong></span> <span class='ocrx_word' id='word_1_750' title='bbox 2855 4864 3025 4935; x_wconf 89' lang='lat' dir='ltr'><strong>cujus</strong></span> <span class='ocrx_word' id='word_1_751' title='bbox 3054 4863 3233 4918; x_wconf 90' lang='lat' dir='ltr'><strong>verba</strong></span> <span class='ocrx_word' id='word_1_752' title='bbox 3264 4861 3379 4916; x_wconf 92' lang='lat' dir='ltr'><strong>huc</strong></span> <span class='ocrx_word' id='word_1_753' title='bbox 3423 4861 3647 4915; x_wconf 82' lang='lat' dir='ltr'><strong>referre</strong></span> 
     </span>
    </p>
   </div>
   <div class='ocr_carea' id='block_1_109' title="bbox 1988 4946 3633 5029">
    <p class='ocr_par' dir='ltr' id='par_1_109' title="bbox 1988 4946 3633 5029">
     <span class='ocr_line' id='line_1_109' title="bbox 1988 4946 3633 5029; baseline -0.009 -15"><span class='ocrx_word' id='word_1_754' title='bbox 1988 4974 2105 5014; x_wconf 90' lang='lat' dir='ltr'><strong>non</strong></span> <span class='ocrx_word' id='word_1_755' title='bbox 2137 4955 2439 5029; x_wconf 88' lang='lat' dir='ltr'><strong>gravabor.</strong></span> <span class='ocrx_word' id='word_1_756' title='bbox 2464 4975 2492 5003; x_wconf 89' lang='grc'>‹‹</span> <span class='ocrx_word' id='word_1_757' title='bbox 2518 4953 2822 5021; x_wconf 90' lang='lat' dir='ltr'><strong>Providus,</strong></span> <span class='ocrx_word' id='word_1_758' title='bbox 2857 4954 3059 5023; x_wconf 88' lang='lat' dir='ltr'><strong>inquit,</strong></span> <span class='ocrx_word' id='word_1_759' title='bbox 3091 4966 3243 5023; x_wconf 90' lang='lat' dir='ltr'><strong>papa</strong></span> <span class='ocrx_word' id='word_1_760' title='bbox 3272 4961 3499 5015; x_wconf 82' lang='lat' dir='ltr'><strong>omnes,</strong></span> <span class='ocrx_word' id='word_1_761' title='bbox 3532 4946 3633 5018; x_wconf 82' lang='lat' dir='ltr'><strong>qui</strong></span> 
     </span>
    </p>
   </div>
   <div class='ocr_carea' id='block_1_110' title="bbox 1990 5034 3639 5119">
    <p class='ocr_par' dir='ltr' id='par_1_110' title="bbox 1990 5034 3639 5119">
     <span class='ocr_line' id='line_1_110' title="bbox 1990 5034 3639 5119; baseline -0.008 -17"><span class='ocrx_word' id='word_1_762' title='bbox 1990 5060 2244 5119; x_wconf 88' lang='lat' dir='ltr'><strong>congrue</strong></span> <span class='ocrx_word' id='word_1_763' title='bbox 2296 5059 2462 5098; x_wconf 88' lang='lat' dir='ltr'><strong>arma</strong></span> <span class='ocrx_word' id='word_1_764' title='bbox 2520 5042 2669 5098; x_wconf 86' lang='lat' dir='ltr'><strong>ferre</strong></span> <span class='ocrx_word' id='word_1_765' title='bbox 2727 5043 3016 5114; x_wconf 88' lang='lat' dir='ltr'><strong>poterant,</strong></span> <span class='ocrx_word' id='word_1_766' title='bbox 3049 5039 3120 5094; x_wconf 88' lang='lat' dir='ltr'><strong>ad</strong></span> <span class='ocrx_word' id='word_1_767' title='bbox 3177 5034 3397 5092; x_wconf 88' lang='lat' dir='ltr'><strong>bellum</strong></span> <span class='ocrx_word' id='word_1_768' title='bbox 3436 5038 3639 5090; x_wconf 88' lang='lat' dir='ltr'><strong>contra</strong></span> 
     </span>
    </p>
   </div>
   <div class='ocr_carea' id='block_1_111' title="bbox 1989 5121 3639 5202">
    <p class='ocr_par' dir='ltr' id='par_1_111' title="bbox 1989 5121 3639 5202">
     <span class='ocr_line' id='line_1_111' title="bbox 1989 5121 3639 5202; baseline -0.005 -13"><span class='ocrx_word' id='word_1_769' title='bbox 1989 5133 2261 5190; x_wconf 89' lang='lat' dir='ltr'><strong>inimicos</strong></span> <span class='ocrx_word' id='word_1_770' title='bbox 2290 5130 2390 5187; x_wconf 91' lang='lat' dir='ltr'><strong>Dei</strong></span> <span class='ocrx_word' id='word_1_771' title='bbox 2422 5130 2629 5186; x_wconf 87' lang='lat' dir='ltr'><strong>excivit</strong></span> <span class='ocrx_word' id='word_1_772' title='bbox 2654 5148 2666 5199; x_wconf 94' lang='lat'><strong>;</strong></span> <span class='ocrx_word' id='word_1_773' title='bbox 2698 5134 2755 5185; x_wconf 86' lang='lat' dir='ltr'><strong>et</strong></span> <span class='ocrx_word' id='word_1_774' title='bbox 2783 5128 3132 5202; x_wconf 82' lang='lat' dir='ltr'><strong>poenitentes</strong></span> <span class='ocrx_word' id='word_1_775' title='bbox 3161 5126 3402 5181; x_wconf 87' lang='lat' dir='ltr'><strong>cunctos</strong></span> <span class='ocrx_word' id='word_1_776' title='bbox 3440 5138 3511 5178; x_wconf 85' lang='lat' dir='ltr'><strong>ex</strong></span> <span class='ocrx_word' id='word_1_777' title='bbox 3537 5121 3639 5180; x_wconf 86' lang='lat' dir='ltr'><strong>illa</strong></span> 
     </span>
    </p>
   </div>
   <div class='ocr_carea' id='block_1_112' title="bbox 1992 5211 3641 5293">
    <p class='ocr_par' dir='ltr' id='par_1_112' title="bbox 1992 5211 3641 5293">
     <span class='ocr_line' id='line_1_112' title="bbox 1992 5211 3641 5293; baseline -0.007 -13"><span class='ocrx_word' id='word_1_778' title='bbox 1992 5225 2153 5289; x_wconf 85' lang='lat' dir='ltr'><strong>hora,</strong></span> <span class='ocrx_word' id='word_1_779' title='bbox 2187 5238 2305 5293; x_wconf 82' lang='lat' dir='ltr'><strong>qua</strong></span> <span class='ocrx_word' id='word_1_780' title='bbox 2334 5236 2563 5276; x_wconf 89' lang='lat' dir='ltr'><strong>crucem</strong></span> <span class='ocrx_word' id='word_1_781' title='bbox 2587 5218 2819 5275; x_wconf 88' lang='lat' dir='ltr'><strong>Domini</strong></span> <span class='ocrx_word' id='word_1_782' title='bbox 2851 5217 3172 5280; x_wconf 88' lang='lat' dir='ltr'><strong>sumerent,</strong></span> <span class='ocrx_word' id='word_1_783' title='bbox 3195 5230 3265 5270; x_wconf 88' lang='lat' dir='ltr'><strong>ex</strong></span> <span class='ocrx_word' id='word_1_784' title='bbox 3294 5211 3641 5269; x_wconf 87' lang='lat' dir='ltr'><strong>auctoritate</strong></span> 
     </span>
    </p>
   </div>
   <div class='ocr_carea' id='block_1_113' title="bbox 1991 5300 3641 5382">
    <p class='ocr_par' dir='ltr' id='par_1_113' title="bbox 1991 5300 3641 5382">
     <span class='ocr_line' id='line_1_113' title="bbox 1991 5300 3641 5382; baseline -0.008 -12"><span class='ocrx_word' id='word_1_785' title='bbox 1991 5312 2093 5370; x_wconf 91' lang='lat' dir='ltr'><strong>Dei</strong></span> <span class='ocrx_word' id='word_1_786' title='bbox 2114 5312 2187 5369; x_wconf 89' lang='lat' dir='ltr'><strong>ab</strong></span> <span class='ocrx_word' id='word_1_787' title='bbox 2207 5309 2484 5368; x_wconf 89' lang='lat' dir='ltr'><strong>omnibus</strong></span> <span class='ocrx_word' id='word_1_788' title='bbox 2523 5307 2775 5382; x_wconf 87' lang='lat' dir='ltr'><strong>peccatis</strong></span> <span class='ocrx_word' id='word_1_789' title='bbox 2807 5305 2932 5364; x_wconf 90' lang='lat' dir='ltr'><strong>suis</strong></span> <span class='ocrx_word' id='word_1_790' title='bbox 2963 5302 3240 5371; x_wconf 87' lang='lat' dir='ltr'><strong>absolvit;</strong></span> <span class='ocrx_word' id='word_1_791' title='bbox 3273 5305 3331 5358; x_wconf 90' lang='lat' dir='ltr'><strong>et</strong></span> <span class='ocrx_word' id='word_1_792' title='bbox 3358 5301 3430 5359; x_wconf 89' lang='lat' dir='ltr'><strong>ab</strong></span> <span class='ocrx_word' id='word_1_793' title='bbox 3480 5300 3641 5358; x_wconf 86' lang='lat' dir='ltr'><strong>omni</strong></span> 
     </span>
    </p>
   </div>
   <div class='ocr_carea' id='block_1_114' title="bbox 1992 5390 3644 5476">
    <p class='ocr_par' dir='ltr' id='par_1_114' title="bbox 1992 5390 3644 5476">
     <span class='ocr_line' id='line_1_114' title="bbox 1992 5390 3644 5476; baseline -0.008 -18"><span class='ocrx_word' id='word_1_794' title='bbox 1992 5400 2302 5476; x_wconf 86' lang='lat' dir='ltr'><strong>gravedine</strong></span> <span class='ocrx_word' id='word_1_795' title='bbox 2325 5417 2451 5472; x_wconf 71' lang='lat' dir='ltr'><strong>quae</strong></span> <span class='ocrx_word' id='word_1_796' title='bbox 2469 5398 2609 5454; x_wconf 78' lang='lat' dir='ltr'><strong>fitin</strong></span> <span class='ocrx_word' id='word_1_797' title='bbox 2624 5396 2870 5469; x_wconf 90' lang='lat' dir='ltr'><strong>jejuniis</strong></span> <span class='ocrx_word' id='word_1_798' title='bbox 2892 5394 3141 5466; x_wconf 90' lang='lat' dir='ltr'><strong>aliisque</strong></span> <span class='ocrx_word' id='word_1_799' title='bbox 3154 5390 3644 5448; x_wconf 87' lang='lat' dir='ltr'><strong>macerationibus</strong></span> 
     </span>
    </p>
   </div>
   <div class='ocr_carea' id='block_1_115' title="bbox 1994 5480 3641 5561">
    <p class='ocr_par' dir='ltr' id='par_1_115' title="bbox 1994 5480 3641 5561">
     <span class='ocr_line' id='line_1_115' title="bbox 1994 5480 3641 5561; baseline -0.008 -14"><span class='ocrx_word' id='word_1_800' title='bbox 1994 5491 2187 5547; x_wconf 90' lang='lat' dir='ltr'><strong>carnis</strong></span> <span class='ocrx_word' id='word_1_801' title='bbox 2216 5489 2308 5561; x_wconf 91' lang='lat' dir='ltr'><strong>pie</strong></span> <span class='ocrx_word' id='word_1_802' title='bbox 2337 5488 2631 5553; x_wconf 87' lang='lat' dir='ltr'><strong>relaxavit,</strong></span> <span class='ocrx_word' id='word_1_803' title='bbox 2658 5508 2685 5534; x_wconf 84' lang='lat'>»</span> <span class='ocrx_word' id='word_1_804' title='bbox 2716 5489 2825 5540; x_wconf 91' lang='lat' dir='ltr'><strong>etc.</strong></span> <span class='ocrx_word' id='word_1_805' title='bbox 2859 5483 3024 5540; x_wconf 86' lang='lat' dir='ltr'><strong>Alius</strong></span> <span class='ocrx_word' id='word_1_806' title='bbox 3040 5481 3283 5554; x_wconf 88' lang='lat' dir='ltr'><strong>insuper</strong></span> <span class='ocrx_word' id='word_1_807' title='bbox 3305 5481 3363 5536; x_wconf 93' lang='lat' dir='ltr'><strong>in</strong></span> <span class='ocrx_word' id='word_1_808' title='bbox 3386 5480 3641 5537; x_wconf 90' lang='lat' dir='ltr'><strong>crucesi-</strong></span> 
     </span>
    </p>
   </div>
   <div class='ocr_carea' id='block_1_116' title="bbox 1995 5568 3640 5653">
    <p class='ocr_par' dir='ltr' id='par_1_116' title="bbox 1995 5568 3640 5653">
     <span class='ocr_line' id='line_1_116' title="bbox 1995 5568 3640 5653; baseline -0.007 -18"><span class='ocrx_word' id='word_1_809' title='bbox 1995 5583 2307 5653; x_wconf 88' lang='lat' dir='ltr'><strong>gnatorum</strong></span> <span class='ocrx_word' id='word_1_810' title='bbox 2338 5576 2586 5649; x_wconf 85' lang='lat' dir='ltr'><strong>gratiam</strong></span> <span class='ocrx_word' id='word_1_811' title='bbox 2618 5590 2805 5629; x_wconf 88' lang='lat' dir='ltr'><strong>canon</strong></span> <span class='ocrx_word' id='word_1_812' title='bbox 2854 5573 3123 5629; x_wconf 89' lang='lat' dir='ltr'><strong>conditus</strong></span> <span class='ocrx_word' id='word_1_813' title='bbox 3154 5569 3376 5645; x_wconf 87' lang='lat' dir='ltr'><strong>passim</strong></span> <span class='ocrx_word' id='word_1_814' title='bbox 3406 5568 3640 5643; x_wconf 89' lang='lat' dir='ltr'><strong>legitur,</strong></span> 
     </span>
    </p>
   </div>
   <div class='ocr_carea' id='block_1_117' title="bbox 1995 5658 3645 5735">
    <p class='ocr_par' dir='ltr' id='par_1_117' title="bbox 1995 5658 3645 5735">
     <span class='ocr_line' id='line_1_117' title="bbox 1995 5658 3645 5735; baseline -0.008 -10"><span class='ocrx_word' id='word_1_815' title='bbox 1995 5673 2062 5725; x_wconf 91' lang='lat' dir='ltr'><strong>ut</strong></span> <span class='ocrx_word' id='word_1_816' title='bbox 2093 5667 2315 5725; x_wconf 89' lang='lat' dir='ltr'><strong>scilicet</strong></span> <span class='ocrx_word' id='word_1_817' title='bbox 2346 5663 2543 5722; x_wconf 87' lang='lat' dir='ltr'><strong>omnia</strong></span> <span class='ocrx_word' id='word_1_818' title='bbox 2589 5679 2792 5721; x_wconf 89' lang='lat' dir='ltr'><strong>eorum</strong></span> <span class='ocrx_word' id='word_1_819' title='bbox 2845 5663 3000 5721; x_wconf 89' lang='lat' dir='ltr'><strong>bona</strong></span> <span class='ocrx_word' id='word_1_820' title='bbox 3048 5678 3278 5735; x_wconf 88' lang='lat' dir='ltr'><strong>semper</strong></span> <span class='ocrx_word' id='word_1_821' title='bbox 3315 5662 3374 5717; x_wconf 91' lang='lat' dir='ltr'><strong>et</strong></span> <span class='ocrx_word' id='word_1_822' title='bbox 3428 5658 3645 5730; x_wconf 90' lang='lat' dir='ltr'><strong>ubique</strong></span> 
     </span>
    </p>
   </div>
  </div>
