3998 6158
318 261 448 332 M3

1613 260 1684 325 B.
1728 253 2028 325 URBANI
2071 252 2138 320 II:-
2168 256 2426 320 PAPJE.

3605 260 3728 327 ωε

315 344 478 466 salva
504 397 720 470 essent,
762 396 1218 474 rejectaquavis.
1239 396 1723 478 rationisspecie,
1776 412 1964 469 usque
1992 389 2049 463 Α
2076 391 2378 457 CCXXVII.
2439 393 2646 456 Urbani
2707 393 2959 478 apolagia
3127 392 3214 455 his
3285 391 3722 476 expeditionibus

319 487 394 554 ad
421 503 628 550 eorum
660 487 933 548 reditum.
968 491 1102 555 Quae
1130 491 1366 562 quidem
1393 478 1513 544 duo
1536 487 1968 560 privilegiaalii

317 577 624 653 pontiﬁces
657 577 1153 652 subsequentibus
1178 577 1542 650 temporibus
1568 577 1640 633 iis
1663 577 1785 650 qui,
1809 577 1969 634 simi-

319 666 476 728 libus
493 667 1187 741 expeditionibusnomen
1212 668 1436 734 darent,
1455 668 1966 732 conﬁrmaverunt,

321 759 379 817 et
397 756 456 812 id
479 756 694 814 Urbani
719 756 1001 829 exemplo,
1037 759 1102 812 ut
1123 755 1336 812 diserte
1367 755 1694 812 habeturin
1726 756 1966 811 concilio

321 846 718 912 Lateranensi,
770 845 923 917 quod
952 846 1278 902 anno-1122
1325 845 1435 901 sub
1484 844 1702 901 Calixto
1742 846 1791 902 ll
1821 843 1967 901 cele-

320 918 562 992 bratum,
581 936 686 993 est.

392 1022 523 1078 Vidi
571 1021 632 1082 in
666 1023 792 1079 cod.
828 1022 1152 1096 Bigotiano,
1189 1041 1347 1080 nunc
1377 1023 1545 1097 regiae
1579 1023 1968 1091 Bibliothecae,

321 1111 636 1188 epistolam
663 1111 963 1174 Paschalis
985 1113 1035 1172 Il
1068 1114 1137 1170 ad
1157 1112 1642 1186 archiepiscopos,
1667 1114 1971 1186 episcopos

321 1205 379 1259 et
409 1201 651 1272 abbates
676 1200 896 1270 Gallia,
940 1219 1056 1275 qua
1086 1201 1342 1274 pontifex
1372 1208 1503 1275 post
1533 1207 1765 1276 captam
1811 1204 1971 1259 Jcro-

323 1289 611 1364 solymam
658 1292 831 1362 jubet
886 1293 1173 1362 fratribus,
1246 1294 1342 1364 qui
1409 1297 1529 1364 post
1601 1295 1972 1364 perpetratum

321 1379 588 1436 divinitus
622 1381 907 1447 victoriam
957 1384 1321 1448 revertuntur,
1355 1399 1456 1437 sua
1502 1383 1688 1436 omnia
1719 1383 1969 1442 restitui;

320 1470 463 1526 sicut
518 1469 691 1541 beata?
742 1471 1027 1527 memoria
1087 1469 1299 1528 Urbano
1353 1471 1610 1542 synodali
1660 1471 1972 1539 deﬁnitione

322 1560 600 1620 sancitum,
624 1559 826 1630 fuerat.
859 1557 942 1617 Ne
972 1576 1105 1617 vero
1138 1558 1321 1616 animi
1366 1558 1595 1616 levitate
1625 1564 1726 1615 aut
1773 1561 1970 1631 cujus-

325 1663 560 1720 cunque
588 1663 776 1703 causae
797 1649 1057 1715 obtentu,
1089 1648 1309 1705 milites
1341 1649 1440 1721 qui
1473 1665 1705 1705 crucem
1741 1666 1972 1721 accepe-

2690 469 3124 542 promulgandis.

2148 577 2251 632 Hic
2281 594 2412 632 vero
2444 577 2608 634 locus
2628 583 2781 634 esset
2812 578 3112 634 Urbanum
3139 575 3396 636 tuendis.
3417 577 3747 636 nonnullo-e.

2077 683 2209 722 rum
2239 666 2533 735 conviciis,
2553 667 2655 738 qui
2681 667 2732 722 ei
2765 666 3065 724 immerito.
3089 666 3534 738 exprobrarant,
3565 668 3741 739 quod.

2076 756 2226 812 hanc
2258 755 2705 828 expeditionem,
2739 761 2840 811 aut
2867 756 3086 827 injuste
3101 755 3383 812 adversus
3412 758 3636 828 gentes,
3660 756 3721 812 in

2078 861 2245 918 quas,
2295 844 2380 900 uti
2438 845 2622 911 aiunt,
2668 844 2902 902 nullum
2952 846 3054 917 jus
3107 844 3378 913 habebat,
3429 849 3530 901 aut
3558 850 3724 903 certe

2076 937 2294 991 temere
2340 933 2636 1002 edixisset,
2670 951 2799 1006 quae
2851 935 3145 1008 principes
3177 939 3236 990 et
3265 933 3514 1006 populos
3553 934 3724 992 Chri-

2077 1023 2302 1080 stianos
2330 1022 2388 1078 in
2413 1027 2532 1080 tam
2555 1023 2757 1080 arduis
2774 1027 2830 1080 et
2852 1022 3196 1097 periculosis
3217 1021 3388 1078 bellis
3411 1021 3721 1095 implicuit.

2080 1113 2148 1170 At
2194 1117 2504 1185 utramque
2551 1112 3022 1169 criminationem
3081 1113 3154 1170 ab
3206 1111 3440 1172 Urbano
3495 1112 3736 1174 amoliri

2080 1201 2246 1258 facile
2304 1207 2420 1259 est:
2481 1219 2618 1261 cum
2668 1202 2770 1260 illa
2824 1202 2982 1260 bella
3009 1205 3067 1260 et
3116 1203 3282 1274 justa
3336 1206 3395 1258 et
3424 1217 3572 1274 pene
3600 1202 3727 1260 orbi

2078 1291 2407 1348 Christiano
2440 1291 2767 1348 necessaria
2799 1292 2982 1349 fuisse
3011 1291 3174 1351 nullo
3205 1291 3450 1363 negotio,
3479 1292 3728 1354 demon—

2080 1381 2254 1437 strari
2306 1381 2507 1454 possit.
2549 1381 2696 1448 Quid
2743 1380 2900 1437 enim
2950 1382 3176 1455 aequius
3220 1381 3467 1453 cogitari
3513 1385 3728 1453 potest,

2081 1487 2259 1542 quam
2309 1474 2374 1526 ut
2419 1475 2583 1542 pater
2628 1470 2958 1528 communis
2986 1471 3251 1529 omnium
3282 1470 3545 1531 ﬁdelium
3575 1471 3730 1530 vires

2081 1559 2546 1615 Christianorum
2577 1560 2640 1615 in
2685 1576 2876 1616 unum.
2900 1559 3197 1632 recolliget
3223 1559 3296 1616 ad
3332 1560 3743 1621 retundendus-

2083 1649 2414 1707 communis
2444 1649 2632 1706 hostis
2661 1649 3067 1706 insolescentis
3107 1648 3386 1721 impetus,
3434 1649 3536 1721 qui
3585 1648 3729 1705 nihil

327 1740 482 1803 rant,
505 1735 698 1794 medio
727 1735 788 1794 in
811 1735 1017 1796 itinere
1047 1741 1202 1796 retro
1224 1738 1590 1811 aSpicientes,
1614 1740 1686 1795 ab
1720 1737 1972 1795 exercitu
2005 1763 2055 1829 Β
2084 1756 2200 1795 non
2232 1739 2510 1795 adversus
2540 1755 2638 1796 eos
2687 1737 3174 1807 machinabatur;
3207 1737 3350 1810 quid
3377 1755 3510 1798 vero
3540 1739 3732 1810 magis

325 1825 680 1893 recederent,
755 1825 1023 1895 Urbanus,
1099 1826 1294 1899 inquit
1362 1827 1693 1897 Ordericus,
1752 1827 1856 1898 lib,
1915 1846 1972 1897 x,

323 1915 574 1988 generali
589 1919 852 1974 sanxerat
872 1917 1212 1985 auctoritate,
1237 1925 1288 1972 et
1307 1916 1601 1988 apostolico
1621 1918 1783 1990 jussu
1807 1919 1976 1973 invio-

327 2005 572 2064 labiliter
621 2006 796 2062 teneri
821 2013 1071 2075 coegerat
1111 2008 1171 2062 in
1203 2008 1353 2062 omni
1407 2009 1720 2078 Latinitate,
1753 2015 1813 2063 ut
1854 2010 1978 2063 uni-

325 2095 471 2156 versi
493 2095 590 2170 qui
615 2093 822 2152 Christi
841 2111 1054 2151 crucem
1075 2104 1415 2166 acceperant,
1435 2113 1534 2152 nec
1555 2099 1657 2152 iter
1678 2098 1738 2152 in
1760 2099 1976 2153 Jerusa—

327 2184 439 2241 lem
476 2199 581 2256 pro
607 2181 902 2254 defectione
926 2184 1222 2240 voluntatis
1263 2193 1604 2256 peregerunt,
1652 2187 1713 2241 in
1755 2188 1978 2242 nomine

325 2271 549 2331 Domini
586 2273 923 2344 reciprocum
969 2272 1166 2328 callem
1217 2274 1440 2341 inirent,
1498 2278 1594 2328 aut
1635 2274 1978 2345 anathemate

321 2359 574 2433 percussi
596 2367 753 2420 extra
799 2360 1094 2416 Ecclesium
1117 2377 1308 2432 poenas
1359 2361 1589 2418 luerent.
1638 2363 1708 2419 Et
1738 2363 1980 2436 quidem

325 2446 662 2528 Stephanus
682 2446 974 2506 Blesensis
995 2465 1212 2515 comes,
1245 2452 1311 2506 ut
1335 2466 1538 2507 omnes
1571 2456 1812 2518 norunt,
1844 2469 1978 2508 cum

326 2535 523 2600 nescio
547 2553 662 2612 quo
678 2552 889 2610 pavore
910 2538 1256 2610 perterritus
1272 2540 1588 2596 exercitum
1600 2541 1976 2609 deseruisset,

327 2625 628 2704 posteaad
655 2625 1086 2700 expeditionem
1129 2629 1316 2687 redire
1374 2630 1716 2702 compulsus
1760 2634 1867 2696 est,
1920 2631 1978 2685 in

329 2733 448 2794 qua
471 2714 614 2776 obiit
643 2731 796 2777 anno
823 2717 980 2774 1101.

401 2803 618 2870 Ferunt
659 2804 838 2866 etiam
875 2803 984 2862 hac
1033 2804 1164 2878 ipsa.
1191 2823 1366 2863 sacrae
1400 2807 1782 2879 expeditionis
1813 2823 1980 2863 occa-

329 2893 495 2952 sione
511 2909 710 2971 preces
742 2893 1009 2954 horarias
1039 2895 1218 2952 beata:
1255 2895 1473 2962 Mariae,
1501 2913 1628 2970 quae
1651 2897 1779 2968 jam
1811 2900 1982 2954 antea

332 2983 548 3044 aPetro
563 2981 848 3043 Damiano
865 2981 924 3038 in
949 2983 1071 3060 suis
1094 2984 1468 3040 monasteriis
1491 2991 1658 3041 erant
1676 2985 1979 3054 institutae,

333 3089 370 3147 a
399 3070 624 3130 clericis
650 3071 768 3128 imo
799 3075 860 3128 et
886 3071 958 3128 ab
991 3071 1136 3146 ipsis
1167 3071 1332 3128 laicis
1360 3090 1429 3130 ex
1459 3073 1676 3130 Urbani
1719 3075 1979 3146 praescri-

332 3164 434 3236 pto
466 3159 822 3234 frequentari
870 3159 1114 3234 cmpisse
1141 3179 1155 3229 ;
1189 3164 1255 3217 ut
1284 3179 1349 3220 eo
1380 3167 1568 3236 pacto,
1616 3162 1717 3235 qui
1747 3163 1978 3236 expedi-

332 3247 479 3312 tioni
539 3248 926 3322 suscipiendis
983 3249 1276 3308 inhabiles
1333 3255 1548 3322 essent,
1621 3251 1715 3308 his
1781 3251 2000 3318 saltem,

335 3337 608 3416 precibus
663 3338 886 3400 milites
945 3339 1310 3412 adiuvarent,
1363 3341 1447 3398 eis
1501 3343 1676 3397 tanta:
1731 3340 1991 3414 Virginis

337 3427 730 3503 patrocinium
758 3430 1161 3502 promerendo.
1184 3429 1359 3485 Addit
1395 3429 1668 3486 Gofridus
1689 3430 1991 3486 Vosiensis

337 3517 498 3591 prior
552 3517 819 3573 Cbronici
870 3534 998 3590 cap.
1047 3517 1122 3580 27
1177 3518 1445 3589 ejusdem
1502 3519 1682 3574 beatas
1731 3517 1990 3591 Virginis

340 3605 623 3675 ofﬁcium,
657 3607 814 3680 quod
844 3605 1136 3678 hodieque
1185 3606 1439 3663 Sabbato
1492 3605 1773 3664 celebrari
1821 3607 1985 3673 solet,

340 3695 545 3756 eadem
577 3695 880 3756 occasione
900 3694 1082 3752 fuisse
1102 3694 1456 3751 institutum.
1475 3696 1624 3762 Quin
1647 3700 1702 3751 et
1724 3695 1990 3752 nonnulli

339 3788 613 3846 sanctum
631 3783 989 3845 Antoninum
1012 3783 1278 3850 laudant,
1301 3784 1647 3840 referentem
1667 3784 1779 3840 hoc
1805 3802 1988 3856 apon-

333 3873 490 3936 tiﬂce
520 3873 581 3933 in
611 3872 856 3934 concilio
888 3876 1178 3930 statutum
1232 3871 1434 3940 fuisse,
1497 3877 1562 3928 ut
1613 3873 1684 3928 ab
1733 3872 1861 3946 ipso
1893 3873 1986 3930 die

332 3959 763 4041 quo’exercitus
811 3965 967 4018 esset
1014 3961 1382 4034 profecturus
1426 3961 1486 4016 in
1536 3961 1982 4033 expeditionem,

323 4068 566 4128 vespere
583 4055 642 4109 et
669 4066 842 4111 mane
869 4049 927 4106 in
960 4049 1235 4107 omnibus
1265 4049 1527 4107 ecclesiis
1550 4049 1984 4108 cathedralibus

324 4145 383 4200 et
401 4139 774 4200 monasteriis
796 4137 1031 4212 signum
1046 4139 1199 4196 trino
1215 4156 1511 4212 campanae
1534 4138 1708 4212 pulsu
1725 4140 1980 4208 daretur,

324 4227 867 4305 quo'excitarentur
905 4226 1108 4302 populi
1138 4228 1212 4286 ad
1242 4228 1536 4301 orationes
1569 4245 1673 4300 pro
1704 4228 1856 4284 felici
1887 4245 1983 4285 ex-

327 4315 650 4391 peditionis
677 4331 952 4386 successu
975 4317 1326 4374 fundendas.
1349 4317 1511 4382 Quod
1553 4317 1790 4389 quidem
1813 4317 1982 4373 insti-

329 4409 528 4466 tutum
573 4404 724 4466 mori
776 4404 1079 4487 pulsanda;
1122 4405 1494 4462 salutationis
1549 4406 1842 4480 angelicae,
1882 4405 1980 4478 qui

2084 1827 2483 1884 necessarium
2531 1830 2603 1885 ad
2662 1827 3001 1884 Christianae
3047 1827 3382 1900 reipublicae
3439 1831 3728 1895 tutamen,

2086 1934 2264 1991 quam
2287 1923 2350 1972 ut
2371 1918 2551 1976 armis
2571 1935 2736 1974 arma
2755 1934 2956 1974 eorum
2981 1915 3358 1990 repellantur,
3385 1917 3488 1988 qui
3508 1915 3728 1989 pleras-

2086 2023 2200 2080 que
2256 2007 2721 2064 Christianorum
2781 2006 3107 2080 provincias
3156 2006 3283 2076 jam
3342 2006 3734 2075 devastarant,

2086 2096 2218 2152 aliis
2243 2095 2650 2162 imminebant,
2682 2097 2956 2152 omnibus
2973 2111 3108 2152 vero
3125 2093 3514 2151 infensissimi
3544 2099 3730 2151 erant.

2085 2185 2259 2258 Atqui
2307 2184 2482 2241 talem
2539 2188 2677 2240 tunc
2709 2184 2867 2240 orbis
2923 2183 3243 2241 Christiani
3288 2186 3510 2242 statum
3553 2181 3738 2243 fuisse

2087 2290 2259 2331 nemo
2290 2276 2380 2330 est
2418 2272 2518 2346 qui
2550 2271 2706 2328 ausit
2735 2272 3005 2339 inﬁciari,
3049 2272 3098 2330 si
3123 2272 3212 2328 vel
3242 2271 3449 2330 leviter
3476 2271 3736 2330 delibare

2085 2363 2332 2419 voluerit
2360 2361 2638 2418 historias
2689 2360 2926 2417 illorum
2984 2365 3340 2434 temporum.
3389 2361 3536 2422 Nam
3568 2365 3635 2418 ut
3663 2362 3740 2419 de,

2088 2452 2408 2525 Hispaniis,
2467 2450 2675 2508 Siciliae
2743 2456 2800 2506 et
2857 2449 3032 2506 Italiae
3092 2451 3432 2524 regionibus
3487 2453 3732 2516 taceam,

2088 2545 2275 2597 totum
2304 2542 2483 2597 ferme
2515 2541 2830 2608 Orientem,
2864 2539 2924 2595 in
2964 2555 3139 2612 quem
3186 2538 3478 2612 praecipue.
3517 2538 3737 2598 indicta
3775 2578 3781 2581 -

2088 2629 2190 2688 illa
2216 2629 2503 2702 expeditio
2535 2629 2665 2698 fuit,
2720 2628 3122 2687 Mahumetani
3173 2629 3556 2700 occupabant.
3607 2628 3742 2688 Non.

2087 2719 2244 2775 enim
2271 2717 2398 2774 sola
2416 2718 2917 2790 Jerosolymorum
2941 2716 3142 2773 civitas
3159 2721 3381 2784 sancta,
3413 2721 3518 2777 aut
3542 2716 3731 2783 Nicea,

2086 2807 2414 2872 Antiochia,
2446 2805 2689 2879 aliaque
2727 2805 2990 2863 civitates
3020 2805 3406 2862 celeberrimae
3437 2808 3494 2866 et
3522 2805 3734 2861 vastis-

2090 2897 2251 2952 simae
2298 2896 2562 2969 regiones
2605 2895 2678 2951 iis
2709 2895 2956 2952 urbibus
3008 2893 3316 2951 viciniores
3369 2894 3480 2950 sub
3535 2910 3736 2950 eorum

2089 2984 2391 3056 tyrannico
2415 2984 2558 3056 jugo
2589 2983 2902 3056 gemebant
2927 3000 2939 3052 ;
2973 2983 3072 3038 sed
3105 2986 3162 3038 et
3183 2981 3378 3037 multa:
3409 2981 3586 3038 etiam
3609 2980 3735 3036 aliae

2091 3072 2320 3145 imperii
2334 3071 2965 3145 Constantinopolitani
2985 3069 3289 3146 provinciae
3305 3071 3377 3127 ab
3395 3069 3467 3125 iis
3479 3069 3746 3131 barbaris

2095 3162 2476 3230 vexabantur,
2504 3178 2756 3234 quarum
2781 3161 3092 3234 plerasque
3125 3176 3228 3216 suo
3251 3159 3376 3230 jam
3399 3157 3747 3230 subjugave-

2100 3255 2231 3306 rant
2259 3251 2538 3322 imperio;
2564 3251 2706 3306 adeo
2725 3253 2789 3306 ut
2816 3250 2890 3306 ad
2921 3266 3119 3306 muros
3137 3265 3324 3320 usque
3343 3245 3743 3308 Constantino-

2099 3338 2368 3411 politana:
2402 3340 2569 3413 regiae
2600 3339 2765 3396 urbis
2795 3339 2993 3395 omnia
3021 3336 3532 3412 depopularentur.
3571 3336 3750 3399 Urba-V

2096 3445 2222 3498 nus,
2255 3428 2449 3501 inquit
2477 3428 2650 3485 Fulco
2679 3443 2896 3498 comes,
2929 3428 2989 3484 in
3021 3444 3170 3499 saepe
3195 3425 3430 3483 laudato
3476 3424 3742 3488 Historias

2098 3518 2445 3590 fragmento,
2479 3517 2763 3573 admonuit
2794 3525 3006 3586 gentem
3047 3520 3295 3572 nostram
3322 3519 3383 3570 ut
3414 3516 3557 3572 irent
3585 3515 3743 3577 Jeru-

2092 3609 2284 3674 salem,
2318 3608 2695 3679 expugnaturi
2722 3607 2984 3676 gentilem
3023 3603 3314 3676 populum,
3346 3605 3442 3675 qui
3468 3605 3744 3665 civitatem

2096 3697 2256 3751 illam
2279 3700 2329 3752 et
2360 3703 2525 3752 totam
2555 3703 2758 3752 terram
2798 3694 3238 3756 Christianorum
3279 3709 3451 3764 usque
3482 3692 3754 3752 Constan-.

2093 3786 2381 3857 tinopolim
2408 3789 2778 3856 occupaverat.

2166 3874 2314 3938 Quid
2345 3873 2524 3946 igitur
2554 3874 2772 3929 mirum
2803 3876 2887 3929 est
2921 3872 2971 3929 si
3001 3875 3164 3928 tanto
3220 3874 3460 3942 tamque
3509 3868 3742 3942 urgenti

2093 3961 2434 4018 Christianae
2477 3961 2808 4034 reipublicae
2861 3959 3118 4032 periculo
3159 3959 3467 4016 subvenire
3497 3961 3746 4020 conatus

2092 4051 2266 4107 fuerit
2311 4051 2642 4107 communis
2689 4049 3157 4105 Christianorum
3210 4052 3374 4120 pater
3420 4051 3478 4104 et
3519 4050 3744 4120 pastor,

2091 4139 2344 4196 maxime
2390 4155 2524 4195 cum
2557 4140 2628 4196 ab
2679 4155 2745 4194 eo
2795 4138 2920 4214 ipse
2967 4137 3310 4210 imperator,
3342 4139 3400 4191 et
3428 4133 3744 4191 orientales

2090 4227 2357 4285 Ecclesiae
2388 4244 2453 4283 ac
2483 4226 2704 4300 populi,
2739 4225 3024 4284 auxilium
3075 4225 3337 4303 repetitis
3387 4222 3745 4296 frequentis-

2091 4316 2239 4372 sime
2270 4315 2540 4388 precibus
2576 4332 2679 4388 per
2709 4314 2935 4370 litteras
2960 4318 3016 4370 et
3045 4313 3268 4387 legatos
3297 4312 3742 4386 efﬂagitassent.

2091 4406 2148 4461 Id
2168 4421 2368 4461 verum
2388 4421 2515 4461 esse
2540 4421 2656 4460 non
2675 4402 2865 4460 solum
2891 4403 3140 4476 probant
3177 4404 3318 4458 Acta
3361 4400 3742 4458 conciliorum

333 4493 709 4570 postmodum
741 4495 897 4568 apud
929 4509 1131 4552 omnes
1154 4493 1421 4564 invaluit,
1449 4495 1814 4552 occasionem
1846 4513 1982 4567 prce-
2009 4498 2058 4566 Π
2088 4493 2402 4551 Placentini
2438 4498 2494 4550 et
2523 4492 2982 4557 Claromontani,
3003 4492 3106 4548 sed
3131 4490 3244 4563 ipsi
3265 4490 3440 4546 etiam
3489 4488 3745 4562 aequales

333 4583 471 4642 bere
499 4581 708 4656 potuit.

406 4671 619 4732 Praeter
647 4670 770 4729 hac
800 4669 1088 4728 Robertus
1132 4672 1204 4728 de
1233 4673 1427 4729 Monte
1456 4671 1516 4729 in
1547 4673 1981 4729 accessionibus

334 4761 408 4821 ad
433 4759 821 4836 Sigebertum,
847 4777 993 4832 quas
1024 4763 1223 4818 noster
1246 4761 1528 4817 Achorius
1551 4765 1683 4834 post
1720 4761 1980 4817 Guiberti

332 4865 519 4925 opera
556 4848 758 4916 edidit,
817 4849 1116 4907 decretum
1172 4842 1358 4906 fuisse
1407 4848 1610 4906 scribit
1661 4852 1721 4904 in
1751 4851 1980 4906 concilio

329 4939 631 5002 Λυσι-πρηδί
684 4937 998 4995 authentico
1026 4942 1077 4994 et
1129 4939 1586 5005 nominatissimo,
1620 4946 1678 4995 ut
1725 4955 1980 5010 quaecun-

331 5043 440 5108 que
490 5029 686 5087 civitas
758 5028 908 5086 mari
981 5042 1180 5097 magno
1244 5028 1500 5093 transito,
1561 5044 1595 5081 a
1640 5043 1981 5099 paganorum

330 5113 508 5189 posset
533 5117 721 5178 excuti
730 5117 888 5191 jugo,
928 5118 1049 5170 sine
1069 5115 1188 5171 ulla
1207 5115 1632 5172 contradictione
1650 5117 1748 5171 sub
1776 5125 1982 5172 sanctae

330 5206 633 5266 Jerusalem
651 5204 893 5262 dominio
924 5205 1004 5260 vel
1033 5203 1238 5260 ditione
1263 5207 1584 5276 perenniter
1620 5205 1977 5260 obtineretur.

334 5295 498 5365 Quod
555 5293 730 5352 etiam
783 5290 956 5365 paulo
1009 5296 1142 5364 post
1207 5292 1266 5347 in
1324 5293 1565 5348 concilio
1622 5293 1979 5349 Antiocheno

333 5383 743 5440 confirmatum
775 5380 846 5438 ab
869 5381 1143 5438 omnibus
1177 5381 1361 5439 fuisse
1386 5385 1656 5438 testatur.

2088 4587 2354 4640 auctores
2386 4580 2716 4648 Bertoldus,
2738 4579 3057 4636 Guibertus
3078 4582 3136 4635 et
3165 4578 3263 4634 alii
3294 4578 3516 4651 passim
3538 4576 3746 4642 testifi-

2091 4674 2317 4727 cantur.
2371 4669 2437 4724 Et
2485 4669 2725 4742 quidem
2778 4667 3079 4723 Urbanum
3112 4667 3183 4722 de
3239 4665 3496 4722 Ecclesia
3523 4664 3748 4738 optime

2089 4759 2197 4815 hac
2243 4759 2544 4815 occasione
2591 4756 2866 4812 meritum
2915 4756 3119 4823 fuisse,
3165 4772 3284 4811 una
3344 4770 3576 4828 semper
3629 4753 3752 4808 fuit.

2088 4848 2354 4904 omnium
2403 4846 2712 4912 sententia,
2765 4845 2920 4916 quod
2977 4843 3210 4916 publice
3264 4847 3546 4900 testatum
3605 4841 3746 4901 fecit

2089 4940 2254 4992 vetus
2286 4933 2587 5007 inscriptio
2626 4935 2799 5004 juxta
2831 4937 3102 4990 sanctum
3133 4932 3370 4989 Petrum
3419 4931 3479 4986 in
3525 4929 3742 5003 palatio

2090 5025 2408 5097 apostolico
2429 5021 2725 5095 insculpta
2754 5021 2848 5077 his
2875 5021 3064 5077 verbis
3091 5039 3104 5076 :

2163 5113 2438 5170 Uassuus
2471 5112 2540 5182 II,
2579 5127 2795 5166 auaros
2822 5125 3217 5167 sxpnurrioms
3248 5127 3308 5166 IN
3347 5123 3666 5166 maxumus.

2088 5225 2385 5286 CCXXVII.
2429 5225 2511 5279 bis
2565 5223 2910 5296 Claromonti
2941 5224 3198 5282 Urbanus
3242 5224 3571 5296 privilegia,
3615 5229 3740 5290 εει,

2157 5298 2392 5354 ccclesiis
2449 5296 2582 5366 dat,
2613 5295 2668 5350 S.
2726 5295 2985 5366 Dionysio
3041 5295 3421 5366 Navigentino.
3471 5295 3738 5352 Molismo.

2160 5369 2400 5440 Epistula
2443 5366 2512 5422 ad
2557 5364 3109 5439 Gratianopolitanos.
3140 5364 3271 5424 Acta
3320 5370 3516 5428 contra
3566 5367 3740 5440 Ania-

2110 5456 2111 5459 “
2159 5455 2370 5496 nenses.

2160 5554 2364 5613 Soluta
2391 5557 2479 5612 est
2507 5551 2961 5618 Claromontana
2984 5556 3244 5631 synodus
3265 5553 3360 5614 die
3385 5570 3438 5609 1v
3461 5552 3740 5612 Kalenda-

2091 5661 2222 5705 rum
2253 5642 2608 5712 Decembris,
2667 5660 2804 5716 quo,
2853 5644 2937 5702 uti
2967 5661 3147 5717 supra
3203 5642 3639 5702 observavimus
3670 5658 3739 5698 ex
