  <div class='ocr_page' id='page_1' title='image "/cluster/home/n/w/nwhite01/storage/ocr_20150623/151/hvd.32044054760095/098.png"; bbox 0 0 3998 6158; ppageno 0'>
   <div class='ocr_carea' id='block_1_1' title="bbox 157 316 294 386">
    <p class='ocr_par' dir='ltr' id='par_1_1' title="bbox 157 316 294 386">
     <span class='ocr_line' id='line_1_1' title="bbox 157 316 294 386; baseline 0 -4"><span class='ocrx_word' id='word_1_1' title='bbox 157 316 294 386; x_wconf 59' lang='grc'>188</span> 
     </span>
    </p>
   </div>
   <div class='ocr_carea' id='block_1_2' title="bbox 158 541 1812 616">
    <p class='ocr_par' dir='ltr' id='par_1_2' title="bbox 158 541 1812 616">
     <span class='ocr_line' id='line_1_2' title="bbox 158 541 1812 616; baseline 0 -16"><span class='ocrx_word' id='word_1_2' title='bbox 158 559 364 600; x_wconf 81' lang='lat' dir='ltr'>coram</span> <span class='ocrx_word' id='word_1_3' title='bbox 395 541 674 603; x_wconf 83' lang='lat' dir='ltr'>omnibus</span> <span class='ocrx_word' id='word_1_4' title='bbox 701 542 1010 602; x_wconf 76' lang='lat' dir='ltr'>recitatum</span> <span class='ocrx_word' id='word_1_5' title='bbox 1040 547 1224 616; x_wconf 84' lang='lat' dir='ltr'>atque</span> <span class='ocrx_word' id='word_1_6' title='bbox 1239 543 1652 602; x_wconf 87' lang='lat' dir='ltr'>conﬁrmatum</span> <span class='ocrx_word' id='word_1_7' title='bbox 1685 545 1812 602; x_wconf 91' lang='lat' dir='ltr'>fuit.</span> 
     </span>
    </p>
   </div>
   <div class='ocr_carea' id='block_1_3' title="bbox 158 631 1817 706">
    <p class='ocr_par' dir='ltr' id='par_1_3' title="bbox 158 631 1817 706">
     <span class='ocr_line' id='line_1_3' title="bbox 158 631 1817 706; baseline 0.001 -18"><span class='ocrx_word' id='word_1_8' title='bbox 158 632 481 706; x_wconf 72' lang='lat' dir='ltr'>complura</span> <span class='ocrx_word' id='word_1_9' title='bbox 510 631 626 690; x_wconf 85' lang='lat' dir='ltr'>alia</span> <span class='ocrx_word' id='word_1_10' title='bbox 655 631 955 706; x_wconf 86' lang='lat' dir='ltr'>privilegia</span> <span class='ocrx_word' id='word_1_11' title='bbox 982 633 1274 690; x_wconf 78' lang='lat' dir='ltr'>concessit</span> <span class='ocrx_word' id='word_1_12' title='bbox 1304 633 1574 690; x_wconf 79' lang='lat' dir='ltr'>Urbanus</span> <span class='ocrx_word' id='word_1_13' title='bbox 1610 633 1817 690; x_wconf 89' lang='lat' dir='ltr'>diebus</span> 
     </span>
    </p>
   </div>
   <div class='ocr_carea' id='block_1_4' title="bbox 159 720 1816 796">
    <p class='ocr_par' dir='ltr' id='par_1_4' title="bbox 159 720 1816 796">
     <span class='ocr_line' id='line_1_4' title="bbox 159 720 1816 796; baseline 0.001 -18"><span class='ocrx_word' id='word_1_14' title='bbox 159 722 555 794; x_wconf 79' lang='lat' dir='ltr'>sequentibus</span> <span class='ocrx_word' id='word_1_15' title='bbox 584 721 741 793; x_wconf 85' lang='lat' dir='ltr'>apud</span> <span class='ocrx_word' id='word_1_16' title='bbox 799 720 1316 791; x_wconf 86' lang='lat' dir='ltr'>Clarummontem,</span> <span class='ocrx_word' id='word_1_17' title='bbox 1370 723 1470 779; x_wconf 91' lang='lat' dir='ltr'>ubi</span> <span class='ocrx_word' id='word_1_18' title='bbox 1527 739 1714 796; x_wconf 87' lang='lat' dir='ltr'>usque</span> <span class='ocrx_word' id='word_1_19' title='bbox 1745 724 1816 779; x_wconf 89' lang='lat' dir='ltr'>ad</span> 
     </span>
    </p>
   </div>
   <div class='ocr_carea' id='block_1_5' title="bbox 159 811 1821 874">
    <p class='ocr_par' dir='ltr' id='par_1_5' title="bbox 159 811 1821 874">
     <span class='ocr_line' id='line_1_5' title="bbox 159 811 1821 874; baseline 0 -6"><span class='ocrx_word' id='word_1_20' title='bbox 159 811 389 874; x_wconf 74' lang='lat' dir='ltr'>mensis</span> <span class='ocrx_word' id='word_1_21' title='bbox 418 811 755 867; x_wconf 77' lang='lat' dir='ltr'>Decembris</span> <span class='ocrx_word' id='word_1_22' title='bbox 777 811 1010 867; x_wconf 90' lang='lat' dir='ltr'>initium</span> <span class='ocrx_word' id='word_1_23' title='bbox 1029 813 1314 870; x_wconf 82' lang='lat' dir='ltr'>substitit.</span> <span class='ocrx_word' id='word_1_24' title='bbox 1340 813 1441 869; x_wconf 89' lang='lat' dir='ltr'>Die</span> <span class='ocrx_word' id='word_1_25' title='bbox 1459 831 1519 869; x_wconf 82' lang='lat' dir='ltr'>in</span> <span class='ocrx_word' id='word_1_26' title='bbox 1543 813 1821 870; x_wconf 84' lang='lat' dir='ltr'>Kalenda-</span> 
     </span>
    </p>
   </div>
   <div class='ocr_carea' id='block_1_6' title="bbox 159 899 1819 960">
    <p class='ocr_par' dir='ltr' id='par_1_6' title="bbox 159 899 1819 960">
     <span class='ocr_line' id='line_1_6' title="bbox 159 899 1819 960; baseline 0 0"><span class='ocrx_word' id='word_1_27' title='bbox 159 917 298 960; x_wconf 68' lang='lat' dir='ltr'>rum</span> <span class='ocrx_word' id='word_1_28' title='bbox 327 899 746 957; x_wconf 80' lang='lat' dir='ltr'>Decembrium</span> <span class='ocrx_word' id='word_1_29' title='bbox 775 902 1142 957; x_wconf 89' lang='lat' dir='ltr'>conﬁrmavit</span> <span class='ocrx_word' id='word_1_30' title='bbox 1167 901 1652 959; x_wconf 87' lang='lat' dir='ltr'>Cluniacensibus</span> <span class='ocrx_word' id='word_1_31' title='bbox 1694 919 1819 960; x_wconf 88' lang='lat' dir='ltr'>mo-</span> 
     </span>
    </p>
   </div>
   <div class='ocr_carea' id='block_1_7' title="bbox 159 988 1823 1063">
    <p class='ocr_par' dir='ltr' id='par_1_7' title="bbox 159 988 1823 1063">
     <span class='ocr_line' id='line_1_7' title="bbox 159 988 1823 1063; baseline 0 -17"><span class='ocrx_word' id='word_1_32' title='bbox 159 988 494 1048; x_wconf 81' lang='lat' dir='ltr'>nasterium</span> <span class='ocrx_word' id='word_1_33' title='bbox 554 988 751 1044; x_wconf 78' lang='lat' dir='ltr'>Sancti</span> <span class='ocrx_word' id='word_1_34' title='bbox 811 989 1069 1062; x_wconf 76' lang='lat' dir='ltr'>Dionysii</span> <span class='ocrx_word' id='word_1_35' title='bbox 1133 991 1206 1045; x_wconf 91' lang='lat' dir='ltr'>de</span> <span class='ocrx_word' id='word_1_36' title='bbox 1250 990 1588 1063; x_wconf 85' lang='lat' dir='ltr'>Novigento,</span> <span class='ocrx_word' id='word_1_37' title='bbox 1650 991 1823 1061; x_wconf 87' lang='lat' dir='ltr'>cujus</span> 
     </span>
    </p>
   </div>
   <div class='ocr_carea' id='block_1_8' title="bbox 159 1077 1820 1152">
    <p class='ocr_par' dir='ltr' id='par_1_8' title="bbox 159 1077 1820 1152">
     <span class='ocr_line' id='line_1_8' title="bbox 159 1077 1820 1152; baseline -0.001 -16"><span class='ocrx_word' id='word_1_38' title='bbox 159 1078 576 1152; x_wconf 84' lang='lat' dir='ltr'>possessiones</span> <span class='ocrx_word' id='word_1_39' title='bbox 606 1077 665 1132; x_wconf 90' lang='lat' dir='ltr'>in</span> <span class='ocrx_word' id='word_1_40' title='bbox 695 1077 872 1133; x_wconf 87' lang='lat' dir='ltr'>variis</span> <span class='ocrx_word' id='word_1_41' title='bbox 902 1077 1250 1134; x_wconf 79' lang='lat' dir='ltr'>dicacesibus</span> <span class='ocrx_word' id='word_1_42' title='bbox 1289 1079 1433 1134; x_wconf 87' lang='lat' dir='ltr'>sitas</span> <span class='ocrx_word' id='word_1_43' title='bbox 1476 1077 1820 1152; x_wconf 82' lang='lat' dir='ltr'>singillatim</span> 
     </span>
    </p>
   </div>
   <div class='ocr_carea' id='block_1_9' title="bbox 158 1166 1822 1234">
    <p class='ocr_par' dir='ltr' id='par_1_9' title="bbox 158 1166 1822 1234">
     <span class='ocr_line' id='line_1_9' title="bbox 158 1166 1822 1234; baseline -0.001 -10"><span class='ocrx_word' id='word_1_44' title='bbox 158 1170 452 1226; x_wconf 74' lang='lat' dir='ltr'>recenset.</span> <span class='ocrx_word' id='word_1_45' title='bbox 487 1166 704 1222; x_wconf 85' lang='lat' dir='ltr'>Eadem</span> <span class='ocrx_word' id='word_1_46' title='bbox 739 1166 834 1222; x_wconf 90' lang='lat' dir='ltr'>die</span> <span class='ocrx_word' id='word_1_47' title='bbox 857 1166 1230 1228; x_wconf 87' lang='lat' dir='ltr'>Molismense</span> <span class='ocrx_word' id='word_1_48' title='bbox 1260 1167 1708 1234; x_wconf 83' lang='lat' dir='ltr'>monasterium,</span> <span class='ocrx_word' id='word_1_49' title='bbox 1729 1168 1822 1223; x_wconf 88' lang='lat' dir='ltr'>cui</span> 
     </span>
    </p>
   </div>
   <div class='ocr_carea' id='block_1_10' title="bbox 155 1255 1825 1329">
    <p class='ocr_par' dir='ltr' id='par_1_10' title="bbox 155 1255 1825 1329">
     <span class='ocr_line' id='line_1_10' title="bbox 155 1255 1825 1329; baseline -0.001 -15"><span class='ocrx_word' id='word_1_50' title='bbox 155 1260 300 1314; x_wconf 84' lang='lat' dir='ltr'>tunc</span> <span class='ocrx_word' id='word_1_51' title='bbox 313 1259 566 1318; x_wconf 80' lang='lat' dir='ltr'>sanctus</span> <span class='ocrx_word' id='word_1_52' title='bbox 577 1255 866 1312; x_wconf 81' lang='lat' dir='ltr'>Robertus</span> <span class='ocrx_word' id='word_1_53' title='bbox 888 1261 1152 1328; x_wconf 69' lang='lat' dir='ltr'>praeerat,</span> <span class='ocrx_word' id='word_1_54' title='bbox 1171 1257 1281 1312; x_wconf 88' lang='lat' dir='ltr'>sub</span> <span class='ocrx_word' id='word_1_55' title='bbox 1314 1256 1645 1329; x_wconf 69' lang='lat' dir='ltr'>apostolicis</span> <span class='ocrx_word' id='word_1_56' title='bbox 1665 1257 1825 1315; x_wconf 82' lang='lat' dir='ltr'>sedis</span> 
     </span>
    </p>
   </div>
   <div class='ocr_carea' id='block_1_11' title="bbox 157 1343 1826 1419">
    <p class='ocr_par' dir='ltr' id='par_1_11' title="bbox 157 1343 1826 1419">
     <span class='ocr_line' id='line_1_11' title="bbox 157 1343 1826 1419; baseline 0.001 -18"><span class='ocrx_word' id='word_1_57' title='bbox 157 1345 350 1406; x_wconf 81' lang='lat' dir='ltr'>tutela</span> <span class='ocrx_word' id='word_1_58' title='bbox 380 1345 668 1417; x_wconf 82' lang='lat' dir='ltr'>suscepit,</span> <span class='ocrx_word' id='word_1_59' title='bbox 699 1343 862 1402; x_wconf 89' lang='lat' dir='ltr'>salvo</span> <span class='ocrx_word' id='word_1_60' title='bbox 883 1345 1270 1418; x_wconf 85' lang='lat' dir='ltr'>Lingonensis</span> <span class='ocrx_word' id='word_1_61' title='bbox 1309 1345 1564 1419; x_wconf 88' lang='lat' dir='ltr'>episcopi</span> <span class='ocrx_word' id='word_1_62' title='bbox 1614 1346 1826 1403; x_wconf 74' lang='lat' dir='ltr'>dicace-</span> 
     </span>
    </p>
   </div>
   <div class='ocr_carea' id='block_1_12' title="bbox 159 1432 1826 1508">
    <p class='ocr_par' dir='ltr' id='par_1_12' title="bbox 159 1432 1826 1508">
     <span class='ocr_line' id='line_1_12' title="bbox 159 1432 1826 1508; baseline 0.002 -19"><span class='ocrx_word' id='word_1_63' title='bbox 159 1433 288 1496; x_wconf 75' lang='lat' dir='ltr'>sani</span> <span class='ocrx_word' id='word_1_64' title='bbox 311 1435 482 1505; x_wconf 83' lang='lat' dir='ltr'>jure,</span> <span class='ocrx_word' id='word_1_65' title='bbox 517 1433 592 1490; x_wconf 86' lang='lat' dir='ltr'>ad</span> <span class='ocrx_word' id='word_1_66' title='bbox 621 1433 793 1504; x_wconf 82' lang='lat' dir='ltr'>cujus</span> <span class='ocrx_word' id='word_1_67' title='bbox 825 1432 1165 1506; x_wconf 83' lang='lat' dir='ltr'>petitionem</span> <span class='ocrx_word' id='word_1_68' title='bbox 1192 1435 1450 1508; x_wconf 81' lang='lat' dir='ltr'>pontifex</span> <span class='ocrx_word' id='word_1_69' title='bbox 1470 1436 1579 1492; x_wconf 91' lang='lat' dir='ltr'>hoc</span> <span class='ocrx_word' id='word_1_70' title='bbox 1601 1435 1826 1508; x_wconf 84' lang='lat' dir='ltr'>privile-</span> 
     </span>
    </p>
   </div>
   <div class='ocr_carea' id='block_1_13' title="bbox 160 1521 1824 1597">
    <p class='ocr_par' dir='ltr' id='par_1_13' title="bbox 160 1521 1824 1597">
     <span class='ocr_line' id='line_1_13' title="bbox 160 1521 1824 1597; baseline -0.001 -17"><span class='ocrx_word' id='word_1_71' title='bbox 160 1522 329 1596; x_wconf 80' lang='lat' dir='ltr'>ginm</span> <span class='ocrx_word' id='word_1_72' title='bbox 357 1521 676 1580; x_wconf 81' lang='lat' dir='ltr'>concessit.</span> <span class='ocrx_word' id='word_1_73' title='bbox 708 1523 954 1595; x_wconf 84' lang='lat' dir='ltr'>Scripsit</span> <span class='ocrx_word' id='word_1_74' title='bbox 983 1541 1218 1596; x_wconf 89' lang='lat' dir='ltr'>quoque</span> <span class='ocrx_word' id='word_1_75' title='bbox 1247 1524 1355 1580; x_wconf 91' lang='lat' dir='ltr'>hac</span> <span class='ocrx_word' id='word_1_76' title='bbox 1387 1524 1515 1597; x_wconf 90' lang='lat' dir='ltr'>ipsa</span> <span class='ocrx_word' id='word_1_77' title='bbox 1566 1523 1661 1580; x_wconf 91' lang='lat' dir='ltr'>die</span> <span class='ocrx_word' id='word_1_78' title='bbox 1703 1523 1824 1596; x_wconf 89' lang='lat' dir='ltr'>epi-</span> 
     </span>
    </p>
   </div>
   <div class='ocr_carea' id='block_1_14' title="bbox 159 1612 1825 1686">
    <p class='ocr_par' dir='ltr' id='par_1_14' title="bbox 159 1612 1825 1686">
     <span class='ocr_line' id='line_1_14' title="bbox 159 1612 1825 1686; baseline 0 -16"><span class='ocrx_word' id='word_1_79' title='bbox 159 1613 379 1672; x_wconf 80' lang='lat' dir='ltr'>stolam</span> <span class='ocrx_word' id='word_1_80' title='bbox 411 1612 489 1668; x_wconf 89' lang='lat' dir='ltr'>ad</span> <span class='ocrx_word' id='word_1_81' title='bbox 519 1612 846 1685; x_wconf 89' lang='lat' dir='ltr'>Guigonem</span> <span class='ocrx_word' id='word_1_82' title='bbox 880 1613 1173 1681; x_wconf 88' lang='lat' dir='ltr'>comitem,</span> <span class='ocrx_word' id='word_1_83' title='bbox 1197 1612 1422 1669; x_wconf 91' lang='lat' dir='ltr'>clerum</span> <span class='ocrx_word' id='word_1_84' title='bbox 1455 1618 1510 1669; x_wconf 89' lang='lat' dir='ltr'>et</span> <span class='ocrx_word' id='word_1_85' title='bbox 1541 1613 1825 1686; x_wconf 88' lang='lat' dir='ltr'>populum</span> 
     </span>
    </p>
   </div>
   <div class='ocr_carea' id='block_1_15' title="bbox 160 1700 1826 1773">
    <p class='ocr_par' dir='ltr' id='par_1_15' title="bbox 160 1700 1826 1773">
     <span class='ocr_line' id='line_1_15' title="bbox 160 1700 1826 1773; baseline -0.001 -13"><span class='ocrx_word' id='word_1_86' title='bbox 160 1700 624 1773; x_wconf 73' lang='lat' dir='ltr'>Gratianopolis,</span> <span class='ocrx_word' id='word_1_87' title='bbox 656 1718 772 1773; x_wconf 89' lang='lat' dir='ltr'>qua</span> <span class='ocrx_word' id='word_1_88' title='bbox 801 1718 923 1770; x_wconf 89' lang='lat' dir='ltr'>eos,</span> <span class='ocrx_word' id='word_1_89' title='bbox 953 1702 1036 1758; x_wconf 85' lang='lat' dir='ltr'>uti</span> <span class='ocrx_word' id='word_1_90' title='bbox 1058 1701 1319 1758; x_wconf 82' lang='lat' dir='ltr'>diximus</span> <span class='ocrx_word' id='word_1_91' title='bbox 1344 1703 1516 1772; x_wconf 81' lang='lat' dir='ltr'>§2t6,</span> <span class='ocrx_word' id='word_1_92' title='bbox 1551 1703 1826 1759; x_wconf 89' lang='lat' dir='ltr'>certiores</span> 
     </span>
    </p>
   </div>
   <div class='ocr_carea' id='block_1_16' title="bbox 161 1789 1824 1852">
    <p class='ocr_par' dir='ltr' id='par_1_16' title="bbox 161 1789 1824 1852">
     <span class='ocr_line' id='line_1_16' title="bbox 161 1789 1824 1852; baseline -0.004 0"><span class='ocrx_word' id='word_1_93' title='bbox 161 1791 304 1852; x_wconf 76' lang='lat' dir='ltr'>facit</span> <span class='ocrx_word' id='word_1_94' title='bbox 357 1792 434 1850; x_wconf 88' lang='lat' dir='ltr'>de</span> <span class='ocrx_word' id='word_1_95' title='bbox 493 1789 941 1848; x_wconf 86' lang='lat' dir='ltr'>Salmoriacensi</span> <span class='ocrx_word' id='word_1_96' title='bbox 999 1792 1476 1849; x_wconf 88' lang='lat' dir='ltr'>arehidiaconatu</span> <span class='ocrx_word' id='word_1_97' title='bbox 1557 1792 1824 1850; x_wconf 75' lang='lat' dir='ltr'>Ecclesiae</span> 
     </span>
    </p>
   </div>
   <div class='ocr_carea' id='block_1_17' title="bbox 233 316 1978 384">
    <p class='ocr_par' dir='ltr' id='par_1_17' title="bbox 233 316 1978 384">
     <span class='ocr_line' id='line_1_17' title="bbox 233 316 1978 384; baseline -0.001 0"><span class='ocrx_word' id='word_1_98' title='bbox 233 318 294 384; x_wconf 65' lang='grc' dir='ltr'><strong>ιθ</strong></span> <span class='ocrx_word' id='word_1_99' title='bbox 1768 316 1978 384; x_wconf 76' lang='grc' dir='ltr'>νιτΑ.</span> 
     </span>
    </p>
   </div>
   <div class='ocr_carea' id='block_1_18' title="bbox 159 446 3574 532">
    <p class='ocr_par' dir='ltr' id='par_1_18' title="bbox 159 446 3574 532">
     <span class='ocr_line' id='line_1_18' title="bbox 159 446 3574 532; baseline 0 -22"><span class='ocrx_word' id='word_1_100' title='bbox 159 448 364 510; x_wconf 80' lang='lat' dir='ltr'>codice</span> <span class='ocrx_word' id='word_1_101' title='bbox 393 448 709 522; x_wconf 78' lang='lat' dir='ltr'>Lamberti,</span> <span class='ocrx_word' id='word_1_102' title='bbox 739 447 1110 526; x_wconf 80' lang='lat' dir='ltr'>privilegium</span> <span class='ocrx_word' id='word_1_103' title='bbox 1123 447 1528 520; x_wconf 71' lang='lat' dir='ltr'>Atrebatensis</span> <span class='ocrx_word' id='word_1_104' title='bbox 1546 446 1818 520; x_wconf 65' lang='lat' dir='ltr'>Ecclesia</span> <span class='ocrx_word' id='word_1_105' title='bbox 1844 454 1902 532; x_wconf 72' lang='grc' dir='ltr'>Α</span> <span class='ocrx_word' id='word_1_106' title='bbox 1928 449 2328 526; x_wconf 77' lang='lat' dir='ltr'>Cluniacensis</span> <span class='ocrx_word' id='word_1_107' title='bbox 2349 449 2572 520; x_wconf 74' lang='lat' dir='ltr'>ordinis</span> <span class='ocrx_word' id='word_1_108' title='bbox 2595 450 2824 522; x_wconf 81' lang='lat' dir='ltr'>celebre</span> <span class='ocrx_word' id='word_1_109' title='bbox 2840 450 3270 518; x_wconf 71' lang='lat' dir='ltr'>monasterium</span> <span class='ocrx_word' id='word_1_110' title='bbox 3284 450 3574 523; x_wconf 75' lang='lat' dir='ltr'>substitit,</span> 
     </span>
    </p>
   </div>
   <div class='ocr_carea' id='block_1_19' title="bbox 3459 311 3609 386">
    <p class='ocr_par' dir='ltr' id='par_1_19' title="bbox 3459 311 3609 386">
     <span class='ocr_line' id='line_1_19' title="bbox 3459 311 3609 386; baseline 0.027 -4"><span class='ocrx_word' id='word_1_111' title='bbox 3459 311 3609 386; x_wconf 55' lang='grc' dir='ltr'>ΜΨ</span> 
     </span>
    </p>
   </div>
   <div class='ocr_carea' id='block_1_20' title="bbox 1926 542 3580 620">
    <p class='ocr_par' dir='ltr' id='par_1_20' title="bbox 1926 542 3580 620">
     <span class='ocr_line' id='line_1_20' title="bbox 1926 542 3580 620; baseline -0.002 -18"><span class='ocrx_word' id='word_1_112' title='bbox 1926 545 2176 618; x_wconf 77' lang='lat' dir='ltr'>ejusque</span> <span class='ocrx_word' id='word_1_113' title='bbox 2197 544 2503 602; x_wconf 82' lang='lat' dir='ltr'>ecclesiam</span> <span class='ocrx_word' id='word_1_114' title='bbox 2534 542 2790 601; x_wconf 47' lang='lat' dir='ltr'>solemni,</span> <span class='ocrx_word' id='word_1_115' title='bbox 2815 543 2935 604; x_wconf 82' lang='lat' dir='ltr'>ritu</span> <span class='ocrx_word' id='word_1_116' title='bbox 2979 543 3282 612; x_wconf 75' lang='lat' dir='ltr'>dedicavit,</span> <span class='ocrx_word' id='word_1_117' title='bbox 3333 543 3420 610; x_wconf 85' lang='lat' dir='ltr'>uti</span> <span class='ocrx_word' id='word_1_118' title='bbox 3451 543 3580 620; x_wconf 86' lang='lat' dir='ltr'>ipse</span> 
     </span>
    </p>
   </div>
   <div class='ocr_carea' id='block_1_21' title="bbox 1926 631 3580 706">
    <p class='ocr_par' dir='ltr' id='par_1_21' title="bbox 1926 631 3580 706">
     <span class='ocr_line' id='line_1_21' title="bbox 1926 631 3580 706; baseline 0 -16"><span class='ocrx_word' id='word_1_119' title='bbox 1926 639 2175 692; x_wconf 82' lang='lat' dir='ltr'>testatur</span> <span class='ocrx_word' id='word_1_120' title='bbox 2203 635 2263 690; x_wconf 88' lang='lat' dir='ltr'>in</span> <span class='ocrx_word' id='word_1_121' title='bbox 2294 633 2455 690; x_wconf 85' lang='lat' dir='ltr'>bulla</span> <span class='ocrx_word' id='word_1_122' title='bbox 2486 637 2619 706; x_wconf 87' lang='lat' dir='ltr'>post</span> <span class='ocrx_word' id='word_1_123' title='bbox 2649 633 3010 706; x_wconf 88' lang='lat' dir='ltr'>aliquotdies</span> <span class='ocrx_word' id='word_1_124' title='bbox 3039 631 3377 691; x_wconf 81' lang='lat' dir='ltr'>data.’l‘anti</span> <span class='ocrx_word' id='word_1_125' title='bbox 3409 632 3580 690; x_wconf 88' lang='lat' dir='ltr'>bene-</span> 
     </span>
    </p>
   </div>
   <div class='ocr_carea' id='block_1_22' title="bbox 1929 721 3577 782">
    <p class='ocr_par' dir='ltr' id='par_1_22' title="bbox 1929 721 3577 782">
     <span class='ocr_line' id='line_1_22' title="bbox 1929 721 3577 782; baseline -0.002 -2"><span class='ocrx_word' id='word_1_126' title='bbox 1929 725 2045 782; x_wconf 82' lang='lat' dir='ltr'>ﬁcii</span> <span class='ocrx_word' id='word_1_127' title='bbox 2075 741 2364 781; x_wconf 87' lang='lat' dir='ltr'>memores</span> <span class='ocrx_word' id='word_1_128' title='bbox 2395 722 2504 780; x_wconf 90' lang='lat' dir='ltr'>loci</span> <span class='ocrx_word' id='word_1_129' title='bbox 2563 722 2727 779; x_wconf 90' lang='lat' dir='ltr'>illius</span> <span class='ocrx_word' id='word_1_130' title='bbox 2773 723 3047 782; x_wconf 86' lang='lat' dir='ltr'>monachi</span> <span class='ocrx_word' id='word_1_131' title='bbox 3094 739 3307 779; x_wconf 87' lang='lat' dir='ltr'>nomen</span> <span class='ocrx_word' id='word_1_132' title='bbox 3361 721 3577 780; x_wconf 84' lang='lat' dir='ltr'>Urbani</span> 
     </span>
    </p>
   </div>
   <div class='ocr_carea' id='block_1_23' title="bbox 1929 810 3577 886">
    <p class='ocr_par' dir='ltr' id='par_1_23' title="bbox 1929 810 3577 886">
     <span class='ocr_line' id='line_1_23' title="bbox 1929 810 3577 886; baseline -0.002 -16"><span class='ocrx_word' id='word_1_133' title='bbox 1929 831 2062 870; x_wconf 89' lang='lat' dir='ltr'>cum</span> <span class='ocrx_word' id='word_1_134' title='bbox 2094 813 2281 886; x_wconf 88' lang='lat' dir='ltr'>elogio</span> <span class='ocrx_word' id='word_1_135' title='bbox 2312 813 2369 867; x_wconf 92' lang='lat' dir='ltr'>in</span> <span class='ocrx_word' id='word_1_136' title='bbox 2401 829 2506 868; x_wconf 91' lang='lat' dir='ltr'>suo</span> <span class='ocrx_word' id='word_1_137' title='bbox 2538 811 2875 885; x_wconf 87' lang='lat' dir='ltr'>Necrologio</span> <span class='ocrx_word' id='word_1_138' title='bbox 2907 813 3300 877; x_wconf 88' lang='lat' dir='ltr'>inseruerunt,</span> <span class='ocrx_word' id='word_1_139' title='bbox 3331 810 3425 868; x_wconf 85' lang='lat' dir='ltr'>his</span> <span class='ocrx_word' id='word_1_140' title='bbox 3453 828 3577 868; x_wconf 90' lang='lat' dir='ltr'>ver-</span> 
     </span>
    </p>
   </div>
   <div class='ocr_carea' id='block_1_24' title="bbox 1931 901 3578 975">
    <p class='ocr_par' dir='ltr' id='par_1_24' title="bbox 1931 901 3578 975">
     <span class='ocr_line' id='line_1_24' title="bbox 1931 901 3578 975; baseline -0.001 -16"><span class='ocrx_word' id='word_1_141' title='bbox 1931 904 2064 960; x_wconf 85' lang='lat' dir='ltr'>bis:</span> <span class='ocrx_word' id='word_1_142' title='bbox 2101 927 2130 952; x_wconf 89' lang='lat'><strong>«</strong></span> <span class='ocrx_word' id='word_1_143' title='bbox 2165 920 2220 958; x_wconf 79' lang='lat' dir='ltr'>Iv</span> <span class='ocrx_word' id='word_1_144' title='bbox 2251 901 2544 958; x_wconf 86' lang='lat' dir='ltr'>Kalendas</span> <span class='ocrx_word' id='word_1_145' title='bbox 2598 901 2870 974; x_wconf 84' lang='lat' dir='ltr'>Augusti,</span> <span class='ocrx_word' id='word_1_146' title='bbox 2904 901 3163 958; x_wconf 89' lang='lat' dir='ltr'>ofﬁcium</span> <span class='ocrx_word' id='word_1_147' title='bbox 3209 917 3317 975; x_wconf 90' lang='lat' dir='ltr'>pro</span> <span class='ocrx_word' id='word_1_148' title='bbox 3362 901 3578 960; x_wconf 90' lang='lat' dir='ltr'>domno</span> 
     </span>
    </p>
   </div>
   <div class='ocr_carea' id='block_1_25' title="bbox 1931 989 3575 1064">
    <p class='ocr_par' dir='ltr' id='par_1_25' title="bbox 1931 989 3575 1064">
     <span class='ocr_line' id='line_1_25' title="bbox 1931 989 3575 1064; baseline 0 -16"><span class='ocrx_word' id='word_1_149' title='bbox 1931 992 2164 1049; x_wconf 89' lang='lat' dir='ltr'>Urbano</span> <span class='ocrx_word' id='word_1_150' title='bbox 2196 1008 2346 1063; x_wconf 88' lang='lat' dir='ltr'>papa</span> <span class='ocrx_word' id='word_1_151' title='bbox 2377 991 2448 1046; x_wconf 89' lang='lat' dir='ltr'><strong>II.</strong></span> <span class='ocrx_word' id='word_1_152' title='bbox 2481 991 2583 1050; x_wconf 90' lang='lat' dir='ltr'>Hic</span> <span class='ocrx_word' id='word_1_153' title='bbox 2597 989 2943 1047; x_wconf 88' lang='lat' dir='ltr'>venerabilis</span> <span class='ocrx_word' id='word_1_154' title='bbox 2969 994 3026 1046; x_wconf 90' lang='lat' dir='ltr'>et</span> <span class='ocrx_word' id='word_1_155' title='bbox 3053 994 3166 1046; x_wconf 89' lang='lat' dir='ltr'>Deo</span> <span class='ocrx_word' id='word_1_156' title='bbox 3195 990 3414 1063; x_wconf 87' lang='lat' dir='ltr'>dignus</span> <span class='ocrx_word' id='word_1_157' title='bbox 3438 1007 3575 1064; x_wconf 89' lang='lat' dir='ltr'>apo-</span> 
     </span>
    </p>
   </div>
   <div class='ocr_carea' id='block_1_26' title="bbox 1933 1079 3578 1152">
    <p class='ocr_par' dir='ltr' id='par_1_26' title="bbox 1933 1079 3578 1152">
     <span class='ocr_line' id='line_1_26' title="bbox 1933 1079 3578 1152; baseline 0 -15"><span class='ocrx_word' id='word_1_158' title='bbox 1933 1081 2194 1146; x_wconf 87' lang='lat' dir='ltr'>stolicus,</span> <span class='ocrx_word' id='word_1_159' title='bbox 2229 1080 2380 1135; x_wconf 88' lang='lat' dir='ltr'>inter</span> <span class='ocrx_word' id='word_1_160' title='bbox 2409 1083 2613 1135; x_wconf 61' lang='lat' dir='ltr'>caetera</span> <span class='ocrx_word' id='word_1_161' title='bbox 2641 1079 2963 1136; x_wconf 88' lang='lat' dir='ltr'>laudabilia</span> <span class='ocrx_word' id='word_1_162' title='bbox 3008 1095 3184 1152; x_wconf 82' lang='lat' dir='ltr'>Opera</span> <span class='ocrx_word' id='word_1_163' title='bbox 3214 1096 3342 1148; x_wconf 90' lang='lat' dir='ltr'>sua,</span> <span class='ocrx_word' id='word_1_164' title='bbox 3399 1079 3578 1137; x_wconf 88' lang='lat' dir='ltr'>etiam</span> 
     </span>
    </p>
   </div>
   <div class='ocr_carea' id='block_1_27' title="bbox 1932 1168 3582 1241">
    <p class='ocr_par' dir='ltr' id='par_1_27' title="bbox 1932 1168 3582 1241">
     <span class='ocr_line' id='line_1_27' title="bbox 1932 1168 3582 1241; baseline 0.001 -17"><span class='ocrx_word' id='word_1_165' title='bbox 1932 1171 2089 1226; x_wconf 91' lang='lat' dir='ltr'>istud</span> <span class='ocrx_word' id='word_1_166' title='bbox 2124 1168 2547 1225; x_wconf 88' lang='lat' dir='ltr'>monasterium</span> <span class='ocrx_word' id='word_1_167' title='bbox 2579 1183 2942 1241; x_wconf 77' lang='lat' dir='ltr'>cummagna</span> <span class='ocrx_word' id='word_1_168' title='bbox 2967 1169 3310 1225; x_wconf 84' lang='lat' dir='ltr'>auctoritate</span> <span class='ocrx_word' id='word_1_169' title='bbox 3331 1171 3389 1225; x_wconf 91' lang='lat' dir='ltr'>et</span> <span class='ocrx_word' id='word_1_170' title='bbox 3418 1168 3582 1225; x_wconf 85' lang='lat' dir='ltr'>devo-</span> 
     </span>
    </p>
   </div>
   <div class='ocr_carea' id='block_1_28' title="bbox 1933 1257 3579 1330">
    <p class='ocr_par' dir='ltr' id='par_1_28' title="bbox 1933 1257 3579 1330">
     <span class='ocr_line' id='line_1_28' title="bbox 1933 1257 3579 1330; baseline 0 -16"><span class='ocrx_word' id='word_1_171' title='bbox 1933 1260 2172 1315; x_wconf 84' lang='lat' dir='ltr'>tionem</span> <span class='ocrx_word' id='word_1_172' title='bbox 2204 1259 2399 1316; x_wconf 87' lang='lat' dir='ltr'>Nonas</span> <span class='ocrx_word' id='word_1_173' title='bbox 2420 1257 2754 1318; x_wconf 86' lang='lat' dir='ltr'>Decembris</span> <span class='ocrx_word' id='word_1_174' title='bbox 2787 1257 3096 1324; x_wconf 85' lang='lat' dir='ltr'>dedicavit;</span> <span class='ocrx_word' id='word_1_175' title='bbox 3127 1257 3186 1313; x_wconf 92' lang='lat' dir='ltr'>in</span> <span class='ocrx_word' id='word_1_176' title='bbox 3231 1273 3349 1330; x_wconf 89' lang='lat' dir='ltr'>qua</span> <span class='ocrx_word' id='word_1_177' title='bbox 3377 1273 3579 1314; x_wconf 60' lang='lat' dir='ltr'>conse-</span> 
     </span>
    </p>
   </div>
   <div class='ocr_carea' id='block_1_29' title="bbox 1935 1346 3583 1420">
    <p class='ocr_par' dir='ltr' id='par_1_29' title="bbox 1935 1346 3583 1420">
     <span class='ocr_line' id='line_1_29' title="bbox 1935 1346 3583 1420; baseline 0 -16"><span class='ocrx_word' id='word_1_178' title='bbox 1935 1348 2214 1406; x_wconf 84' lang='lat' dir='ltr'>orationis</span> <span class='ocrx_word' id='word_1_179' title='bbox 2243 1347 2336 1404; x_wconf 91' lang='lat' dir='ltr'>die</span> <span class='ocrx_word' id='word_1_180' title='bbox 2367 1363 2471 1420; x_wconf 88' lang='lat' dir='ltr'>per</span> <span class='ocrx_word' id='word_1_181' title='bbox 2491 1347 2893 1406; x_wconf 90' lang='lat' dir='ltr'>successiones</span> <span class='ocrx_word' id='word_1_182' title='bbox 2918 1350 3273 1418; x_wconf 89' lang='lat' dir='ltr'>temporum,</span> <span class='ocrx_word' id='word_1_183' title='bbox 3306 1346 3583 1411; x_wconf 86' lang='lat' dir='ltr'>omnibus</span> 
     </span>
    </p>
   </div>
   <div class='ocr_carea' id='block_1_30' title="bbox 1935 1433 3586 1511">
    <p class='ocr_par' dir='ltr' id='par_1_30' title="bbox 1935 1433 3586 1511">
     <span class='ocr_line' id='line_1_30' title="bbox 1935 1433 3586 1511; baseline -0.004 -16"><span class='ocrx_word' id='word_1_184' title='bbox 1935 1442 2172 1511; x_wconf 86' lang='lat' dir='ltr'>peccata</span> <span class='ocrx_word' id='word_1_185' title='bbox 2204 1436 2639 1508; x_wconf 79' lang='lat' dir='ltr'>conﬁtentibus,</span> <span class='ocrx_word' id='word_1_186' title='bbox 2672 1439 2731 1491; x_wconf 90' lang='lat' dir='ltr'>et</span> <span class='ocrx_word' id='word_1_187' title='bbox 2759 1436 2832 1494; x_wconf 86' lang='lat' dir='ltr'>ad</span> <span class='ocrx_word' id='word_1_188' title='bbox 2863 1434 3035 1492; x_wconf 88' lang='lat' dir='ltr'>istius</span> <span class='ocrx_word' id='word_1_189' title='bbox 3066 1433 3180 1490; x_wconf 89' lang='lat' dir='ltr'>diei</span> <span class='ocrx_word' id='word_1_190' title='bbox 3211 1435 3429 1504; x_wconf 83' lang='lat' dir='ltr'>festum</span> <span class='ocrx_word' id='word_1_191' title='bbox 3450 1453 3586 1494; x_wconf 86' lang='lat' dir='ltr'>con-.</span> 
     </span>
    </p>
   </div>
   <div class='ocr_carea' id='block_1_31' title="bbox 1934 1524 3581 1599">
    <p class='ocr_par' dir='ltr' id='par_1_31' title="bbox 1934 1524 3581 1599">
     <span class='ocr_line' id='line_1_31' title="bbox 1934 1524 3581 1599; baseline 0.001 -18"><span class='ocrx_word' id='word_1_192' title='bbox 1934 1527 2654 1599; x_wconf 87' lang='lat' dir='ltr'>venientibus,atquevota</span> <span class='ocrx_word' id='word_1_193' title='bbox 2666 1541 2774 1582; x_wconf 90' lang='lat' dir='ltr'>sua</span> <span class='ocrx_word' id='word_1_194' title='bbox 2785 1524 3252 1596; x_wconf 89' lang='lat' dir='ltr'>persolventibus</span> <span class='ocrx_word' id='word_1_195' title='bbox 3264 1524 3581 1582; x_wconf 82' lang='lat' dir='ltr'>maximam</span> 
     </span>
    </p>
   </div>
   <div class='ocr_carea' id='block_1_32' title="bbox 1936 1613 3056 1671">
    <p class='ocr_par' dir='ltr' id='par_1_32' title="bbox 1936 1613 3056 1671">
     <span class='ocr_line' id='line_1_32' title="bbox 1936 1613 3056 1671; baseline -0.003 -1"><span class='ocrx_word' id='word_1_196' title='bbox 1936 1632 2001 1670; x_wconf 86' lang='lat' dir='ltr'>ac</span> <span class='ocrx_word' id='word_1_197' title='bbox 2033 1614 2410 1671; x_wconf 88' lang='lat' dir='ltr'>desirabilem</span> <span class='ocrx_word' id='word_1_198' title='bbox 2441 1613 2869 1670; x_wconf 82' lang='lat' dir='ltr'>absolutionem</span> <span class='ocrx_word' id='word_1_199' title='bbox 2903 1613 3056 1668; x_wconf 85' lang='lat' dir='ltr'>fecit.</span> 
     </span>
    </p>
   </div>
   <div class='ocr_carea' id='block_1_33' title="bbox 1935 1701 3590 1775">
    <p class='ocr_par' dir='ltr' id='par_1_33' title="bbox 1935 1701 3590 1775">
     <span class='ocr_line' id='line_1_33' title="bbox 1935 1701 3590 1775; baseline -0.001 -15"><span class='ocrx_word' id='word_1_200' title='bbox 1935 1703 2208 1760; x_wconf 85' lang='lat' dir='ltr'>CCXXXI.</span> <span class='ocrx_word' id='word_1_201' title='bbox 2245 1706 2461 1759; x_wconf 79' lang='lat' dir='ltr'>Brivatc</span> <span class='ocrx_word' id='word_1_202' title='bbox 2486 1704 2847 1775; x_wconf 74' lang='lat' dir='ltr'>privilegium</span> <span class='ocrx_word' id='word_1_203' title='bbox 2873 1702 2966 1757; x_wconf 84' lang='lat' dir='ltr'>dat</span> <span class='ocrx_word' id='word_1_204' title='bbox 3014 1701 3293 1758; x_wconf 82' lang='lat' dir='ltr'>Cluniaco.</span> <span class='ocrx_word' id='word_1_205' title='bbox 3344 1703 3590 1761; x_wconf 80' lang='lat' dir='ltr'>Alterum</span> 
     </span>
    </p>
   </div>
   <div class='ocr_carea' id='block_1_34' title="bbox 2567 1775 2951 1846">
    <p class='ocr_par' dir='ltr' id='par_1_34' title="bbox 2567 1775 2951 1846">
     <span class='ocr_line' id='line_1_34' title="bbox 2567 1775 2951 1846; baseline -0.003 -16"><span class='ocrx_word' id='word_1_206' title='bbox 2567 1775 2951 1846; x_wconf 65' lang='lat' dir='ltr'>Compostellz.</span> 
     </span>
    </p>
   </div>
   <div class='ocr_carea' id='block_1_35' title="bbox 163 1825 3590 1952">
    <p class='ocr_par' dir='ltr' id='par_1_35' title="bbox 163 1825 3590 1952">
     <span class='ocr_line' id='line_1_35' title="bbox 163 1825 2950 1852; baseline 0 -6"><span class='ocrx_word' id='word_1_207' title='bbox 163 1825 304 1852; x_wconf 69' lang='grc' dir='ltr'>ιαμ.</span> <span class='ocrx_word' id='word_1_208' title='bbox 357 1825 432 1850; x_wconf 79' lang='grc' dir='ltr'>ιιυ</span> <span class='ocrx_word' id='word_1_209' title='bbox 493 1825 941 1848; x_wconf 70' lang='grc' dir='ltr'>υαιιιιυιιαυουο.</span> <span class='ocrx_word' id='word_1_210' title='bbox 999 1825 1476 1849; x_wconf 47' lang='grc' dir='ltr'>σικυμιυιαυυμαυυ</span> <span class='ocrx_word' id='word_1_211' title='bbox 1557 1825 1824 1850; x_wconf 55' lang='lat' dir='ltr'>uesicam</span> 
     </span>
     <span class='ocr_line' id='line_1_36' title="bbox 163 1825 3590 1952; baseline -0.006 -12"><span class='ocrx_word' id='word_1_212' title='bbox 163 1879 721 1952; x_wconf 68' lang='lat' dir='ltr'>Gratianopolitana</span> <span class='ocrx_word' id='word_1_213' title='bbox 747 1885 988 1936; x_wconf 81' lang='lat' dir='ltr'>asserto.</span> <span class='ocrx_word' id='word_1_214' title='bbox 1023 1881 1238 1936; x_wconf 89' lang='lat' dir='ltr'>Eadem</span> <span class='ocrx_word' id='word_1_215' title='bbox 1288 1880 1428 1936; x_wconf 84' lang='lat' dir='ltr'>item</span> <span class='ocrx_word' id='word_1_216' title='bbox 1469 1882 1582 1952; x_wconf 87' lang='lat' dir='ltr'>die,</span> <span class='ocrx_word' id='word_1_217' title='bbox 1634 1882 1682 1939; x_wconf 90' lang='lat' dir='ltr'>si</span> <span class='ocrx_word' id='word_1_218' title='bbox 1715 1882 1823 1937; x_wconf 86' lang='lat' dir='ltr'>Ga-</span> <span class='ocrx_word' id='word_1_219' title='bbox 1858 1825 1912 1892; x_wconf 75' lang='grc' dir='ltr'><strong>Β</strong></span> <span class='ocrx_word' id='word_1_220' title='bbox 2009 1866 2146 1922; x_wconf 90' lang='lat' dir='ltr'>Inde</span> <span class='ocrx_word' id='word_1_221' title='bbox 2177 1866 2487 1930; x_wconf 86' lang='lat' dir='ltr'>Brivatem,</span> <span class='ocrx_word' id='word_1_222' title='bbox 2520 1865 2621 1921; x_wconf 91' lang='lat' dir='ltr'>ubi</span> <span class='ocrx_word' id='word_1_223' title='bbox 2653 1864 2848 1920; x_wconf 91' lang='lat' dir='ltr'>nobile</span> <span class='ocrx_word' id='word_1_224' title='bbox 2868 1867 2927 1920; x_wconf 90' lang='lat' dir='ltr'>et</span> <span class='ocrx_word' id='word_1_225' title='bbox 2955 1865 3121 1920; x_wconf 88' lang='lat' dir='ltr'>vetus</span> <span class='ocrx_word' id='word_1_226' title='bbox 3140 1862 3392 1952; x_wconf 84' lang='lat' dir='ltr'>habetur</span> <span class='ocrx_word' id='word_1_227' title='bbox 3417 1879 3590 1952; x_wconf 87' lang='lat' dir='ltr'>cano-</span> 
     </span>
    </p>
   </div>
   <div class='ocr_carea' id='block_1_36' title="bbox 163 1968 1826 2042">
    <p class='ocr_par' dir='ltr' id='par_1_36' title="bbox 163 1968 1826 2042">
     <span class='ocr_line' id='line_1_37' title="bbox 163 1968 1826 2042; baseline 0.001 -17"><span class='ocrx_word' id='word_1_228' title='bbox 163 1969 284 2026; x_wconf 88' lang='lat' dir='ltr'>rieli</span> <span class='ocrx_word' id='word_1_229' title='bbox 316 1969 550 2025; x_wconf 86' lang='lat' dir='ltr'>auctori</span> <span class='ocrx_word' id='word_1_230' title='bbox 581 1968 844 2024; x_wconf 70' lang='lat' dir='ltr'>Historiae</span> <span class='ocrx_word' id='word_1_231' title='bbox 877 1969 1284 2041; x_wconf 89' lang='lat' dir='ltr'>episcoporum</span> <span class='ocrx_word' id='word_1_232' title='bbox 1322 1970 1826 2042; x_wconf 87' lang='lat' dir='ltr'>Magalonensium</span> 
     </span>
    </p>
   </div>
   <div class='ocr_carea' id='block_1_37' title="bbox 161 2057 1828 2132">
    <p class='ocr_par' dir='ltr' id='par_1_37' title="bbox 161 2057 1828 2132">
     <span class='ocr_line' id='line_1_38' title="bbox 161 2057 1828 2132; baseline -0.002 -14"><span class='ocrx_word' id='word_1_233' title='bbox 161 2059 340 2119; x_wconf 82' lang='lat' dir='ltr'>ﬁdem</span> <span class='ocrx_word' id='word_1_234' title='bbox 361 2057 878 2123; x_wconf 84' lang='lat' dir='ltr'>habeamus,idem</span> <span class='ocrx_word' id='word_1_235' title='bbox 891 2058 1147 2129; x_wconf 82' lang='lat' dir='ltr'>pontifex</span> <span class='ocrx_word' id='word_1_236' title='bbox 1159 2057 1471 2115; x_wconf 78' lang='lat' dir='ltr'>Alexandri</span> <span class='ocrx_word' id='word_1_237' title='bbox 1497 2060 1544 2114; x_wconf 90' lang='lat' dir='ltr'>ll</span> <span class='ocrx_word' id='word_1_238' title='bbox 1568 2058 1828 2132; x_wconf 89' lang='lat' dir='ltr'>diploma</span> 
     </span>
    </p>
   </div>
   <div class='ocr_carea' id='block_1_38' title="bbox 161 2145 1826 2221">
    <p class='ocr_par' dir='ltr' id='par_1_38' title="bbox 161 2145 1826 2221">
     <span class='ocr_line' id='line_1_39' title="bbox 161 2145 1826 2221; baseline 0.001 -18"><span class='ocrx_word' id='word_1_239' title='bbox 161 2148 216 2204; x_wconf 91' lang='lat' dir='ltr'>in</span> <span class='ocrx_word' id='word_1_240' title='bbox 247 2147 513 2221; x_wconf 83' lang='lat' dir='ltr'>gratiam</span> <span class='ocrx_word' id='word_1_241' title='bbox 545 2146 848 2202; x_wconf 89' lang='lat' dir='ltr'>Bertrandi</span> <span class='ocrx_word' id='word_1_242' title='bbox 882 2145 1315 2219; x_wconf 90' lang='lat' dir='ltr'>Magalonensis</span> <span class='ocrx_word' id='word_1_243' title='bbox 1345 2148 1599 2220; x_wconf 90' lang='lat' dir='ltr'>episcopi</span> <span class='ocrx_word' id='word_1_244' title='bbox 1624 2149 1826 2204; x_wconf 88' lang='lat' dir='ltr'>datum</span> 
     </span>
    </p>
   </div>
   <div class='ocr_carea' id='block_1_39' title="bbox 163 2234 1824 2296">
    <p class='ocr_par' dir='ltr' id='par_1_39' title="bbox 163 2234 1824 2296">
     <span class='ocr_line' id='line_1_40' title="bbox 163 2234 1824 2296; baseline -0.002 0"><span class='ocrx_word' id='word_1_245' title='bbox 163 2241 370 2296; x_wconf 81' lang='lat' dir='ltr'>contra</span> <span class='ocrx_word' id='word_1_246' title='bbox 420 2235 662 2294; x_wconf 81' lang='lat' dir='ltr'>Petrum</span> <span class='ocrx_word' id='word_1_247' title='bbox 715 2234 954 2292; x_wconf 80' lang='lat' dir='ltr'>Anianae</span> <span class='ocrx_word' id='word_1_248' title='bbox 1008 2236 1280 2292; x_wconf 84' lang='lat' dir='ltr'>abbatem</span> <span class='ocrx_word' id='word_1_249' title='bbox 1312 2237 1369 2292; x_wconf 93' lang='lat' dir='ltr'>in</span> <span class='ocrx_word' id='word_1_250' title='bbox 1400 2239 1544 2292; x_wconf 87' lang='lat' dir='ltr'>Acta</span> <span class='ocrx_word' id='word_1_251' title='bbox 1598 2238 1824 2293; x_wconf 88' lang='lat' dir='ltr'>concilii</span> 
     </span>
    </p>
   </div>
   <div class='ocr_carea' id='block_1_40' title="bbox 163 2324 1828 2398">
    <p class='ocr_par' dir='ltr' id='par_1_40' title="bbox 163 2324 1828 2398">
     <span class='ocr_line' id='line_1_41' title="bbox 163 2324 1828 2398; baseline 0 -15"><span class='ocrx_word' id='word_1_252' title='bbox 163 2324 612 2384; x_wconf 81' lang='lat' dir='ltr'>Claromontani</span> <span class='ocrx_word' id='word_1_253' title='bbox 643 2324 845 2380; x_wconf 83' lang='lat' dir='ltr'>referri</span> <span class='ocrx_word' id='word_1_254' title='bbox 875 2326 1122 2391; x_wconf 85' lang='lat' dir='ltr'>curavit,</span> <span class='ocrx_word' id='word_1_255' title='bbox 1156 2342 1229 2382; x_wconf 89' lang='lat' dir='ltr'>ne</span> <span class='ocrx_word' id='word_1_256' title='bbox 1269 2326 1544 2398; x_wconf 89' lang='lat' dir='ltr'>deinceps</span> <span class='ocrx_word' id='word_1_257' title='bbox 1593 2327 1828 2383; x_wconf 68' lang='lat' dir='ltr'>Anianzs</span> 
     </span>
    </p>
   </div>
   <div class='ocr_carea' id='block_1_41' title="bbox 164 2414 1830 2488">
    <p class='ocr_par' dir='ltr' id='par_1_41' title="bbox 164 2414 1830 2488">
     <span class='ocr_line' id='line_1_42' title="bbox 164 2414 1830 2488; baseline 0.001 -16"><span class='ocrx_word' id='word_1_258' title='bbox 164 2417 414 2476; x_wconf 80' lang='lat' dir='ltr'>abbates</span> <span class='ocrx_word' id='word_1_259' title='bbox 471 2414 800 2486; x_wconf 87' lang='lat' dir='ltr'>quidquam</span> <span class='ocrx_word' id='word_1_260' title='bbox 848 2419 1009 2470; x_wconf 87' lang='lat' dir='ltr'>extra</span> <span class='ocrx_word' id='word_1_261' title='bbox 1067 2432 1186 2470; x_wconf 66' lang='lat' dir='ltr'>sua:</span> <span class='ocrx_word' id='word_1_262' title='bbox 1245 2416 1556 2488; x_wconf 88' lang='lat' dir='ltr'>potestatis</span> <span class='ocrx_word' id='word_1_263' title='bbox 1613 2416 1830 2474; x_wconf 89' lang='lat' dir='ltr'>limites</span> 
     </span>
    </p>
   </div>
   <div class='ocr_carea' id='block_1_42' title="bbox 165 2503 1832 2578">
    <p class='ocr_par' dir='ltr' id='par_1_42' title="bbox 165 2503 1832 2578">
     <span class='ocr_line' id='line_1_43' title="bbox 165 2503 1832 2578; baseline 0 -16"><span class='ocrx_word' id='word_1_264' title='bbox 165 2505 480 2562; x_wconf 79' lang='lat' dir='ltr'>auderent.</span> <span class='ocrx_word' id='word_1_265' title='bbox 511 2504 635 2568; x_wconf 82' lang='lat' dir='ltr'>Qua</span> <span class='ocrx_word' id='word_1_266' title='bbox 661 2503 734 2562; x_wconf 87' lang='lat' dir='ltr'>de</span> <span class='ocrx_word' id='word_1_267' title='bbox 756 2504 940 2570; x_wconf 90' lang='lat' dir='ltr'>re,uti</span> <span class='ocrx_word' id='word_1_268' title='bbox 970 2521 1077 2561; x_wconf 86' lang='lat' dir='ltr'>suo</span> <span class='ocrx_word' id='word_1_269' title='bbox 1109 2503 1234 2560; x_wconf 89' lang='lat' dir='ltr'>loco</span> <span class='ocrx_word' id='word_1_270' title='bbox 1251 2505 1528 2574; x_wconf 83' lang='lat' dir='ltr'>diximus,</span> <span class='ocrx_word' id='word_1_271' title='bbox 1561 2506 1832 2578; x_wconf 87' lang='lat' dir='ltr'>querelas</span> 
     </span>
    </p>
   </div>
   <div class='ocr_carea' id='block_1_43' title="bbox 166 2591 1488 2666">
    <p class='ocr_par' dir='ltr' id='par_1_43' title="bbox 166 2591 1488 2666">
     <span class='ocr_line' id='line_1_44' title="bbox 166 2591 1488 2666; baseline -0.002 -16"><span class='ocrx_word' id='word_1_272' title='bbox 166 2595 234 2650; x_wconf 79' lang='lat' dir='ltr'>ad</span> <span class='ocrx_word' id='word_1_273' title='bbox 261 2593 571 2666; x_wconf 84' lang='lat' dir='ltr'>synodum</span> <span class='ocrx_word' id='word_1_274' title='bbox 598 2591 757 2650; x_wconf 91' lang='lat' dir='ltr'>idem</span> <span class='ocrx_word' id='word_1_275' title='bbox 788 2594 1142 2654; x_wconf 86' lang='lat' dir='ltr'>Bertrandus</span> <span class='ocrx_word' id='word_1_276' title='bbox 1173 2593 1488 2651; x_wconf 87' lang='lat' dir='ltr'>detulerat.</span> 
     </span>
    </p>
   </div>
   <div class='ocr_carea' id='block_1_44' title="bbox 165 2690 1828 2760">
    <p class='ocr_par' dir='ltr' id='par_1_44' title="bbox 165 2690 1828 2760">
     <span class='ocr_line' id='line_1_45' title="bbox 165 2690 1828 2760; baseline -0.001 -11"><span class='ocrx_word' id='word_1_277' title='bbox 165 2690 499 2749; x_wconf 82' lang='lat' dir='ltr'>ccxxvm.</span> <span class='ocrx_word' id='word_1_278' title='bbox 533 2691 733 2746; x_wconf 79' lang='lat' dir='ltr'>Scribit</span> <span class='ocrx_word' id='word_1_279' title='bbox 762 2692 833 2747; x_wconf 87' lang='lat' dir='ltr'>ad</span> <span class='ocrx_word' id='word_1_280' title='bbox 853 2694 1290 2760; x_wconf 69' lang='lat' dir='ltr'>Comei-accuses,</span> <span class='ocrx_word' id='word_1_281' title='bbox 1326 2691 1397 2747; x_wconf 86' lang='lat' dir='ltr'>ad</span> <span class='ocrx_word' id='word_1_282' title='bbox 1425 2693 1828 2749; x_wconf 82' lang='lat' dir='ltr'>Ecolismcnscs.</span> 
     </span>
    </p>
   </div>
   <div class='ocr_carea' id='block_1_45' title="bbox 237 2779 1832 2852">
    <p class='ocr_par' dir='ltr' id='par_1_45' title="bbox 237 2779 1832 2852">
     <span class='ocr_line' id='line_1_46' title="bbox 237 2779 1832 2852; baseline 0.001 -16"><span class='ocrx_word' id='word_1_283' title='bbox 237 2781 350 2837; x_wconf 84' lang='lat' dir='ltr'>Die</span> <span class='ocrx_word' id='word_1_284' title='bbox 392 2779 688 2852; x_wconf 81' lang='lat' dir='ltr'>sequenti,</span> <span class='ocrx_word' id='word_1_285' title='bbox 720 2780 778 2835; x_wconf 89' lang='lat' dir='ltr'>id</span> <span class='ocrx_word' id='word_1_286' title='bbox 810 2785 898 2836; x_wconf 88' lang='lat' dir='ltr'>est</span> <span class='ocrx_word' id='word_1_287' title='bbox 922 2780 1108 2852; x_wconf 84' lang='lat' dir='ltr'>pridie</span> <span class='ocrx_word' id='word_1_288' title='bbox 1137 2781 1422 2838; x_wconf 84' lang='lat' dir='ltr'>Kalendas</span> <span class='ocrx_word' id='word_1_289' title='bbox 1473 2781 1832 2847; x_wconf 74' lang='lat' dir='ltr'>Decembris,</span> 
     </span>
    </p>
   </div>
   <div class='ocr_carea' id='block_1_46' title="bbox 170 2868 1833 2942">
    <p class='ocr_par' dir='ltr' id='par_1_46' title="bbox 170 2868 1833 2942">
     <span class='ocr_line' id='line_1_47' title="bbox 170 2868 1833 2942; baseline 0.001 -17"><span class='ocrx_word' id='word_1_290' title='bbox 170 2869 436 2942; x_wconf 77' lang='lat' dir='ltr'>pontifex</span> <span class='ocrx_word' id='word_1_291' title='bbox 467 2868 708 2941; x_wconf 84' lang='lat' dir='ltr'>scripsit</span> <span class='ocrx_word' id='word_1_292' title='bbox 734 2869 807 2924; x_wconf 91' lang='lat' dir='ltr'>ad</span> <span class='ocrx_word' id='word_1_293' title='bbox 855 2870 1325 2936; x_wconf 86' lang='lat' dir='ltr'>Cameracenses,</span> <span class='ocrx_word' id='word_1_294' title='bbox 1366 2871 1538 2942; x_wconf 86' lang='lat' dir='ltr'>juxta</span> <span class='ocrx_word' id='word_1_295' title='bbox 1586 2870 1739 2942; x_wconf 91' lang='lat' dir='ltr'>quod</span> <span class='ocrx_word' id='word_1_296' title='bbox 1771 2870 1833 2926; x_wconf 93' lang='lat' dir='ltr'>in</span> 
     </span>
    </p>
   </div>
   <div class='ocr_carea' id='block_1_47' title="bbox 172 2959 1834 3032">
    <p class='ocr_par' dir='ltr' id='par_1_47' title="bbox 172 2959 1834 3032">
     <span class='ocr_line' id='line_1_48' title="bbox 172 2959 1834 3032; baseline 0.001 -17"><span class='ocrx_word' id='word_1_297' title='bbox 172 2960 402 3032; x_wconf 81' lang='lat' dir='ltr'>synodo</span> <span class='ocrx_word' id='word_1_298' title='bbox 455 2961 748 3016; x_wconf 82' lang='lat' dir='ltr'>statutum</span> <span class='ocrx_word' id='word_1_299' title='bbox 798 2959 1006 3026; x_wconf 85' lang='lat' dir='ltr'>fuerat,</span> <span class='ocrx_word' id='word_1_300' title='bbox 1063 2963 1130 3014; x_wconf 87' lang='lat' dir='ltr'>ut</span> <span class='ocrx_word' id='word_1_301' title='bbox 1176 2975 1274 3015; x_wconf 91' lang='lat' dir='ltr'>eos</span> <span class='ocrx_word' id='word_1_302' title='bbox 1300 2959 1372 3014; x_wconf 91' lang='lat' dir='ltr'>de</span> <span class='ocrx_word' id='word_1_303' title='bbox 1423 2959 1716 3016; x_wconf 87' lang='lat' dir='ltr'>sententia</span> <span class='ocrx_word' id='word_1_304' title='bbox 1775 2960 1834 3016; x_wconf 88' lang='lat' dir='ltr'>in</span> 
     </span>
    </p>
   </div>
   <div class='ocr_carea' id='block_1_48' title="bbox 172 3045 1836 3121">
    <p class='ocr_par' dir='ltr' id='par_1_48' title="bbox 172 3045 1836 3121">
     <span class='ocr_line' id='line_1_49' title="bbox 172 3045 1836 3121; baseline 0.001 -17"><span class='ocrx_word' id='word_1_305' title='bbox 172 3047 593 3106; x_wconf 80' lang='lat' dir='ltr'>Gnalcherium</span> <span class='ocrx_word' id='word_1_306' title='bbox 646 3046 946 3102; x_wconf 90' lang='lat' dir='ltr'>intrusum</span> <span class='ocrx_word' id='word_1_307' title='bbox 977 3045 1097 3102; x_wconf 89' lang='lat' dir='ltr'>lata</span> <span class='ocrx_word' id='word_1_308' title='bbox 1134 3052 1563 3115; x_wconf 88' lang='lat' dir='ltr'>commoneret;</span> <span class='ocrx_word' id='word_1_309' title='bbox 1622 3065 1740 3121; x_wconf 90' lang='lat' dir='ltr'>qua</span> <span class='ocrx_word' id='word_1_310' title='bbox 1762 3049 1836 3105; x_wconf 90' lang='lat' dir='ltr'>de</span> 
     </span>
    </p>
   </div>
   <div class='ocr_carea' id='block_1_49' title="bbox 178 3135 1834 3208">
    <p class='ocr_par' dir='ltr' id='par_1_49' title="bbox 178 3135 1834 3208">
     <span class='ocr_line' id='line_1_50' title="bbox 178 3135 1834 3208; baseline -0.001 -14"><span class='ocrx_word' id='word_1_311' title='bbox 178 3153 236 3194; x_wconf 78' lang='lat' dir='ltr'>re</span> <span class='ocrx_word' id='word_1_312' title='bbox 262 3135 465 3192; x_wconf 79' lang='lat' dir='ltr'>multa</span> <span class='ocrx_word' id='word_1_313' title='bbox 494 3135 768 3208; x_wconf 87' lang='lat' dir='ltr'>superius</span> <span class='ocrx_word' id='word_1_314' title='bbox 788 3136 936 3207; x_wconf 79' lang='lat'>§210</span> <span class='ocrx_word' id='word_1_315' title='bbox 951 3135 1408 3192; x_wconf 83' lang='lat' dir='ltr'>observavimus.</span> <span class='ocrx_word' id='word_1_316' title='bbox 1440 3136 1598 3193; x_wconf 85' lang='lat' dir='ltr'>Alias</span> <span class='ocrx_word' id='word_1_317' title='bbox 1627 3138 1834 3194; x_wconf 89' lang='lat' dir='ltr'>eadem</span> 
     </span>
    </p>
   </div>
   <div class='ocr_carea' id='block_1_50' title="bbox 179 3224 1835 3298">
    <p class='ocr_par' dir='ltr' id='par_1_50' title="bbox 179 3224 1835 3298">
     <span class='ocr_line' id='line_1_51' title="bbox 179 3224 1835 3298; baseline -0.001 -15"><span class='ocrx_word' id='word_1_318' title='bbox 179 3227 264 3283; x_wconf 79' lang='lat' dir='ltr'>die</span> <span class='ocrx_word' id='word_1_319' title='bbox 282 3226 360 3282; x_wconf 88' lang='lat' dir='ltr'>ad</span> <span class='ocrx_word' id='word_1_320' title='bbox 395 3225 714 3282; x_wconf 86' lang='lat' dir='ltr'>canonicos</span> <span class='ocrx_word' id='word_1_321' title='bbox 746 3224 1172 3282; x_wconf 82' lang='lat' dir='ltr'>Ecolismenses</span> <span class='ocrx_word' id='word_1_322' title='bbox 1189 3225 1370 3291; x_wconf 89' lang='lat' dir='ltr'>dedit,</span> <span class='ocrx_word' id='word_1_323' title='bbox 1404 3226 1620 3298; x_wconf 86' lang='lat' dir='ltr'>quibus</span> <span class='ocrx_word' id='word_1_324' title='bbox 1643 3228 1835 3298; x_wconf 89' lang='lat' dir='ltr'>ponti-</span> 
     </span>
    </p>
   </div>
   <div class='ocr_carea' id='block_1_51' title="bbox 182 3312 1833 3387">
    <p class='ocr_par' dir='ltr' id='par_1_51' title="bbox 182 3312 1833 3387">
     <span class='ocr_line' id='line_1_52' title="bbox 182 3312 1833 3387; baseline 0.002 -18"><span class='ocrx_word' id='word_1_325' title='bbox 182 3315 264 3371; x_wconf 78' lang='lat' dir='ltr'>fex</span> <span class='ocrx_word' id='word_1_326' title='bbox 291 3316 346 3370; x_wconf 86' lang='lat' dir='ltr'>ei</span> <span class='ocrx_word' id='word_1_327' title='bbox 380 3314 700 3370; x_wconf 85' lang='lat' dir='ltr'>conﬁrmat</span> <span class='ocrx_word' id='word_1_328' title='bbox 747 3313 1192 3386; x_wconf 62' lang='lat' dir='ltr'>praeposituram</span> <span class='ocrx_word' id='word_1_329' title='bbox 1240 3314 1312 3370; x_wconf 88' lang='lat' dir='ltr'>de</span> <span class='ocrx_word' id='word_1_330' title='bbox 1357 3312 1608 3382; x_wconf 90' lang='lat' dir='ltr'>Juliaco,</span> <span class='ocrx_word' id='word_1_331' title='bbox 1655 3331 1833 3387; x_wconf 89' lang='lat' dir='ltr'>quam</span> 
     </span>
    </p>
   </div>
   <div class='ocr_carea' id='block_1_52' title="bbox 178 3402 1836 3477">
    <p class='ocr_par' dir='ltr' id='par_1_52' title="bbox 178 3402 1836 3477">
     <span class='ocr_line' id='line_1_53' title="bbox 178 3402 1836 3477; baseline 0.001 -18"><span class='ocrx_word' id='word_1_332' title='bbox 178 3402 292 3460; x_wconf 78' lang='lat' dir='ltr'>illis</span> <span class='ocrx_word' id='word_1_333' title='bbox 311 3403 378 3458; x_wconf 88' lang='lat' dir='ltr'>in</span> <span class='ocrx_word' id='word_1_334' title='bbox 415 3419 731 3460; x_wconf 87' lang='lat' dir='ltr'>commune</span> <span class='ocrx_word' id='word_1_335' title='bbox 758 3403 1087 3460; x_wconf 83' lang='lat' dir='ltr'>viventibus</span> <span class='ocrx_word' id='word_1_336' title='bbox 1142 3403 1470 3460; x_wconf 83' lang='lat' dir='ltr'>Ademarus</span> <span class='ocrx_word' id='word_1_337' title='bbox 1522 3404 1836 3477; x_wconf 86' lang='lat' dir='ltr'>episcopus</span> 
     </span>
    </p>
   </div>
   <div class='ocr_carea' id='block_1_53' title="bbox 179 3495 573 3549">
    <p class='ocr_par' dir='ltr' id='par_1_53' title="bbox 179 3495 573 3549">
     <span class='ocr_line' id='line_1_54' title="bbox 179 3495 573 3549; baseline -0.005 0"><span class='ocrx_word' id='word_1_338' title='bbox 179 3495 573 3549; x_wconf 73' lang='lat' dir='ltr'>concesserat.</span> 
     </span>
    </p>
   </div>
   <div class='ocr_carea' id='block_1_54' title="bbox 325 3588 1688 3662">
    <p class='ocr_par' dir='ltr' id='par_1_54' title="bbox 325 3588 1688 3662">
     <span class='ocr_line' id='line_1_55' title="bbox 325 3588 1688 3662; baseline 0 -16"><span class='ocrx_word' id='word_1_339' title='bbox 325 3588 604 3646; x_wconf 76' lang='lat' dir='ltr'><strong>CCXXIX.</strong></span> <span class='ocrx_word' id='word_1_340' title='bbox 639 3590 919 3646; x_wconf 76' lang='lat' dir='ltr'>Decretum</span> <span class='ocrx_word' id='word_1_341' title='bbox 945 3589 1010 3645; x_wconf 80' lang='lat' dir='ltr'>de</span> <span class='ocrx_word' id='word_1_342' title='bbox 1036 3591 1289 3662; x_wconf 80' lang='lat' dir='ltr'>primatu</span> <span class='ocrx_word' id='word_1_343' title='bbox 1310 3590 1688 3661; x_wconf 78' lang='lat' dir='ltr'>Lugdunensi.</span> 
     </span>
    </p>
   </div>
   <div class='ocr_carea' id='block_1_55' title="bbox 235 3678 1833 3737">
    <p class='ocr_par' dir='ltr' id='par_1_55' title="bbox 235 3678 1833 3737">
     <span class='ocr_line' id='line_1_56' title="bbox 235 3678 1833 3737; baseline 0 -1"><span class='ocrx_word' id='word_1_344' title='bbox 235 3679 535 3736; x_wconf 82' lang='lat' dir='ltr'>Kalendis</span> <span class='ocrx_word' id='word_1_345' title='bbox 588 3678 924 3735; x_wconf 86' lang='lat' dir='ltr'>Decembris</span> <span class='ocrx_word' id='word_1_346' title='bbox 979 3679 1119 3735; x_wconf 89' lang='lat' dir='ltr'>data</span> <span class='ocrx_word' id='word_1_347' title='bbox 1172 3683 1261 3736; x_wconf 89' lang='lat' dir='ltr'>est</span> <span class='ocrx_word' id='word_1_348' title='bbox 1313 3679 1558 3736; x_wconf 86' lang='lat' dir='ltr'>celebris</span> <span class='ocrx_word' id='word_1_349' title='bbox 1616 3680 1833 3737; x_wconf 90' lang='lat' dir='ltr'>Urbani</span> 
     </span>
    </p>
   </div>
   <div class='ocr_carea' id='block_1_56' title="bbox 176 3765 1835 3838">
    <p class='ocr_par' dir='ltr' id='par_1_56' title="bbox 176 3765 1835 3838">
     <span class='ocr_line' id='line_1_57' title="bbox 176 3765 1835 3838; baseline 0.001 -15"><span class='ocrx_word' id='word_1_350' title='bbox 176 3767 350 3834; x_wconf 85' lang='lat' dir='ltr'>bulla,</span> <span class='ocrx_word' id='word_1_351' title='bbox 377 3768 443 3822; x_wconf 85' lang='lat' dir='ltr'>in</span> <span class='ocrx_word' id='word_1_352' title='bbox 473 3782 595 3838; x_wconf 90' lang='lat' dir='ltr'>qua</span> <span class='ocrx_word' id='word_1_353' title='bbox 621 3769 753 3837; x_wconf 89' lang='lat' dir='ltr'>post</span> <span class='ocrx_word' id='word_1_354' title='bbox 780 3765 998 3821; x_wconf 84' lang='lat' dir='ltr'>relatas</span> <span class='ocrx_word' id='word_1_355' title='bbox 1037 3765 1230 3822; x_wconf 88' lang='lat' dir='ltr'>varias</span> <span class='ocrx_word' id='word_1_356' title='bbox 1277 3767 1738 3823; x_wconf 85' lang='lat' dir='ltr'>concertationes</span> <span class='ocrx_word' id='word_1_357' title='bbox 1761 3769 1835 3824; x_wconf 90' lang='lat' dir='ltr'>de</span> 
     </span>
    </p>
   </div>
   <div class='ocr_carea' id='block_1_57' title="bbox 174 3854 1830 3928">
    <p class='ocr_par' dir='ltr' id='par_1_57' title="bbox 174 3854 1830 3928">
     <span class='ocr_line' id='line_1_58' title="bbox 174 3854 1830 3928; baseline -0.001 -15"><span class='ocrx_word' id='word_1_358' title='bbox 174 3858 431 3928; x_wconf 79' lang='lat' dir='ltr'>primatu</span> <span class='ocrx_word' id='word_1_359' title='bbox 463 3855 840 3928; x_wconf 85' lang='lat' dir='ltr'>Lugdunensi</span> <span class='ocrx_word' id='word_1_360' title='bbox 875 3854 933 3909; x_wconf 88' lang='lat' dir='ltr'>in</span> <span class='ocrx_word' id='word_1_361' title='bbox 957 3855 1204 3911; x_wconf 89' lang='lat' dir='ltr'>concilio</span> <span class='ocrx_word' id='word_1_362' title='bbox 1227 3855 1481 3922; x_wconf 88' lang='lat' dir='ltr'>habitas,</span> <span class='ocrx_word' id='word_1_363' title='bbox 1511 3857 1830 3928; x_wconf 87' lang='lat' dir='ltr'>primatum</span> 
     </span>
    </p>
   </div>
   <div class='ocr_carea' id='block_1_58' title="bbox 174 3943 1834 4017">
    <p class='ocr_par' dir='ltr' id='par_1_58' title="bbox 174 3943 1834 4017">
     <span class='ocr_line' id='line_1_59' title="bbox 174 3943 1834 4017; baseline 0.001 -17"><span class='ocrx_word' id='word_1_364' title='bbox 174 3945 302 4002; x_wconf 77' lang='lat' dir='ltr'>huic</span> <span class='ocrx_word' id='word_1_365' title='bbox 333 3943 614 4002; x_wconf 64' lang='lat' dir='ltr'>Ecclesia</span> <span class='ocrx_word' id='word_1_366' title='bbox 669 3943 731 4000; x_wconf 90' lang='lat' dir='ltr'>in</span> <span class='ocrx_word' id='word_1_367' title='bbox 755 3947 1007 4017; x_wconf 88' lang='lat' dir='ltr'>quatuor</span> <span class='ocrx_word' id='word_1_368' title='bbox 1058 3944 1484 4016; x_wconf 72' lang='lat' dir='ltr'>Lugdunenses</span> <span class='ocrx_word' id='word_1_369' title='bbox 1539 3946 1754 4002; x_wconf 90' lang='lat' dir='ltr'>asserit</span> <span class='ocrx_word' id='word_1_370' title='bbox 1775 3951 1834 4002; x_wconf 90' lang='lat' dir='ltr'>et</span> 
     </span>
    </p>
   </div>
   <div class='ocr_carea' id='block_1_59' title="bbox 172 4031 1832 4106">
    <p class='ocr_par' dir='ltr' id='par_1_59' title="bbox 172 4031 1832 4106">
     <span class='ocr_line' id='line_1_60' title="bbox 172 4031 1832 4106; baseline -0.001 -15"><span class='ocrx_word' id='word_1_371' title='bbox 172 4034 502 4091; x_wconf 76' lang='lat' dir='ltr'>conﬁrmat.</span> <span class='ocrx_word' id='word_1_372' title='bbox 565 4032 666 4088; x_wconf 88' lang='lat' dir='ltr'>Cui</span> <span class='ocrx_word' id='word_1_373' title='bbox 742 4031 1070 4088; x_wconf 89' lang='lat' dir='ltr'>deﬁnitioni</span> <span class='ocrx_word' id='word_1_374' title='bbox 1147 4031 1620 4106; x_wconf 89' lang='lat' dir='ltr'>archiepiscopos</span> <span class='ocrx_word' id='word_1_375' title='bbox 1678 4039 1832 4103; x_wconf 90' lang='lat' dir='ltr'>octo,</span> 
     </span>
    </p>
   </div>
   <div class='ocr_carea' id='block_1_60' title="bbox 169 4120 1832 4196">
    <p class='ocr_par' dir='ltr' id='par_1_60' title="bbox 169 4120 1832 4196">
     <span class='ocr_line' id='line_1_61' title="bbox 169 4120 1832 4196; baseline -0.001 -16"><span class='ocrx_word' id='word_1_376' title='bbox 169 4125 478 4196; x_wconf 76' lang='lat' dir='ltr'>episcopos</span> <span class='ocrx_word' id='word_1_377' title='bbox 531 4121 853 4195; x_wconf 81' lang='lat' dir='ltr'>octoginta,</span> <span class='ocrx_word' id='word_1_378' title='bbox 902 4137 970 4178; x_wconf 88' lang='lat' dir='ltr'>ac</span> <span class='ocrx_word' id='word_1_379' title='bbox 1027 4120 1352 4194; x_wconf 82' lang='lat' dir='ltr'>nonaginta</span> <span class='ocrx_word' id='word_1_380' title='bbox 1402 4123 1646 4180; x_wconf 84' lang='lat' dir='ltr'>abhates</span> <span class='ocrx_word' id='word_1_381' title='bbox 1676 4127 1832 4180; x_wconf 89' lang='lat' dir='ltr'>eteo</span> 
     </span>
    </p>
   </div>
   <div class='ocr_carea' id='block_1_61' title="bbox 171 4210 1827 4284">
    <p class='ocr_par' dir='ltr' id='par_1_61' title="bbox 171 4210 1827 4284">
     <span class='ocr_line' id='line_1_62' title="bbox 171 4210 1827 4284; baseline 0.002 -17"><span class='ocrx_word' id='word_1_382' title='bbox 171 4211 430 4284; x_wconf 72' lang='lat' dir='ltr'>amplius</span> <span class='ocrx_word' id='word_1_383' title='bbox 445 4210 1121 4267; x_wconf 70' lang='lat' dir='ltr'>interfuissedicitJ-Ianc</span> <span class='ocrx_word' id='word_1_384' title='bbox 1138 4210 1360 4267; x_wconf 88' lang='lat' dir='ltr'>bullam</span> <span class='ocrx_word' id='word_1_385' title='bbox 1393 4212 1622 4284; x_wconf 88' lang='lat' dir='ltr'>primus</span> <span class='ocrx_word' id='word_1_386' title='bbox 1644 4212 1827 4270; x_wconf 90' lang='lat' dir='ltr'>illust.</span> 
     </span>
    </p>
   </div>
   <div class='ocr_carea' id='block_1_62' title="bbox 171 4299 1833 4372">
    <p class='ocr_par' dir='ltr' id='par_1_62' title="bbox 171 4299 1833 4372">
     <span class='ocr_line' id='line_1_63' title="bbox 171 4299 1833 4372; baseline 0.002 -16"><span class='ocrx_word' id='word_1_387' title='bbox 171 4301 376 4357; x_wconf 78' lang='lat' dir='ltr'>Petrus</span> <span class='ocrx_word' id='word_1_388' title='bbox 406 4300 493 4356; x_wconf 89' lang='lat' dir='ltr'>De</span> <span class='ocrx_word' id='word_1_389' title='bbox 523 4300 720 4356; x_wconf 81' lang='lat' dir='ltr'>Mares</span> <span class='ocrx_word' id='word_1_390' title='bbox 772 4299 993 4372; x_wconf 91' lang='lat' dir='ltr'>publici</span> <span class='ocrx_word' id='word_1_391' title='bbox 1025 4299 1181 4371; x_wconf 86' lang='lat' dir='ltr'>juris</span> <span class='ocrx_word' id='word_1_392' title='bbox 1239 4301 1394 4356; x_wconf 85' lang='lat' dir='ltr'>fecit.</span> <span class='ocrx_word' id='word_1_393' title='bbox 1449 4301 1733 4358; x_wconf 64' lang='lat' dir='ltr'>Caeterum</span> <span class='ocrx_word' id='word_1_394' title='bbox 1763 4319 1833 4359; x_wconf 85' lang='lat' dir='ltr'>ex</span> 
     </span>
    </p>
   </div>
   <div class='ocr_carea' id='block_1_63' title="bbox 171 4387 1831 4461">
    <p class='ocr_par' dir='ltr' id='par_1_63' title="bbox 171 4387 1831 4461">
     <span class='ocr_line' id='line_1_64' title="bbox 171 4387 1831 4461; baseline 0.002 -16"><span class='ocrx_word' id='word_1_395' title='bbox 171 4389 450 4446; x_wconf 82' lang='lat' dir='ltr'>0rderico</span> <span class='ocrx_word' id='word_1_396' title='bbox 476 4387 652 4444; x_wconf 86' lang='lat' dir='ltr'>Vitali</span> <span class='ocrx_word' id='word_1_397' title='bbox 681 4387 781 4444; x_wconf 91' lang='lat' dir='ltr'>lib.</span> <span class='ocrx_word' id='word_1_398' title='bbox 814 4405 872 4443; x_wconf 79' lang='lat' dir='ltr'>ix</span> <span class='ocrx_word' id='word_1_399' title='bbox 900 4387 1235 4461; x_wconf 88' lang='lat' dir='ltr'>colligimus</span> <span class='ocrx_word' id='word_1_400' title='bbox 1265 4389 1576 4461; x_wconf 85' lang='lat' dir='ltr'>synodales</span> <span class='ocrx_word' id='word_1_401' title='bbox 1604 4389 1831 4449; x_wconf 85' lang='lat' dir='ltr'>litteras</span> 
     </span>
    </p>
   </div>
   <div class='ocr_carea' id='block_1_64' title="bbox 169 4476 1829 4549">
    <p class='ocr_par' dir='ltr' id='par_1_64' title="bbox 169 4476 1829 4549">
     <span class='ocr_line' id='line_1_65' title="bbox 169 4476 1829 4549; baseline 0.001 -16"><span class='ocrx_word' id='word_1_402' title='bbox 169 4479 237 4533; x_wconf 83' lang='lat' dir='ltr'>ad</span> <span class='ocrx_word' id='word_1_403' title='bbox 270 4478 552 4534; x_wconf 84' lang='lat' dir='ltr'>absentes</span> <span class='ocrx_word' id='word_1_404' title='bbox 572 4476 875 4549; x_wconf 87' lang='lat' dir='ltr'>episcopos</span> <span class='ocrx_word' id='word_1_405' title='bbox 905 4476 1157 4549; x_wconf 86' lang='lat' dir='ltr'>scriptas</span> <span class='ocrx_word' id='word_1_406' title='bbox 1186 4476 1372 4533; x_wconf 83' lang='lat' dir='ltr'>fuisse</span> <span class='ocrx_word' id='word_1_407' title='bbox 1421 4478 1658 4534; x_wconf 89' lang='lat' dir='ltr'>nomine</span> <span class='ocrx_word' id='word_1_408' title='bbox 1689 4497 1829 4535; x_wconf 85' lang='lat' dir='ltr'>con-</span> 
     </span>
    </p>
   </div>
   <div class='ocr_carea' id='block_1_65' title="bbox 1937 1951 3592 2026">
    <p class='ocr_par' dir='ltr' id='par_1_65' title="bbox 1937 1951 3592 2026">
     <span class='ocr_line' id='line_1_66' title="bbox 1937 1951 3592 2026; baseline -0.002 -14"><span class='ocrx_word' id='word_1_409' title='bbox 1937 1954 2331 2026; x_wconf 85' lang='lat' dir='ltr'>nicqrum,qui</span> <span class='ocrx_word' id='word_1_410' title='bbox 2345 1954 2518 2026; x_wconf 87' lang='lat' dir='ltr'>vulgo</span> <span class='ocrx_word' id='word_1_411' title='bbox 2536 1953 2779 2012; x_wconf 89' lang='lat' dir='ltr'>comites</span> <span class='ocrx_word' id='word_1_412' title='bbox 2793 1957 3230 2026; x_wconf 87' lang='lat' dir='ltr'>nuncupantur,</span> <span class='ocrx_word' id='word_1_413' title='bbox 3253 1951 3592 2026; x_wconf 82' lang='lat' dir='ltr'>collegium,</span> 
     </span>
    </p>
   </div>
   <div class='ocr_carea' id='block_1_66' title="bbox 1937 2040 3590 2118">
    <p class='ocr_par' dir='ltr' id='par_1_66' title="bbox 1937 2040 3590 2118">
     <span class='ocr_line' id='line_1_67' title="bbox 1937 2040 3590 2118; baseline -0.002 -18"><span class='ocrx_word' id='word_1_414' title='bbox 1937 2061 2283 2118; x_wconf 89' lang='lat' dir='ltr'>progressus</span> <span class='ocrx_word' id='word_1_415' title='bbox 2341 2043 2619 2118; x_wconf 83' lang='lat' dir='ltr'>pontifex,</span> <span class='ocrx_word' id='word_1_416' title='bbox 2673 2042 2756 2104; x_wconf 88' lang='lat' dir='ltr'>ibi</span> <span class='ocrx_word' id='word_1_417' title='bbox 2815 2047 3024 2115; x_wconf 87' lang='lat' dir='ltr'>quarta</span> <span class='ocrx_word' id='word_1_418' title='bbox 3078 2042 3172 2098; x_wconf 91' lang='lat' dir='ltr'>die</span> <span class='ocrx_word' id='word_1_419' title='bbox 3229 2040 3590 2110; x_wconf 80' lang='lat' dir='ltr'>Decembris,</span> 
     </span>
    </p>
   </div>
   <div class='ocr_carea' id='block_1_67' title="bbox 1938 2130 3588 2203">
    <p class='ocr_par' dir='ltr' id='par_1_67' title="bbox 1938 2130 3588 2203">
     <span class='ocr_line' id='line_1_68' title="bbox 1938 2130 3588 2203; baseline -0.002 -13"><span class='ocrx_word' id='word_1_420' title='bbox 1938 2132 2235 2197; x_wconf 87' lang='lat' dir='ltr'>ecclesias,</span> <span class='ocrx_word' id='word_1_421' title='bbox 2270 2133 2475 2189; x_wconf 84' lang='lat' dir='ltr'>altaria</span> <span class='ocrx_word' id='word_1_422' title='bbox 2504 2137 2560 2188; x_wconf 89' lang='lat' dir='ltr'>et</span> <span class='ocrx_word' id='word_1_423' title='bbox 2617 2131 2876 2188; x_wconf 89' lang='lat' dir='ltr'>decimas</span> <span class='ocrx_word' id='word_1_424' title='bbox 2917 2148 3043 2203; x_wconf 67' lang='lat' dir='ltr'>quae</span> <span class='ocrx_word' id='word_1_425' title='bbox 3103 2130 3588 2195; x_wconf 86' lang='lat' dir='ltr'>Cluniacensibus</span> 
     </span>
    </p>
   </div>
   <div class='ocr_carea' id='block_1_68' title="bbox 1939 2218 3588 2298">
    <p class='ocr_par' dir='ltr' id='par_1_68' title="bbox 1939 2218 3588 2298">
     <span class='ocr_line' id='line_1_69' title="bbox 1939 2218 3588 2298; baseline -0.002 -19"><span class='ocrx_word' id='word_1_426' title='bbox 1939 2221 2244 2298; x_wconf 76' lang='lat' dir='ltr'>monachis</span> <span class='ocrx_word' id='word_1_427' title='bbox 2267 2222 2554 2278; x_wconf 89' lang='lat' dir='ltr'>hactenus</span> <span class='ocrx_word' id='word_1_428' title='bbox 2589 2222 2724 2277; x_wconf 87' lang='lat' dir='ltr'>data</span> <span class='ocrx_word' id='word_1_429' title='bbox 2754 2221 3006 2286; x_wconf 88' lang='lat' dir='ltr'>fuerant,</span> <span class='ocrx_word' id='word_1_430' title='bbox 3038 2218 3257 2292; x_wconf 83' lang='lat' dir='ltr'>insigni</span> <span class='ocrx_word' id='word_1_431' title='bbox 3306 2219 3588 2292; x_wconf 87' lang='lat' dir='ltr'>rescripto</span> 
     </span>
    </p>
   </div>
   <div class='ocr_carea' id='block_1_69' title="bbox 1938 2306 3590 2384">
    <p class='ocr_par' dir='ltr' id='par_1_69' title="bbox 1938 2306 3590 2384">
     <span class='ocr_line' id='line_1_70' title="bbox 1938 2306 3590 2384; baseline -0.006 -13"><span class='ocrx_word' id='word_1_432' title='bbox 1938 2316 2142 2372; x_wconf 86' lang='lat' dir='ltr'>sancto</span> <span class='ocrx_word' id='word_1_433' title='bbox 2173 2312 2404 2384; x_wconf 81' lang='lat' dir='ltr'>Hugoni</span> <span class='ocrx_word' id='word_1_434' title='bbox 2460 2308 2844 2368; x_wconf 81' lang='lat' dir='ltr'>confirmavit.</span> <span class='ocrx_word' id='word_1_435' title='bbox 2904 2309 3021 2366; x_wconf 88' lang='lat' dir='ltr'>Hac</span> <span class='ocrx_word' id='word_1_436' title='bbox 3069 2308 3198 2380; x_wconf 88' lang='lat' dir='ltr'>ipsa</span> <span class='ocrx_word' id='word_1_437' title='bbox 3227 2307 3320 2364; x_wconf 90' lang='lat' dir='ltr'>die</span> <span class='ocrx_word' id='word_1_438' title='bbox 3365 2306 3590 2363; x_wconf 86' lang='lat' dir='ltr'>bullam</span> 
     </span>
    </p>
   </div>
   <div class='ocr_carea' id='block_1_70' title="bbox 1939 2394 3589 2471">
    <p class='ocr_par' dir='ltr' id='par_1_70' title="bbox 1939 2394 3589 2471">
     <span class='ocr_line' id='line_1_71' title="bbox 1939 2394 3589 2471; baseline -0.003 -15"><span class='ocrx_word' id='word_1_439' title='bbox 1939 2400 2186 2457; x_wconf 89' lang='lat' dir='ltr'>indulsit</span> <span class='ocrx_word' id='word_1_440' title='bbox 2227 2398 2565 2456; x_wconf 87' lang='lat' dir='ltr'>Dalmacbio</span> <span class='ocrx_word' id='word_1_441' title='bbox 2615 2398 2888 2471; x_wconf 84' lang='lat' dir='ltr'>episcopo</span> <span class='ocrx_word' id='word_1_442' title='bbox 2935 2394 3425 2469; x_wconf 90' lang='lat' dir='ltr'>Compostellano,</span> <span class='ocrx_word' id='word_1_443' title='bbox 3487 2396 3589 2470; x_wconf 88' lang='lat' dir='ltr'>qui</span> 
     </span>
    </p>
   </div>
   <div class='ocr_carea' id='block_1_71' title="bbox 1940 2485 3591 2560">
    <p class='ocr_par' dir='ltr' id='par_1_71' title="bbox 1940 2485 3591 2560">
     <span class='ocr_line' id='line_1_72' title="bbox 1940 2485 3591 2560; baseline -0.004 -14"><span class='ocrx_word' id='word_1_444' title='bbox 1940 2488 2188 2546; x_wconf 88' lang='lat' dir='ltr'>concilio</span> <span class='ocrx_word' id='word_1_445' title='bbox 2213 2488 2561 2546; x_wconf 86' lang='lat' dir='ltr'>Arvernensi</span> <span class='ocrx_word' id='word_1_446' title='bbox 2592 2503 2850 2560; x_wconf 80' lang='lat' dir='ltr'>praesens</span> <span class='ocrx_word' id='word_1_447' title='bbox 2881 2485 3166 2554; x_wconf 85' lang='lat' dir='ltr'>adfuerat,</span> <span class='ocrx_word' id='word_1_448' title='bbox 3199 2485 3444 2558; x_wconf 85' lang='lat' dir='ltr'>ejusque</span> <span class='ocrx_word' id='word_1_449' title='bbox 3465 2501 3591 2542; x_wconf 89' lang='lat' dir='ltr'>suc-</span> 
     </span>
    </p>
   </div>
   <div class='ocr_carea' id='block_1_72' title="bbox 1939 2572 3591 2650">
    <p class='ocr_par' dir='ltr' id='par_1_72' title="bbox 1939 2572 3591 2650">
     <span class='ocr_line' id='line_1_73' title="bbox 1939 2572 3591 2650; baseline -0.004 -14"><span class='ocrx_word' id='word_1_450' title='bbox 1939 2578 2272 2636; x_wconf 85' lang='lat' dir='ltr'>cessoribus</span> <span class='ocrx_word' id='word_1_451' title='bbox 2304 2577 2671 2650; x_wconf 87' lang='lat' dir='ltr'>inscriptam,</span> <span class='ocrx_word' id='word_1_452' title='bbox 2725 2591 2840 2648; x_wconf 92' lang='lat' dir='ltr'>quo</span> <span class='ocrx_word' id='word_1_453' title='bbox 2889 2573 3207 2647; x_wconf 77' lang='lat' dir='ltr'>diplomate</span> <span class='ocrx_word' id='word_1_454' title='bbox 3251 2572 3591 2630; x_wconf 87' lang='lat' dir='ltr'>cathedram</span> 
     </span>
    </p>
   </div>
   <div class='ocr_carea' id='block_1_73' title="bbox 1941 2662 3595 2740">
    <p class='ocr_par' dir='ltr' id='par_1_73' title="bbox 1941 2662 3595 2740">
     <span class='ocr_line' id='line_1_74' title="bbox 1941 2662 3595 2740; baseline -0.002 -17"><span class='ocrx_word' id='word_1_455' title='bbox 1941 2667 2333 2740; x_wconf 89' lang='lat' dir='ltr'>episcopalem</span> <span class='ocrx_word' id='word_1_456' title='bbox 2364 2684 2490 2738; x_wconf 72' lang='lat' dir='ltr'>quae</span> <span class='ocrx_word' id='word_1_457' title='bbox 2521 2666 2645 2722; x_wconf 75' lang='lat' dir='ltr'>Iriaa</span> <span class='ocrx_word' id='word_1_458' title='bbox 2693 2663 2974 2720; x_wconf 89' lang='lat' dir='ltr'>hactenus</span> <span class='ocrx_word' id='word_1_459' title='bbox 3024 2662 3386 2730; x_wconf 88' lang='lat' dir='ltr'>substiterat,</span> <span class='ocrx_word' id='word_1_460' title='bbox 3431 2667 3595 2720; x_wconf 83' lang='lat' dir='ltr'>Com-</span> 
     </span>
    </p>
   </div>
   <div class='ocr_carea' id='block_1_74' title="bbox 1942 2751 3592 2828">
    <p class='ocr_par' dir='ltr' id='par_1_74' title="bbox 1942 2751 3592 2828">
     <span class='ocr_line' id='line_1_75' title="bbox 1942 2751 3592 2828; baseline -0.002 -16"><span class='ocrx_word' id='word_1_461' title='bbox 1942 2755 2248 2828; x_wconf 87' lang='lat' dir='ltr'>postellam</span> <span class='ocrx_word' id='word_1_462' title='bbox 2262 2754 2632 2812; x_wconf 88' lang='lat' dir='ltr'>transtulitin</span> <span class='ocrx_word' id='word_1_463' title='bbox 2667 2752 2949 2808; x_wconf 87' lang='lat' dir='ltr'>honorem</span> <span class='ocrx_word' id='word_1_464' title='bbox 2968 2752 3152 2812; x_wconf 82' lang='lat' dir='ltr'>sancti</span> <span class='ocrx_word' id='word_1_465' title='bbox 3181 2751 3402 2822; x_wconf 86' lang='lat' dir='ltr'>Jacobi,</span> <span class='ocrx_word' id='word_1_466' title='bbox 3423 2753 3592 2824; x_wconf 86' lang='lat' dir='ltr'>cujus</span> 
     </span>
    </p>
   </div>
   <div class='ocr_carea' id='block_1_75' title="bbox 1943 2835 3589 2918">
    <p class='ocr_par' dir='ltr' id='par_1_75' title="bbox 1943 2835 3589 2918">
     <span class='ocr_line' id='line_1_76' title="bbox 1943 2835 3589 2918; baseline -0.002 -17"><span class='ocrx_word' id='word_1_467' title='bbox 1943 2835 2156 2918; x_wconf 84' lang='lat' dir='ltr'>corpus</span> <span class='ocrx_word' id='word_1_468' title='bbox 2187 2844 2266 2900; x_wconf 88' lang='lat' dir='ltr'>ibi</span> <span class='ocrx_word' id='word_1_469' title='bbox 2299 2843 2583 2902; x_wconf 89' lang='lat' dir='ltr'>asservari</span> <span class='ocrx_word' id='word_1_470' title='bbox 2623 2844 2750 2916; x_wconf 90' lang='lat' dir='ltr'>jam</span> <span class='ocrx_word' id='word_1_471' title='bbox 2799 2843 2984 2902; x_wconf 87' lang='lat' dir='ltr'>multo</span> <span class='ocrx_word' id='word_1_472' title='bbox 3027 2845 3198 2897; x_wconf 87' lang='lat' dir='ltr'>antea</span> <span class='ocrx_word' id='word_1_473' title='bbox 3227 2841 3589 2898; x_wconf 89' lang='lat' dir='ltr'>credebatur.</span> 
     </span>
    </p>
   </div>
   <div class='ocr_carea' id='block_1_76' title="bbox 1943 2930 3591 3003">
    <p class='ocr_par' dir='ltr' id='par_1_76' title="bbox 1943 2930 3591 3003">
     <span class='ocr_line' id='line_1_77' title="bbox 1943 2930 3591 3003; baseline -0.002 -13"><span class='ocrx_word' id='word_1_474' title='bbox 1943 2937 2092 2991; x_wconf 92' lang='lat' dir='ltr'>Tum</span> <span class='ocrx_word' id='word_1_475' title='bbox 2139 2951 2285 2990; x_wconf 89' lang='lat' dir='ltr'>novo</span> <span class='ocrx_word' id='word_1_476' title='bbox 2342 2934 2495 2990; x_wconf 90' lang='lat' dir='ltr'>hanc</span> <span class='ocrx_word' id='word_1_477' title='bbox 2545 2932 2851 2990; x_wconf 87' lang='lat' dir='ltr'>ecclesiam</span> <span class='ocrx_word' id='word_1_478' title='bbox 2908 2930 3208 3003; x_wconf 84' lang='lat' dir='ltr'>privilegio</span> <span class='ocrx_word' id='word_1_479' title='bbox 3273 2930 3591 3000; x_wconf 83' lang='lat' dir='ltr'>exornavit,</span> 
     </span>
    </p>
   </div>
   <div class='ocr_carea' id='block_1_77' title="bbox 1945 3017 3596 3093">
    <p class='ocr_par' dir='ltr' id='par_1_77' title="bbox 1945 3017 3596 3093">
     <span class='ocr_line' id='line_1_78' title="bbox 1945 3017 3596 3093; baseline -0.002 -14"><span class='ocrx_word' id='word_1_480' title='bbox 1945 3024 2254 3080; x_wconf 90' lang='lat' dir='ltr'>statuendo</span> <span class='ocrx_word' id='word_1_481' title='bbox 2284 3023 2521 3090; x_wconf 90' lang='lat' dir='ltr'>scilicet;</span> <span class='ocrx_word' id='word_1_482' title='bbox 2555 3025 2620 3077; x_wconf 90' lang='lat' dir='ltr'>ut</span> <span class='ocrx_word' id='word_1_483' title='bbox 2648 3022 2778 3093; x_wconf 89' lang='lat' dir='ltr'>ejus</span> <span class='ocrx_word' id='word_1_484' title='bbox 2809 3019 3072 3087; x_wconf 85' lang='lat' dir='ltr'>antistes,</span> <span class='ocrx_word' id='word_1_485' title='bbox 3115 3017 3344 3075; x_wconf 89' lang='lat' dir='ltr'>nullum</span> <span class='ocrx_word' id='word_1_486' title='bbox 3388 3023 3596 3092; x_wconf 65' lang='lat' dir='ltr'>praeter</span> 
     </span>
    </p>
   </div>
   <div class='ocr_carea' id='block_1_78' title="bbox 1947 3109 3592 3185">
    <p class='ocr_par' dir='ltr' id='par_1_78' title="bbox 1947 3109 3592 3185">
     <span class='ocr_line' id='line_1_79' title="bbox 1947 3109 3592 3185; baseline -0.002 -17"><span class='ocrx_word' id='word_1_487' title='bbox 1947 3113 2275 3170; x_wconf 82' lang='lat' dir='ltr'>Romanum</span> <span class='ocrx_word' id='word_1_488' title='bbox 2302 3111 2637 3185; x_wconf 85' lang='lat' dir='ltr'>pontiﬁcem</span> <span class='ocrx_word' id='word_1_489' title='bbox 2669 3109 3184 3182; x_wconf 88' lang='lat' dir='ltr'>metropolitanum</span> <span class='ocrx_word' id='word_1_490' title='bbox 3233 3113 3592 3181; x_wconf 84' lang='lat' dir='ltr'>agnosceret.</span> 
     </span>
    </p>
   </div>
   <div class='ocr_carea' id='block_1_79' title="bbox 1867 3194 3596 3273">
    <p class='ocr_par' dir='ltr' id='par_1_79' title="bbox 1867 3194 3596 3273">
     <span class='ocr_line' id='line_1_80' title="bbox 1867 3194 3596 3273; baseline -0.006 -12"><span class='ocrx_word' id='word_1_491' title='bbox 1867 3194 1910 3262; x_wconf 88' lang='lat' dir='ltr'>C</span> <span class='ocrx_word' id='word_1_492' title='bbox 1949 3203 2073 3268; x_wconf 90' lang='lat' dir='ltr'>Quo</span> <span class='ocrx_word' id='word_1_493' title='bbox 2104 3206 2298 3257; x_wconf 89' lang='lat' dir='ltr'>tamen</span> <span class='ocrx_word' id='word_1_494' title='bbox 2332 3201 2390 3255; x_wconf 92' lang='lat' dir='ltr'>in</span> <span class='ocrx_word' id='word_1_495' title='bbox 2421 3200 2607 3273; x_wconf 87' lang='lat' dir='ltr'>gradu</span> <span class='ocrx_word' id='word_1_496' title='bbox 2638 3199 2794 3256; x_wconf 90' lang='lat' dir='ltr'>haud</span> <span class='ocrx_word' id='word_1_497' title='bbox 2825 3197 2926 3254; x_wconf 92' lang='lat' dir='ltr'>diu</span> <span class='ocrx_word' id='word_1_498' title='bbox 2949 3197 3214 3252; x_wconf 87' lang='lat' dir='ltr'>substitit</span> <span class='ocrx_word' id='word_1_499' title='bbox 3243 3195 3596 3269; x_wconf 87' lang='lat' dir='ltr'>Compostel-</span> 
     </span>
    </p>
   </div>
   <div class='ocr_carea' id='block_1_80' title="bbox 1945 3285 3594 3361">
    <p class='ocr_par' dir='ltr' id='par_1_80' title="bbox 1945 3285 3594 3361">
     <span class='ocr_line' id='line_1_81' title="bbox 1945 3285 3594 3361; baseline -0.002 -17"><span class='ocrx_word' id='word_1_500' title='bbox 1945 3288 2082 3347; x_wconf 87' lang='lat' dir='ltr'>lana</span> <span class='ocrx_word' id='word_1_501' title='bbox 2137 3289 2412 3356; x_wconf 87' lang='lat' dir='ltr'>Ecclesia,</span> <span class='ocrx_word' id='word_1_502' title='bbox 2456 3305 2584 3361; x_wconf 82' lang='lat' dir='ltr'>quae</span> <span class='ocrx_word' id='word_1_503' title='bbox 2639 3288 2773 3358; x_wconf 90' lang='lat' dir='ltr'>jure</span> <span class='ocrx_word' id='word_1_504' title='bbox 2799 3290 2858 3342; x_wconf 93' lang='lat' dir='ltr'>et</span> <span class='ocrx_word' id='word_1_505' title='bbox 2913 3285 3199 3357; x_wconf 89' lang='lat' dir='ltr'>dignitate</span> <span class='ocrx_word' id='word_1_506' title='bbox 3255 3285 3594 3357; x_wconf 85' lang='lat' dir='ltr'>metropolis</span> 
     </span>
    </p>
   </div>
   <div class='ocr_carea' id='block_1_81' title="bbox 1945 3373 3596 3462">
    <p class='ocr_par' dir='ltr' id='par_1_81' title="bbox 1945 3373 3596 3462">
     <span class='ocr_line' id='line_1_82' title="bbox 1945 3373 3596 3462; baseline -0.003 -27"><span class='ocrx_word' id='word_1_507' title='bbox 1945 3379 2120 3462; x_wconf 86' lang='lat' dir='ltr'>paulo</span> <span class='ocrx_word' id='word_1_508' title='bbox 2152 3383 2284 3451; x_wconf 88' lang='lat' dir='ltr'>post</span> <span class='ocrx_word' id='word_1_509' title='bbox 2307 3381 2479 3436; x_wconf 87' lang='lat' dir='ltr'>aucta</span> <span class='ocrx_word' id='word_1_510' title='bbox 2508 3376 2618 3432; x_wconf 88' lang='lat' dir='ltr'>fuit</span> <span class='ocrx_word' id='word_1_511' title='bbox 2647 3393 2681 3432; x_wconf 91' lang='lat' dir='ltr'>a</span> <span class='ocrx_word' id='word_1_512' title='bbox 2732 3374 2950 3434; x_wconf 85' lang='lat' dir='ltr'>Calixto</span> <span class='ocrx_word' id='word_1_513' title='bbox 3007 3373 3074 3441; x_wconf 90' lang='lat' dir='ltr'><strong>II,</strong></span> <span class='ocrx_word' id='word_1_514' title='bbox 3107 3373 3278 3445; x_wconf 83' lang='lat' dir='ltr'>cujus</span> <span class='ocrx_word' id='word_1_515' title='bbox 3335 3389 3404 3430; x_wconf 90' lang='lat' dir='ltr'>ea</span> <span class='ocrx_word' id='word_1_516' title='bbox 3431 3373 3503 3430; x_wconf 90' lang='lat' dir='ltr'>de</span> <span class='ocrx_word' id='word_1_517' title='bbox 3534 3390 3596 3430; x_wconf 89' lang='lat' dir='ltr'>re</span> 
     </span>
    </p>
   </div>
   <div class='ocr_carea' id='block_1_82' title="bbox 1944 3465 2966 3524">
    <p class='ocr_par' dir='ltr' id='par_1_82' title="bbox 1944 3465 2966 3524">
     <span class='ocr_line' id='line_1_83' title="bbox 1944 3465 2966 3524; baseline -0.005 -1"><span class='ocrx_word' id='word_1_518' title='bbox 1944 3467 2147 3524; x_wconf 65' lang='lat' dir='ltr'>litterae</span> <span class='ocrx_word' id='word_1_519' title='bbox 2179 3470 2411 3524; x_wconf 85' lang='lat' dir='ltr'>exstant</span> <span class='ocrx_word' id='word_1_520' title='bbox 2443 3483 2598 3524; x_wconf 91' lang='lat' dir='ltr'>anno</span> <span class='ocrx_word' id='word_1_521' title='bbox 2626 3465 2768 3522; x_wconf 76' lang='grc'>4124</span> <span class='ocrx_word' id='word_1_522' title='bbox 2797 3465 2966 3520; x_wconf 64' lang='lat' dir='ltr'>datis.</span> 
     </span>
    </p>
   </div>
   <div class='ocr_carea' id='block_1_83' title="bbox 1945 3551 3596 3623">
    <p class='ocr_par' dir='ltr' id='par_1_83' title="bbox 1945 3551 3596 3623">
     <span class='ocr_line' id='line_1_84' title="bbox 1945 3551 3596 3623; baseline -0.003 -11"><span class='ocrx_word' id='word_1_523' title='bbox 1945 3556 2240 3614; x_wconf 86' lang='lat' dir='ltr'><strong>CCXXXII.</strong></span> <span class='ocrx_word' id='word_1_524' title='bbox 2272 3556 2330 3613; x_wconf 92' lang='lat' dir='ltr'>S.</span> <span class='ocrx_word' id='word_1_525' title='bbox 2363 3556 2512 3611; x_wconf 77' lang='lat' dir='ltr'>Fieri</span> <span class='ocrx_word' id='word_1_526' title='bbox 2546 3555 2830 3610; x_wconf 74' lang='lat' dir='ltr'>ecclesiam</span> <span class='ocrx_word' id='word_1_527' title='bbox 2877 3551 3109 3618; x_wconf 71' lang='lat' dir='ltr'>dedicat,</span> <span class='ocrx_word' id='word_1_528' title='bbox 3143 3559 3195 3607; x_wconf 79' lang='lat' dir='ltr'>et</span> <span class='ocrx_word' id='word_1_529' title='bbox 3242 3551 3596 3623; x_wconf 82' lang='lat' dir='ltr'>privilegium</span> 
     </span>
    </p>
   </div>
   <div class='ocr_carea' id='block_1_84' title="bbox 2014 3624 3596 3699">
    <p class='ocr_par' dir='ltr' id='par_1_84' title="bbox 2014 3624 3596 3699">
     <span class='ocr_line' id='line_1_85' title="bbox 2014 3624 3596 3699; baseline -0.004 -15"><span class='ocrx_word' id='word_1_530' title='bbox 2014 3629 2126 3684; x_wconf 78' lang='lat' dir='ltr'>dat.</span> <span class='ocrx_word' id='word_1_531' title='bbox 2190 3628 2550 3699; x_wconf 74' lang='lat' dir='ltr'>Privilegium</span> <span class='ocrx_word' id='word_1_532' title='bbox 2602 3642 2702 3698; x_wconf 85' lang='lat' dir='ltr'>pro</span> <span class='ocrx_word' id='word_1_533' title='bbox 2758 3625 3106 3699; x_wconf 46' lang='lat' dir='ltr'>Marciniaco:</span> <span class='ocrx_word' id='word_1_534' title='bbox 3165 3624 3496 3699; x_wconf 82' lang='lat' dir='ltr'>Pipcracum</span> <span class='ocrx_word' id='word_1_535' title='bbox 3533 3625 3596 3699; x_wconf 66' lang='lat' dir='ltr'>ﬁt</span> 
     </span>
    </p>
   </div>
   <div class='ocr_carea' id='block_1_85' title="bbox 2012 3695 3596 3827">
    <p class='ocr_par' dir='ltr' id='par_1_85' title="bbox 2012 3695 3596 3827">
     <span class='ocr_line' id='line_1_86' title="bbox 2012 3695 3596 3827; baseline -0.004 -72"><span class='ocrx_word' id='word_1_536' title='bbox 2012 3700 2254 3827; x_wconf 42' lang='lat' dir='ltr'>gbbﬁr‘iga.</span> <span class='ocrx_word' id='word_1_537' title='bbox 2288 3695 2424 3755; x_wconf 77' lang='lat' dir='ltr'>Mors</span> <span class='ocrx_word' id='word_1_538' title='bbox 2483 3695 2711 3755; x_wconf 63' lang='lat' dir='ltr'>Joannis</span> <span class='ocrx_word' id='word_1_539' title='bbox 2769 3697 3005 3769; x_wconf 82' lang='lat' dir='ltr'>episcopi</span> <span class='ocrx_word' id='word_1_540' title='bbox 3071 3697 3394 3751; x_wconf 78' lang='lat' dir='ltr'>Portucnsis</span> <span class='ocrx_word' id='word_1_541' title='bbox 3447 3695 3596 3768; x_wconf 69' lang='lat' dir='ltr'>amid</span> 
     </span>
     <span class='ocr_line' id='line_1_87' title="bbox 2056 3787 2339 3827; baseline 0.004 -1"><span class='ocrx_word' id='word_1_542' title='bbox 2056 3813 2068 3826; x_wconf 91' lang='lat'>.</span> <span class='ocrx_word' id='word_1_543' title='bbox 2197 3787 2339 3827; x_wconf 83' lang='lat' dir='ltr'>rum.</span> 
     </span>
    </p>
   </div>
   <div class='ocr_carea' id='block_1_86' title="bbox 2013 3853 3592 3926">
    <p class='ocr_par' dir='ltr' id='par_1_86' title="bbox 2013 3853 3592 3926">
     <span class='ocr_line' id='line_1_88' title="bbox 2013 3853 3592 3926; baseline -0.002 -12"><span class='ocrx_word' id='word_1_544' title='bbox 2013 3859 2230 3916; x_wconf 85' lang='lat' dir='ltr'>Relicto</span> <span class='ocrx_word' id='word_1_545' title='bbox 2256 3859 2484 3915; x_wconf 88' lang='lat' dir='ltr'>Brivate</span> <span class='ocrx_word' id='word_1_546' title='bbox 2504 3857 2776 3914; x_wconf 89' lang='lat' dir='ltr'>Urbanus</span> <span class='ocrx_word' id='word_1_547' title='bbox 2792 3856 2864 3913; x_wconf 89' lang='lat' dir='ltr'>ad</span> <span class='ocrx_word' id='word_1_548' title='bbox 2901 3853 3094 3910; x_wconf 88' lang='lat' dir='ltr'>Sancti</span> <span class='ocrx_word' id='word_1_549' title='bbox 3128 3853 3278 3909; x_wconf 88' lang='lat' dir='ltr'>Flori</span> <span class='ocrx_word' id='word_1_550' title='bbox 3311 3853 3592 3926; x_wconf 83' lang='lat' dir='ltr'>oppidum</span> 
     </span>
    </p>
   </div>
   <div class='ocr_carea' id='block_1_87' title="bbox 1942 3941 3593 4020">
    <p class='ocr_par' dir='ltr' id='par_1_87' title="bbox 1942 3941 3593 4020">
     <span class='ocr_line' id='line_1_89' title="bbox 1942 3941 3593 4020; baseline -0.002 -16"><span class='ocrx_word' id='word_1_551' title='bbox 1942 3965 1976 4004; x_wconf 89' lang='lat' dir='ltr'>a</span> <span class='ocrx_word' id='word_1_552' title='bbox 2006 3948 2302 4020; x_wconf 90' lang='lat' dir='ltr'>Stephano</span> <span class='ocrx_word' id='word_1_553' title='bbox 2333 3947 2599 4018; x_wconf 90' lang='lat' dir='ltr'>ejusdem</span> <span class='ocrx_word' id='word_1_554' title='bbox 2630 3946 2741 4002; x_wconf 90' lang='lat' dir='ltr'>loci</span> <span class='ocrx_word' id='word_1_555' title='bbox 2757 3941 3593 4018; x_wconf 88' lang='lat' dir='ltr'>prioreordinisCluniacensis</span> 
     </span>
    </p>
   </div>
   <div class='ocr_carea' id='block_1_88' title="bbox 1941 4029 3587 4107">
    <p class='ocr_par' dir='ltr' id='par_1_88' title="bbox 1941 4029 3587 4107">
     <span class='ocr_line' id='line_1_90' title="bbox 1941 4029 3587 4107; baseline -0.004 -15"><span class='ocrx_word' id='word_1_556' title='bbox 1941 4037 2222 4092; x_wconf 90' lang='lat' dir='ltr'>invitatus</span> <span class='ocrx_word' id='word_1_557' title='bbox 2251 4036 2516 4100; x_wconf 86' lang='lat' dir='ltr'>accessit,</span> <span class='ocrx_word' id='word_1_558' title='bbox 2549 4035 2767 4107; x_wconf 87' lang='lat' dir='ltr'>ibique,</span> <span class='ocrx_word' id='word_1_559' title='bbox 2819 4039 2884 4088; x_wconf 92' lang='lat' dir='ltr'>ut</span> <span class='ocrx_word' id='word_1_560' title='bbox 2931 4032 3108 4088; x_wconf 92' lang='lat' dir='ltr'>habet</span> <span class='ocrx_word' id='word_1_561' title='bbox 3137 4034 3304 4086; x_wconf 90' lang='lat' dir='ltr'>vetus</span> <span class='ocrx_word' id='word_1_562' title='bbox 3357 4029 3587 4097; x_wconf 89' lang='lat' dir='ltr'>notitia,</span> 
     </span>
    </p>
   </div>
   <div class='ocr_carea' id='block_1_89' title="bbox 1940 4117 3588 4194">
    <p class='ocr_par' dir='ltr' id='par_1_89' title="bbox 1940 4117 3588 4194">
     <span class='ocr_line' id='line_1_91' title="bbox 1940 4117 3588 4194; baseline -0.003 -14"><span class='ocrx_word' id='word_1_563' title='bbox 1940 4125 2096 4180; x_wconf 86' lang='lat' dir='ltr'>edita</span> <span class='ocrx_word' id='word_1_564' title='bbox 2126 4141 2160 4180; x_wconf 89' lang='lat' dir='ltr'>a</span> <span class='ocrx_word' id='word_1_565' title='bbox 2212 4121 2548 4180; x_wconf 88' lang='lat' dir='ltr'>Mabillonio</span> <span class='ocrx_word' id='word_1_566' title='bbox 2578 4122 2638 4177; x_wconf 92' lang='lat' dir='ltr'>in</span> <span class='ocrx_word' id='word_1_567' title='bbox 2696 4121 3016 4194; x_wconf 88' lang='lat' dir='ltr'>appendice</span> <span class='ocrx_word' id='word_1_568' title='bbox 3065 4118 3207 4174; x_wconf 90' lang='lat' dir='ltr'>tomi</span> <span class='ocrx_word' id='word_1_569' title='bbox 3256 4117 3332 4173; x_wconf 88' lang='lat' dir='ltr'><strong>VI</strong></span> <span class='ocrx_word' id='word_1_570' title='bbox 3379 4117 3588 4176; x_wconf 78' lang='lat' dir='ltr'>Annal.</span> 
     </span>
    </p>
   </div>
   <div class='ocr_carea' id='block_1_90' title="bbox 1940 4207 3591 4278">
    <p class='ocr_par' dir='ltr' id='par_1_90' title="bbox 1940 4207 3591 4278">
     <span class='ocr_line' id='line_1_92' title="bbox 1940 4207 3591 4278; baseline -0.004 -8"><span class='ocrx_word' id='word_1_571' title='bbox 1940 4211 2471 4278; x_wconf 86' lang='lat' dir='ltr'>Benedictinorum,</span> <span class='ocrx_word' id='word_1_572' title='bbox 2505 4227 2670 4266; x_wconf 91' lang='lat' dir='ltr'>num.</span> <span class='ocrx_word' id='word_1_573' title='bbox 2693 4211 2784 4276; x_wconf 83' lang='lat'>25,</span> <span class='ocrx_word' id='word_1_574' title='bbox 2806 4207 3113 4266; x_wconf 89' lang='lat' dir='ltr'>ecclesiam</span> <span class='ocrx_word' id='word_1_575' title='bbox 3139 4207 3333 4263; x_wconf 85' lang='lat' dir='ltr'>Sancti</span> <span class='ocrx_word' id='word_1_576' title='bbox 3354 4207 3591 4264; x_wconf 82' lang='lat' dir='ltr'>Martini</span> 
     </span>
    </p>
   </div>
   <div class='ocr_carea' id='block_1_91' title="bbox 1939 4295 3590 4374">
    <p class='ocr_par' dir='ltr' id='par_1_91' title="bbox 1939 4295 3590 4374">
     <span class='ocr_line' id='line_1_93' title="bbox 1939 4295 3590 4374; baseline -0.002 -16"><span class='ocrx_word' id='word_1_577' title='bbox 1939 4302 2009 4358; x_wconf 89' lang='lat' dir='ltr'>de</span> <span class='ocrx_word' id='word_1_578' title='bbox 2065 4299 2519 4374; x_wconf 85' lang='lat' dir='ltr'>Aquis-Calidis,</span> <span class='ocrx_word' id='word_1_579' title='bbox 2580 4315 2708 4372; x_wconf 70' lang='lat' dir='ltr'>quas</span> <span class='ocrx_word' id='word_1_580' title='bbox 2752 4297 2814 4354; x_wconf 90' lang='lat' dir='ltr'>in</span> <span class='ocrx_word' id='word_1_581' title='bbox 2861 4297 3086 4354; x_wconf 90' lang='lat' dir='ltr'>conciio</span> <span class='ocrx_word' id='word_1_582' title='bbox 3141 4295 3590 4354; x_wconf 87' lang='lat' dir='ltr'>Claromontano</span> 
     </span>
    </p>
   </div>
   <div class='ocr_carea' id='block_1_92' title="bbox 1939 4383 3594 4458">
    <p class='ocr_par' dir='ltr' id='par_1_92' title="bbox 1939 4383 3594 4458">
     <span class='ocr_line' id='line_1_94' title="bbox 1939 4383 3594 4458; baseline -0.002 -12"><span class='ocrx_word' id='word_1_583' title='bbox 1939 4389 2244 4447; x_wconf 88' lang='lat' dir='ltr'>monachis</span> <span class='ocrx_word' id='word_1_584' title='bbox 2270 4387 2464 4445; x_wconf 87' lang='lat' dir='ltr'>Sancti</span> <span class='ocrx_word' id='word_1_585' title='bbox 2497 4387 2648 4445; x_wconf 85' lang='lat' dir='ltr'>Flori</span> <span class='ocrx_word' id='word_1_586' title='bbox 2680 4390 2881 4443; x_wconf 87' lang='lat' dir='ltr'>contra</span> <span class='ocrx_word' id='word_1_587' title='bbox 2902 4385 3187 4458; x_wconf 89' lang='lat' dir='ltr'>quosdam</span> <span class='ocrx_word' id='word_1_588' title='bbox 3210 4385 3336 4455; x_wconf 87' lang='lat' dir='ltr'>ejus</span> <span class='ocrx_word' id='word_1_589' title='bbox 3367 4383 3594 4442; x_wconf 85' lang='lat' dir='ltr'>invaso-</span> 
     </span>
    </p>
   </div>
   <div class='ocr_carea' id='block_1_93' title="bbox 1940 4473 3591 4548">
    <p class='ocr_par' dir='ltr' id='par_1_93' title="bbox 1940 4473 3591 4548">
     <span class='ocr_line' id='line_1_95' title="bbox 1940 4473 3591 4548; baseline -0.004 -12"><span class='ocrx_word' id='word_1_590' title='bbox 1940 4497 2032 4536; x_wconf 86' lang='lat' dir='ltr'>res</span> <span class='ocrx_word' id='word_1_591' title='bbox 2073 4482 2299 4535; x_wconf 85' lang='lat' dir='ltr'>asserta</span> <span class='ocrx_word' id='word_1_592' title='bbox 2355 4478 2564 4544; x_wconf 85' lang='lat' dir='ltr'>fuerat,</span> <span class='ocrx_word' id='word_1_593' title='bbox 2626 4476 2828 4533; x_wconf 83' lang='lat' dir='ltr'>eisdem</span> <span class='ocrx_word' id='word_1_594' title='bbox 2875 4481 3130 4548; x_wconf 77' lang='lat' dir='ltr'>perpetuo</span> <span class='ocrx_word' id='word_1_595' title='bbox 3185 4473 3492 4530; x_wconf 80' lang='lat' dir='ltr'>habendam</span> <span class='ocrx_word' id='word_1_596' title='bbox 3539 4483 3591 4531; x_wconf 80' lang='lat' dir='ltr'>cl</span> 
     </span>
    </p>
   </div>
   <div class='ocr_carea' id='block_1_94' title="bbox 169 4562 3593 4642">
    <p class='ocr_par' dir='ltr' id='par_1_94' title="bbox 169 4562 3593 4642">
     <span class='ocr_line' id='line_1_96' title="bbox 169 4562 3593 4642; baseline -0 -21"><span class='ocrx_word' id='word_1_597' title='bbox 169 4566 307 4634; x_wconf 80' lang='lat' dir='ltr'>cilii,</span> <span class='ocrx_word' id='word_1_598' title='bbox 338 4566 556 4624; x_wconf 84' lang='lat' dir='ltr'>saltem</span> <span class='ocrx_word' id='word_1_599' title='bbox 587 4566 658 4621; x_wconf 86' lang='lat' dir='ltr'>ad</span> <span class='ocrx_word' id='word_1_600' title='bbox 690 4581 787 4622; x_wconf 90' lang='lat' dir='ltr'>eos</span> <span class='ocrx_word' id='word_1_601' title='bbox 820 4566 920 4637; x_wconf 92' lang='lat' dir='ltr'>qui</span> <span class='ocrx_word' id='word_1_602' title='bbox 949 4569 1326 4624; x_wconf 68' lang='lat' dir='ltr'>excusatorias</span> <span class='ocrx_word' id='word_1_603' title='bbox 1355 4566 1657 4624; x_wconf 88' lang='lat' dir='ltr'>miserant.</span> <span class='ocrx_word' id='word_1_604' title='bbox 1682 4569 1826 4626; x_wconf 90' lang='lat' dir='ltr'>Nam</span> <span class='ocrx_word' id='word_1_605' title='bbox 1858 4567 1910 4642; x_wconf 73' lang='grc' dir='ltr'>ι)</span> <span class='ocrx_word' id='word_1_606' title='bbox 1931 4568 2314 4642; x_wconf 73' lang='lat' dir='ltr'>possidendam</span> <span class='ocrx_word' id='word_1_607' title='bbox 2377 4569 2541 4638; x_wconf 80' lang='lat' dir='ltr'>ﬁrma</span> <span class='ocrx_word' id='word_1_608' title='bbox 2595 4567 2932 4622; x_wconf 73' lang='lat' dir='ltr'>concessione</span> <span class='ocrx_word' id='word_1_609' title='bbox 2986 4564 3226 4633; x_wconf 78' lang='lat' dir='ltr'>donavit,</span> <span class='ocrx_word' id='word_1_610' title='bbox 3285 4566 3338 4618; x_wconf 78' lang='lat' dir='ltr'>ct</span> <span class='ocrx_word' id='word_1_611' title='bbox 3387 4562 3593 4620; x_wconf 75' lang='lat' dir='ltr'>donum</span> 
     </span>
    </p>
   </div>
   <div class='ocr_carea' id='block_1_95' title="bbox 169 4644 1826 4728">
    <p class='ocr_par' dir='ltr' id='par_1_95' title="bbox 169 4644 1826 4728">
     <span class='ocr_line' id='line_1_97' title="bbox 169 4644 1826 4728; baseline 0.001 -16"><span class='ocrx_word' id='word_1_612' title='bbox 169 4672 301 4712; x_wconf 84' lang='lat' dir='ltr'>cum</span> <span class='ocrx_word' id='word_1_613' title='bbox 329 4655 459 4712; x_wconf 88' lang='lat' dir='ltr'>Odo</span> <span class='ocrx_word' id='word_1_614' title='bbox 483 4658 543 4711; x_wconf 83' lang='lat' dir='ltr'>et</span> <span class='ocrx_word' id='word_1_615' title='bbox 571 4653 670 4710; x_wconf 86' lang='lat' dir='ltr'>alii</span> <span class='ocrx_word' id='word_1_616' title='bbox 694 4653 1136 4713; x_wconf 78' lang='lat' dir='ltr'>Northmanniaa</span> <span class='ocrx_word' id='word_1_617' title='bbox 1164 4644 1454 4728; x_wconf 67' lang='lat' dir='ltr'>&#39;praesules</span> <span class='ocrx_word' id='word_1_618' title='bbox 1499 4673 1632 4716; x_wconf 88' lang='lat' dir='ltr'>cum</span> <span class='ocrx_word' id='word_1_619' title='bbox 1663 4674 1826 4714; x_wconf 74' lang='lat' dir='ltr'>excu-</span> 
     </span>
    </p>
   </div>
   <div class='ocr_carea' id='block_1_96' title="bbox 169 4743 1820 4818">
    <p class='ocr_par' dir='ltr' id='par_1_96' title="bbox 169 4743 1820 4818">
     <span class='ocr_line' id='line_1_98' title="bbox 169 4743 1820 4818; baseline 0.003 -20"><span class='ocrx_word' id='word_1_620' title='bbox 169 4746 388 4801; x_wconf 64' lang='lat' dir='ltr'>ssam-iis</span> <span class='ocrx_word' id='word_1_621' title='bbox 420 4743 670 4816; x_wconf 76' lang='lat' dir='ltr'>apicibus</span> <span class='ocrx_word' id='word_1_622' title='bbox 699 4743 1259 4816; x_wconf 89' lang='lat' dir='ltr'>comprovincialum</span> <span class='ocrx_word' id='word_1_623' title='bbox 1290 4747 1512 4818; x_wconf 87' lang='lat' dir='ltr'>synodo</span> <span class='ocrx_word' id='word_1_624' title='bbox 1545 4745 1820 4804; x_wconf 86' lang='lat' dir='ltr'>interfue-</span> 
     </span>
    </p>
   </div>
   <div class='ocr_carea' id='block_1_97' title="bbox 169 4831 1822 4906">
    <p class='ocr_par' dir='ltr' id='par_1_97' title="bbox 169 4831 1822 4906">
     <span class='ocr_line' id='line_1_99' title="bbox 169 4831 1822 4906; baseline 0.001 -17"><span class='ocrx_word' id='word_1_625' title='bbox 169 4837 324 4900; x_wconf 77' lang='lat' dir='ltr'>rant,</span> <span class='ocrx_word' id='word_1_626' title='bbox 353 4848 477 4890; x_wconf 75' lang='lat' dir='ltr'>cum</span> <span class='ocrx_word' id='word_1_627' title='bbox 523 4831 892 4888; x_wconf 78' lang='lat' dir='ltr'>benedictione</span> <span class='ocrx_word' id='word_1_628' title='bbox 938 4833 1232 4904; x_wconf 81' lang='lat' dir='ltr'>apostolica</span> <span class='ocrx_word' id='word_1_629' title='bbox 1259 4837 1490 4905; x_wconf 78' lang='lat' dir='ltr'>regressi</span> <span class='ocrx_word' id='word_1_630' title='bbox 1537 4835 1822 4906; x_wconf 80' lang='lat' dir='ltr'>synodalcs</span> 
     </span>
    </p>
   </div>
   <div class='ocr_carea' id='block_1_98' title="bbox 171 4920 1287 4994">
    <p class='ocr_par' dir='ltr' id='par_1_98' title="bbox 171 4920 1287 4994">
     <span class='ocr_line' id='line_1_100' title="bbox 171 4920 1287 4994; baseline 0 -19"><span class='ocrx_word' id='word_1_631' title='bbox 171 4921 430 4994; x_wconf 69' lang='lat' dir='ltr'>epistolas</span> <span class='ocrx_word' id='word_1_632' title='bbox 457 4923 783 4993; x_wconf 74' lang='lat' dir='ltr'>cccpiscOpis</span> <span class='ocrx_word' id='word_1_633' title='bbox 809 4923 924 4976; x_wconf 86' lang='lat' dir='ltr'>suis</span> <span class='ocrx_word' id='word_1_634' title='bbox 953 4920 1287 4978; x_wconf 78' lang='lat' dir='ltr'>detulerunt.</span> 
     </span>
    </p>
   </div>
   <div class='ocr_carea' id='block_1_99' title="bbox 240 5008 1748 5069">
    <p class='ocr_par' dir='ltr' id='par_1_99' title="bbox 240 5008 1748 5069">
     <span class='ocr_line' id='line_1_101' title="bbox 240 5008 1748 5069; baseline 0.002 -3"><span class='ocrx_word' id='word_1_635' title='bbox 240 5008 491 5066; x_wconf 69' lang='lat' dir='ltr'><strong>CCXXX.</strong></span> <span class='ocrx_word' id='word_1_636' title='bbox 525 5009 776 5068; x_wconf 80' lang='lat' dir='ltr'>Urbanus</span> <span class='ocrx_word' id='word_1_637' title='bbox 807 5009 1182 5066; x_wconf 80' lang='lat' dir='ltr'>Cclsinianam</span> <span class='ocrx_word' id='word_1_638' title='bbox 1209 5011 1491 5066; x_wconf 77' lang='lat' dir='ltr'>ecclesiam</span> <span class='ocrx_word' id='word_1_639' title='bbox 1516 5011 1748 5069; x_wconf 82' lang='lat' dir='ltr'>dedicat.</span> 
     </span>
    </p>
   </div>
   <div class='ocr_carea' id='block_1_100' title="bbox 242 5097 1819 5158">
    <p class='ocr_par' dir='ltr' id='par_1_100' title="bbox 242 5097 1819 5158">
     <span class='ocr_line' id='line_1_102' title="bbox 242 5097 1819 5158; baseline 0.002 -3"><span class='ocrx_word' id='word_1_640' title='bbox 242 5097 503 5155; x_wconf 83' lang='lat' dir='ltr'>Dimisso</span> <span class='ocrx_word' id='word_1_641' title='bbox 531 5097 770 5156; x_wconf 82' lang='lat' dir='ltr'>tandem</span> <span class='ocrx_word' id='word_1_642' title='bbox 799 5097 1071 5154; x_wconf 88' lang='lat' dir='ltr'>Urbanus</span> <span class='ocrx_word' id='word_1_643' title='bbox 1101 5097 1468 5155; x_wconf 89' lang='lat' dir='ltr'>Claromonte</span> <span class='ocrx_word' id='word_1_644' title='bbox 1494 5101 1686 5157; x_wconf 87' lang='lat' dir='ltr'>varias</span> <span class='ocrx_word' id='word_1_645' title='bbox 1731 5120 1819 5158; x_wconf 89' lang='lat' dir='ltr'>re-</span> 
     </span>
    </p>
   </div>
   <div class='ocr_carea' id='block_1_101' title="bbox 175 5186 1823 5262">
    <p class='ocr_par' dir='ltr' id='par_1_101' title="bbox 175 5186 1823 5262">
     <span class='ocr_line' id='line_1_103' title="bbox 175 5186 1823 5262; baseline 0.002 -19"><span class='ocrx_word' id='word_1_646' title='bbox 175 5187 400 5260; x_wconf 83' lang='lat' dir='ltr'>giones,</span> <span class='ocrx_word' id='word_1_647' title='bbox 433 5191 497 5244; x_wconf 86' lang='lat' dir='ltr'>ut</span> <span class='ocrx_word' id='word_1_648' title='bbox 525 5190 660 5244; x_wconf 88' lang='lat' dir='ltr'>ante</span> <span class='ocrx_word' id='word_1_649' title='bbox 715 5186 1032 5243; x_wconf 86' lang='lat' dir='ltr'>concilium</span> <span class='ocrx_word' id='word_1_650' title='bbox 1091 5187 1323 5255; x_wconf 79' lang='lat' dir='ltr'>fecerat,</span> <span class='ocrx_word' id='word_1_651' title='bbox 1377 5189 1724 5262; x_wconf 87' lang='lat' dir='ltr'>peragravit,</span> <span class='ocrx_word' id='word_1_652' title='bbox 1763 5190 1823 5246; x_wconf 93' lang='lat' dir='ltr'>in</span> 
     </span>
    </p>
   </div>
   <div class='ocr_carea' id='block_1_102' title="bbox 177 5275 1823 5350">
    <p class='ocr_par' dir='ltr' id='par_1_102' title="bbox 177 5275 1823 5350">
     <span class='ocr_line' id='line_1_104' title="bbox 177 5275 1823 5350; baseline 0.004 -20"><span class='ocrx_word' id='word_1_653' title='bbox 177 5276 393 5347; x_wconf 81' lang='lat' dir='ltr'>quibus</span> <span class='ocrx_word' id='word_1_654' title='bbox 414 5276 694 5336; x_wconf 84' lang='lat' dir='ltr'>ecclesias</span> <span class='ocrx_word' id='word_1_655' title='bbox 722 5279 781 5334; x_wconf 86' lang='lat' dir='ltr'>et</span> <span class='ocrx_word' id='word_1_656' title='bbox 803 5275 1159 5334; x_wconf 86' lang='lat' dir='ltr'>monasteria</span> <span class='ocrx_word' id='word_1_657' title='bbox 1187 5275 1411 5349; x_wconf 86' lang='lat' dir='ltr'>passim</span> <span class='ocrx_word' id='word_1_658' title='bbox 1443 5279 1823 5350; x_wconf 88' lang='lat' dir='ltr'>consecravit,</span> 
     </span>
    </p>
   </div>
   <div class='ocr_carea' id='block_1_103' title="bbox 177 5364 1823 5440">
    <p class='ocr_par' dir='ltr' id='par_1_103' title="bbox 177 5364 1823 5440">
     <span class='ocr_line' id='line_1_105' title="bbox 177 5364 1823 5440; baseline 0.004 -20"><span class='ocrx_word' id='word_1_659' title='bbox 177 5364 306 5421; x_wconf 82' lang='lat' dir='ltr'>lites</span> <span class='ocrx_word' id='word_1_660' title='bbox 336 5365 596 5433; x_wconf 78' lang='lat' dir='ltr'>diremit,</span> <span class='ocrx_word' id='word_1_661' title='bbox 654 5364 917 5423; x_wconf 85' lang='lat' dir='ltr'>locorum</span> <span class='ocrx_word' id='word_1_662' title='bbox 974 5381 1278 5423; x_wconf 89' lang='lat' dir='ltr'>sacrorum</span> <span class='ocrx_word' id='word_1_663' title='bbox 1332 5365 1513 5438; x_wconf 88' lang='lat' dir='ltr'>quieti</span> <span class='ocrx_word' id='word_1_664' title='bbox 1551 5368 1823 5440; x_wconf 88' lang='lat' dir='ltr'>providit,</span> 
     </span>
    </p>
   </div>
   <div class='ocr_carea' id='block_1_104' title="bbox 175 5453 1826 5527">
    <p class='ocr_par' dir='ltr' id='par_1_104' title="bbox 175 5453 1826 5527">
     <span class='ocr_line' id='line_1_106' title="bbox 175 5453 1826 5527; baseline 0.004 -18"><span class='ocrx_word' id='word_1_665' title='bbox 175 5453 423 5510; x_wconf 85' lang='lat' dir='ltr'>concilia</span> <span class='ocrx_word' id='word_1_666' title='bbox 473 5455 808 5524; x_wconf 84' lang='lat' dir='ltr'>celebravit,</span> <span class='ocrx_word' id='word_1_667' title='bbox 857 5471 926 5514; x_wconf 89' lang='lat' dir='ltr'>ac</span> <span class='ocrx_word' id='word_1_668' title='bbox 980 5454 1235 5527; x_wconf 89' lang='lat' dir='ltr'>denique</span> <span class='ocrx_word' id='word_1_669' title='bbox 1281 5454 1549 5513; x_wconf 88' lang='lat' dir='ltr'>omnium</span> <span class='ocrx_word' id='word_1_670' title='bbox 1597 5457 1826 5516; x_wconf 87' lang='lat' dir='ltr'>animos</span> 
     </span>
    </p>
   </div>
   <div class='ocr_carea' id='block_1_105' title="bbox 173 5541 1822 5604">
    <p class='ocr_par' dir='ltr' id='par_1_105' title="bbox 173 5541 1822 5604">
     <span class='ocr_line' id='line_1_107' title="bbox 173 5541 1822 5604; baseline 0.004 -7"><span class='ocrx_word' id='word_1_671' title='bbox 173 5541 540 5603; x_wconf 83' lang='lat' dir='ltr'>humanitate</span> <span class='ocrx_word' id='word_1_672' title='bbox 582 5548 641 5602; x_wconf 87' lang='lat' dir='ltr'>et</span> <span class='ocrx_word' id='word_1_673' title='bbox 695 5560 929 5601; x_wconf 89' lang='lat' dir='ltr'>morum</span> <span class='ocrx_word' id='word_1_674' title='bbox 983 5543 1319 5600; x_wconf 90' lang='lat' dir='ltr'>innocentia</span> <span class='ocrx_word' id='word_1_675' title='bbox 1376 5545 1490 5601; x_wconf 86' lang='lat' dir='ltr'>sibi</span> <span class='ocrx_word' id='word_1_676' title='bbox 1548 5546 1822 5604; x_wconf 85' lang='lat' dir='ltr'>devinxit.</span> 
     </span>
    </p>
   </div>
   <div class='ocr_carea' id='block_1_106' title="bbox 171 5631 1827 5707">
    <p class='ocr_par' dir='ltr' id='par_1_106' title="bbox 171 5631 1827 5707">
     <span class='ocr_line' id='line_1_108' title="bbox 171 5631 1827 5707; baseline 0.004 -20"><span class='ocrx_word' id='word_1_677' title='bbox 171 5631 435 5692; x_wconf 69' lang='lat' dir='ltr'>Primum</span> <span class='ocrx_word' id='word_1_678' title='bbox 483 5633 576 5690; x_wconf 86' lang='lat' dir='ltr'>die</span> <span class='ocrx_word' id='word_1_679' title='bbox 631 5633 804 5690; x_wconf 85' lang='lat' dir='ltr'>tertio</span> <span class='ocrx_word' id='word_1_680' title='bbox 865 5632 1203 5690; x_wconf 84' lang='lat' dir='ltr'>Decembris.</span> <span class='ocrx_word' id='word_1_681' title='bbox 1247 5634 1403 5707; x_wconf 86' lang='lat' dir='ltr'>apud</span> <span class='ocrx_word' id='word_1_682' title='bbox 1465 5633 1827 5694; x_wconf 85' lang='lat' dir='ltr'>Celsinianas</span> 
     </span>
    </p>
   </div>
   <div class='ocr_carea' id='block_1_107' title="bbox 1933 4650 3590 4727">
    <p class='ocr_par' dir='ltr' id='par_1_107' title="bbox 1933 4650 3590 4727">
     <span class='ocr_line' id='line_1_109' title="bbox 1933 4650 3590 4727; baseline -0.004 -13"><span class='ocrx_word' id='word_1_683' title='bbox 1933 4657 2075 4714; x_wconf 83' lang='lat' dir='ltr'>illud</span> <span class='ocrx_word' id='word_1_684' title='bbox 2098 4658 2190 4714; x_wconf 85' lang='lat' dir='ltr'>sui</span> <span class='ocrx_word' id='word_1_685' title='bbox 2215 4656 2498 4727; x_wconf 85' lang='lat' dir='ltr'>privilegii</span> <span class='ocrx_word' id='word_1_686' title='bbox 2525 4656 2850 4710; x_wconf 77' lang='lat' dir='ltr'>auctoritate</span> <span class='ocrx_word' id='word_1_687' title='bbox 2878 4654 3145 4724; x_wconf 81' lang='lat' dir='ltr'>ﬁrmavit.</span> <span class='ocrx_word' id='word_1_688' title='bbox 3181 4650 3327 4708; x_wconf 90' lang='lat' dir='ltr'>Illud</span> <span class='ocrx_word' id='word_1_689' title='bbox 3357 4655 3446 4707; x_wconf 89' lang='lat' dir='ltr'>est</span> <span class='ocrx_word' id='word_1_690' title='bbox 3474 4651 3590 4708; x_wconf 87' lang='lat' dir='ltr'>for-</span> 
     </span>
    </p>
   </div>
   <div class='ocr_carea' id='block_1_108' title="bbox 1937 4739 3590 4816">
    <p class='ocr_par' dir='ltr' id='par_1_108' title="bbox 1937 4739 3590 4816">
     <span class='ocr_line' id='line_1_110' title="bbox 1937 4739 3590 4816; baseline -0.003 -15"><span class='ocrx_word' id='word_1_691' title='bbox 1937 4749 2094 4801; x_wconf 85' lang='lat' dir='ltr'>tasse</span> <span class='ocrx_word' id='word_1_692' title='bbox 2123 4743 2517 4816; x_wconf 90' lang='lat' dir='ltr'>privilegium,</span> <span class='ocrx_word' id='word_1_693' title='bbox 2576 4743 2732 4815; x_wconf 89' lang='lat' dir='ltr'>quod</span> <span class='ocrx_word' id='word_1_694' title='bbox 2785 4742 2989 4798; x_wconf 88' lang='lat' dir='ltr'>Petrus</span> <span class='ocrx_word' id='word_1_695' title='bbox 3019 4739 3178 4813; x_wconf 87' lang='lat' dir='ltr'>prior</span> <span class='ocrx_word' id='word_1_696' title='bbox 3230 4743 3284 4796; x_wconf 90' lang='lat' dir='ltr'>et</span> <span class='ocrx_word' id='word_1_697' title='bbox 3321 4739 3590 4810; x_wconf 83' lang='lat' dir='ltr'>ejusdem</span> 
     </span>
    </p>
   </div>
   <div class='ocr_carea' id='block_1_109' title="bbox 1940 4831 3585 4905">
    <p class='ocr_par' dir='ltr' id='par_1_109' title="bbox 1940 4831 3585 4905">
     <span class='ocr_line' id='line_1_111' title="bbox 1940 4831 3585 4905; baseline -0.004 -14"><span class='ocrx_word' id='word_1_698' title='bbox 1940 4833 2048 4892; x_wconf 86' lang='lat' dir='ltr'>loci</span> <span class='ocrx_word' id='word_1_699' title='bbox 2083 4831 2352 4890; x_wconf 89' lang='lat' dir='ltr'>monachi</span> <span class='ocrx_word' id='word_1_700' title='bbox 2367 4837 2482 4904; x_wconf 75' lang='lat' dir='ltr'>[cra</span> <span class='ocrx_word' id='word_1_701' title='bbox 2495 4836 2982 4905; x_wconf 74' lang='lat' dir='ltr'>comumptumpro</span> <span class='ocrx_word' id='word_1_702' title='bbox 2995 4832 3084 4886; x_wconf 87' lang='lat' dir='ltr'>sui</span> <span class='ocrx_word' id='word_1_703' title='bbox 3110 4831 3288 4885; x_wconf 80' lang='lat' dir='ltr'>nimia</span> <span class='ocrx_word' id='word_1_704' title='bbox 3307 4831 3585 4892; x_wconf 74' lang='lat' dir='ltr'>vetustate,</span> 
     </span>
    </p>
   </div>
   <div class='ocr_carea' id='block_1_110' title="bbox 1940 4913 3584 4990">
    <p class='ocr_par' dir='ltr' id='par_1_110' title="bbox 1940 4913 3584 4990">
     <span class='ocr_line' id='line_1_112' title="bbox 1940 4913 3584 4990; baseline -0.005 -9"><span class='ocrx_word' id='word_1_705' title='bbox 1940 4924 2338 4980; x_wconf 87' lang='lat' dir='ltr'>renovandum</span> <span class='ocrx_word' id='word_1_706' title='bbox 2369 4921 2603 4979; x_wconf 89' lang='lat' dir='ltr'>Urbano</span> <span class='ocrx_word' id='word_1_707' title='bbox 2633 4922 2704 4978; x_wconf 87' lang='lat' dir='ltr'>IV</span> <span class='ocrx_word' id='word_1_708' title='bbox 2737 4920 3017 4990; x_wconf 87' lang='lat' dir='ltr'>obtulere,</span> <span class='ocrx_word' id='word_1_709' title='bbox 3070 4923 3136 4974; x_wconf 90' lang='lat' dir='ltr'>ut</span> <span class='ocrx_word' id='word_1_710' title='bbox 3164 4935 3234 4974; x_wconf 81' lang='lat' dir='ltr'>ex</span> <span class='ocrx_word' id='word_1_711' title='bbox 3285 4931 3487 4978; x_wconf 89' lang='lat' dir='ltr'>eorum</span> <span class='ocrx_word' id='word_1_712' title='bbox 3517 4913 3584 4972; x_wconf 89' lang='lat' dir='ltr'>li-</span> 
     </span>
    </p>
   </div>
   <div class='ocr_carea' id='block_1_111' title="bbox 1931 5001 3586 5085">
    <p class='ocr_par' dir='ltr' id='par_1_111' title="bbox 1931 5001 3586 5085">
     <span class='ocr_line' id='line_1_113' title="bbox 1931 5001 3586 5085; baseline -0.007 -15"><span class='ocrx_word' id='word_1_713' title='bbox 1931 5012 2082 5070; x_wconf 90' lang='lat' dir='ltr'>bello</span> <span class='ocrx_word' id='word_1_714' title='bbox 2115 5009 2367 5085; x_wconf 86' lang='lat' dir='ltr'>supplici</span> <span class='ocrx_word' id='word_1_715' title='bbox 2397 5009 2722 5068; x_wconf 82' lang='lat' dir='ltr'>observavit</span> <span class='ocrx_word' id='word_1_716' title='bbox 2741 5012 2831 5066; x_wconf 88' lang='lat' dir='ltr'>vir</span> <span class='ocrx_word' id='word_1_717' title='bbox 2849 5009 2922 5066; x_wconf 92' lang='lat' dir='ltr'>cl.</span> <span class='ocrx_word' id='word_1_718' title='bbox 2953 5007 3282 5080; x_wconf 88' lang='lat' dir='ltr'>Stephanus</span> <span class='ocrx_word' id='word_1_719' title='bbox 3313 5001 3586 5060; x_wconf 81' lang='lat' dir='ltr'>Baluzius</span> 
     </span>
    </p>
   </div>
   <div class='ocr_carea' id='block_1_112' title="bbox 1931 5089 3584 5174">
    <p class='ocr_par' dir='ltr' id='par_1_112' title="bbox 1931 5089 3584 5174">
     <span class='ocr_line' id='line_1_114' title="bbox 1931 5089 3584 5174; baseline -0.005 -15"><span class='ocrx_word' id='word_1_720' title='bbox 1931 5104 1991 5160; x_wconf 91' lang='lat' dir='ltr'>in</span> <span class='ocrx_word' id='word_1_721' title='bbox 2022 5102 2179 5158; x_wconf 90' lang='lat' dir='ltr'>notis</span> <span class='ocrx_word' id='word_1_722' title='bbox 2200 5102 2274 5157; x_wconf 90' lang='lat' dir='ltr'>ad</span> <span class='ocrx_word' id='word_1_723' title='bbox 2299 5101 2466 5156; x_wconf 85' lang='lat' dir='ltr'>Vitas</span> <span class='ocrx_word' id='word_1_724' title='bbox 2486 5102 2622 5174; x_wconf 90' lang='lat' dir='ltr'>Pap.</span> <span class='ocrx_word' id='word_1_725' title='bbox 2656 5101 2958 5160; x_wconf 79' lang='lat' dir='ltr'>Avenion..</span> <span class='ocrx_word' id='word_1_726' title='bbox 2984 5113 3116 5170; x_wconf 90' lang='lat' dir='ltr'>pag.</span> <span class='ocrx_word' id='word_1_727' title='bbox 3149 5095 3275 5149; x_wconf 80' lang='grc'>740.</span> <span class='ocrx_word' id='word_1_728' title='bbox 3307 5089 3584 5151; x_wconf 81' lang='lat' dir='ltr'>Neutrius</span> 
     </span>
    </p>
   </div>
   <div class='ocr_carea' id='block_1_113' title="bbox 1934 5180 3588 5263">
    <p class='ocr_par' dir='ltr' id='par_1_113' title="bbox 1934 5180 3588 5263">
     <span class='ocr_line' id='line_1_115' title="bbox 1934 5180 3588 5263; baseline -0.004 -17"><span class='ocrx_word' id='word_1_729' title='bbox 1934 5189 2265 5263; x_wconf 85' lang='lat' dir='ltr'>exemplum</span> <span class='ocrx_word' id='word_1_730' title='bbox 2296 5188 2709 5244; x_wconf 90' lang='lat' dir='ltr'>haberelicuit.</span> <span class='ocrx_word' id='word_1_731' title='bbox 2729 5189 2892 5244; x_wconf 89' lang='lat' dir='ltr'>Tunc</span> <span class='ocrx_word' id='word_1_732' title='bbox 2911 5190 3104 5242; x_wconf 89' lang='lat' dir='ltr'>autem</span> <span class='ocrx_word' id='word_1_733' title='bbox 3134 5180 3588 5256; x_wconf 84' lang='lat' dir='ltr'>pontifex,comi-</span> 
     </span>
    </p>
   </div>
   <div class='ocr_carea' id='block_1_114' title="bbox 1934 5269 3584 5350">
    <p class='ocr_par' dir='ltr' id='par_1_114' title="bbox 1934 5269 3584 5350">
     <span class='ocr_line' id='line_1_116' title="bbox 1934 5269 3584 5350; baseline -0.004 -14"><span class='ocrx_word' id='word_1_734' title='bbox 1934 5287 2080 5336; x_wconf 72' lang='lat' dir='ltr'>tante</span> <span class='ocrx_word' id='word_1_735' title='bbox 2107 5294 2260 5335; x_wconf 86' lang='lat' dir='ltr'>sacro</span> <span class='ocrx_word' id='word_1_736' title='bbox 2277 5276 3207 5350; x_wconf 79' lang='lat' dir='ltr'>cardinaliumcollcgio,utveteres</span> <span class='ocrx_word' id='word_1_737' title='bbox 3228 5269 3339 5328; x_wconf 91' lang='lat' dir='ltr'>loci</span> <span class='ocrx_word' id='word_1_738' title='bbox 3355 5269 3584 5330; x_wconf 67' lang='lat' dir='ltr'>schedia</span> 
     </span>
    </p>
   </div>
   <div class='ocr_carea' id='block_1_115' title="bbox 1933 5360 3581 5434">
    <p class='ocr_par' dir='ltr' id='par_1_115' title="bbox 1933 5360 3581 5434">
     <span class='ocr_line' id='line_1_117' title="bbox 1933 5360 3581 5434; baseline -0.004 -9"><span class='ocrx_word' id='word_1_739' title='bbox 1933 5369 2212 5434; x_wconf 87' lang='lat' dir='ltr'>referunt,</span> <span class='ocrx_word' id='word_1_740' title='bbox 2245 5367 2532 5423; x_wconf 81' lang='lat' dir='ltr'>basilicam</span> <span class='ocrx_word' id='word_1_741' title='bbox 2559 5383 2588 5424; x_wconf 85' lang='lat' dir='ltr'>c</span> <span class='ocrx_word' id='word_1_742' title='bbox 2634 5383 2770 5423; x_wconf 72' lang='lat' dir='ltr'>uoco</span> <span class='ocrx_word' id='word_1_743' title='bbox 2822 5366 3160 5422; x_wconf 68' lang='lat' dir='ltr'>exstructam</span> <span class='ocrx_word' id='word_1_744' title='bbox 3211 5360 3482 5419; x_wconf 75' lang='lat' dir='ltr'>dedicavit</span> <span class='ocrx_word' id='word_1_745' title='bbox 3516 5365 3581 5418; x_wconf 85' lang='grc' dir='ltr'><em>Β.</em></span> 
     </span>
    </p>
   </div>
   <div class='ocr_carea' id='block_1_116' title="bbox 1931 5450 3586 5530">
    <p class='ocr_par' dir='ltr' id='par_1_116' title="bbox 1931 5450 3586 5530">
     <span class='ocr_line' id='line_1_118' title="bbox 1931 5450 3586 5530; baseline -0.002 -18"><span class='ocrx_word' id='word_1_746' title='bbox 1931 5457 2248 5530; x_wconf 80' lang='lat' dir='ltr'>confessoris</span> <span class='ocrx_word' id='word_1_747' title='bbox 2301 5457 2471 5524; x_wconf 82' lang='lat' dir='ltr'>Flori,</span> <span class='ocrx_word' id='word_1_748' title='bbox 2528 5456 2750 5527; x_wconf 70' lang='lat' dir='ltr'>ejusque</span> <span class='ocrx_word' id='word_1_749' title='bbox 2813 5454 3069 5526; x_wconf 62' lang='lat' dir='ltr'>reliquiae</span> <span class='ocrx_word' id='word_1_750' title='bbox 3120 5454 3242 5524; x_wconf 81' lang='lat' dir='ltr'>post</span> <span class='ocrx_word' id='word_1_751' title='bbox 3296 5450 3471 5508; x_wconf 75' lang='lat' dir='ltr'>altare</span> <span class='ocrx_word' id='word_1_752' title='bbox 3523 5453 3586 5508; x_wconf 79' lang='lat' dir='ltr'>in</span> 
     </span>
    </p>
   </div>
   <div class='ocr_carea' id='block_1_117' title="bbox 1934 5539 3584 5618">
    <p class='ocr_par' dir='ltr' id='par_1_117' title="bbox 1934 5539 3584 5618">
     <span class='ocr_line' id='line_1_119' title="bbox 1934 5539 3584 5618; baseline -0.004 -15"><span class='ocrx_word' id='word_1_753' title='bbox 1934 5547 2044 5604; x_wconf 88' lang='lat' dir='ltr'>loco</span> <span class='ocrx_word' id='word_1_754' title='bbox 2075 5546 2342 5603; x_wconf 71' lang='lat' dir='ltr'>minenli</span> <span class='ocrx_word' id='word_1_755' title='bbox 2393 5547 2646 5618; x_wconf 77' lang='lat' dir='ltr'>repositae</span> <span class='ocrx_word' id='word_1_756' title='bbox 2672 5546 2798 5599; x_wconf 82' lang='lat' dir='ltr'>sunt</span> <span class='ocrx_word' id='word_1_757' title='bbox 2841 5545 2901 5599; x_wconf 85' lang='lat' dir='ltr'>in</span> <span class='ocrx_word' id='word_1_758' title='bbox 2955 5540 3190 5615; x_wconf 84' lang='lat' dir='ltr'>capsula</span> <span class='ocrx_word' id='word_1_759' title='bbox 3237 5539 3410 5597; x_wconf 81' lang='lat' dir='ltr'>tribus</span> <span class='ocrx_word' id='word_1_760' title='bbox 3445 5541 3584 5596; x_wconf 86' lang='lat' dir='ltr'>seris</span> 
     </span>
    </p>
   </div>
   <div class='ocr_carea' id='block_1_118' title="bbox 1934 5625 3583 5709">
    <p class='ocr_par' dir='ltr' id='par_1_118' title="bbox 1934 5625 3583 5709">
     <span class='ocr_line' id='line_1_120' title="bbox 1934 5625 3583 5709; baseline -0.007 -15"><span class='ocrx_word' id='word_1_761' title='bbox 1934 5638 2124 5704; x_wconf 75' lang='lat' dir='ltr'>clausa</span> <span class='ocrx_word' id='word_1_762' title='bbox 2145 5653 2163 5692; x_wconf 88' lang='lat'><strong><em>:</em></strong></span> <span class='ocrx_word' id='word_1_763' title='bbox 2188 5636 2342 5709; x_wconf 88' lang='lat' dir='ltr'>quod</span> <span class='ocrx_word' id='word_1_764' title='bbox 2374 5635 2469 5693; x_wconf 77' lang='lat' dir='ltr'>die</span> <span class='ocrx_word' id='word_1_765' title='bbox 2497 5636 2534 5689; x_wconf 84' lang='lat'><strong>7</strong></span> <span class='ocrx_word' id='word_1_766' title='bbox 2563 5633 2898 5692; x_wconf 88' lang='lat' dir='ltr'>Decembris</span> <span class='ocrx_word' id='word_1_767' title='bbox 2925 5633 3143 5692; x_wconf 80' lang='lat' dir='ltr'>factum</span> <span class='ocrx_word' id='word_1_768' title='bbox 3192 5630 3374 5696; x_wconf 82' lang='lat' dir='ltr'>fuisse</span> <span class='ocrx_word' id='word_1_769' title='bbox 3419 5625 3583 5687; x_wconf 88' lang='lat' dir='ltr'>colli-</span> 
     </span>
    </p>
   </div>
  </div>
