  <div class='ocr_page' id='page_1' title='image "/cluster/home/n/w/nwhite01/storage/ocr_20150623/151/hvd.32044054760095/099.png"; bbox 0 0 3998 6158; ppageno 0'>
   <div class='ocr_carea' id='block_1_1' title="bbox 402 343 2032 432">
    <p class='ocr_par' dir='ltr' id='par_1_1' title="bbox 402 343 2032 432">
     <span class='ocr_line' id='line_1_1' title="bbox 402 343 2032 432; baseline -0.003 -1"><span class='ocrx_word' id='word_1_1' title='bbox 402 343 519 432; x_wconf 71' lang='grc' dir='ltr'><strong>ιἐτ</strong></span> <span class='ocrx_word' id='word_1_2' title='bbox 1717 367 1788 430; x_wconf 77' lang='lat' dir='ltr'><strong>s.</strong></span> <span class='ocrx_word' id='word_1_3' title='bbox 1836 363 2032 430; x_wconf 71' lang='lat' dir='ltr'><strong>nam</strong></span> 
     </span>
    </p>
   </div>
   <div class='ocr_carea' id='block_1_2' title="bbox 2146 343 3821 432">
    <p class='ocr_par' dir='ltr' id='par_1_2' title="bbox 2172 360 3821 431">
     <span class='ocr_line' id='line_1_2' title="bbox 2172 360 3821 431; baseline -0.002 -2"><span class='ocrx_word' id='word_1_4' title='bbox 2172 363 2225 429; x_wconf 87' lang='lat' dir='ltr'><strong>II</strong></span> <span class='ocrx_word' id='word_1_5' title='bbox 2265 365 2519 431; x_wconf 61' lang='lat' dir='ltr'><strong>PAPzE.</strong></span> <span class='ocrx_word' id='word_1_6' title='bbox 3687 360 3821 427; x_wconf 78' lang='grc'><strong>188-</strong></span> 
     </span>
    </p>
   </div>
   <div class='ocr_carea' id='block_1_3' title="bbox 402 486 3803 579">
    <p class='ocr_par' dir='ltr' id='par_1_3' title="bbox 402 486 3803 579">
     <span class='ocr_line' id='line_1_3' title="bbox 402 486 3803 579; baseline -0.001 -19"><span class='ocrx_word' id='word_1_7' title='bbox 402 501 597 579; x_wconf 85' lang='lat' dir='ltr'><strong>gimus</strong></span> <span class='ocrx_word' id='word_1_8' title='bbox 625 495 1236 576; x_wconf 83' lang='lat' dir='ltr'><strong>exanniversariaejus</strong></span> <span class='ocrx_word' id='word_1_9' title='bbox 1249 495 1631 559; x_wconf 81' lang='lat' dir='ltr'><strong>dedicationis</strong></span> <span class='ocrx_word' id='word_1_10' title='bbox 1654 498 2040 571; x_wconf 79' lang='lat' dir='ltr'><strong>solemnitate,</strong></span> <span class='ocrx_word' id='word_1_11' title='bbox 2072 501 2129 571; x_wconf 82' lang='grc' dir='ltr'><strong>Α</strong></span> <span class='ocrx_word' id='word_1_12' title='bbox 2157 508 2388 577; x_wconf 85' lang='lat' dir='ltr'><strong>s’copus,</strong></span> <span class='ocrx_word' id='word_1_13' title='bbox 2423 486 2524 576; x_wconf 88' lang='lat' dir='ltr'><strong>qui</strong></span> <span class='ocrx_word' id='word_1_14' title='bbox 2556 503 2697 559; x_wconf 88' lang='lat' dir='ltr'><strong>tunc</strong></span> <span class='ocrx_word' id='word_1_15' title='bbox 2726 497 2874 558; x_wconf 82' lang='lat' dir='ltr'><strong>forte</strong></span> <span class='ocrx_word' id='word_1_16' title='bbox 2902 493 3096 557; x_wconf 87' lang='lat' dir='ltr'><strong>adhuc</strong></span> <span class='ocrx_word' id='word_1_17' title='bbox 3117 494 3178 556; x_wconf 89' lang='lat' dir='ltr'><strong>in</strong></span> <span class='ocrx_word' id='word_1_18' title='bbox 3206 496 3500 574; x_wconf 82' lang='lat' dir='ltr'><strong>pontificis</strong></span> <span class='ocrx_word' id='word_1_19' title='bbox 3521 497 3803 556; x_wconf 86' lang='lat' dir='ltr'><strong>comitatu</strong></span> 
     </span>
    </p>
   </div>
   <div class='ocr_carea' id='block_1_4' title="bbox 400 589 2045 668">
    <p class='ocr_par' dir='ltr' id='par_1_4' title="bbox 400 589 2045 668">
     <span class='ocr_line' id='line_1_4' title="bbox 400 589 2045 668; baseline -0.001 -18"><span class='ocrx_word' id='word_1_20' title='bbox 400 611 526 668; x_wconf 68' lang='lat' dir='ltr'><strong>quae</strong></span> <span class='ocrx_word' id='word_1_21' title='bbox 555 592 666 649; x_wconf 90' lang='lat' dir='ltr'><strong>hac</strong></span> <span class='ocrx_word' id='word_1_22' title='bbox 722 591 852 665; x_wconf 89' lang='lat' dir='ltr'><strong>ipsa</strong></span> <span class='ocrx_word' id='word_1_23' title='bbox 897 590 991 648; x_wconf 93' lang='lat' dir='ltr'><strong>die</strong></span> <span class='ocrx_word' id='word_1_24' title='bbox 1039 589 1216 647; x_wconf 89' lang='lat' dir='ltr'><strong>etiam</strong></span> <span class='ocrx_word' id='word_1_25' title='bbox 1263 607 1419 647; x_wconf 87' lang='lat' dir='ltr'><strong>nunc</strong></span> <span class='ocrx_word' id='word_1_26' title='bbox 1450 590 1510 646; x_wconf 91' lang='lat' dir='ltr'><strong>in</strong></span> <span class='ocrx_word' id='word_1_27' title='bbox 1559 590 1663 647; x_wconf 90' lang='lat' dir='ltr'><strong>illa</strong></span> <span class='ocrx_word' id='word_1_28' title='bbox 1716 591 1977 662; x_wconf 90' lang='lat' dir='ltr'><strong>ecclesia,</strong></span> <span class='ocrx_word' id='word_1_29' title='bbox 2011 610 2045 649; x_wconf 80' lang='grc' dir='ltr'><strong>δ,</strong></span> 
     </span>
    </p>
   </div>
   <div class='ocr_carea' id='block_1_5' title="bbox 393 679 2042 753">
    <p class='ocr_par' dir='ltr' id='par_1_5' title="bbox 393 679 2042 753">
     <span class='ocr_line' id='line_1_5' title="bbox 393 679 2042 753; baseline -0.002 -13"><span class='ocrx_word' id='word_1_30' title='bbox 393 683 618 741; x_wconf 82' lang='lat' dir='ltr'><strong>Joanne</strong></span> <span class='ocrx_word' id='word_1_31' title='bbox 629 681 773 737; x_wconf 84' lang='lat' dir='ltr'><strong>XXII</strong></span> <span class='ocrx_word' id='word_1_32' title='bbox 789 681 843 736; x_wconf 90' lang='lat' dir='ltr'><strong>in</strong></span> <span class='ocrx_word' id='word_1_33' title='bbox 861 679 1252 753; x_wconf 83' lang='lat' dir='ltr'><strong>episcopalem</strong></span> <span class='ocrx_word' id='word_1_34' title='bbox 1267 681 1465 736; x_wconf 87' lang='lat' dir='ltr'><strong>sedem</strong></span> <span class='ocrx_word' id='word_1_35' title='bbox 1480 681 2042 747; x_wconf 87' lang='lat' dir='ltr'><strong>erecta,celebratur.</strong></span> 
     </span>
    </p>
   </div>
   <div class='ocr_carea' id='block_1_6' title="bbox 393 769 2046 843">
    <p class='ocr_par' dir='ltr' id='par_1_6' title="bbox 393 769 2046 843">
     <span class='ocr_line' id='line_1_6' title="bbox 393 769 2046 843; baseline -0.002 -14"><span class='ocrx_word' id='word_1_36' title='bbox 393 773 612 829; x_wconf 90' lang='lat' dir='ltr'><strong>Eadem</strong></span> <span class='ocrx_word' id='word_1_37' title='bbox 643 771 736 826; x_wconf 92' lang='lat' dir='ltr'><strong>die</strong></span> <span class='ocrx_word' id='word_1_38' title='bbox 754 770 1134 843; x_wconf 84' lang='lat' dir='ltr'><strong>pontifexduo</strong></span> <span class='ocrx_word' id='word_1_39' title='bbox 1170 769 1468 842; x_wconf 88' lang='lat' dir='ltr'><strong>privilegia</strong></span> <span class='ocrx_word' id='word_1_40' title='bbox 1511 771 1727 826; x_wconf 88' lang='lat' dir='ltr'><strong>ibidem</strong></span> <span class='ocrx_word' id='word_1_41' title='bbox 1761 771 2046 827; x_wconf 81' lang='lat' dir='ltr'><strong>concessit</strong></span> 
     </span>
    </p>
   </div>
   <div class='ocr_carea' id='block_1_7' title="bbox 393 858 2040 936">
    <p class='ocr_par' dir='ltr' id='par_1_7' title="bbox 393 858 2040 936">
     <span class='ocr_line' id='line_1_7' title="bbox 393 858 2040 936; baseline -0.001 -20"><span class='ocrx_word' id='word_1_42' title='bbox 393 862 453 918; x_wconf 92' lang='lat' dir='ltr'><strong>in</strong></span> <span class='ocrx_word' id='word_1_43' title='bbox 485 862 733 936; x_wconf 75' lang='lat' dir='ltr'><strong>gratiam</strong></span> <span class='ocrx_word' id='word_1_44' title='bbox 763 858 1259 926; x_wconf 88' lang='lat' dir='ltr'><strong>Cluniacensium,</strong></span> <span class='ocrx_word' id='word_1_45' title='bbox 1297 875 1479 914; x_wconf 92' lang='lat' dir='ltr'><strong>unum</strong></span> <span class='ocrx_word' id='word_1_46' title='bbox 1502 877 1604 931; x_wconf 90' lang='lat' dir='ltr'><strong>pro</strong></span> <span class='ocrx_word' id='word_1_47' title='bbox 1627 859 2040 916; x_wconf 88' lang='lat' dir='ltr'><strong>sanctimonia-</strong></span> 
     </span>
    </p>
   </div>
   <div class='ocr_carea' id='block_1_8' title="bbox 391 947 2042 1021">
    <p class='ocr_par' dir='ltr' id='par_1_8' title="bbox 391 947 2042 1021">
     <span class='ocr_line' id='line_1_8' title="bbox 391 947 2042 1021; baseline -0.001 -16"><span class='ocrx_word' id='word_1_48' title='bbox 391 950 548 1007; x_wconf 92' lang='lat' dir='ltr'><strong>libus</strong></span> <span class='ocrx_word' id='word_1_49' title='bbox 577 947 1048 1006; x_wconf 88' lang='lat' dir='ltr'><strong>Marciniacensis</strong></span> <span class='ocrx_word' id='word_1_50' title='bbox 1079 948 1462 1004; x_wconf 89' lang='lat' dir='ltr'><strong>Parthenonis</strong></span> <span class='ocrx_word' id='word_1_51' title='bbox 1490 965 1523 1003; x_wconf 90' lang='lat' dir='ltr'><strong>a</strong></span> <span class='ocrx_word' id='word_1_52' title='bbox 1552 952 1752 1005; x_wconf 88' lang='lat' dir='ltr'><strong>sancto</strong></span> <span class='ocrx_word' id='word_1_53' title='bbox 1801 949 2042 1021; x_wconf 89' lang='lat' dir='ltr'><strong>Hugone</strong></span> 
     </span>
    </p>
   </div>
   <div class='ocr_carea' id='block_1_9' title="bbox 392 1036 2037 1109">
    <p class='ocr_par' dir='ltr' id='par_1_9' title="bbox 392 1036 2037 1109">
     <span class='ocr_line' id='line_1_9' title="bbox 392 1036 2037 1109; baseline -0.002 -12"><span class='ocrx_word' id='word_1_54' title='bbox 392 1039 630 1107; x_wconf 91' lang='lat' dir='ltr'><strong>conditi,</strong></span> <span class='ocrx_word' id='word_1_55' title='bbox 677 1036 925 1094; x_wconf 90' lang='lat' dir='ltr'><strong>alterum</strong></span> <span class='ocrx_word' id='word_1_56' title='bbox 984 1053 1086 1109; x_wconf 89' lang='lat' dir='ltr'><strong>pro</strong></span> <span class='ocrx_word' id='word_1_57' title='bbox 1138 1037 1441 1093; x_wconf 86' lang='lat' dir='ltr'><strong>monachis</strong></span> <span class='ocrx_word' id='word_1_58' title='bbox 1488 1037 2037 1106; x_wconf 88' lang='lat' dir='ltr'><strong>Celsiniacensihus,</strong></span> 
     </span>
    </p>
   </div>
   <div class='ocr_carea' id='block_1_10' title="bbox 382 1125 1433 1202">
    <p class='ocr_par' dir='ltr' id='par_1_10' title="bbox 382 1125 1433 1202">
     <span class='ocr_line' id='line_1_10' title="bbox 382 1125 1433 1202; baseline -0.005 -17"><span class='ocrx_word' id='word_1_59' title='bbox 382 1131 509 1202; x_wconf 89' lang='lat' dir='ltr'><strong>jam</strong></span> <span class='ocrx_word' id='word_1_60' title='bbox 543 1126 813 1201; x_wconf 80' lang='lat' dir='ltr'><strong>superius</strong></span> <span class='ocrx_word' id='word_1_61' title='bbox 845 1144 878 1182; x_wconf 92' lang='lat' dir='ltr'><strong>a</strong></span> <span class='ocrx_word' id='word_1_62' title='bbox 908 1127 1078 1182; x_wconf 90' lang='lat' dir='ltr'><strong>nobis</strong></span> <span class='ocrx_word' id='word_1_63' title='bbox 1109 1125 1433 1182; x_wconf 89' lang='lat' dir='ltr'><strong>laudatum.</strong></span> 
     </span>
    </p>
   </div>
   <div class='ocr_carea' id='block_1_11' title="bbox 461 1213 2038 1285">
    <p class='ocr_par' dir='ltr' id='par_1_11' title="bbox 461 1213 2038 1285">
     <span class='ocr_line' id='line_1_11' title="bbox 461 1213 2038 1285; baseline -0.001 -12"><span class='ocrx_word' id='word_1_64' title='bbox 461 1217 600 1284; x_wconf 87' lang='lat' dir='ltr'><strong>Hac,</strong></span> <span class='ocrx_word' id='word_1_65' title='bbox 645 1217 731 1270; x_wconf 92' lang='lat' dir='ltr'><strong>uti</strong></span> <span class='ocrx_word' id='word_1_66' title='bbox 778 1214 1064 1285; x_wconf 84' lang='lat' dir='ltr'><strong>conjicere</strong></span> <span class='ocrx_word' id='word_1_67' title='bbox 1120 1215 1275 1282; x_wconf 89' lang='lat' dir='ltr'><strong>licet,</strong></span> <span class='ocrx_word' id='word_1_68' title='bbox 1311 1213 1636 1282; x_wconf 88' lang='lat' dir='ltr'><strong>occasione,</strong></span> <span class='ocrx_word' id='word_1_69' title='bbox 1687 1214 2038 1281; x_wconf 90' lang='lat' dir='ltr'><strong>Bernardus,</strong></span> 
     </span>
    </p>
   </div>
   <div class='ocr_carea' id='block_1_12' title="bbox 389 1303 2042 1379">
    <p class='ocr_par' dir='ltr' id='par_1_12' title="bbox 389 1303 2042 1379">
     <span class='ocr_line' id='line_1_12' title="bbox 389 1303 2042 1379; baseline -0.002 -17"><span class='ocrx_word' id='word_1_70' title='bbox 389 1306 490 1379; x_wconf 88' lang='lat' dir='ltr'><strong>qui</strong></span> <span class='ocrx_word' id='word_1_71' title='bbox 521 1307 630 1362; x_wconf 89' lang='lat' dir='ltr'><strong>sub</strong></span> <span class='ocrx_word' id='word_1_72' title='bbox 663 1305 958 1378; x_wconf 69' lang='lat' dir='ltr'><strong>praepositi</strong></span> <span class='ocrx_word' id='word_1_73' title='bbox 991 1303 1227 1359; x_wconf 85' lang='lat' dir='ltr'><strong>nomine</strong></span> <span class='ocrx_word' id='word_1_74' title='bbox 1261 1303 1515 1374; x_wconf 88' lang='lat' dir='ltr'><strong>Piperaci</strong></span> <span class='ocrx_word' id='word_1_75' title='bbox 1549 1303 1845 1358; x_wconf 85' lang='lat' dir='ltr'><strong>canonicis</strong></span> <span class='ocrx_word' id='word_1_76' title='bbox 1876 1321 2042 1376; x_wconf 89' lang='lat' dir='ltr'><strong>regu-</strong></span> 
     </span>
    </p>
   </div>
   <div class='ocr_carea' id='block_1_13' title="bbox 386 1391 2038 1467">
    <p class='ocr_par' dir='ltr' id='par_1_13' title="bbox 386 1391 2038 1467">
     <span class='ocr_line' id='line_1_13' title="bbox 386 1391 2038 1467; baseline -0.002 -16"><span class='ocrx_word' id='word_1_77' title='bbox 386 1395 611 1451; x_wconf 82' lang='lat' dir='ltr'><strong>laribus</strong></span> <span class='ocrx_word' id='word_1_78' title='bbox 641 1397 1088 1467; x_wconf 69' lang='lat' dir='ltr'><strong>praeerat,suam</strong></span> <span class='ocrx_word' id='word_1_79' title='bbox 1104 1391 1420 1448; x_wconf 79' lang='lat' dir='ltr'><strong>Ecclesium</strong></span> <span class='ocrx_word' id='word_1_80' title='bbox 1452 1392 1512 1446; x_wconf 92' lang='lat' dir='ltr'><strong>in</strong></span> <span class='ocrx_word' id='word_1_81' title='bbox 1539 1392 1784 1447; x_wconf 70' lang='lat' dir='ltr'><strong>abhatiaa</strong></span> <span class='ocrx_word' id='word_1_82' title='bbox 1799 1392 2038 1448; x_wconf 88' lang='lat' dir='ltr'><strong>titulum</strong></span> 
     </span>
    </p>
   </div>
   <div class='ocr_carea' id='block_1_14' title="bbox 387 1480 2038 1557">
    <p class='ocr_par' dir='ltr' id='par_1_14' title="bbox 387 1480 2038 1557">
     <span class='ocr_line' id='line_1_14' title="bbox 387 1480 2038 1557; baseline -0.002 -16"><span class='ocrx_word' id='word_1_83' title='bbox 387 1483 532 1557; x_wconf 90' lang='lat' dir='ltr'><strong>erigi</strong></span> <span class='ocrx_word' id='word_1_84' title='bbox 563 1483 836 1539; x_wconf 88' lang='lat' dir='ltr'><strong>obtinuit.</strong></span> <span class='ocrx_word' id='word_1_85' title='bbox 853 1482 915 1538; x_wconf 90' lang='lat' dir='ltr'><strong>Id</strong></span> <span class='ocrx_word' id='word_1_86' title='bbox 932 1482 1088 1536; x_wconf 88' lang='lat' dir='ltr'><strong>enim</strong></span> <span class='ocrx_word' id='word_1_87' title='bbox 1120 1482 1192 1536; x_wconf 91' lang='lat' dir='ltr'><strong>ab</strong></span> <span class='ocrx_word' id='word_1_88' title='bbox 1206 1481 1436 1536; x_wconf 90' lang='lat' dir='ltr'><strong>Urbano</strong></span> <span class='ocrx_word' id='word_1_89' title='bbox 1450 1481 1602 1536; x_wconf 91' lang='lat' dir='ltr'><strong>circa</strong></span> <span class='ocrx_word' id='word_1_90' title='bbox 1631 1480 1790 1536; x_wconf 87' lang='lat' dir='ltr'><strong>istud</strong></span> <span class='ocrx_word' id='word_1_91' title='bbox 1804 1484 2038 1553; x_wconf 85' lang='lat' dir='ltr'><strong>tempus</strong></span> 
     </span>
    </p>
   </div>
   <div class='ocr_carea' id='block_1_15' title="bbox 387 1569 2037 1643">
    <p class='ocr_par' dir='ltr' id='par_1_15' title="bbox 387 1569 2037 1643">
     <span class='ocr_line' id='line_1_15' title="bbox 387 1569 2037 1643; baseline -0.002 -13"><span class='ocrx_word' id='word_1_92' title='bbox 387 1575 607 1630; x_wconf 85' lang='lat' dir='ltr'><strong>factum</strong></span> <span class='ocrx_word' id='word_1_93' title='bbox 639 1571 820 1628; x_wconf 84' lang='lat' dir='ltr'><strong>fuisse</strong></span> <span class='ocrx_word' id='word_1_94' title='bbox 852 1571 1076 1639; x_wconf 90' lang='lat' dir='ltr'><strong>ferunt;</strong></span> <span class='ocrx_word' id='word_1_95' title='bbox 1112 1574 1168 1626; x_wconf 90' lang='lat' dir='ltr'><strong>et</strong></span> <span class='ocrx_word' id='word_1_96' title='bbox 1198 1570 1436 1643; x_wconf 88' lang='lat' dir='ltr'><strong>quidem</strong></span> <span class='ocrx_word' id='word_1_97' title='bbox 1487 1569 1829 1642; x_wconf 86' lang='lat' dir='ltr'><strong>Piperacum</strong></span> <span class='ocrx_word' id='word_1_98' title='bbox 1878 1571 2037 1626; x_wconf 88' lang='lat' dir='ltr'><strong>haud</strong></span> 
     </span>
    </p>
   </div>
   <div class='ocr_carea' id='block_1_16' title="bbox 388 1658 2039 1735">
    <p class='ocr_par' dir='ltr' id='par_1_16' title="bbox 388 1658 2039 1735">
     <span class='ocr_line' id='line_1_16' title="bbox 388 1658 2039 1735; baseline -0.002 -17"><span class='ocrx_word' id='word_1_99' title='bbox 388 1662 560 1735; x_wconf 88' lang='lat' dir='ltr'><strong>longe</strong></span> <span class='ocrx_word' id='word_1_100' title='bbox 589 1680 624 1734; x_wconf 85' lang='lat' dir='ltr'><strong>a</strong></span> <span class='ocrx_word' id='word_1_101' title='bbox 654 1662 864 1718; x_wconf 87' lang='lat' dir='ltr'><strong>Sancto</strong></span> <span class='ocrx_word' id='word_1_102' title='bbox 895 1659 1063 1715; x_wconf 89' lang='lat' dir='ltr'><strong>Floro</strong></span> <span class='ocrx_word' id='word_1_103' title='bbox 1094 1658 1370 1715; x_wconf 90' lang='lat' dir='ltr'><strong>dissitum</strong></span> <span class='ocrx_word' id='word_1_104' title='bbox 1401 1661 1526 1726; x_wconf 80' lang='lat' dir='ltr'><strong>est;</strong></span> <span class='ocrx_word' id='word_1_105' title='bbox 1560 1663 1616 1714; x_wconf 93' lang='lat' dir='ltr'><strong>et</strong></span> <span class='ocrx_word' id='word_1_106' title='bbox 1648 1659 1940 1726; x_wconf 87' lang='lat' dir='ltr'><strong>Urbanus,</strong></span> <span class='ocrx_word' id='word_1_107' title='bbox 1975 1665 2039 1715; x_wconf 93' lang='lat' dir='ltr'><strong>ut</strong></span> 
     </span>
    </p>
   </div>
   <div class='ocr_carea' id='block_1_17' title="bbox 387 1747 2035 1821">
    <p class='ocr_par' dir='ltr' id='par_1_17' title="bbox 387 1747 2035 1821">
     <span class='ocr_line' id='line_1_17' title="bbox 387 1747 2035 1821; baseline -0.002 -13"><span class='ocrx_word' id='word_1_108' title='bbox 387 1769 456 1809; x_wconf 81' lang='lat' dir='ltr'><strong>ex</strong></span> <span class='ocrx_word' id='word_1_109' title='bbox 487 1749 757 1807; x_wconf 90' lang='lat' dir='ltr'><strong>Bertoldo</strong></span> <span class='ocrx_word' id='word_1_110' title='bbox 771 1747 1229 1814; x_wconf 85' lang='lat' dir='ltr'><strong>observavimus,</strong></span> <span class='ocrx_word' id='word_1_111' title='bbox 1245 1748 1661 1804; x_wconf 90' lang='lat' dir='ltr'><strong>canonicorum</strong></span> <span class='ocrx_word' id='word_1_112' title='bbox 1676 1747 2035 1821; x_wconf 89' lang='lat' dir='ltr'><strong>regularium</strong></span> 
     </span>
    </p>
   </div>
   <div class='ocr_carea' id='block_1_18' title="bbox 386 1837 2033 1914">
    <p class='ocr_par' dir='ltr' id='par_1_18' title="bbox 386 1837 2033 1914">
     <span class='ocr_line' id='line_1_18' title="bbox 386 1837 2033 1914; baseline -0.002 -18"><span class='ocrx_word' id='word_1_113' title='bbox 386 1839 713 1914; x_wconf 77' lang='lat' dir='ltr'><strong>praepositis</strong></span> <span class='ocrx_word' id='word_1_114' title='bbox 730 1837 1082 1895; x_wconf 88' lang='lat' dir='ltr'><strong>abbatialem</strong></span> <span class='ocrx_word' id='word_1_115' title='bbox 1097 1837 1353 1905; x_wconf 87' lang='lat' dir='ltr'><strong>titulum,</strong></span> <span class='ocrx_word' id='word_1_116' title='bbox 1371 1837 1592 1909; x_wconf 87' lang='lat' dir='ltr'><strong>absque</strong></span> <span class='ocrx_word' id='word_1_117' title='bbox 1620 1842 1816 1893; x_wconf 90' lang='lat' dir='ltr'><strong>tamen</strong></span> <span class='ocrx_word' id='word_1_118' title='bbox 1839 1837 2033 1894; x_wconf 85' lang='lat' dir='ltr'><strong>baculi</strong></span> 
     </span>
    </p>
   </div>
   <div class='ocr_carea' id='block_1_19' title="bbox 387 1925 2038 1998">
    <p class='ocr_par' dir='ltr' id='par_1_19' title="bbox 387 1925 2038 1998">
     <span class='ocr_line' id='line_1_19' title="bbox 387 1925 2038 1998; baseline -0.002 -12"><span class='ocrx_word' id='word_1_119' title='bbox 387 1947 520 1997; x_wconf 82' lang='lat' dir='ltr'><strong>usu,</strong></span> <span class='ocrx_word' id='word_1_120' title='bbox 553 1927 819 1984; x_wconf 90' lang='lat' dir='ltr'><strong>indulsit.</strong></span> <span class='ocrx_word' id='word_1_121' title='bbox 851 1926 1155 1982; x_wconf 88' lang='lat' dir='ltr'><strong>Urbanum</strong></span> <span class='ocrx_word' id='word_1_122' title='bbox 1188 1943 1322 1982; x_wconf 82' lang='lat' dir='ltr'><strong>vero</strong></span> <span class='ocrx_word' id='word_1_123' title='bbox 1354 1925 1698 1998; x_wconf 86' lang='lat' dir='ltr'><strong>aliquandiu</strong></span> <span class='ocrx_word' id='word_1_124' title='bbox 1730 1927 1883 1998; x_wconf 89' lang='lat' dir='ltr'><strong>apud</strong></span> <span class='ocrx_word' id='word_1_125' title='bbox 1907 1943 2038 1983; x_wconf 91' lang='lat' dir='ltr'><strong>san-</strong></span> 
     </span>
    </p>
   </div>
   <div class='ocr_carea' id='block_1_20' title="bbox 387 2015 2034 2088">
    <p class='ocr_par' dir='ltr' id='par_1_20' title="bbox 387 2015 2034 2088">
     <span class='ocr_line' id='line_1_20' title="bbox 387 2015 2034 2088; baseline -0.002 -13"><span class='ocrx_word' id='word_1_126' title='bbox 387 2022 548 2075; x_wconf 86' lang='lat' dir='ltr'><strong>ctum</strong></span> <span class='ocrx_word' id='word_1_127' title='bbox 575 2017 809 2073; x_wconf 88' lang='lat' dir='ltr'><strong>Florum</strong></span> <span class='ocrx_word' id='word_1_128' title='bbox 851 2017 1222 2072; x_wconf 89' lang='lat' dir='ltr'><strong>demoratum</strong></span> <span class='ocrx_word' id='word_1_129' title='bbox 1278 2015 1461 2071; x_wconf 87' lang='lat' dir='ltr'><strong>fuisse</strong></span> <span class='ocrx_word' id='word_1_130' title='bbox 1511 2017 1583 2071; x_wconf 91' lang='lat' dir='ltr'><strong>ob</strong></span> <span class='ocrx_word' id='word_1_131' title='bbox 1630 2015 2034 2088; x_wconf 66' lang='lat' dir='ltr'><strong>aegritudinem</strong></span> 
     </span>
    </p>
   </div>
   <div class='ocr_carea' id='block_1_21' title="bbox 384 2104 2035 2178">
    <p class='ocr_par' dir='ltr' id='par_1_21' title="bbox 384 2104 2035 2178">
     <span class='ocr_line' id='line_1_21' title="bbox 384 2104 2035 2178; baseline -0.003 -13"><span class='ocrx_word' id='word_1_132' title='bbox 384 2107 629 2165; x_wconf 84' lang='lat' dir='ltr'><strong>Joannis</strong></span> <span class='ocrx_word' id='word_1_133' title='bbox 686 2105 1027 2162; x_wconf 90' lang='lat' dir='ltr'><strong>Portuensis</strong></span> <span class='ocrx_word' id='word_1_134' title='bbox 1058 2104 1336 2178; x_wconf 87' lang='lat' dir='ltr'><strong>episcopi,</strong></span> <span class='ocrx_word' id='word_1_135' title='bbox 1385 2104 1485 2176; x_wconf 92' lang='lat' dir='ltr'><strong>qui</strong></span> <span class='ocrx_word' id='word_1_136' title='bbox 1517 2104 1596 2160; x_wconf 91' lang='lat' dir='ltr'><strong>ibi</strong></span> <span class='ocrx_word' id='word_1_137' title='bbox 1627 2105 1940 2160; x_wconf 88' lang='lat' dir='ltr'><strong>defunctus</strong></span> <span class='ocrx_word' id='word_1_138' title='bbox 1971 2122 2035 2160; x_wconf 92' lang='lat' dir='ltr'><strong>ac</strong></span> 
     </span>
    </p>
   </div>
   <div class='ocr_carea' id='block_1_22' title="bbox 385 2192 2033 2270">
    <p class='ocr_par' dir='ltr' id='par_1_22' title="bbox 385 2192 2033 2270">
     <span class='ocr_line' id='line_1_22' title="bbox 385 2192 2033 2270; baseline -0.004 -17"><span class='ocrx_word' id='word_1_139' title='bbox 385 2195 654 2270; x_wconf 85' lang='lat' dir='ltr'><strong>sepultus</strong></span> <span class='ocrx_word' id='word_1_140' title='bbox 685 2193 814 2263; x_wconf 89' lang='lat' dir='ltr'><strong>fuit,</strong></span> <span class='ocrx_word' id='word_1_141' title='bbox 846 2192 1163 2249; x_wconf 89' lang='lat' dir='ltr'><strong>verisimile</strong></span> <span class='ocrx_word' id='word_1_142' title='bbox 1194 2197 1303 2249; x_wconf 90' lang='lat' dir='ltr'><strong>est.</strong></span> <span class='ocrx_word' id='word_1_143' title='bbox 1337 2192 1499 2249; x_wconf 86' lang='lat' dir='ltr'><strong>Certe</strong></span> <span class='ocrx_word' id='word_1_144' title='bbox 1541 2193 1716 2248; x_wconf 90' lang='lat' dir='ltr'><strong>etiam</strong></span> <span class='ocrx_word' id='word_1_145' title='bbox 1751 2210 1906 2249; x_wconf 91' lang='lat' dir='ltr'><strong>nunc</strong></span> <span class='ocrx_word' id='word_1_146' title='bbox 1949 2194 2033 2247; x_wconf 90' lang='lat' dir='ltr'><strong>vi-</strong></span> 
     </span>
    </p>
   </div>
   <div class='ocr_carea' id='block_1_23' title="bbox 385 2281 2034 2355">
    <p class='ocr_par' dir='ltr' id='par_1_23' title="bbox 385 2281 2034 2355">
     <span class='ocr_line' id='line_1_23' title="bbox 385 2281 2034 2355; baseline -0.003 -14"><span class='ocrx_word' id='word_1_147' title='bbox 385 2285 537 2342; x_wconf 87' lang='lat' dir='ltr'><strong>situr</strong></span> <span class='ocrx_word' id='word_1_148' title='bbox 562 2283 806 2340; x_wconf 87' lang='lat' dir='ltr'><strong>Joannis</strong></span> <span class='ocrx_word' id='word_1_149' title='bbox 839 2282 998 2338; x_wconf 87' lang='lat' dir='ltr'><strong>illius</strong></span> <span class='ocrx_word' id='word_1_150' title='bbox 1012 2281 1348 2355; x_wconf 86' lang='lat' dir='ltr'><strong>sepulcrum</strong></span> <span class='ocrx_word' id='word_1_151' title='bbox 1362 2281 1420 2336; x_wconf 90' lang='lat' dir='ltr'><strong>in</strong></span> <span class='ocrx_word' id='word_1_152' title='bbox 1435 2282 1669 2337; x_wconf 85' lang='lat' dir='ltr'><strong>dextera</strong></span> <span class='ocrx_word' id='word_1_153' title='bbox 1683 2281 2034 2338; x_wconf 87' lang='lat' dir='ltr'><strong>cathedralis</strong></span> 
     </span>
    </p>
   </div>
   <div class='ocr_carea' id='block_1_24' title="bbox 383 2370 2034 2444">
    <p class='ocr_par' dir='ltr' id='par_1_24' title="bbox 383 2370 2034 2444">
     <span class='ocr_line' id='line_1_24' title="bbox 383 2370 2034 2444; baseline -0.002 -13"><span class='ocrx_word' id='word_1_154' title='bbox 383 2373 640 2431; x_wconf 62' lang='lat' dir='ltr'><strong>ecclesiai</strong></span> <span class='ocrx_word' id='word_1_155' title='bbox 672 2372 764 2428; x_wconf 89' lang='lat' dir='ltr'><strong>ala</strong></span> <span class='ocrx_word' id='word_1_156' title='bbox 791 2372 943 2428; x_wconf 90' lang='lat' dir='ltr'><strong>inter</strong></span> <span class='ocrx_word' id='word_1_157' title='bbox 974 2371 1226 2444; x_wconf 87' lang='lat' dir='ltr'><strong>primam</strong></span> <span class='ocrx_word' id='word_1_158' title='bbox 1258 2374 1316 2426; x_wconf 90' lang='lat' dir='ltr'><strong>et</strong></span> <span class='ocrx_word' id='word_1_159' title='bbox 1345 2371 1667 2427; x_wconf 87' lang='lat' dir='ltr'><strong>secundam</strong></span> <span class='ocrx_word' id='word_1_160' title='bbox 1698 2370 2034 2427; x_wconf 88' lang='lat' dir='ltr'><strong>columnam</strong></span> 
     </span>
    </p>
   </div>
   <div class='ocr_carea' id='block_1_25' title="bbox 385 2459 2032 2537">
    <p class='ocr_par' dir='ltr' id='par_1_25' title="bbox 385 2459 2032 2537">
     <span class='ocr_line' id='line_1_25' title="bbox 385 2459 2032 2537; baseline -0.002 -18"><span class='ocrx_word' id='word_1_161' title='bbox 385 2463 668 2537; x_wconf 89' lang='lat' dir='ltr'><strong>positum,</strong></span> <span class='ocrx_word' id='word_1_162' title='bbox 701 2462 802 2518; x_wconf 89' lang='lat' dir='ltr'><strong>sed</strong></span> <span class='ocrx_word' id='word_1_163' title='bbox 835 2463 1058 2532; x_wconf 89' lang='lat' dir='ltr'><strong>absque</strong></span> <span class='ocrx_word' id='word_1_164' title='bbox 1090 2460 1229 2530; x_wconf 92' lang='lat' dir='ltr'><strong>ulla,</strong></span> <span class='ocrx_word' id='word_1_165' title='bbox 1263 2460 1348 2515; x_wconf 88' lang='lat' dir='ltr'><strong>uti</strong></span> <span class='ocrx_word' id='word_1_166' title='bbox 1391 2459 1537 2515; x_wconf 89' lang='lat' dir='ltr'><strong>mihi</strong></span> <span class='ocrx_word' id='word_1_167' title='bbox 1586 2464 1876 2516; x_wconf 87' lang='lat' dir='ltr'><strong>assertum</strong></span> <span class='ocrx_word' id='word_1_168' title='bbox 1925 2465 2032 2525; x_wconf 89' lang='lat' dir='ltr'><strong>est,</strong></span> 
     </span>
    </p>
   </div>
   <div class='ocr_carea' id='block_1_26' title="bbox 382 2547 2036 2624">
    <p class='ocr_par' dir='ltr' id='par_1_26' title="bbox 382 2547 2036 2624">
     <span class='ocr_line' id='line_1_26' title="bbox 382 2547 2036 2624; baseline -0.002 -16"><span class='ocrx_word' id='word_1_169' title='bbox 382 2552 784 2624; x_wconf 86' lang='lat' dir='ltr'><strong>inscriptione.</strong></span> <span class='ocrx_word' id='word_1_170' title='bbox 819 2550 1239 2605; x_wconf 89' lang='lat' dir='ltr'><strong>Monasterium</strong></span> <span class='ocrx_word' id='word_1_171' title='bbox 1257 2547 1452 2605; x_wconf 81' lang='lat' dir='ltr'><strong>Sancti</strong></span> <span class='ocrx_word' id='word_1_172' title='bbox 1482 2548 1633 2604; x_wconf 91' lang='lat' dir='ltr'><strong>Flori</strong></span> <span class='ocrx_word' id='word_1_173' title='bbox 1657 2551 2036 2605; x_wconf 85' lang='lat' dir='ltr'><strong>sanctissimus</strong></span> 
     </span>
    </p>
   </div>
   <div class='ocr_carea' id='block_1_27' title="bbox 389 2631 2034 2710">
    <p class='ocr_par' dir='ltr' id='par_1_27' title="bbox 389 2631 2034 2710">
     <span class='ocr_line' id='line_1_27' title="bbox 389 2631 2034 2710; baseline -0.002 -13"><span class='ocrx_word' id='word_1_174' title='bbox 389 2631 657 2706; x_wconf 87' lang='lat' dir='ltr'><strong>Urbanus,</strong></span> <span class='ocrx_word' id='word_1_175' title='bbox 689 2639 774 2694; x_wconf 90' lang='lat' dir='ltr'><strong>uti</strong></span> <span class='ocrx_word' id='word_1_176' title='bbox 805 2639 863 2693; x_wconf 90' lang='lat' dir='ltr'><strong>in</strong></span> <span class='ocrx_word' id='word_1_177' title='bbox 897 2655 1078 2710; x_wconf 90' lang='lat' dir='ltr'><strong>supra</strong></span> <span class='ocrx_word' id='word_1_178' title='bbox 1107 2637 1342 2693; x_wconf 88' lang='lat' dir='ltr'><strong>laudato</strong></span> <span class='ocrx_word' id='word_1_179' title='bbox 1371 2637 1569 2694; x_wconf 91' lang='lat' dir='ltr'><strong>libello</strong></span> <span class='ocrx_word' id='word_1_180' title='bbox 1599 2637 1869 2705; x_wconf 89' lang='lat' dir='ltr'><strong>habetur,</strong></span> <span class='ocrx_word' id='word_1_181' title='bbox 1921 2656 2034 2694; x_wconf 90' lang='lat' dir='ltr'><strong>non</strong></span> 
     </span>
    </p>
   </div>
   <div class='ocr_carea' id='block_1_28' title="bbox 386 2725 2039 2797">
    <p class='ocr_par' dir='ltr' id='par_1_28' title="bbox 386 2725 2039 2797">
     <span class='ocr_line' id='line_1_28' title="bbox 386 2725 2039 2797; baseline -0.002 -11"><span class='ocrx_word' id='word_1_182' title='bbox 386 2729 579 2787; x_wconf 90' lang='lat' dir='ltr'><strong>solum</strong></span> <span class='ocrx_word' id='word_1_183' title='bbox 611 2729 685 2784; x_wconf 90' lang='lat' dir='ltr'><strong>ob</strong></span> <span class='ocrx_word' id='word_1_184' title='bbox 716 2726 903 2782; x_wconf 90' lang='lat' dir='ltr'><strong>sancti</strong></span> <span class='ocrx_word' id='word_1_185' title='bbox 935 2725 1087 2782; x_wconf 87' lang='lat' dir='ltr'><strong>Flori</strong></span> <span class='ocrx_word' id='word_1_186' title='bbox 1127 2727 1482 2797; x_wconf 86' lang='lat' dir='ltr'><strong>devotionem,</strong></span> <span class='ocrx_word' id='word_1_187' title='bbox 1534 2731 1590 2782; x_wconf 89' lang='lat' dir='ltr'><strong>et</strong></span> <span class='ocrx_word' id='word_1_188' title='bbox 1619 2730 2039 2784; x_wconf 77' lang='lat' dir='ltr'><strong>consecrationis</strong></span> 
     </span>
    </p>
   </div>
   <div class='ocr_carea' id='block_1_29' title="bbox 383 2814 2034 2891">
    <p class='ocr_par' dir='ltr' id='par_1_29' title="bbox 383 2814 2034 2891">
     <span class='ocr_line' id='line_1_29' title="bbox 383 2814 2034 2891; baseline -0.002 -16"><span class='ocrx_word' id='word_1_189' title='bbox 383 2815 512 2891; x_wconf 86' lang='lat' dir='ltr'><strong>ejus</strong></span> <span class='ocrx_word' id='word_1_190' title='bbox 544 2815 654 2872; x_wconf 90' lang='lat' dir='ltr'><strong>loci</strong></span> <span class='ocrx_word' id='word_1_191' title='bbox 685 2833 718 2870; x_wconf 91' lang='lat' dir='ltr'><strong>a</strong></span> <span class='ocrx_word' id='word_1_192' title='bbox 747 2832 808 2871; x_wconf 92' lang='lat' dir='ltr'><strong>se</strong></span> <span class='ocrx_word' id='word_1_193' title='bbox 834 2815 993 2870; x_wconf 67' lang='lat' dir='ltr'><strong>facta:</strong></span> <span class='ocrx_word' id='word_1_194' title='bbox 1024 2816 1389 2872; x_wconf 78' lang='lat' dir='ltr'><strong>reverentiam</strong></span> <span class='ocrx_word' id='word_1_195' title='bbox 1429 2814 1733 2888; x_wconf 89' lang='lat' dir='ltr'><strong>privilegio</strong></span> <span class='ocrx_word' id='word_1_196' title='bbox 1776 2817 2034 2884; x_wconf 85' lang='lat' dir='ltr'><strong>donavit,</strong></span> 
     </span>
    </p>
   </div>
   <div class='ocr_carea' id='block_1_30' title="bbox 383 2904 2035 2977">
    <p class='ocr_par' dir='ltr' id='par_1_30' title="bbox 383 2904 2035 2977">
     <span class='ocr_line' id='line_1_30' title="bbox 383 2904 2035 2977; baseline -0.002 -13"><span class='ocrx_word' id='word_1_197' title='bbox 383 2908 482 2964; x_wconf 87' lang='lat' dir='ltr'><strong>sed</strong></span> <span class='ocrx_word' id='word_1_198' title='bbox 518 2905 694 2962; x_wconf 88' lang='lat' dir='ltr'><strong>etiam</strong></span> <span class='ocrx_word' id='word_1_199' title='bbox 721 2921 822 2977; x_wconf 87' lang='lat' dir='ltr'><strong>pro</strong></span> <span class='ocrx_word' id='word_1_200' title='bbox 868 2904 1153 2960; x_wconf 78' lang='lat' dir='ltr'><strong>dilectione</strong></span> <span class='ocrx_word' id='word_1_201' title='bbox 1179 2905 1300 2959; x_wconf 89' lang='lat' dir='ltr'><strong>veri</strong></span> <span class='ocrx_word' id='word_1_202' title='bbox 1348 2906 1533 2960; x_wconf 87' lang='lat' dir='ltr'><strong>Patris</strong></span> <span class='ocrx_word' id='word_1_203' title='bbox 1582 2907 1807 2961; x_wconf 85' lang='lat' dir='ltr'><strong>Joannis</strong></span> <span class='ocrx_word' id='word_1_204' title='bbox 1852 2905 2035 2961; x_wconf 86' lang='lat' dir='ltr'><strong>cardi-</strong></span> 
     </span>
    </p>
   </div>
   <div class='ocr_carea' id='block_1_31' title="bbox 381 2990 2035 3066">
    <p class='ocr_par' dir='ltr' id='par_1_31' title="bbox 381 2990 2035 3066">
     <span class='ocr_line' id='line_1_31' title="bbox 381 2990 2035 3066; baseline -0.001 -15"><span class='ocrx_word' id='word_1_205' title='bbox 381 2990 530 3051; x_wconf 81' lang='lat' dir='ltr'><strong>nalis</strong></span> <span class='ocrx_word' id='word_1_206' title='bbox 556 2995 793 3065; x_wconf 77' lang='lat' dir='ltr'><strong>episcopi</strong></span> <span class='ocrx_word' id='word_1_207' title='bbox 821 2995 1135 3049; x_wconf 85' lang='lat' dir='ltr'><strong>Portuensis</strong></span> <span class='ocrx_word' id='word_1_208' title='bbox 1165 2992 1383 3049; x_wconf 88' lang='lat' dir='ltr'><strong>ibidem</strong></span> <span class='ocrx_word' id='word_1_209' title='bbox 1420 2995 1700 3061; x_wconf 79' lang='lat' dir='ltr'><strong>tumulati,</strong></span> <span class='ocrx_word' id='word_1_210' title='bbox 1751 2993 2035 3066; x_wconf 85' lang='lat' dir='ltr'><strong>singulari</strong></span> 
     </span>
    </p>
   </div>
   <div class='ocr_carea' id='block_1_32' title="bbox 381 3082 1119 3155">
    <p class='ocr_par' dir='ltr' id='par_1_32' title="bbox 381 3082 1119 3155">
     <span class='ocr_line' id='line_1_32' title="bbox 381 3082 1119 3155; baseline -0.004 -16"><span class='ocrx_word' id='word_1_211' title='bbox 381 3084 602 3140; x_wconf 67' lang='lat' dir='ltr'><strong>affectu</strong></span> <span class='ocrx_word' id='word_1_212' title='bbox 634 3082 1119 3155; x_wconf 88' lang='lat' dir='ltr'><strong>prosequebatur.</strong></span> 
     </span>
    </p>
   </div>
   <div class='ocr_carea' id='block_1_33' title="bbox 380 3188 2032 3315">
    <p class='ocr_par' dir='ltr' id='par_1_33' title="bbox 380 3188 2032 3315">
     <span class='ocr_line' id='line_1_33' title="bbox 380 3188 2032 3315; baseline -0.002 -68"><span class='ocrx_word' id='word_1_213' title='bbox 380 3189 706 3247; x_wconf 82' lang='lat' dir='ltr'><strong>CCXXXIII.</strong></span> <span class='ocrx_word' id='word_1_214' title='bbox 743 3189 998 3273; x_wconf 74' lang='lat' dir='ltr'><strong>Urbanus</strong></span> <span class='ocrx_word' id='word_1_215' title='bbox 1013 3190 1264 3315; x_wconf 56' lang='lat' dir='ltr'><strong>pontyeag</strong></span> <span class='ocrx_word' id='word_1_216' title='bbox 1292 3188 1573 3244; x_wconf 83' lang='lat' dir='ltr'><strong>Auriliaco</strong></span> <span class='ocrx_word' id='word_1_217' title='bbox 1617 3191 1836 3245; x_wconf 77' lang='lat' dir='ltr'><strong>transit.</strong></span> <span class='ocrx_word' id='word_1_218' title='bbox 1882 3190 2032 3244; x_wconf 78' lang='lat' dir='ltr'><strong>Mau-</strong></span> 
     </span>
     <span class='ocr_line' id='line_1_34' title="bbox 869 3263 1536 3315; baseline -0.001 0"><span class='ocrx_word' id='word_1_219' title='bbox 869 3277 996 3315; x_wconf 79' lang='lat' dir='ltr'><strong>ricii</strong></span> <span class='ocrx_word' id='word_1_220' title='bbox 1026 3263 1139 3315; x_wconf 88' lang='lat' dir='ltr'><strong>Bur</strong></span> <span class='ocrx_word' id='word_1_221' title='bbox 1179 3277 1260 3315; x_wconf 80' lang='lat' dir='ltr'><strong>mi</strong></span> <span class='ocrx_word' id='word_1_222' title='bbox 1299 3263 1536 3315; x_wconf 85' lang='lat' dir='ltr'><strong>fortuna.</strong></span> 
     </span>
    </p>
   </div>
   <div class='ocr_carea' id='block_1_34' title="bbox 869 3261 1536 3331">
    <p class='ocr_par' dir='ltr' id='par_1_34' title="bbox 869 3261 1536 3331">
     <span class='ocr_line' id='line_1_35' title="bbox 869 3261 1536 3331; baseline -0.001 -16"><span class='ocrx_word' id='word_1_223' title='bbox 869 3261 998 3316; x_wconf 88' lang='lat' dir='ltr'><strong>ricii</strong></span> <span class='ocrx_word' id='word_1_224' title='bbox 1026 3261 1262 3316; x_wconf 88' lang='lat' dir='ltr'><strong>Burdini</strong></span> <span class='ocrx_word' id='word_1_225' title='bbox 1297 3263 1536 3331; x_wconf 83' lang='lat' dir='ltr'><strong>fortuna.</strong></span> 
     </span>
    </p>
   </div>
   <div class='ocr_carea' id='block_1_35' title="bbox 451 3346 2032 3420">
    <p class='ocr_par' dir='ltr' id='par_1_35' title="bbox 451 3346 2032 3420">
     <span class='ocr_line' id='line_1_36' title="bbox 451 3346 2032 3420; baseline -0.001 -15"><span class='ocrx_word' id='word_1_226' title='bbox 451 3349 754 3405; x_wconf 88' lang='lat' dir='ltr'><strong>Urbanum</strong></span> <span class='ocrx_word' id='word_1_227' title='bbox 814 3352 1018 3420; x_wconf 88' lang='lat' dir='ltr'><strong>postea</strong></span> <span class='ocrx_word' id='word_1_228' title='bbox 1062 3346 1422 3403; x_wconf 84' lang='lat' dir='ltr'><strong>Auriliacum</strong></span> <span class='ocrx_word' id='word_1_229' title='bbox 1483 3346 1697 3404; x_wconf 88' lang='lat' dir='ltr'><strong>adiisse</strong></span> <span class='ocrx_word' id='word_1_230' title='bbox 1742 3364 1810 3404; x_wconf 83' lang='lat' dir='ltr'><strong>ex</strong></span> <span class='ocrx_word' id='word_1_231' title='bbox 1855 3349 2032 3405; x_wconf 89' lang='lat' dir='ltr'><strong>veteri</strong></span> 
     </span>
    </p>
   </div>
   <div class='ocr_carea' id='block_1_36' title="bbox 380 3436 2031 3509">
    <p class='ocr_par' dir='ltr' id='par_1_36' title="bbox 380 3436 2031 3509">
     <span class='ocr_line' id='line_1_37' title="bbox 380 3436 2031 3509; baseline 0.001 -16"><span class='ocrx_word' id='word_1_232' title='bbox 380 3438 665 3494; x_wconf 90' lang='lat' dir='ltr'><strong>Chronico</strong></span> <span class='ocrx_word' id='word_1_233' title='bbox 689 3438 957 3509; x_wconf 88' lang='lat' dir='ltr'><strong>ejusdem</strong></span> <span class='ocrx_word' id='word_1_234' title='bbox 986 3436 1098 3492; x_wconf 91' lang='lat' dir='ltr'><strong>loci</strong></span> <span class='ocrx_word' id='word_1_235' title='bbox 1139 3441 1299 3492; x_wconf 91' lang='lat' dir='ltr'><strong>tomo</strong></span> <span class='ocrx_word' id='word_1_236' title='bbox 1326 3437 1372 3492; x_wconf 94' lang='lat' dir='ltr'><strong>II</strong></span> <span class='ocrx_word' id='word_1_237' title='bbox 1421 3437 1680 3493; x_wconf 87' lang='lat' dir='ltr'><strong>Analect.</strong></span> <span class='ocrx_word' id='word_1_238' title='bbox 1731 3437 2031 3494; x_wconf 90' lang='lat' dir='ltr'><strong>Mabillon.</strong></span> 
     </span>
    </p>
   </div>
   <div class='ocr_carea' id='block_1_37' title="bbox 380 3524 2035 3598">
    <p class='ocr_par' dir='ltr' id='par_1_37' title="bbox 380 3524 2035 3598">
     <span class='ocr_line' id='line_1_38' title="bbox 380 3524 2035 3598; baseline 0 -16"><span class='ocrx_word' id='word_1_239' title='bbox 380 3526 535 3582; x_wconf 92' lang='lat' dir='ltr'><strong>edito</strong></span> <span class='ocrx_word' id='word_1_240' title='bbox 564 3525 871 3592; x_wconf 87' lang='lat' dir='ltr'><strong>discimus,</strong></span> <span class='ocrx_word' id='word_1_241' title='bbox 902 3526 962 3581; x_wconf 90' lang='lat' dir='ltr'><strong>in</strong></span> <span class='ocrx_word' id='word_1_242' title='bbox 994 3541 1109 3597; x_wconf 87' lang='lat' dir='ltr'><strong>quo</strong></span> <span class='ocrx_word' id='word_1_243' title='bbox 1139 3525 1261 3580; x_wconf 66' lang='lat' dir='ltr'><strong>haec</strong></span> <span class='ocrx_word' id='word_1_244' title='bbox 1285 3524 1537 3598; x_wconf 87' lang='lat' dir='ltr'><strong>legimus</strong></span> <span class='ocrx_word' id='word_1_245' title='bbox 1567 3527 1638 3582; x_wconf 91' lang='lat' dir='ltr'><strong>de</strong></span> <span class='ocrx_word' id='word_1_246' title='bbox 1663 3527 1829 3582; x_wconf 90' lang='lat' dir='ltr'><strong>Petro</strong></span> <span class='ocrx_word' id='word_1_247' title='bbox 1854 3526 2035 3583; x_wconf 86' lang='lat' dir='ltr'><strong>Solia-</strong></span> 
     </span>
    </p>
   </div>
   <div class='ocr_carea' id='block_1_38' title="bbox 378 3613 2032 3686">
    <p class='ocr_par' dir='ltr' id='par_1_38' title="bbox 378 3613 2032 3686">
     <span class='ocr_line' id='line_1_39' title="bbox 378 3613 2032 3686; baseline 0 -15"><span class='ocrx_word' id='word_1_248' title='bbox 378 3614 562 3680; x_wconf 90' lang='lat' dir='ltr'><strong>censi,</strong></span> <span class='ocrx_word' id='word_1_249' title='bbox 594 3615 860 3686; x_wconf 88' lang='lat' dir='ltr'><strong>ejusdem</strong></span> <span class='ocrx_word' id='word_1_250' title='bbox 885 3613 1248 3679; x_wconf 86' lang='lat' dir='ltr'><strong>monasterii,</strong></span> <span class='ocrx_word' id='word_1_251' title='bbox 1267 3614 1422 3685; x_wconf 89' lang='lat' dir='ltr'><strong>quod</strong></span> <span class='ocrx_word' id='word_1_252' title='bbox 1454 3631 1521 3670; x_wconf 86' lang='lat' dir='ltr'><strong>ex</strong></span> <span class='ocrx_word' id='word_1_253' title='bbox 1551 3614 1924 3671; x_wconf 90' lang='lat' dir='ltr'><strong>Benedictino</strong></span> <span class='ocrx_word' id='word_1_254' title='bbox 1941 3633 2032 3672; x_wconf 90' lang='lat' dir='ltr'><strong>or-</strong></span> 
     </span>
    </p>
   </div>
   <div class='ocr_carea' id='block_1_39' title="bbox 378 3701 2032 3770">
    <p class='ocr_par' dir='ltr' id='par_1_39' title="bbox 378 3701 2032 3770">
     <span class='ocr_line' id='line_1_40' title="bbox 378 3701 2032 3770; baseline 0.001 -11"><span class='ocrx_word' id='word_1_255' title='bbox 378 3702 515 3759; x_wconf 93' lang='lat' dir='ltr'><strong>dine</strong></span> <span class='ocrx_word' id='word_1_256' title='bbox 545 3704 786 3759; x_wconf 89' lang='lat' dir='ltr'><strong>tandem</strong></span> <span class='ocrx_word' id='word_1_257' title='bbox 817 3702 888 3758; x_wconf 89' lang='lat' dir='ltr'><strong>ad</strong></span> <span class='ocrx_word' id='word_1_258' title='bbox 917 3701 1226 3758; x_wconf 72' lang='lat' dir='ltr'><strong>saeculares</strong></span> <span class='ocrx_word' id='word_1_259' title='bbox 1273 3703 1583 3759; x_wconf 89' lang='lat' dir='ltr'><strong>canonicos</strong></span> <span class='ocrx_word' id='word_1_260' title='bbox 1614 3704 1843 3770; x_wconf 81' lang='lat' dir='ltr'><strong>defecit,</strong></span> <span class='ocrx_word' id='word_1_261' title='bbox 1892 3708 2032 3760; x_wconf 87' lang='lat' dir='ltr'><strong>tunc</strong></span> 
     </span>
    </p>
   </div>
   <div class='ocr_carea' id='block_1_40' title="bbox 377 3791 2034 3863">
    <p class='ocr_par' dir='ltr' id='par_1_40' title="bbox 377 3791 2034 3863">
     <span class='ocr_line' id='line_1_41' title="bbox 377 3791 2034 3863; baseline 0.002 -16"><span class='ocrx_word' id='word_1_262' title='bbox 377 3791 625 3848; x_wconf 87' lang='lat' dir='ltr'><strong>abbate:</strong></span> <span class='ocrx_word' id='word_1_263' title='bbox 671 3792 770 3846; x_wconf 84' lang='lat' dir='ltr'><strong>Hic</strong></span> <span class='ocrx_word' id='word_1_264' title='bbox 828 3791 1107 3848; x_wconf 84' lang='lat' dir='ltr'><strong>Urbanum</strong></span> <span class='ocrx_word' id='word_1_265' title='bbox 1159 3807 1361 3863; x_wconf 85' lang='lat' dir='ltr'><strong>papam</strong></span> <span class='ocrx_word' id='word_1_266' title='bbox 1414 3796 1535 3863; x_wconf 86' lang='lat' dir='ltr'><strong>post</strong></span> <span class='ocrx_word' id='word_1_267' title='bbox 1591 3793 2034 3855; x_wconf 82' lang='lat' dir='ltr'><strong>Claromontensc</strong></span> 
     </span>
    </p>
   </div>
   <div class='ocr_carea' id='block_1_41' title="bbox 375 3879 2032 3949">
    <p class='ocr_par' dir='ltr' id='par_1_41' title="bbox 375 3879 2032 3949">
     <span class='ocr_line' id='line_1_42' title="bbox 375 3879 2032 3949; baseline 0.001 -13"><span class='ocrx_word' id='word_1_268' title='bbox 375 3880 691 3948; x_wconf 79' lang='lat' dir='ltr'><strong>concilium,</strong></span> <span class='ocrx_word' id='word_1_269' title='bbox 720 3882 812 3936; x_wconf 91' lang='lat' dir='ltr'><strong>cui</strong></span> <span class='ocrx_word' id='word_1_270' title='bbox 844 3881 998 3936; x_wconf 90' lang='lat' dir='ltr'><strong>idem</strong></span> <span class='ocrx_word' id='word_1_271' title='bbox 1048 3879 1232 3936; x_wconf 86' lang='lat' dir='ltr'><strong>abbas</strong></span> <span class='ocrx_word' id='word_1_272' title='bbox 1275 3880 1638 3949; x_wconf 85' lang='lat' dir='ltr'><strong>interfuerat,</strong></span> <span class='ocrx_word' id='word_1_273' title='bbox 1691 3882 2032 3938; x_wconf 34' lang='lat' dir='ltr'><strong>Avaritiae-um</strong></span> 
     </span>
    </p>
   </div>
   <div class='ocr_carea' id='block_1_42' title="bbox 376 3969 610 4026">
    <p class='ocr_par' dir='ltr' id='par_1_42' title="bbox 376 3969 610 4026">
     <span class='ocr_line' id='line_1_43' title="bbox 376 3969 610 4026; baseline -0.004 -1"><span class='ocrx_word' id='word_1_274' title='bbox 376 3969 610 4026; x_wconf 74' lang='lat' dir='ltr'><strong>devexit.</strong></span> 
     </span>
    </p>
   </div>
   <div class='ocr_carea' id='block_1_43' title="bbox 447 4056 2028 4132">
    <p class='ocr_par' dir='ltr' id='par_1_43' title="bbox 447 4056 2028 4132">
     <span class='ocr_line' id='line_1_44' title="bbox 447 4056 2028 4132; baseline 0.001 -18"><span class='ocrx_word' id='word_1_275' title='bbox 447 4058 589 4115; x_wconf 89' lang='lat' dir='ltr'><strong>Inde</strong></span> <span class='ocrx_word' id='word_1_276' title='bbox 612 4056 986 4115; x_wconf 87' lang='lat' dir='ltr'><strong>Lemovicum</strong></span> <span class='ocrx_word' id='word_1_277' title='bbox 1020 4056 1382 4130; x_wconf 89' lang='lat' dir='ltr'><strong>provinciam</strong></span> <span class='ocrx_word' id='word_1_278' title='bbox 1415 4057 1718 4131; x_wconf 88' lang='lat' dir='ltr'><strong>ingressus</strong></span> <span class='ocrx_word' id='word_1_279' title='bbox 1749 4060 2028 4132; x_wconf 86' lang='lat' dir='ltr'><strong>pontifex,</strong></span> 
     </span>
    </p>
   </div>
   <div class='ocr_carea' id='block_1_44' title="bbox 376 4146 2032 4221">
    <p class='ocr_par' dir='ltr' id='par_1_44' title="bbox 376 4146 2032 4221">
     <span class='ocr_line' id='line_1_45' title="bbox 376 4146 2032 4221; baseline 0.001 -16"><span class='ocrx_word' id='word_1_280' title='bbox 376 4148 674 4215; x_wconf 89' lang='lat' dir='ltr'><strong>Uzercam,</strong></span> <span class='ocrx_word' id='word_1_281' title='bbox 708 4147 990 4203; x_wconf 87' lang='lat' dir='ltr'><strong>invitante</strong></span> <span class='ocrx_word' id='word_1_282' title='bbox 1009 4146 1263 4202; x_wconf 90' lang='lat' dir='ltr'><strong>Gerardo</strong></span> <span class='ocrx_word' id='word_1_283' title='bbox 1293 4146 1524 4213; x_wconf 90' lang='lat' dir='ltr'><strong>abbate,</strong></span> <span class='ocrx_word' id='word_1_284' title='bbox 1556 4146 1809 4218; x_wconf 88' lang='lat' dir='ltr'><strong>divertit,</strong></span> <span class='ocrx_word' id='word_1_285' title='bbox 1831 4147 2032 4221; x_wconf 87' lang='lat' dir='ltr'><strong>ibique</strong></span> 
     </span>
    </p>
   </div>
   <div class='ocr_carea' id='block_1_45' title="bbox 377 4234 2027 4309">
    <p class='ocr_par' dir='ltr' id='par_1_45' title="bbox 377 4234 2027 4309">
     <span class='ocr_line' id='line_1_46' title="bbox 377 4234 2027 4309; baseline 0.001 -16"><span class='ocrx_word' id='word_1_286' title='bbox 377 4236 720 4293; x_wconf 87' lang='lat' dir='ltr'><strong>monasterii</strong></span> <span class='ocrx_word' id='word_1_287' title='bbox 750 4234 1056 4291; x_wconf 88' lang='lat' dir='ltr'><strong>ecclesiam</strong></span> <span class='ocrx_word' id='word_1_288' title='bbox 1064 4236 1399 4307; x_wconf 86' lang='lat' dir='ltr'><strong>juxtaquod</strong></span> <span class='ocrx_word' id='word_1_289' title='bbox 1433 4236 1482 4290; x_wconf 91' lang='lat' dir='ltr'><strong>ei</strong></span> <span class='ocrx_word' id='word_1_290' title='bbox 1502 4235 1688 4292; x_wconf 83' lang='lat' dir='ltr'><strong>fuerat</strong></span> <span class='ocrx_word' id='word_1_291' title='bbox 1711 4236 2027 4309; x_wconf 90' lang='lat' dir='ltr'><strong>pollicitus,</strong></span> 
     </span>
    </p>
   </div>
   <div class='ocr_carea' id='block_1_46' title="bbox 375 4323 2028 4391">
    <p class='ocr_par' dir='ltr' id='par_1_46' title="bbox 375 4323 2028 4391">
     <span class='ocr_line' id='line_1_47' title="bbox 375 4323 2028 4391; baseline 0.002 -11"><span class='ocrx_word' id='word_1_292' title='bbox 375 4325 644 4380; x_wconf 86' lang='lat' dir='ltr'><strong>dedicare</strong></span> <span class='ocrx_word' id='word_1_293' title='bbox 674 4323 1075 4391; x_wconf 86' lang='lat' dir='ltr'><strong>constituerat;</strong></span> <span class='ocrx_word' id='word_1_294' title='bbox 1111 4325 1182 4380; x_wconf 90' lang='lat' dir='ltr'><strong>ad</strong></span> <span class='ocrx_word' id='word_1_295' title='bbox 1215 4324 1517 4379; x_wconf 86' lang='lat' dir='ltr'><strong>Urbanum</strong></span> <span class='ocrx_word' id='word_1_296' title='bbox 1567 4325 1638 4379; x_wconf 91' lang='lat' dir='ltr'><strong>ab</strong></span> <span class='ocrx_word' id='word_1_297' title='bbox 1686 4341 1752 4382; x_wconf 91' lang='lat' dir='ltr'><strong>eo</strong></span> <span class='ocrx_word' id='word_1_298' title='bbox 1783 4327 2028 4383; x_wconf 89' lang='lat' dir='ltr'><strong>consilio</strong></span> 
     </span>
    </p>
   </div>
   <div class='ocr_carea' id='block_1_47' title="bbox 374 4410 2029 4486">
    <p class='ocr_par' dir='ltr' id='par_1_47' title="bbox 374 4410 2029 4486">
     <span class='ocr_line' id='line_1_48' title="bbox 374 4410 2029 4486; baseline 0 -17"><span class='ocrx_word' id='word_1_299' title='bbox 374 4410 746 4470; x_wconf 87' lang='lat' dir='ltr'><strong>Humbaldus</strong></span> <span class='ocrx_word' id='word_1_300' title='bbox 802 4411 1110 4484; x_wconf 89' lang='lat' dir='ltr'><strong>episcopus</strong></span> <span class='ocrx_word' id='word_1_301' title='bbox 1169 4411 1614 4476; x_wconf 90' lang='lat' dir='ltr'><strong>Lemovicensis,</strong></span> <span class='ocrx_word' id='word_1_302' title='bbox 1656 4412 1854 4468; x_wconf 88' lang='lat' dir='ltr'><strong>nescio</strong></span> <span class='ocrx_word' id='word_1_303' title='bbox 1912 4430 2029 4486; x_wconf 89' lang='lat' dir='ltr'><strong>qua</strong></span> 
     </span>
    </p>
   </div>
   <div class='ocr_carea' id='block_1_48' title="bbox 374 4499 2026 4572">
    <p class='ocr_par' dir='ltr' id='par_1_48' title="bbox 374 4499 2026 4572">
     <span class='ocr_line' id='line_1_49' title="bbox 374 4499 2026 4572; baseline 0.001 -15"><span class='ocrx_word' id='word_1_304' title='bbox 374 4501 622 4569; x_wconf 90' lang='lat' dir='ltr'><strong>ratione,</strong></span> <span class='ocrx_word' id='word_1_305' title='bbox 682 4501 960 4557; x_wconf 85' lang='lat' dir='ltr'><strong>avocavit.</strong></span> <span class='ocrx_word' id='word_1_306' title='bbox 1023 4501 1190 4556; x_wconf 83' lang='lat' dir='ltr'><strong>Forte</strong></span> <span class='ocrx_word' id='word_1_307' title='bbox 1242 4500 1398 4572; x_wconf 89' lang='lat' dir='ltr'><strong>quod</strong></span> <span class='ocrx_word' id='word_1_308' title='bbox 1463 4499 1758 4557; x_wconf 88' lang='lat' dir='ltr'><strong>Natalium</strong></span> <span class='ocrx_word' id='word_1_309' title='bbox 1812 4501 2026 4559; x_wconf 88' lang='lat' dir='ltr'><strong>Christi</strong></span> 
     </span>
    </p>
   </div>
   <div class='ocr_carea' id='block_1_49' title="bbox 2152 589 3804 662">
    <p class='ocr_par' dir='ltr' id='par_1_49' title="bbox 2152 589 3804 662">
     <span class='ocr_line' id='line_1_50' title="bbox 2152 589 3804 662; baseline -0.001 -13"><span class='ocrx_word' id='word_1_310' title='bbox 2152 597 2298 662; x_wconf 87' lang='lat' dir='ltr'><strong>erat,</strong></span> <span class='ocrx_word' id='word_1_311' title='bbox 2329 592 2627 649; x_wconf 89' lang='lat' dir='ltr'><strong>hominem</strong></span> <span class='ocrx_word' id='word_1_312' title='bbox 2659 589 3017 648; x_wconf 90' lang='lat' dir='ltr'><strong>industrium</strong></span> <span class='ocrx_word' id='word_1_313' title='bbox 3047 592 3105 646; x_wconf 86' lang='lat' dir='ltr'><strong>et</strong></span> <span class='ocrx_word' id='word_1_314' title='bbox 3134 592 3339 662; x_wconf 88' lang='lat' dir='ltr'><strong>aptum</strong></span> <span class='ocrx_word' id='word_1_315' title='bbox 3370 589 3441 646; x_wconf 89' lang='lat' dir='ltr'><strong>ad</strong></span> <span class='ocrx_word' id='word_1_316' title='bbox 3472 604 3687 662; x_wconf 88' lang='lat' dir='ltr'><strong>magna</strong></span> <span class='ocrx_word' id='word_1_317' title='bbox 3707 605 3804 647; x_wconf 91' lang='lat' dir='ltr'><strong>ne-</strong></span> 
     </span>
    </p>
   </div>
   <div class='ocr_carea' id='block_1_50' title="bbox 2151 678 3800 755">
    <p class='ocr_par' dir='ltr' id='par_1_50' title="bbox 2151 678 3800 755">
     <span class='ocr_line' id='line_1_51' title="bbox 2151 678 3800 755; baseline -0.002 -17"><span class='ocrx_word' id='word_1_318' title='bbox 2151 683 2305 754; x_wconf 82' lang='lat' dir='ltr'><strong>gotia</strong></span> <span class='ocrx_word' id='word_1_319' title='bbox 2335 681 2943 755; x_wconf 88' lang='lat' dir='ltr'><strong>gerendainvenisset,</strong></span> <span class='ocrx_word' id='word_1_320' title='bbox 2977 679 3028 735; x_wconf 92' lang='lat' dir='ltr'><strong>ei</strong></span> <span class='ocrx_word' id='word_1_321' title='bbox 3060 683 3338 736; x_wconf 90' lang='lat' dir='ltr'><strong>utsecum</strong></span> <span class='ocrx_word' id='word_1_322' title='bbox 3367 679 3428 735; x_wconf 91' lang='lat' dir='ltr'><strong>in</strong></span> <span class='ocrx_word' id='word_1_323' title='bbox 3459 678 3800 751; x_wconf 88' lang='lat' dir='ltr'><strong>Hispaniam</strong></span> 
     </span>
    </p>
   </div>
   <div class='ocr_carea' id='block_1_51' title="bbox 2151 769 3805 844">
    <p class='ocr_par' dir='ltr' id='par_1_51' title="bbox 2151 769 3805 844">
     <span class='ocr_line' id='line_1_52' title="bbox 2151 769 3805 844; baseline -0.002 -17"><span class='ocrx_word' id='word_1_324' title='bbox 2151 772 2428 828; x_wconf 90' lang='lat' dir='ltr'><strong>transiret</strong></span> <span class='ocrx_word' id='word_1_325' title='bbox 2457 771 2765 844; x_wconf 88' lang='lat' dir='ltr'><strong>persuasit.</strong></span> <span class='ocrx_word' id='word_1_326' title='bbox 2801 769 2949 836; x_wconf 89' lang='lat' dir='ltr'><strong>Quid</strong></span> <span class='ocrx_word' id='word_1_327' title='bbox 2973 770 3043 825; x_wconf 92' lang='lat' dir='ltr'><strong>de</strong></span> <span class='ocrx_word' id='word_1_328' title='bbox 3055 785 3120 825; x_wconf 91' lang='lat' dir='ltr'><strong>eo</strong></span> <span class='ocrx_word' id='word_1_329' title='bbox 3152 772 3354 840; x_wconf 89' lang='lat' dir='ltr'><strong>postea</strong></span> <span class='ocrx_word' id='word_1_330' title='bbox 3383 769 3603 823; x_wconf 85' lang='lat' dir='ltr'><strong>factum</strong></span> <span class='ocrx_word' id='word_1_331' title='bbox 3626 769 3805 824; x_wconf 87' lang='lat' dir='ltr'><strong>fuerit</strong></span> 
     </span>
    </p>
   </div>
   <div class='ocr_carea' id='block_1_52' title="bbox 2152 856 3798 931">
    <p class='ocr_par' dir='ltr' id='par_1_52' title="bbox 2152 856 3798 931">
     <span class='ocr_line' id='line_1_53' title="bbox 2152 856 3798 931; baseline -0.002 -14"><span class='ocrx_word' id='word_1_332' title='bbox 2152 877 2355 917; x_wconf 89' lang='lat' dir='ltr'><strong>omnes</strong></span> <span class='ocrx_word' id='word_1_333' title='bbox 2383 864 2617 916; x_wconf 89' lang='lat' dir='ltr'><strong>norunt.</strong></span> <span class='ocrx_word' id='word_1_334' title='bbox 2632 860 2687 916; x_wconf 92' lang='lat' dir='ltr'><strong>Is</strong></span> <span class='ocrx_word' id='word_1_335' title='bbox 2717 875 2926 931; x_wconf 90' lang='lat' dir='ltr'><strong>nempe</strong></span> <span class='ocrx_word' id='word_1_336' title='bbox 2941 861 3070 930; x_wconf 89' lang='lat' dir='ltr'><strong>post</strong></span> <span class='ocrx_word' id='word_1_337' title='bbox 3082 858 3384 913; x_wconf 85' lang='lat' dir='ltr'><strong>obtentum</strong></span> <span class='ocrx_word' id='word_1_338' title='bbox 3397 856 3798 930; x_wconf 82' lang='lat' dir='ltr'><strong>episcOpatum</strong></span> 
     </span>
    </p>
   </div>
   <div class='ocr_carea' id='block_1_53' title="bbox 2151 945 3799 1018">
    <p class='ocr_par' dir='ltr' id='par_1_53' title="bbox 2151 945 3799 1018">
     <span class='ocr_line' id='line_1_54' title="bbox 2151 945 3799 1018; baseline -0.002 -13"><span class='ocrx_word' id='word_1_339' title='bbox 2151 949 2720 1014; x_wconf 88' lang='lat' dir='ltr'><strong>Conembricensem,</strong></span> <span class='ocrx_word' id='word_1_340' title='bbox 2771 946 3176 1004; x_wconf 88' lang='lat' dir='ltr'><strong>Braccarensis</strong></span> <span class='ocrx_word' id='word_1_341' title='bbox 3220 945 3560 1018; x_wconf 86' lang='lat' dir='ltr'><strong>metropolis</strong></span> <span class='ocrx_word' id='word_1_342' title='bbox 3599 946 3799 1001; x_wconf 88' lang='lat' dir='ltr'><strong>sedem</strong></span> 
     </span>
    </p>
   </div>
   <div class='ocr_carea' id='block_1_54' title="bbox 2150 1035 3802 1111">
    <p class='ocr_par' dir='ltr' id='par_1_54' title="bbox 2150 1035 3802 1111">
     <span class='ocr_line' id='line_1_55' title="bbox 2150 1035 3802 1111; baseline -0.002 -17"><span class='ocrx_word' id='word_1_343' title='bbox 2150 1039 2416 1111; x_wconf 90' lang='lat' dir='ltr'><strong>adeptus,</strong></span> <span class='ocrx_word' id='word_1_344' title='bbox 2449 1055 2515 1093; x_wconf 91' lang='lat' dir='ltr'><strong>ac</strong></span> <span class='ocrx_word' id='word_1_345' title='bbox 2545 1037 2829 1111; x_wconf 89' lang='lat' dir='ltr'><strong>legatione</strong></span> <span class='ocrx_word' id='word_1_346' title='bbox 2846 1035 3166 1108; x_wconf 89' lang='lat' dir='ltr'><strong>apostolica</strong></span> <span class='ocrx_word' id='word_1_347' title='bbox 3195 1035 3535 1101; x_wconf 88' lang='lat' dir='ltr'><strong>honoratus,</strong></span> <span class='ocrx_word' id='word_1_348' title='bbox 3559 1036 3802 1091; x_wconf 89' lang='lat' dir='ltr'><strong>demum</strong></span> 
     </span>
    </p>
   </div>
   <div class='ocr_carea' id='block_1_55' title="bbox 2151 1123 3801 1199">
    <p class='ocr_par' dir='ltr' id='par_1_55' title="bbox 2151 1123 3801 1199">
     <span class='ocr_line' id='line_1_56' title="bbox 2151 1123 3801 1199; baseline -0.002 -17"><span class='ocrx_word' id='word_1_349' title='bbox 2151 1129 2223 1182; x_wconf 90' lang='lat' dir='ltr'><strong>ab</strong></span> <span class='ocrx_word' id='word_1_350' title='bbox 2267 1128 2512 1184; x_wconf 86' lang='lat' dir='ltr'><strong>Henrico</strong></span> <span class='ocrx_word' id='word_1_351' title='bbox 2571 1127 2923 1199; x_wconf 87' lang='lat' dir='ltr'><strong>imperatore</strong></span> <span class='ocrx_word' id='word_1_352' title='bbox 2980 1128 3184 1180; x_wconf 89' lang='lat' dir='ltr'><strong>contra</strong></span> <span class='ocrx_word' id='word_1_353' title='bbox 3239 1123 3536 1180; x_wconf 88' lang='lat' dir='ltr'><strong>Gelasium</strong></span> <span class='ocrx_word' id='word_1_354' title='bbox 3585 1140 3801 1196; x_wconf 88' lang='lat' dir='ltr'><strong>papam</strong></span> 
     </span>
    </p>
   </div>
   <div class='ocr_carea' id='block_1_56' title="bbox 2150 1213 3800 1289">
    <p class='ocr_par' dir='ltr' id='par_1_56' title="bbox 2150 1213 3800 1289">
     <span class='ocr_line' id='line_1_57' title="bbox 2150 1213 3800 1289; baseline -0.003 -17"><span class='ocrx_word' id='word_1_355' title='bbox 2150 1217 2450 1273; x_wconf 81' lang='lat' dir='ltr'><strong>Romanus</strong></span> <span class='ocrx_word' id='word_1_356' title='bbox 2503 1215 2760 1289; x_wconf 84' lang='lat' dir='ltr'><strong>pontifex</strong></span> <span class='ocrx_word' id='word_1_357' title='bbox 2816 1215 3010 1270; x_wconf 89' lang='lat' dir='ltr'><strong>dictus</strong></span> <span class='ocrx_word' id='word_1_358' title='bbox 3055 1217 3163 1280; x_wconf 88' lang='lat' dir='ltr'><strong>est,</strong></span> <span class='ocrx_word' id='word_1_359' title='bbox 3196 1216 3253 1268; x_wconf 89' lang='lat' dir='ltr'><strong>et</strong></span> <span class='ocrx_word' id='word_1_360' title='bbox 3299 1213 3586 1268; x_wconf 87' lang='lat' dir='ltr'><strong>famosam</strong></span> <span class='ocrx_word' id='word_1_361' title='bbox 3617 1213 3800 1268; x_wconf 87' lang='lat' dir='ltr'><strong>vitam</strong></span> 
     </span>
    </p>
   </div>
   <div class='ocr_carea' id='block_1_57' title="bbox 2149 1300 3802 1379">
    <p class='ocr_par' dir='ltr' id='par_1_57' title="bbox 2149 1300 3802 1379">
     <span class='ocr_line' id='line_1_58' title="bbox 2149 1300 3802 1379; baseline -0.004 -17"><span class='ocrx_word' id='word_1_362' title='bbox 2149 1311 2280 1379; x_wconf 91' lang='lat' dir='ltr'><strong>post</strong></span> <span class='ocrx_word' id='word_1_363' title='bbox 2308 1305 2497 1362; x_wconf 90' lang='lat' dir='ltr'><strong>varias</strong></span> <span class='ocrx_word' id='word_1_364' title='bbox 2529 1305 2816 1373; x_wconf 82' lang='lat' dir='ltr'><strong>fortunas,</strong></span> <span class='ocrx_word' id='word_1_365' title='bbox 2850 1304 3064 1360; x_wconf 91' lang='lat' dir='ltr'><strong>misero</strong></span> <span class='ocrx_word' id='word_1_366' title='bbox 3092 1303 3329 1358; x_wconf 79' lang='lat' dir='ltr'><strong>tandem</strong></span> <span class='ocrx_word' id='word_1_367' title='bbox 3361 1302 3538 1370; x_wconf 85' lang='lat' dir='ltr'><strong>exitu,</strong></span> <span class='ocrx_word' id='word_1_368' title='bbox 3579 1300 3640 1356; x_wconf 89' lang='lat' dir='ltr'><strong>in</strong></span> <span class='ocrx_word' id='word_1_369' title='bbox 3671 1319 3802 1357; x_wconf 86' lang='lat' dir='ltr'><strong>car-</strong></span> 
     </span>
    </p>
   </div>
   <div class='ocr_carea' id='block_1_58' title="bbox 2149 1390 3797 1462">
    <p class='ocr_par' dir='ltr' id='par_1_58' title="bbox 2149 1390 3797 1462">
     <span class='ocr_line' id='line_1_59' title="bbox 2149 1390 3797 1462; baseline -0.002 -12"><span class='ocrx_word' id='word_1_370' title='bbox 2149 1411 2276 1450; x_wconf 90' lang='lat' dir='ltr'><strong>cere</strong></span> <span class='ocrx_word' id='word_1_371' title='bbox 2309 1393 2612 1450; x_wconf 89' lang='lat' dir='ltr'><strong>conclusit.</strong></span> <span class='ocrx_word' id='word_1_372' title='bbox 2676 1394 2786 1450; x_wconf 90' lang='lat' dir='ltr'><strong>Sed</strong></span> <span class='ocrx_word' id='word_1_373' title='bbox 2837 1394 2907 1448; x_wconf 90' lang='lat' dir='ltr'><strong>ad</strong></span> <span class='ocrx_word' id='word_1_374' title='bbox 2966 1392 3265 1449; x_wconf 89' lang='lat' dir='ltr'><strong>Urbanum</strong></span> <span class='ocrx_word' id='word_1_375' title='bbox 3330 1390 3517 1446; x_wconf 90' lang='lat' dir='ltr'><strong>redire</strong></span> <span class='ocrx_word' id='word_1_376' title='bbox 3546 1395 3797 1462; x_wconf 86' lang='lat' dir='ltr'><strong>oportet,</strong></span> 
     </span>
    </p>
   </div>
   <div class='ocr_carea' id='block_1_59' title="bbox 2148 1479 3803 1555">
    <p class='ocr_par' dir='ltr' id='par_1_59' title="bbox 2148 1479 3803 1555">
     <span class='ocr_line' id='line_1_60' title="bbox 2148 1479 3803 1555; baseline -0.004 -15"><span class='ocrx_word' id='word_1_377' title='bbox 2148 1485 2248 1555; x_wconf 90' lang='lat' dir='ltr'><strong>qui</strong></span> <span class='ocrx_word' id='word_1_378' title='bbox 2281 1487 2427 1540; x_wconf 88' lang='lat' dir='ltr'><strong>teste</strong></span> <span class='ocrx_word' id='word_1_379' title='bbox 2457 1482 2732 1540; x_wconf 87' lang='lat' dir='ltr'><strong>Gaufrido</strong></span> <span class='ocrx_word' id='word_1_380' title='bbox 2780 1482 2970 1554; x_wconf 88' lang='lat' dir='ltr'><strong>priore</strong></span> <span class='ocrx_word' id='word_1_381' title='bbox 3016 1479 3282 1536; x_wconf 89' lang='lat' dir='ltr'><strong>Vosiensi</strong></span> <span class='ocrx_word' id='word_1_382' title='bbox 3341 1482 3400 1535; x_wconf 89' lang='lat' dir='ltr'><strong>in</strong></span> <span class='ocrx_word' id='word_1_383' title='bbox 3455 1483 3589 1551; x_wconf 81' lang='lat' dir='ltr'><strong>festo</strong></span> <span class='ocrx_word' id='word_1_384' title='bbox 3617 1483 3803 1536; x_wconf 85' lang='lat' dir='ltr'><strong>sancti</strong></span> 
     </span>
    </p>
   </div>
   <div class='ocr_carea' id='block_1_60' title="bbox 2153 1569 3800 1642">
    <p class='ocr_par' dir='ltr' id='par_1_60' title="bbox 2153 1569 3800 1642">
     <span class='ocr_line' id='line_1_61' title="bbox 2153 1569 3800 1642; baseline -0.002 -13"><span class='ocrx_word' id='word_1_385' title='bbox 2153 1574 2386 1640; x_wconf 64' lang='lat' dir='ltr'><strong>Thomas,</strong></span> <span class='ocrx_word' id='word_1_386' title='bbox 2447 1572 2667 1629; x_wconf 89' lang='lat' dir='ltr'><strong>scilicet</strong></span> <span class='ocrx_word' id='word_1_387' title='bbox 2724 1572 2816 1628; x_wconf 89' lang='lat' dir='ltr'><strong>die</strong></span> <span class='ocrx_word' id='word_1_388' title='bbox 2844 1573 2908 1626; x_wconf 81' lang='grc'>21</span> <span class='ocrx_word' id='word_1_389' title='bbox 2968 1571 3147 1642; x_wconf 90' lang='lat' dir='ltr'><strong>hujus</strong></span> <span class='ocrx_word' id='word_1_390' title='bbox 3205 1569 3447 1637; x_wconf 88' lang='lat' dir='ltr'><strong>mensis,</strong></span> <span class='ocrx_word' id='word_1_391' title='bbox 3513 1571 3800 1626; x_wconf 62' lang='lat' dir='ltr'><strong>Uzerehiz</strong></span> 
     </span>
    </p>
   </div>
   <div class='ocr_carea' id='block_1_61' title="bbox 2147 1658 3801 1735">
    <p class='ocr_par' dir='ltr' id='par_1_61' title="bbox 2147 1658 3801 1735">
     <span class='ocr_line' id='line_1_62' title="bbox 2147 1658 3801 1735; baseline -0.003 -17"><span class='ocrx_word' id='word_1_392' title='bbox 2147 1665 2447 1735; x_wconf 86' lang='lat' dir='ltr'><strong>hospitat-us</strong></span> <span class='ocrx_word' id='word_1_393' title='bbox 2503 1670 2598 1717; x_wconf 89' lang='lat' dir='ltr'><strong>est.</strong></span> <span class='ocrx_word' id='word_1_394' title='bbox 2651 1663 2839 1732; x_wconf 87' lang='lat' dir='ltr'><strong>Atque</strong></span> <span class='ocrx_word' id='word_1_395' title='bbox 2897 1661 3031 1715; x_wconf 90' lang='lat' dir='ltr'><strong>inde</strong></span> <span class='ocrx_word' id='word_1_396' title='bbox 3091 1659 3405 1731; x_wconf 89' lang='lat' dir='ltr'><strong>profectus,</strong></span> <span class='ocrx_word' id='word_1_397' title='bbox 3465 1658 3801 1715; x_wconf 88' lang='lat' dir='ltr'><strong>Lemovicas</strong></span> 
     </span>
    </p>
   </div>
   <div class='ocr_carea' id='block_1_62' title="bbox 2147 1745 3801 1824">
    <p class='ocr_par' dir='ltr' id='par_1_62' title="bbox 2147 1745 3801 1824">
     <span class='ocr_line' id='line_1_63' title="bbox 2147 1745 3801 1824; baseline -0.004 -17"><span class='ocrx_word' id='word_1_398' title='bbox 2147 1755 2279 1824; x_wconf 89' lang='lat' dir='ltr'><strong>post</strong></span> <span class='ocrx_word' id='word_1_399' title='bbox 2309 1751 2555 1806; x_wconf 91' lang='lat' dir='ltr'><strong>biduum</strong></span> <span class='ocrx_word' id='word_1_400' title='bbox 2609 1748 2877 1805; x_wconf 89' lang='lat' dir='ltr'><strong>advenit:</strong></span> <span class='ocrx_word' id='word_1_401' title='bbox 2911 1747 3053 1820; x_wconf 90' lang='lat' dir='ltr'><strong>quid</strong></span> <span class='ocrx_word' id='word_1_402' title='bbox 3105 1763 3238 1804; x_wconf 91' lang='lat' dir='ltr'><strong>vero</strong></span> <span class='ocrx_word' id='word_1_403' title='bbox 3269 1747 3328 1800; x_wconf 91' lang='lat' dir='ltr'><strong>in</strong></span> <span class='ocrx_word' id='word_1_404' title='bbox 3359 1763 3427 1802; x_wconf 89' lang='lat' dir='ltr'><strong>ea</strong></span> <span class='ocrx_word' id='word_1_405' title='bbox 3475 1745 3620 1801; x_wconf 89' lang='lat' dir='ltr'><strong>urbe</strong></span> <span class='ocrx_word' id='word_1_406' title='bbox 3649 1762 3801 1818; x_wconf 83' lang='lat' dir='ltr'><strong>prae-</strong></span> 
     </span>
    </p>
   </div>
   <div class='ocr_carea' id='block_1_63' title="bbox 2148 1835 3798 1906">
    <p class='ocr_par' dir='ltr' id='par_1_63' title="bbox 2148 1835 3798 1906">
     <span class='ocr_line' id='line_1_64' title="bbox 2148 1835 3798 1906; baseline -0.005 -9"><span class='ocrx_word' id='word_1_407' title='bbox 2148 1840 2359 1897; x_wconf 88' lang='lat' dir='ltr'><strong>stiterit</strong></span> <span class='ocrx_word' id='word_1_408' title='bbox 2388 1857 2457 1896; x_wconf 84' lang='lat' dir='ltr'><strong>ex</strong></span> <span class='ocrx_word' id='word_1_409' title='bbox 2487 1837 3076 1895; x_wconf 88' lang='lat' dir='ltr'><strong>GaufrediVosiensis</strong></span> <span class='ocrx_word' id='word_1_410' title='bbox 3093 1835 3376 1893; x_wconf 90' lang='lat' dir='ltr'><strong>Chronico</strong></span> <span class='ocrx_word' id='word_1_411' title='bbox 3398 1837 3562 1906; x_wconf 89' lang='lat' dir='ltr'><strong>parte</strong></span> <span class='ocrx_word' id='word_1_412' title='bbox 3592 1851 3630 1901; x_wconf 88' lang='lat' dir='ltr'><strong>I,</strong></span> <span class='ocrx_word' id='word_1_413' title='bbox 3665 1850 3798 1906; x_wconf 89' lang='lat' dir='ltr'><strong>cap.</strong></span> 
     </span>
    </p>
   </div>
   <div class='ocr_carea' id='block_1_64' title="bbox 2142 1923 3801 1997">
    <p class='ocr_par' dir='ltr' id='par_1_64' title="bbox 2142 1923 3801 1997">
     <span class='ocr_line' id='line_1_65' title="bbox 2142 1923 3801 1997; baseline -0.004 -13"><span class='ocrx_word' id='word_1_414' title='bbox 2142 1933 2234 1997; x_wconf 86' lang='lat'><strong>27,</strong></span> <span class='ocrx_word' id='word_1_415' title='bbox 2265 1934 2422 1986; x_wconf 91' lang='lat' dir='ltr'><strong>tomo</strong></span> <span class='ocrx_word' id='word_1_416' title='bbox 2454 1929 2503 1985; x_wconf 94' lang='grc' dir='ltr'><strong>ΙΙ</strong></span> <span class='ocrx_word' id='word_1_417' title='bbox 2546 1927 2778 1982; x_wconf 88' lang='lat' dir='ltr'><strong>Bibliot.</strong></span> <span class='ocrx_word' id='word_1_418' title='bbox 2832 1925 3155 1982; x_wconf 84' lang='lat' dir='ltr'><strong>Labheanae</strong></span> <span class='ocrx_word' id='word_1_419' title='bbox 3205 1924 3417 1980; x_wconf 83' lang='lat' dir='ltr'><strong>referre</strong></span> <span class='ocrx_word' id='word_1_420' title='bbox 3457 1924 3646 1994; x_wconf 88' lang='lat' dir='ltr'><strong>juvat,</strong></span> <span class='ocrx_word' id='word_1_421' title='bbox 3696 1923 3801 1978; x_wconf 89' lang='lat' dir='ltr'><strong>ubi</strong></span> 
     </span>
    </p>
   </div>
   <div class='ocr_carea' id='block_1_65' title="bbox 2145 2015 2462 2072">
    <p class='ocr_par' dir='ltr' id='par_1_65' title="bbox 2145 2015 2462 2072">
     <span class='ocr_line' id='line_1_66' title="bbox 2145 2015 2462 2072; baseline -0.006 -1"><span class='ocrx_word' id='word_1_422' title='bbox 2145 2016 2229 2072; x_wconf 89' lang='lat' dir='ltr'><strong>sic</strong></span> <span class='ocrx_word' id='word_1_423' title='bbox 2257 2015 2462 2070; x_wconf 87' lang='lat' dir='ltr'><strong>habet:</strong></span> 
     </span>
    </p>
   </div>
   <div class='ocr_carea' id='block_1_66' title="bbox 2144 2116 3800 2202">
    <p class='ocr_par' dir='ltr' id='par_1_66' title="bbox 2144 2116 3800 2202">
     <span class='ocr_line' id='line_1_67' title="bbox 2144 2116 3800 2202; baseline -0.005 -24"><span class='ocrx_word' id='word_1_424' title='bbox 2144 2120 2465 2178; x_wconf 88' lang='lat' dir='ltr'><strong>CCXXXIV.</strong></span> <span class='ocrx_word' id='word_1_425' title='bbox 2526 2119 2948 2202; x_wconf 43' lang='lat' dir='ltr'><strong>Urbaniugesta</strong></span> <span class='ocrx_word' id='word_1_426' title='bbox 2989 2118 3151 2202; x_wconf 41' lang='lat' dir='ltr'><strong>apud.</strong></span> <span class='ocrx_word' id='word_1_427' title='bbox 3181 2119 3504 2174; x_wconf 77' lang='lat' dir='ltr'><strong>Lemovices.</strong></span> <span class='ocrx_word' id='word_1_428' title='bbox 3564 2117 3621 2171; x_wconf 86' lang='lat' dir='ltr'><strong>S.</strong></span> <span class='ocrx_word' id='word_1_429' title='bbox 3655 2116 3800 2171; x_wconf 85' lang='lat' dir='ltr'><strong>Mar-</strong></span> 
     </span>
    </p>
   </div>
   <div class='ocr_carea' id='block_1_67' title="bbox 2733 2190 3201 2246">
    <p class='ocr_par' dir='ltr' id='par_1_67' title="bbox 2733 2190 3201 2246">
     <span class='ocr_line' id='line_1_68' title="bbox 2733 2190 3201 2246; baseline -0.004 0"><span class='ocrx_word' id='word_1_430' title='bbox 2733 2192 2884 2246; x_wconf 85' lang='lat' dir='ltr'><strong>tialis</strong></span> <span class='ocrx_word' id='word_1_431' title='bbox 2914 2190 3201 2246; x_wconf 81' lang='lat' dir='ltr'><strong>dedicatio.</strong></span> 
     </span>
    </p>
   </div>
   <div class='ocr_carea' id='block_1_68' title="bbox 2218 2279 3801 2338">
    <p class='ocr_par' dir='ltr' id='par_1_68' title="bbox 2218 2279 3801 2338">
     <span class='ocr_line' id='line_1_69' title="bbox 2218 2279 3801 2338; baseline -0.003 -1"><span class='ocrx_word' id='word_1_432' title='bbox 2218 2283 2436 2338; x_wconf 88' lang='lat' dir='ltr'><strong>Decimo</strong></span> <span class='ocrx_word' id='word_1_433' title='bbox 2489 2281 2756 2337; x_wconf 83' lang='lat' dir='ltr'><strong>Kalendas</strong></span> <span class='ocrx_word' id='word_1_434' title='bbox 2811 2281 3073 2336; x_wconf 86' lang='lat' dir='ltr'><strong>Januarii</strong></span> <span class='ocrx_word' id='word_1_435' title='bbox 3139 2279 3410 2334; x_wconf 89' lang='lat' dir='ltr'><strong>Urbanus</strong></span> <span class='ocrx_word' id='word_1_436' title='bbox 3485 2279 3801 2334; x_wconf 74' lang='lat' dir='ltr'><strong>Lemovices</strong></span> 
     </span>
    </p>
   </div>
   <div class='ocr_carea' id='block_1_69' title="bbox 2143 2367 3801 2435">
    <p class='ocr_par' dir='ltr' id='par_1_69' title="bbox 2143 2367 3801 2435">
     <span class='ocr_line' id='line_1_70' title="bbox 2143 2367 3801 2435; baseline -0.004 -7"><span class='ocrx_word' id='word_1_437' title='bbox 2143 2371 2376 2428; x_wconf 80' lang='lat' dir='ltr'><strong>devenit.</strong></span> <span class='ocrx_word' id='word_1_438' title='bbox 2421 2371 2485 2426; x_wconf 91' lang='lat' dir='ltr'><strong>In</strong></span> <span class='ocrx_word' id='word_1_439' title='bbox 2534 2370 2847 2426; x_wconf 86' lang='lat' dir='ltr'><strong>festivitate</strong></span> <span class='ocrx_word' id='word_1_440' title='bbox 2900 2367 3124 2424; x_wconf 90' lang='lat' dir='ltr'><strong>Natalis</strong></span> <span class='ocrx_word' id='word_1_441' title='bbox 3183 2367 3422 2435; x_wconf 89' lang='lat' dir='ltr'><strong>Christi,</strong></span> <span class='ocrx_word' id='word_1_442' title='bbox 3473 2368 3702 2422; x_wconf 87' lang='lat' dir='ltr'><strong>missam</strong></span> <span class='ocrx_word' id='word_1_443' title='bbox 3731 2367 3801 2422; x_wconf 85' lang='lat' dir='ltr'><strong>de</strong></span> 
     </span>
    </p>
   </div>
   <div class='ocr_carea' id='block_1_70' title="bbox 2147 2456 3798 2528">
    <p class='ocr_par' dir='ltr' id='par_1_70' title="bbox 2147 2456 3798 2528">
     <span class='ocr_line' id='line_1_71' title="bbox 2147 2456 3798 2528; baseline -0.004 -12"><span class='ocrx_word' id='word_1_444' title='bbox 2147 2459 2292 2516; x_wconf 88' lang='lat' dir='ltr'><strong>Galli</strong></span> <span class='ocrx_word' id='word_1_445' title='bbox 2313 2467 2478 2515; x_wconf 84' lang='lat' dir='ltr'><strong>cantu</strong></span> <span class='ocrx_word' id='word_1_446' title='bbox 2507 2460 2807 2515; x_wconf 79' lang='lat' dir='ltr'><strong>Dominicae</strong></span> <span class='ocrx_word' id='word_1_447' title='bbox 2845 2458 3162 2513; x_wconf 83' lang='lat' dir='ltr'><strong>Nativitatis</strong></span> <span class='ocrx_word' id='word_1_448' title='bbox 3208 2459 3270 2512; x_wconf 87' lang='lat' dir='ltr'><strong>in</strong></span> <span class='ocrx_word' id='word_1_449' title='bbox 3311 2456 3539 2513; x_wconf 84' lang='lat' dir='ltr'><strong>ecclesia</strong></span> <span class='ocrx_word' id='word_1_450' title='bbox 3575 2456 3798 2528; x_wconf 82' lang='lat' dir='ltr'><strong>puella-</strong></span> 
     </span>
    </p>
   </div>
   <div class='ocr_carea' id='block_1_71' title="bbox 2145 2542 3803 2617">
    <p class='ocr_par' dir='ltr' id='par_1_71' title="bbox 2145 2542 3803 2617">
     <span class='ocr_line' id='line_1_72' title="bbox 2145 2542 3803 2617; baseline -0.001 -15"><span class='ocrx_word' id='word_1_451' title='bbox 2145 2564 2271 2602; x_wconf 85' lang='lat' dir='ltr'><strong>rum</strong></span> <span class='ocrx_word' id='word_1_452' title='bbox 2299 2551 2509 2604; x_wconf 58' lang='lat' dir='ltr'><strong>sanctm</strong></span> <span class='ocrx_word' id='word_1_453' title='bbox 2537 2548 2742 2612; x_wconf 70' lang='lat' dir='ltr'><strong>Mariae,</strong></span> <span class='ocrx_word' id='word_1_454' title='bbox 2775 2561 2902 2617; x_wconf 71' lang='lat' dir='ltr'><strong>quae</strong></span> <span class='ocrx_word' id='word_1_455' title='bbox 2921 2547 3126 2601; x_wconf 83' lang='lat' dir='ltr'><strong>dicitur</strong></span> <span class='ocrx_word' id='word_1_456' title='bbox 3155 2546 3227 2601; x_wconf 89' lang='lat' dir='ltr'><strong>ad</strong></span> <span class='ocrx_word' id='word_1_457' title='bbox 3263 2545 3549 2615; x_wconf 83' lang='lat' dir='ltr'><strong>Regulam,</strong></span> <span class='ocrx_word' id='word_1_458' title='bbox 3600 2542 3803 2600; x_wconf 86' lang='lat' dir='ltr'><strong>nobile</strong></span> 
     </span>
    </p>
   </div>
   <div class='ocr_carea' id='block_1_72' title="bbox 2145 2631 3802 2692">
    <p class='ocr_par' dir='ltr' id='par_1_72' title="bbox 2145 2631 3802 2692">
     <span class='ocr_line' id='line_1_73' title="bbox 2145 2631 3802 2692; baseline -0.004 0"><span class='ocrx_word' id='word_1_459' title='bbox 2145 2640 2234 2692; x_wconf 90' lang='lat' dir='ltr'><strong>est</strong></span> <span class='ocrx_word' id='word_1_460' title='bbox 2263 2635 2684 2692; x_wconf 90' lang='lat' dir='ltr'><strong>monasterium</strong></span> <span class='ocrx_word' id='word_1_461' title='bbox 2718 2635 2941 2690; x_wconf 91' lang='lat' dir='ltr'><strong>ordinis</strong></span> <span class='ocrx_word' id='word_1_462' title='bbox 2970 2634 3330 2691; x_wconf 89' lang='lat' dir='ltr'><strong>Benedictini</strong></span> <span class='ocrx_word' id='word_1_463' title='bbox 3359 2633 3641 2688; x_wconf 88' lang='lat' dir='ltr'><strong>hactenus</strong></span> <span class='ocrx_word' id='word_1_464' title='bbox 3663 2631 3802 2687; x_wconf 91' lang='lat' dir='ltr'><strong>sub-</strong></span> 
     </span>
    </p>
   </div>
   <div class='ocr_carea' id='block_1_73' title="bbox 2146 2721 3803 2791">
    <p class='ocr_par' dir='ltr' id='par_1_73' title="bbox 2146 2721 3803 2791">
     <span class='ocr_line' id='line_1_74' title="bbox 2146 2721 3803 2791; baseline -0.002 -10"><span class='ocrx_word' id='word_1_465' title='bbox 2146 2725 2384 2791; x_wconf 88' lang='lat' dir='ltr'><strong>sistens,</strong></span> <span class='ocrx_word' id='word_1_466' title='bbox 2415 2725 2739 2780; x_wconf 85' lang='lat' dir='ltr'><strong>decantavit.</strong></span> <span class='ocrx_word' id='word_1_467' title='bbox 2773 2724 2991 2779; x_wconf 85' lang='lat' dir='ltr'><strong>Missam</strong></span> <span class='ocrx_word' id='word_1_468' title='bbox 3019 2723 3083 2780; x_wconf 86' lang='lat' dir='ltr'><strong>de</strong></span> <span class='ocrx_word' id='word_1_469' title='bbox 3113 2725 3230 2778; x_wconf 75' lang='lat' dir='ltr'><strong>lm&#39;e</strong></span> <span class='ocrx_word' id='word_1_470' title='bbox 3258 2725 3318 2778; x_wconf 90' lang='lat' dir='ltr'><strong>in</strong></span> <span class='ocrx_word' id='word_1_471' title='bbox 3348 2723 3576 2778; x_wconf 87' lang='lat' dir='ltr'><strong>basilica</strong></span> <span class='ocrx_word' id='word_1_472' title='bbox 3615 2721 3803 2791; x_wconf 81' lang='lat' dir='ltr'><strong>regali</strong></span> 
     </span>
    </p>
   </div>
   <div class='ocr_carea' id='block_1_74' title="bbox 2145 2811 3798 2886">
    <p class='ocr_par' dir='ltr' id='par_1_74' title="bbox 2145 2811 3798 2886">
     <span class='ocr_line' id='line_1_75' title="bbox 2145 2811 3798 2886; baseline -0.003 -16"><span class='ocrx_word' id='word_1_473' title='bbox 2145 2815 2291 2886; x_wconf 84' lang='lat' dir='ltr'><strong>apud</strong></span> <span class='ocrx_word' id='word_1_474' title='bbox 2343 2818 2606 2870; x_wconf 86' lang='lat' dir='ltr'><strong>Sanctum</strong></span> <span class='ocrx_word' id='word_1_475' title='bbox 2668 2814 2982 2869; x_wconf 82' lang='lat' dir='ltr'><strong>Martialem</strong></span> <span class='ocrx_word' id='word_1_476' title='bbox 3037 2813 3359 2869; x_wconf 83' lang='lat' dir='ltr'><strong>celebravit:</strong></span> <span class='ocrx_word' id='word_1_477' title='bbox 3419 2811 3547 2866; x_wconf 89' lang='lat' dir='ltr'><strong>inde</strong></span> <span class='ocrx_word' id='word_1_478' title='bbox 3602 2812 3798 2866; x_wconf 87' lang='lat' dir='ltr'><strong>trium-</strong></span> 
     </span>
    </p>
   </div>
   <div class='ocr_carea' id='block_1_75' title="bbox 2141 2900 3794 2976">
    <p class='ocr_par' dir='ltr' id='par_1_75' title="bbox 2141 2900 3794 2976">
     <span class='ocr_line' id='line_1_76' title="bbox 2141 2900 3794 2976; baseline -0.003 -18"><span class='ocrx_word' id='word_1_479' title='bbox 2141 2903 2381 2976; x_wconf 83' lang='lat' dir='ltr'><strong>phaliler</strong></span> <span class='ocrx_word' id='word_1_480' title='bbox 2407 2907 2695 2959; x_wconf 80' lang='lat' dir='ltr'><strong>coronatus</strong></span> <span class='ocrx_word' id='word_1_481' title='bbox 2725 2903 2796 2958; x_wconf 91' lang='lat' dir='ltr'><strong>ad</strong></span> <span class='ocrx_word' id='word_1_482' title='bbox 2823 2902 3001 2958; x_wconf 86' lang='lat' dir='ltr'><strong>sedem</strong></span> <span class='ocrx_word' id='word_1_483' title='bbox 3031 2903 3383 2974; x_wconf 85' lang='lat' dir='ltr'><strong>apostolicam</strong></span> <span class='ocrx_word' id='word_1_484' title='bbox 3411 2900 3794 2972; x_wconf 84' lang='lat' dir='ltr'><strong>episcopalem,</strong></span> 
     </span>
    </p>
   </div>
   <div class='ocr_carea' id='block_1_76' title="bbox 2144 2989 3799 3062">
    <p class='ocr_par' dir='ltr' id='par_1_76' title="bbox 2144 2989 3799 3062">
     <span class='ocr_line' id='line_1_77' title="bbox 2144 2989 3799 3062; baseline -0.004 -14"><span class='ocrx_word' id='word_1_485' title='bbox 2144 2993 2228 3048; x_wconf 92' lang='lat' dir='ltr'><strong>sic</strong></span> <span class='ocrx_word' id='word_1_486' title='bbox 2254 2989 2647 3049; x_wconf 90' lang='lat' dir='ltr'><strong>cathedralem</strong></span> <span class='ocrx_word' id='word_1_487' title='bbox 2679 2990 2985 3047; x_wconf 89' lang='lat' dir='ltr'><strong>ecclesiam</strong></span> <span class='ocrx_word' id='word_1_488' title='bbox 3016 2989 3289 3062; x_wconf 88' lang='lat' dir='ltr'><strong>appellat,</strong></span> <span class='ocrx_word' id='word_1_489' title='bbox 3322 2990 3480 3059; x_wconf 90' lang='lat' dir='ltr'><strong>quod</strong></span> <span class='ocrx_word' id='word_1_490' title='bbox 3522 2991 3799 3044; x_wconf 89' lang='lat' dir='ltr'><strong>sanctum</strong></span> 
     </span>
    </p>
   </div>
   <div class='ocr_carea' id='block_1_77' title="bbox 2145 3077 3800 3152">
    <p class='ocr_par' dir='ltr' id='par_1_77' title="bbox 2145 3077 3800 3152">
     <span class='ocr_line' id='line_1_78' title="bbox 2145 3077 3800 3152; baseline -0.003 -16"><span class='ocrx_word' id='word_1_491' title='bbox 2145 3080 2470 3137; x_wconf 88' lang='lat' dir='ltr'><strong>Martialem</strong></span> <span class='ocrx_word' id='word_1_492' title='bbox 2500 3081 2759 3152; x_wconf 89' lang='lat' dir='ltr'><strong>primum</strong></span> <span class='ocrx_word' id='word_1_493' title='bbox 2782 3080 2911 3152; x_wconf 89' lang='lat' dir='ltr'><strong>ejus</strong></span> <span class='ocrx_word' id='word_1_494' title='bbox 2941 3078 3096 3136; x_wconf 92' lang='lat' dir='ltr'><strong>sedis</strong></span> <span class='ocrx_word' id='word_1_495' title='bbox 3117 3079 3454 3151; x_wconf 91' lang='lat' dir='ltr'><strong>episcopum</strong></span> <span class='ocrx_word' id='word_1_496' title='bbox 3487 3077 3643 3132; x_wconf 86' lang='lat' dir='ltr'><strong>inter</strong></span> <span class='ocrx_word' id='word_1_497' title='bbox 3657 3092 3800 3148; x_wconf 85' lang='lat' dir='ltr'><strong>apo-</strong></span> 
     </span>
    </p>
   </div>
   <div class='ocr_carea' id='block_1_78' title="bbox 2145 3164 3794 3241">
    <p class='ocr_par' dir='ltr' id='par_1_78' title="bbox 2145 3164 3794 3241">
     <span class='ocr_line' id='line_1_79' title="bbox 2145 3164 3794 3241; baseline -0.005 -15"><span class='ocrx_word' id='word_1_498' title='bbox 2145 3170 2323 3226; x_wconf 91' lang='lat' dir='ltr'><strong>stolos</strong></span> <span class='ocrx_word' id='word_1_499' title='bbox 2355 3185 2740 3226; x_wconf 89' lang='lat' dir='ltr'><strong>annumerare</strong></span> <span class='ocrx_word' id='word_1_500' title='bbox 2771 3169 3067 3241; x_wconf 89' lang='lat' dir='ltr'><strong>gaudeant</strong></span> <span class='ocrx_word' id='word_1_501' title='bbox 3097 3167 3556 3234; x_wconf 89' lang='lat' dir='ltr'><strong>Lemovicenses,</strong></span> <span class='ocrx_word' id='word_1_502' title='bbox 3605 3164 3794 3232; x_wconf 83' lang='lat' dir='ltr'><strong>rediit,</strong></span> 
     </span>
    </p>
   </div>
   <div class='ocr_carea' id='block_1_79' title="bbox 2141 3254 3793 3333">
    <p class='ocr_par' dir='ltr' id='par_1_79' title="bbox 2141 3254 3793 3333">
     <span class='ocr_line' id='line_1_80' title="bbox 2141 3254 3793 3333; baseline -0.005 -17"><span class='ocrx_word' id='word_1_503' title='bbox 2141 3261 2238 3316; x_wconf 86' lang='lat' dir='ltr'><strong>ubi</strong></span> <span class='ocrx_word' id='word_1_504' title='bbox 2285 3262 2500 3333; x_wconf 87' lang='lat' dir='ltr'><strong>reliqua</strong></span> <span class='ocrx_word' id='word_1_505' title='bbox 2541 3260 2901 3316; x_wconf 80' lang='lat' dir='ltr'><strong>solem-uitatis</strong></span> <span class='ocrx_word' id='word_1_506' title='bbox 2949 3259 3132 3330; x_wconf 82' lang='lat' dir='ltr'><strong>ofﬁcia</strong></span> <span class='ocrx_word' id='word_1_507' title='bbox 3184 3257 3412 3329; x_wconf 82' lang='lat' dir='ltr'><strong>peregit.</strong></span> <span class='ocrx_word' id='word_1_508' title='bbox 3457 3255 3642 3310; x_wconf 86' lang='lat' dir='ltr'><strong>Altera</strong></span> <span class='ocrx_word' id='word_1_509' title='bbox 3678 3254 3793 3322; x_wconf 85' lang='lat' dir='ltr'><strong>die,</strong></span> 
     </span>
    </p>
   </div>
   <div class='ocr_carea' id='block_1_80' title="bbox 2141 3343 3780 3422">
    <p class='ocr_par' dir='ltr' id='par_1_80' title="bbox 2141 3343 3780 3422">
     <span class='ocr_line' id='line_1_81' title="bbox 2141 3343 3780 3422; baseline -0.005 -15"><span class='ocrx_word' id='word_1_510' title='bbox 2141 3367 2257 3422; x_wconf 76' lang='lat' dir='ltr'><strong>quae</strong></span> <span class='ocrx_word' id='word_1_511' title='bbox 2281 3355 2360 3406; x_wconf 90' lang='lat' dir='ltr'><strong>cst</strong></span> <span class='ocrx_word' id='word_1_512' title='bbox 2386 3354 2503 3421; x_wconf 89' lang='lat' dir='ltr'><strong>post</strong></span> <span class='ocrx_word' id='word_1_513' title='bbox 2531 3351 2728 3420; x_wconf 82' lang='lat' dir='ltr'><strong>festum</strong></span> <span class='ocrx_word' id='word_1_514' title='bbox 2757 3349 3152 3415; x_wconf 78' lang='lat' dir='ltr'><strong>Innocentium,</strong></span> <span class='ocrx_word' id='word_1_515' title='bbox 3200 3344 3568 3402; x_wconf 84' lang='lat' dir='ltr'><strong>cathedralem</strong></span> <span class='ocrx_word' id='word_1_516' title='bbox 3609 3343 3780 3398; x_wconf 90' lang='lat' dir='ltr'><strong>eccle-</strong></span> 
     </span>
    </p>
   </div>
   <div class='ocr_carea' id='block_1_81' title="bbox 2142 3432 3788 3510">
    <p class='ocr_par' dir='ltr' id='par_1_81' title="bbox 2142 3432 3788 3510">
     <span class='ocr_line' id='line_1_82' title="bbox 2142 3432 3788 3510; baseline -0.005 -15"><span class='ocrx_word' id='word_1_517' title='bbox 2142 3441 2285 3495; x_wconf 86' lang='lat' dir='ltr'><strong>siam</strong></span> <span class='ocrx_word' id='word_1_518' title='bbox 2343 3441 2402 3494; x_wconf 86' lang='lat' dir='ltr'><strong>in</strong></span> <span class='ocrx_word' id='word_1_519' title='bbox 2454 3440 2654 3495; x_wconf 87' lang='lat' dir='ltr'><strong>honore</strong></span> <span class='ocrx_word' id='word_1_520' title='bbox 2707 3438 3126 3510; x_wconf 81' lang='lat' dir='ltr'><strong>protomartyris</strong></span> <span class='ocrx_word' id='word_1_521' title='bbox 3179 3434 3440 3506; x_wconf 86' lang='lat' dir='ltr'><strong>Stephani</strong></span> <span class='ocrx_word' id='word_1_522' title='bbox 3495 3432 3788 3497; x_wconf 86' lang='lat' dir='ltr'><strong>dedicavit,</strong></span> 
     </span>
    </p>
   </div>
   <div class='ocr_carea' id='block_1_82' title="bbox 2138 3521 3791 3601">
    <p class='ocr_par' dir='ltr' id='par_1_82' title="bbox 2138 3521 3791 3601">
     <span class='ocr_line' id='line_1_83' title="bbox 2138 3521 3791 3601; baseline -0.005 -17"><span class='ocrx_word' id='word_1_523' title='bbox 2138 3527 2482 3601; x_wconf 87' lang='lat' dir='ltr'><strong>sequentidie</strong></span> <span class='ocrx_word' id='word_1_524' title='bbox 2509 3529 2733 3600; x_wconf 78' lang='lat' dir='ltr'><strong>quievit.</strong></span> <span class='ocrx_word' id='word_1_525' title='bbox 2796 3524 2986 3581; x_wconf 85' lang='lat' dir='ltr'><strong>Pridie</strong></span> <span class='ocrx_word' id='word_1_526' title='bbox 3039 3525 3309 3581; x_wconf 86' lang='lat' dir='ltr'><strong>Kalendas</strong></span> <span class='ocrx_word' id='word_1_527' title='bbox 3352 3523 3610 3579; x_wconf 85' lang='lat' dir='ltr'><strong>Januarii</strong></span> <span class='ocrx_word' id='word_1_528' title='bbox 3641 3521 3791 3576; x_wconf 85' lang='lat' dir='ltr'><strong>basi-</strong></span> 
     </span>
    </p>
   </div>
   <div class='ocr_carea' id='block_1_83' title="bbox 2142 3608 3796 3687">
    <p class='ocr_par' dir='ltr' id='par_1_83' title="bbox 2142 3608 3796 3687">
     <span class='ocr_line' id='line_1_84' title="bbox 2142 3608 3796 3687; baseline -0.004 -15"><span class='ocrx_word' id='word_1_529' title='bbox 2142 3619 2307 3674; x_wconf 88' lang='lat' dir='ltr'><strong>licam</strong></span> <span class='ocrx_word' id='word_1_530' title='bbox 2335 3617 2595 3687; x_wconf 88' lang='lat' dir='ltr'><strong>regatem,</strong></span> <span class='ocrx_word' id='word_1_531' title='bbox 2622 3614 2846 3672; x_wconf 88' lang='lat' dir='ltr'><strong>scilicet</strong></span> <span class='ocrx_word' id='word_1_532' title='bbox 2873 3613 3210 3670; x_wconf 86' lang='lat' dir='ltr'><strong>monasterii</strong></span> <span class='ocrx_word' id='word_1_533' title='bbox 3257 3611 3457 3668; x_wconf 89' lang='lat' dir='ltr'><strong>Sancti</strong></span> <span class='ocrx_word' id='word_1_534' title='bbox 3506 3608 3796 3666; x_wconf 83' lang='lat' dir='ltr'><strong>Martialis</strong></span> 
     </span>
    </p>
   </div>
   <div class='ocr_carea' id='block_1_84' title="bbox 2141 3698 3797 3778">
    <p class='ocr_par' dir='ltr' id='par_1_84' title="bbox 2141 3698 3797 3778">
     <span class='ocr_line' id='line_1_85' title="bbox 2141 3698 3797 3778; baseline -0.005 -16"><span class='ocrx_word' id='word_1_535' title='bbox 2141 3711 2207 3762; x_wconf 92' lang='lat' dir='ltr'><strong>ut</strong></span> <span class='ocrx_word' id='word_1_536' title='bbox 2227 3707 2355 3778; x_wconf 90' lang='lat' dir='ltr'><strong>jam</strong></span> <span class='ocrx_word' id='word_1_537' title='bbox 2388 3723 2567 3777; x_wconf 91' lang='lat' dir='ltr'><strong>supra</strong></span> <span class='ocrx_word' id='word_1_538' title='bbox 2577 3721 2706 3761; x_wconf 91' lang='lat' dir='ltr'><strong>eam</strong></span> <span class='ocrx_word' id='word_1_539' title='bbox 2721 3703 3201 3777; x_wconf 87' lang='lat' dir='ltr'><strong>appellaverat,in</strong></span> <span class='ocrx_word' id='word_1_540' title='bbox 3212 3704 3471 3757; x_wconf 87' lang='lat' dir='ltr'><strong>honorem</strong></span> <span class='ocrx_word' id='word_1_541' title='bbox 3492 3698 3797 3755; x_wconf 78' lang='lat' dir='ltr'><strong>Saluatoris</strong></span> 
     </span>
    </p>
   </div>
   <div class='ocr_carea' id='block_1_85' title="bbox 2138 3789 3788 3865">
    <p class='ocr_par' dir='ltr' id='par_1_85' title="bbox 2138 3789 3788 3865">
     <span class='ocr_line' id='line_1_86' title="bbox 2138 3789 3788 3865; baseline -0.005 -14"><span class='ocrx_word' id='word_1_542' title='bbox 2138 3795 2336 3851; x_wconf 87' lang='lat' dir='ltr'><strong>mundi</strong></span> <span class='ocrx_word' id='word_1_543' title='bbox 2385 3796 2735 3861; x_wconf 86' lang='lat' dir='ltr'><strong>consecravit,</strong></span> <span class='ocrx_word' id='word_1_544' title='bbox 2797 3793 3022 3865; x_wconf 85' lang='lat' dir='ltr'><strong>ejusque</strong></span> <span class='ocrx_word' id='word_1_545' title='bbox 3092 3793 3385 3862; x_wconf 86' lang='lat' dir='ltr'><strong>antiquam</strong></span> <span class='ocrx_word' id='word_1_546' title='bbox 3458 3789 3788 3854; x_wconf 84' lang='lat' dir='ltr'><strong>libertatem,</strong></span> 
     </span>
    </p>
   </div>
   <div class='ocr_carea' id='block_1_86' title="bbox 2138 3876 3794 3957">
    <p class='ocr_par' dir='ltr' id='par_1_86' title="bbox 2138 3876 3794 3957">
     <span class='ocr_line' id='line_1_87' title="bbox 2138 3876 3794 3957; baseline -0.005 -18"><span class='ocrx_word' id='word_1_547' title='bbox 2138 3885 2482 3957; x_wconf 87' lang='lat' dir='ltr'><strong>nobilemque</strong></span> <span class='ocrx_word' id='word_1_548' title='bbox 2508 3883 2933 3956; x_wconf 73' lang='lat' dir='ltr'><strong>praerogativam</strong></span> <span class='ocrx_word' id='word_1_549' title='bbox 2988 3882 3147 3937; x_wconf 84' lang='lat' dir='ltr'><strong>novis</strong></span> <span class='ocrx_word' id='word_1_550' title='bbox 3194 3879 3510 3950; x_wconf 85' lang='lat' dir='ltr'><strong>privilegiis</strong></span> <span class='ocrx_word' id='word_1_551' title='bbox 3565 3876 3794 3932; x_wconf 88' lang='lat' dir='ltr'><strong>robora-</strong></span> 
     </span>
    </p>
   </div>
   <div class='ocr_carea' id='block_1_87' title="bbox 2138 3963 3799 4043">
    <p class='ocr_par' dir='ltr' id='par_1_87' title="bbox 2138 3963 3799 4043">
     <span class='ocr_line' id='line_1_88' title="bbox 2138 3963 3799 4043; baseline -0.005 -15"><span class='ocrx_word' id='word_1_552' title='bbox 2138 3976 2236 4028; x_wconf 83' lang='lat' dir='ltr'><strong>vit.</strong></span> <span class='ocrx_word' id='word_1_553' title='bbox 2261 3971 2479 4028; x_wconf 89' lang='lat' dir='ltr'><strong>Urbani</strong></span> <span class='ocrx_word' id='word_1_554' title='bbox 2507 3971 2670 4027; x_wconf 91' lang='lat' dir='ltr'><strong>bulla</strong></span> <span class='ocrx_word' id='word_1_555' title='bbox 2695 3971 2766 4026; x_wconf 86' lang='lat' dir='ltr'><strong>de</strong></span> <span class='ocrx_word' id='word_1_556' title='bbox 2787 3969 3104 4043; x_wconf 86' lang='lat' dir='ltr'><strong>privilegiis</strong></span> <span class='ocrx_word' id='word_1_557' title='bbox 3136 3967 3334 4024; x_wconf 83' lang='lat' dir='ltr'><strong>Sancti</strong></span> <span class='ocrx_word' id='word_1_558' title='bbox 3349 3963 3631 4022; x_wconf 87' lang='lat' dir='ltr'><strong>Martialis</strong></span> <span class='ocrx_word' id='word_1_559' title='bbox 3660 3968 3799 4036; x_wconf 84' lang='lat' dir='ltr'><strong>post.</strong></span> 
     </span>
    </p>
   </div>
   <div class='ocr_carea' id='block_1_88' title="bbox 2139 4054 3796 4133">
    <p class='ocr_par' dir='ltr' id='par_1_88' title="bbox 2139 4054 3796 4133">
     <span class='ocr_line' id='line_1_89' title="bbox 2139 4054 3796 4133; baseline -0.005 -16"><span class='ocrx_word' id='word_1_560' title='bbox 2139 4060 2362 4133; x_wconf 90' lang='lat' dir='ltr'><strong>aliquot</strong></span> <span class='ocrx_word' id='word_1_561' title='bbox 2392 4077 2626 4116; x_wconf 91' lang='lat' dir='ltr'><strong>menses</strong></span> <span class='ocrx_word' id='word_1_562' title='bbox 2641 4060 2796 4132; x_wconf 90' lang='lat' dir='ltr'><strong>apud</strong></span> <span class='ocrx_word' id='word_1_563' title='bbox 2811 4060 3101 4116; x_wconf 89' lang='lat' dir='ltr'><strong>Santonas</strong></span> <span class='ocrx_word' id='word_1_564' title='bbox 3113 4058 3252 4114; x_wconf 88' lang='lat' dir='ltr'><strong>data</strong></span> <span class='ocrx_word' id='word_1_565' title='bbox 3267 4056 3397 4112; x_wconf 87' lang='lat' dir='ltr'><strong>fuit.</strong></span> <span class='ocrx_word' id='word_1_566' title='bbox 3414 4054 3576 4112; x_wconf 90' lang='lat' dir='ltr'><strong>Istud</strong></span> <span class='ocrx_word' id='word_1_567' title='bbox 3597 4060 3796 4110; x_wconf 82' lang='lat' dir='ltr'><strong>autem</strong></span> 
     </span>
    </p>
   </div>
   <div class='ocr_carea' id='block_1_89' title="bbox 2139 4141 3798 4212">
    <p class='ocr_par' dir='ltr' id='par_1_89' title="bbox 2139 4141 3798 4212">
     <span class='ocr_line' id='line_1_90' title="bbox 2139 4141 3798 4212; baseline -0.005 -7"><span class='ocrx_word' id='word_1_568' title='bbox 2139 4151 2560 4206; x_wconf 84' lang='lat' dir='ltr'><strong>monasterium</strong></span> <span class='ocrx_word' id='word_1_569' title='bbox 2594 4166 2625 4204; x_wconf 91' lang='lat' dir='ltr'><strong>e</strong></span> <span class='ocrx_word' id='word_1_570' title='bbox 2669 4147 3040 4205; x_wconf 88' lang='lat' dir='ltr'><strong>Cluniacensi</strong></span> <span class='ocrx_word' id='word_1_571' title='bbox 3097 4147 3302 4212; x_wconf 77' lang='lat' dir='ltr'><strong>ordine</strong></span> <span class='ocrx_word' id='word_1_572' title='bbox 3359 4145 3431 4200; x_wconf 88' lang='lat' dir='ltr'><strong>ad</strong></span> <span class='ocrx_word' id='word_1_573' title='bbox 3482 4141 3798 4198; x_wconf 86' lang='lat' dir='ltr'><strong>canonicos</strong></span> 
     </span>
    </p>
   </div>
   <div class='ocr_carea' id='block_1_90' title="bbox 2138 4229 3795 4296">
    <p class='ocr_par' dir='ltr' id='par_1_90' title="bbox 2138 4229 3795 4296">
     <span class='ocr_line' id='line_1_91' title="bbox 2138 4229 3795 4296; baseline -0.006 0"><span class='ocrx_word' id='word_1_574' title='bbox 2138 4238 2445 4296; x_wconf 62' lang='lat' dir='ltr'><strong>seculares</strong></span> <span class='ocrx_word' id='word_1_575' title='bbox 2459 4236 2793 4293; x_wconf 90' lang='lat' dir='ltr'><strong>devolutum</strong></span> <span class='ocrx_word' id='word_1_576' title='bbox 2808 4241 2917 4292; x_wconf 90' lang='lat' dir='ltr'><strong>est.</strong></span> <span class='ocrx_word' id='word_1_577' title='bbox 2950 4237 3059 4292; x_wconf 89' lang='lat' dir='ltr'><strong>Sed</strong></span> <span class='ocrx_word' id='word_1_578' title='bbox 3091 4233 3364 4292; x_wconf 89' lang='lat' dir='ltr'><strong>Gaufredi</strong></span> <span class='ocrx_word' id='word_1_579' title='bbox 3395 4229 3795 4295; x_wconf 86' lang='lat' dir='ltr'><strong>narrationem</strong></span> 
     </span>
    </p>
   </div>
   <div class='ocr_carea' id='block_1_91' title="bbox 2137 4319 3808 4401">
    <p class='ocr_par' dir='ltr' id='par_1_91' title="bbox 2137 4319 3808 4401">
     <span class='ocr_line' id='line_1_92' title="bbox 2137 4319 3808 4401; baseline -0.006 -17"><span class='ocrx_word' id='word_1_580' title='bbox 2137 4343 2583 4401; x_wconf 88' lang='lat' dir='ltr'><strong>prosequamur.</strong></span> <span class='ocrx_word' id='word_1_581' title='bbox 2615 4348 2643 4376; x_wconf 86' lang='grc'><strong>‹‹</strong></span> <span class='ocrx_word' id='word_1_582' title='bbox 2673 4325 2840 4393; x_wconf 90' lang='lat' dir='ltr'><strong>Huic,</strong></span> <span class='ocrx_word' id='word_1_583' title='bbox 2875 4325 3090 4398; x_wconf 88' lang='lat' dir='ltr'><strong>inquit,</strong></span> <span class='ocrx_word' id='word_1_584' title='bbox 3123 4321 3320 4381; x_wconf 90' lang='lat' dir='ltr'><strong>Sancti</strong></span> <span class='ocrx_word' id='word_1_585' title='bbox 3352 4319 3638 4378; x_wconf 87' lang='lat' dir='ltr'><strong>Martialis</strong></span> <span class='ocrx_word' id='word_1_586' title='bbox 3684 4319 3808 4387; x_wconf 52' lang='lat' dir='ltr'><strong>des</strong></span> 
     </span>
    </p>
   </div>
   <div class='ocr_carea' id='block_1_92' title="bbox 2136 4409 3799 4488">
    <p class='ocr_par' dir='ltr' id='par_1_92' title="bbox 2136 4409 3799 4488">
     <span class='ocr_line' id='line_1_93' title="bbox 2136 4409 3799 4488; baseline -0.007 -15"><span class='ocrx_word' id='word_1_587' title='bbox 2136 4416 2434 4483; x_wconf 91' lang='lat' dir='ltr'><strong>dicationi,</strong></span> <span class='ocrx_word' id='word_1_588' title='bbox 2467 4432 2595 4488; x_wconf 69' lang='lat' dir='ltr'><strong>quae</strong></span> <span class='ocrx_word' id='word_1_589' title='bbox 2627 4418 2860 4488; x_wconf 89' lang='lat' dir='ltr'><strong>peracta</strong></span> <span class='ocrx_word' id='word_1_590' title='bbox 2902 4420 2992 4472; x_wconf 90' lang='lat' dir='ltr'><strong>est</strong></span> <span class='ocrx_word' id='word_1_591' title='bbox 3039 4430 3190 4470; x_wconf 89' lang='lat' dir='ltr'><strong>anno</strong></span> <span class='ocrx_word' id='word_1_592' title='bbox 3241 4409 3552 4468; x_wconf 62' lang='lat' dir='ltr'><strong>Dominicis</strong></span> <span class='ocrx_word' id='word_1_593' title='bbox 3603 4410 3799 4463; x_wconf 84' lang='lat' dir='ltr'><strong>Incar-</strong></span> 
     </span>
    </p>
   </div>
   <div class='ocr_carea' id='block_1_93' title="bbox 2136 4497 3794 4574">
    <p class='ocr_par' dir='ltr' id='par_1_93' title="bbox 2136 4497 3794 4574">
     <span class='ocr_line' id='line_1_94' title="bbox 2136 4497 3794 4574; baseline -0.007 -13"><span class='ocrx_word' id='word_1_594' title='bbox 2136 4505 2310 4561; x_wconf 89' lang='lat' dir='ltr'><strong>tionis</strong></span> <span class='ocrx_word' id='word_1_595' title='bbox 2343 4503 2500 4573; x_wconf 85' lang='grc'><strong>1095,</strong></span> <span class='ocrx_word' id='word_1_596' title='bbox 2535 4503 2926 4560; x_wconf 84' lang='lat' dir='ltr'><strong>interfuerunt</strong></span> <span class='ocrx_word' id='word_1_597' title='bbox 2965 4501 3163 4574; x_wconf 90' lang='lat' dir='ltr'><strong>plures</strong></span> <span class='ocrx_word' id='word_1_598' title='bbox 3209 4497 3487 4573; x_wconf 89' lang='lat' dir='ltr'><strong>episcopi,</strong></span> <span class='ocrx_word' id='word_1_599' title='bbox 3539 4511 3794 4568; x_wconf 91' lang='lat' dir='ltr'><strong>quorum</strong></span> 
     </span>
    </p>
   </div>
   <div class='ocr_carea' id='block_1_94' title="bbox 373 4585 3795 4679">
    <p class='ocr_par' dir='ltr' id='par_1_94' title="bbox 373 4585 3795 4679">
     <span class='ocr_line' id='line_1_95' title="bbox 373 4585 3795 4679; baseline -0.002 -32"><span class='ocrx_word' id='word_1_600' title='bbox 373 4589 662 4648; x_wconf 87' lang='lat' dir='ltr'><strong>solemnia</strong></span> <span class='ocrx_word' id='word_1_601' title='bbox 717 4589 875 4662; x_wconf 89' lang='lat' dir='ltr'><strong>apud</strong></span> <span class='ocrx_word' id='word_1_602' title='bbox 935 4588 1268 4645; x_wconf 90' lang='lat' dir='ltr'><strong>Lemovicas</strong></span> <span class='ocrx_word' id='word_1_603' title='bbox 1326 4606 1360 4645; x_wconf 90' lang='lat' dir='ltr'><strong>a</strong></span> <span class='ocrx_word' id='word_1_604' title='bbox 1414 4589 1690 4662; x_wconf 81' lang='lat' dir='ltr'><strong>pontifice</strong></span> <span class='ocrx_word' id='word_1_605' title='bbox 1747 4591 2028 4649; x_wconf 90' lang='lat' dir='ltr'><strong>celebrari</strong></span> <span class='ocrx_word' id='word_1_606' title='bbox 2057 4613 2106 4679; x_wconf 83' lang='lat' dir='ltr'><strong>D</strong></span> <span class='ocrx_word' id='word_1_607' title='bbox 2137 4594 2376 4650; x_wconf 91' lang='lat' dir='ltr'><strong>nomina</strong></span> <span class='ocrx_word' id='word_1_608' title='bbox 2407 4592 2639 4676; x_wconf 89' lang='lat' dir='ltr'><strong>silentio</strong></span> <span class='ocrx_word' id='word_1_609' title='bbox 2670 4609 2787 4648; x_wconf 88' lang='lat' dir='ltr'><strong>non</strong></span> <span class='ocrx_word' id='word_1_610' title='bbox 2821 4595 2962 4648; x_wconf 88' lang='lat' dir='ltr'><strong>sunt</strong></span> <span class='ocrx_word' id='word_1_611' title='bbox 3019 4590 3288 4663; x_wconf 89' lang='lat' dir='ltr'><strong>tegenda.</strong></span> <span class='ocrx_word' id='word_1_612' title='bbox 3343 4588 3508 4660; x_wconf 86' lang='lat' dir='ltr'><strong>Hugo</strong></span> <span class='ocrx_word' id='word_1_613' title='bbox 3557 4585 3795 4658; x_wconf 89' lang='lat' dir='ltr'><strong>Lugdu-</strong></span> 
     </span>
    </p>
   </div>
   <div class='ocr_carea' id='block_1_95' title="bbox 374 4675 3794 4754">
    <p class='ocr_par' dir='ltr' id='par_1_95' title="bbox 374 4675 3794 4754">
     <span class='ocr_line' id='line_1_96' title="bbox 374 4675 3794 4754; baseline -0.002 -18"><span class='ocrx_word' id='word_1_614' title='bbox 374 4683 632 4752; x_wconf 90' lang='lat' dir='ltr'><strong>cuperet.</strong></span> <span class='ocrx_word' id='word_1_615' title='bbox 667 4679 1187 4752; x_wconf 90' lang='lat' dir='ltr'><strong>Urbanusquippe,</strong></span> <span class='ocrx_word' id='word_1_616' title='bbox 1212 4682 1277 4734; x_wconf 89' lang='lat' dir='ltr'><strong>ut</strong></span> <span class='ocrx_word' id='word_1_617' title='bbox 1299 4695 1433 4735; x_wconf 83' lang='lat' dir='ltr'><strong>mox</strong></span> <span class='ocrx_word' id='word_1_618' title='bbox 1462 4678 1821 4749; x_wconf 90' lang='lat' dir='ltr'><strong>dicebamus,</strong></span> <span class='ocrx_word' id='word_1_619' title='bbox 1854 4681 2028 4754; x_wconf 89' lang='lat' dir='ltr'><strong>paulo</strong></span> <span class='ocrx_word' id='word_1_620' title='bbox 2057 4675 2096 4679; x_wconf 59' lang='lat'>_</span> <span class='ocrx_word' id='word_1_621' title='bbox 2140 4683 2360 4753; x_wconf 90' lang='lat' dir='ltr'><strong>nensis,</strong></span> <span class='ocrx_word' id='word_1_622' title='bbox 2392 4682 2762 4738; x_wconf 88' lang='lat' dir='ltr'><strong>Audebertus</strong></span> <span class='ocrx_word' id='word_1_623' title='bbox 2793 4680 3198 4746; x_wconf 89' lang='lat' dir='ltr'><strong>Bituricensis,</strong></span> <span class='ocrx_word' id='word_1_624' title='bbox 3223 4680 3471 4734; x_wconf 84' lang='lat' dir='ltr'><strong>Amatus</strong></span> <span class='ocrx_word' id='word_1_625' title='bbox 3497 4675 3794 4747; x_wconf 84' lang='lat' dir='ltr'><strong>Burdega—</strong></span> 
     </span>
    </p>
   </div>
   <div class='ocr_carea' id='block_1_96' title="bbox 373 4767 2028 4842">
    <p class='ocr_par' dir='ltr' id='par_1_96' title="bbox 373 4767 2028 4842">
     <span class='ocr_line' id='line_1_97' title="bbox 373 4767 2028 4842; baseline 0.001 -15"><span class='ocrx_word' id='word_1_626' title='bbox 373 4768 631 4842; x_wconf 84' lang='lat' dir='ltr'><strong>amplius</strong></span> <span class='ocrx_word' id='word_1_627' title='bbox 660 4785 838 4841; x_wconf 90' lang='lat' dir='ltr'><strong>quam</strong></span> <span class='ocrx_word' id='word_1_628' title='bbox 897 4767 1223 4824; x_wconf 89' lang='lat' dir='ltr'><strong>crediderat</strong></span> <span class='ocrx_word' id='word_1_629' title='bbox 1261 4769 1340 4824; x_wconf 87' lang='lat' dir='ltr'><strong>ob</strong></span> <span class='ocrx_word' id='word_1_630' title='bbox 1390 4768 1636 4824; x_wconf 89' lang='lat' dir='ltr'><strong>Joannis</strong></span> <span class='ocrx_word' id='word_1_631' title='bbox 1692 4769 2028 4828; x_wconf 89' lang='lat' dir='ltr'><strong>Portuensis</strong></span> 
     </span>
    </p>
   </div>
   <div class='ocr_carea' id='block_1_97' title="bbox 372 4856 2023 4932">
    <p class='ocr_par' dir='ltr' id='par_1_97' title="bbox 372 4856 2023 4932">
     <span class='ocr_line' id='line_1_98' title="bbox 372 4856 2023 4932; baseline 0.001 -18"><span class='ocrx_word' id='word_1_632' title='bbox 372 4856 778 4932; x_wconf 62' lang='lat' dir='ltr'><strong>aegritudinem</strong></span> <span class='ocrx_word' id='word_1_633' title='bbox 808 4857 869 4912; x_wconf 93' lang='lat' dir='ltr'><strong>in</strong></span> <span class='ocrx_word' id='word_1_634' title='bbox 919 4857 1126 4913; x_wconf 90' lang='lat' dir='ltr'><strong>itinere</strong></span> <span class='ocrx_word' id='word_1_635' title='bbox 1183 4860 1445 4913; x_wconf 91' lang='lat' dir='ltr'><strong>moratus</strong></span> <span class='ocrx_word' id='word_1_636' title='bbox 1503 4861 1611 4913; x_wconf 87' lang='lat' dir='ltr'><strong>est.</strong></span> <span class='ocrx_word' id='word_1_637' title='bbox 1657 4857 1741 4914; x_wconf 91' lang='lat' dir='ltr'><strong>Ob</strong></span> <span class='ocrx_word' id='word_1_638' title='bbox 1798 4859 1905 4916; x_wconf 92' lang='lat' dir='ltr'><strong>hoc</strong></span> <span class='ocrx_word' id='word_1_639' title='bbox 1936 4863 2023 4916; x_wconf 88' lang='lat' dir='ltr'><strong>ta-</strong></span> 
     </span>
    </p>
   </div>
   <div class='ocr_carea' id='block_1_98' title="bbox 372 4945 2021 5019">
    <p class='ocr_par' dir='ltr' id='par_1_98' title="bbox 372 4945 2021 5019">
     <span class='ocr_line' id='line_1_99' title="bbox 372 4945 2021 5019; baseline 0.001 -15"><span class='ocrx_word' id='word_1_640' title='bbox 372 4963 530 5015; x_wconf 90' lang='lat' dir='ltr'><strong>men,</strong></span> <span class='ocrx_word' id='word_1_641' title='bbox 565 4947 614 5002; x_wconf 90' lang='lat' dir='ltr'><strong>si</strong></span> <span class='ocrx_word' id='word_1_642' title='bbox 645 4946 903 5004; x_wconf 87' lang='lat' dir='ltr'><strong>chronici</strong></span> <span class='ocrx_word' id='word_1_643' title='bbox 933 4947 1063 5019; x_wconf 90' lang='lat' dir='ltr'><strong>ejus</strong></span> <span class='ocrx_word' id='word_1_644' title='bbox 1093 4945 1202 5003; x_wconf 91' lang='lat' dir='ltr'><strong>loci</strong></span> <span class='ocrx_word' id='word_1_645' title='bbox 1249 4945 1570 5002; x_wconf 90' lang='lat' dir='ltr'><strong>domestico</strong></span> <span class='ocrx_word' id='word_1_646' title='bbox 1615 4949 1841 5003; x_wconf 89' lang='lat' dir='ltr'><strong>auctori</strong></span> <span class='ocrx_word' id='word_1_647' title='bbox 1899 4965 2021 5005; x_wconf 86' lang='lat' dir='ltr'><strong>cre-</strong></span> 
     </span>
    </p>
   </div>
   <div class='ocr_carea' id='block_1_99' title="bbox 372 5035 2024 5108">
    <p class='ocr_par' dir='ltr' id='par_1_99' title="bbox 372 5035 2024 5108">
     <span class='ocr_line' id='line_1_100' title="bbox 372 5035 2024 5108; baseline 0 -15"><span class='ocrx_word' id='word_1_648' title='bbox 372 5037 606 5108; x_wconf 87' lang='lat' dir='ltr'><strong>damus,</strong></span> <span class='ocrx_word' id='word_1_649' title='bbox 648 5037 940 5094; x_wconf 89' lang='lat' dir='ltr'><strong>Gerardus</strong></span> <span class='ocrx_word' id='word_1_650' title='bbox 979 5037 1038 5092; x_wconf 90' lang='lat' dir='ltr'><strong>in</strong></span> <span class='ocrx_word' id='word_1_651' title='bbox 1089 5035 1430 5108; x_wconf 89' lang='lat' dir='ltr'><strong>episcopum</strong></span> <span class='ocrx_word' id='word_1_652' title='bbox 1469 5040 1800 5092; x_wconf 88' lang='lat' dir='ltr'><strong>commotus</strong></span> <span class='ocrx_word' id='word_1_653' title='bbox 1828 5037 2024 5094; x_wconf 85' lang='lat' dir='ltr'><strong>Adhe-</strong></span> 
     </span>
    </p>
   </div>
   <div class='ocr_carea' id='block_1_100' title="bbox 371 5124 2022 5197">
    <p class='ocr_par' dir='ltr' id='par_1_100' title="bbox 371 5124 2022 5197">
     <span class='ocr_line' id='line_1_101' title="bbox 371 5124 2022 5197; baseline 0.001 -16"><span class='ocrx_word' id='word_1_654' title='bbox 371 5141 534 5182; x_wconf 89' lang='lat' dir='ltr'><strong>maro</strong></span> <span class='ocrx_word' id='word_1_655' title='bbox 563 5126 758 5182; x_wconf 87' lang='lat' dir='ltr'><strong>Sancti</strong></span> <span class='ocrx_word' id='word_1_656' title='bbox 778 5125 1062 5181; x_wconf 86' lang='lat' dir='ltr'><strong>Martialis</strong></span> <span class='ocrx_word' id='word_1_657' title='bbox 1083 5124 1278 5180; x_wconf 89' lang='lat' dir='ltr'><strong>abbati</strong></span> <span class='ocrx_word' id='word_1_658' title='bbox 1294 5141 1420 5180; x_wconf 88' lang='lat' dir='ltr'><strong>sese</strong></span> <span class='ocrx_word' id='word_1_659' title='bbox 1449 5124 1740 5195; x_wconf 83' lang='lat' dir='ltr'><strong>adjunxit,</strong></span> <span class='ocrx_word' id='word_1_660' title='bbox 1757 5142 1790 5180; x_wconf 89' lang='lat' dir='ltr'><strong>a</strong></span> <span class='ocrx_word' id='word_1_661' title='bbox 1807 5126 2022 5197; x_wconf 89' lang='lat' dir='ltr'><strong>quibus</strong></span> 
     </span>
    </p>
   </div>
   <div class='ocr_carea' id='block_1_101' title="bbox 372 5213 2018 5288">
    <p class='ocr_par' dir='ltr' id='par_1_101' title="bbox 372 5213 2018 5288">
     <span class='ocr_line' id='line_1_102' title="bbox 372 5213 2018 5288; baseline 0 -17"><span class='ocrx_word' id='word_1_662' title='bbox 372 5231 567 5271; x_wconf 87' lang='lat' dir='ltr'><strong>coram</strong></span> <span class='ocrx_word' id='word_1_663' title='bbox 593 5215 868 5288; x_wconf 84' lang='lat' dir='ltr'><strong>pontiﬁce</strong></span> <span class='ocrx_word' id='word_1_664' title='bbox 898 5218 1208 5269; x_wconf 85' lang='lat' dir='ltr'><strong>accusatus</strong></span> <span class='ocrx_word' id='word_1_665' title='bbox 1267 5215 1600 5285; x_wconf 90' lang='lat' dir='ltr'><strong>episcopus,</strong></span> <span class='ocrx_word' id='word_1_666' title='bbox 1664 5213 1835 5285; x_wconf 90' lang='lat' dir='ltr'><strong>paulo</strong></span> <span class='ocrx_word' id='word_1_667' title='bbox 1869 5220 2018 5288; x_wconf 90' lang='lat' dir='ltr'><strong>post,</strong></span> 
     </span>
    </p>
   </div>
   <div class='ocr_carea' id='block_1_102' title="bbox 371 5301 2020 5373">
    <p class='ocr_par' dir='ltr' id='par_1_102' title="bbox 371 5301 2020 5373">
     <span class='ocr_line' id='line_1_103' title="bbox 371 5301 2020 5373; baseline 0.002 -13"><span class='ocrx_word' id='word_1_668' title='bbox 371 5303 456 5360; x_wconf 90' lang='lat' dir='ltr'><strong>uti</strong></span> <span class='ocrx_word' id='word_1_669' title='bbox 487 5302 698 5360; x_wconf 86' lang='lat' dir='ltr'><strong>dicturi</strong></span> <span class='ocrx_word' id='word_1_670' title='bbox 732 5319 961 5370; x_wconf 90' lang='lat' dir='ltr'><strong>sumus,</strong></span> <span class='ocrx_word' id='word_1_671' title='bbox 988 5319 1022 5357; x_wconf 90' lang='lat' dir='ltr'><strong>a</strong></span> <span class='ocrx_word' id='word_1_672' title='bbox 1050 5319 1159 5358; x_wconf 88' lang='lat' dir='ltr'><strong>sua</strong></span> <span class='ocrx_word' id='word_1_673' title='bbox 1188 5303 1324 5358; x_wconf 91' lang='lat' dir='ltr'><strong>sede</strong></span> <span class='ocrx_word' id='word_1_674' title='bbox 1356 5302 1614 5373; x_wconf 89' lang='lat' dir='ltr'><strong>dejectus</strong></span> <span class='ocrx_word' id='word_1_675' title='bbox 1647 5301 1776 5358; x_wconf 85' lang='lat' dir='ltr'><strong>fuit.</strong></span> <span class='ocrx_word' id='word_1_676' title='bbox 1810 5305 1883 5360; x_wconf 86' lang='lat' dir='ltr'><strong>At</strong></span> <span class='ocrx_word' id='word_1_677' title='bbox 1911 5306 2020 5363; x_wconf 85' lang='lat' dir='ltr'><strong>Ge-</strong></span> 
     </span>
    </p>
   </div>
   <div class='ocr_carea' id='block_1_103' title="bbox 372 5390 2020 5464">
    <p class='ocr_par' dir='ltr' id='par_1_103' title="bbox 372 5390 2020 5464">
     <span class='ocr_line' id='line_1_104' title="bbox 372 5390 2020 5464; baseline 0.002 -16"><span class='ocrx_word' id='word_1_678' title='bbox 372 5394 581 5448; x_wconf 88' lang='lat' dir='ltr'><strong>rardus</strong></span> <span class='ocrx_word' id='word_1_679' title='bbox 603 5407 804 5447; x_wconf 90' lang='lat' dir='ltr'><strong>mense</strong></span> <span class='ocrx_word' id='word_1_680' title='bbox 834 5391 1122 5463; x_wconf 87' lang='lat' dir='ltr'><strong>sequenti,</strong></span> <span class='ocrx_word' id='word_1_681' title='bbox 1155 5390 1282 5464; x_wconf 90' lang='lat' dir='ltr'><strong>ipso</strong></span> <span class='ocrx_word' id='word_1_682' title='bbox 1314 5391 1406 5446; x_wconf 92' lang='lat' dir='ltr'><strong>die</strong></span> <span class='ocrx_word' id='word_1_683' title='bbox 1434 5391 1578 5446; x_wconf 85' lang='lat' dir='ltr'><strong>festo</strong></span> <span class='ocrx_word' id='word_1_684' title='bbox 1611 5392 1796 5447; x_wconf 88' lang='lat' dir='ltr'><strong>sancti</strong></span> <span class='ocrx_word' id='word_1_685' title='bbox 1830 5394 2020 5451; x_wconf 89' lang='lat' dir='ltr'><strong>Mauri</strong></span> 
     </span>
    </p>
   </div>
   <div class='ocr_carea' id='block_1_104' title="bbox 371 5477 2018 5554">
    <p class='ocr_par' dir='ltr' id='par_1_104' title="bbox 371 5477 2018 5554">
     <span class='ocr_line' id='line_1_105' title="bbox 371 5477 2018 5554; baseline 0.002 -16"><span class='ocrx_word' id='word_1_686' title='bbox 371 5480 619 5538; x_wconf 83' lang='lat' dir='ltr'><strong>excessit</strong></span> <span class='ocrx_word' id='word_1_687' title='bbox 648 5495 678 5534; x_wconf 91' lang='lat' dir='ltr'><strong>e</strong></span> <span class='ocrx_word' id='word_1_688' title='bbox 706 5479 844 5534; x_wconf 90' lang='lat' dir='ltr'><strong>vita.</strong></span> <span class='ocrx_word' id='word_1_689' title='bbox 879 5478 1103 5536; x_wconf 71' lang='lat' dir='ltr'><strong>Userca:</strong></span> <span class='ocrx_word' id='word_1_690' title='bbox 1136 5479 1372 5554; x_wconf 89' lang='lat' dir='ltr'><strong>quando</strong></span> <span class='ocrx_word' id='word_1_691' title='bbox 1403 5477 1534 5534; x_wconf 89' lang='lat' dir='ltr'><strong>illac</strong></span> <span class='ocrx_word' id='word_1_692' title='bbox 1573 5480 1806 5537; x_wconf 88' lang='lat' dir='ltr'><strong>transiit</strong></span> <span class='ocrx_word' id='word_1_693' title='bbox 1838 5483 2018 5542; x_wconf 91' lang='lat' dir='ltr'><strong>Urba-</strong></span> 
     </span>
    </p>
   </div>
   <div class='ocr_carea' id='block_1_105' title="bbox 372 5565 2020 5642">
    <p class='ocr_par' dir='ltr' id='par_1_105' title="bbox 372 5565 2020 5642">
     <span class='ocr_line' id='line_1_106' title="bbox 372 5565 2020 5642; baseline 0.002 -18"><span class='ocrx_word' id='word_1_694' title='bbox 372 5585 485 5624; x_wconf 91' lang='lat' dir='ltr'><strong>nus</strong></span> <span class='ocrx_word' id='word_1_695' title='bbox 515 5571 654 5622; x_wconf 90' lang='lat' dir='ltr'><strong>tunc</strong></span> <span class='ocrx_word' id='word_1_696' title='bbox 706 5567 953 5640; x_wconf 89' lang='lat' dir='ltr'><strong>degebat</strong></span> <span class='ocrx_word' id='word_1_697' title='bbox 1009 5568 1327 5625; x_wconf 92' lang='lat' dir='ltr'><strong>Mauricius</strong></span> <span class='ocrx_word' id='word_1_698' title='bbox 1386 5565 1698 5635; x_wconf 89' lang='lat' dir='ltr'><strong>Burdinus,</strong></span> <span class='ocrx_word' id='word_1_699' title='bbox 1751 5571 1878 5642; x_wconf 92' lang='lat' dir='ltr'><strong>ejus</strong></span> <span class='ocrx_word' id='word_1_700' title='bbox 1909 5571 2020 5629; x_wconf 92' lang='lat' dir='ltr'><strong>loci</strong></span> 
     </span>
    </p>
   </div>
   <div class='ocr_carea' id='block_1_106' title="bbox 374 5654 2019 5737">
    <p class='ocr_par' dir='ltr' id='par_1_106' title="bbox 374 5654 2019 5737">
     <span class='ocr_line' id='line_1_107' title="bbox 374 5654 2019 5737; baseline 0.002 -23"><span class='ocrx_word' id='word_1_701' title='bbox 374 5654 716 5726; x_wconf 85' lang='lat' dir='ltr'><strong>monachus,</strong></span> <span class='ocrx_word' id='word_1_702' title='bbox 752 5672 928 5731; x_wconf 89' lang='lat' dir='ltr'><strong>quem</strong></span> <span class='ocrx_word' id='word_1_703' title='bbox 957 5674 1090 5716; x_wconf 87' lang='lat' dir='ltr'><strong>cum</strong></span> <span class='ocrx_word' id='word_1_704' title='bbox 1123 5657 1453 5716; x_wconf 86' lang='lat' dir='ltr'><strong>Bernardus</strong></span> <span class='ocrx_word' id='word_1_705' title='bbox 1502 5656 1684 5714; x_wconf 91' lang='lat' dir='ltr'><strong>Toleti</strong></span> <span class='ocrx_word' id='word_1_706' title='bbox 1735 5659 2019 5737; x_wconf 87' lang='lat' dir='ltr'><strong>archiepi-</strong></span> 
     </span>
    </p>
   </div>
   <div class='ocr_carea' id='block_1_107' title="bbox 2139 4762 3793 4842">
    <p class='ocr_par' dir='ltr' id='par_1_107' title="bbox 2139 4762 3793 4842">
     <span class='ocr_line' id='line_1_108' title="bbox 2139 4762 3793 4842; baseline -0.004 -15"><span class='ocrx_word' id='word_1_707' title='bbox 2139 4771 2343 4841; x_wconf 88' lang='lat' dir='ltr'><strong>lensis,</strong></span> <span class='ocrx_word' id='word_1_708' title='bbox 2376 4771 2692 4836; x_wconf 87' lang='lat' dir='ltr'><strong>Robertus,</strong></span> <span class='ocrx_word' id='word_1_709' title='bbox 2751 4786 2854 4824; x_wconf 89' lang='lat' dir='ltr'><strong>seu</strong></span> <span class='ocrx_word' id='word_1_710' title='bbox 2887 4770 3082 4842; x_wconf 88' lang='lat' dir='ltr'><strong>potius</strong></span> <span class='ocrx_word' id='word_1_711' title='bbox 3140 4767 3452 4823; x_wconf 87' lang='lat' dir='ltr'><strong>Daibertus</strong></span> <span class='ocrx_word' id='word_1_712' title='bbox 3509 4762 3793 4831; x_wconf 89' lang='lat' dir='ltr'><strong>Pisensis,</strong></span> 
     </span>
    </p>
   </div>
   <div class='ocr_carea' id='block_1_108' title="bbox 2135 4852 3792 4934">
    <p class='ocr_par' dir='ltr' id='par_1_108' title="bbox 2135 4852 3792 4934">
     <span class='ocr_line' id='line_1_109' title="bbox 2135 4852 3792 4934; baseline -0.007 -17"><span class='ocrx_word' id='word_1_713' title='bbox 2135 4859 2462 4934; x_wconf 85' lang='lat' dir='ltr'><strong>Rangerius</strong></span> <span class='ocrx_word' id='word_1_714' title='bbox 2513 4858 2882 4932; x_wconf 85' lang='lat' dir='ltr'><strong>Rhegiensis,</strong></span> <span class='ocrx_word' id='word_1_715' title='bbox 2940 4857 3003 4913; x_wconf 88' lang='lat' dir='ltr'><strong>hi</strong></span> <span class='ocrx_word' id='word_1_716' title='bbox 3059 4873 3264 4913; x_wconf 90' lang='lat' dir='ltr'><strong>omnes</strong></span> <span class='ocrx_word' id='word_1_717' title='bbox 3342 4852 3792 4926; x_wconf 87' lang='lat' dir='ltr'><strong>archiepiscopi,</strong></span> 
     </span>
    </p>
   </div>
   <div class='ocr_carea' id='block_1_109' title="bbox 2133 4941 3794 5022">
    <p class='ocr_par' dir='ltr' id='par_1_109' title="bbox 2133 4941 3794 5022">
     <span class='ocr_line' id='line_1_110' title="bbox 2133 4941 3794 5022; baseline -0.005 -18"><span class='ocrx_word' id='word_1_718' title='bbox 2133 4948 2359 5022; x_wconf 90' lang='lat' dir='ltr'><strong>primus</strong></span> <span class='ocrx_word' id='word_1_719' title='bbox 2387 4948 2583 5004; x_wconf 91' lang='lat' dir='ltr'><strong>Bruno</strong></span> <span class='ocrx_word' id='word_1_720' title='bbox 2615 4947 2962 5021; x_wconf 89' lang='lat' dir='ltr'><strong>Signiensis,</strong></span> <span class='ocrx_word' id='word_1_721' title='bbox 2994 4946 3202 5002; x_wconf 89' lang='lat' dir='ltr'><strong>Petrus</strong></span> <span class='ocrx_word' id='word_1_722' title='bbox 3249 4941 3649 5010; x_wconf 88' lang='lat' dir='ltr'><strong>Pictaviensis,</strong></span> <span class='ocrx_word' id='word_1_723' title='bbox 3686 4941 3794 4996; x_wconf 82' lang='lat' dir='ltr'><strong>Ar-</strong></span> 
     </span>
    </p>
   </div>
   <div class='ocr_carea' id='block_1_110' title="bbox 2133 5027 3789 5107">
    <p class='ocr_par' dir='ltr' id='par_1_110' title="bbox 2133 5027 3789 5107">
     <span class='ocr_line' id='line_1_111' title="bbox 2133 5027 3789 5107; baseline -0.003 -16"><span class='ocrx_word' id='word_1_724' title='bbox 2133 5036 2354 5107; x_wconf 89' lang='lat' dir='ltr'><strong>nulfus,</strong></span> <span class='ocrx_word' id='word_1_725' title='bbox 2388 5036 2507 5092; x_wconf 91' lang='lat' dir='ltr'><strong>imo</strong></span> <span class='ocrx_word' id='word_1_726' title='bbox 2538 5036 2910 5104; x_wconf 83' lang='lat' dir='ltr'><strong>Ramnulfus,</strong></span> <span class='ocrx_word' id='word_1_727' title='bbox 2955 5033 3300 5107; x_wconf 86' lang='lat' dir='ltr'><strong>cognomine</strong></span> <span class='ocrx_word' id='word_1_728' title='bbox 3329 5032 3400 5088; x_wconf 92' lang='lat' dir='ltr'><strong>de</strong></span> <span class='ocrx_word' id='word_1_729' title='bbox 3442 5027 3789 5096; x_wconf 88' lang='lat' dir='ltr'><strong>Barbesillo,</strong></span> 
     </span>
    </p>
   </div>
   <div class='ocr_carea' id='block_1_111' title="bbox 2130 5118 3794 5198">
    <p class='ocr_par' dir='ltr' id='par_1_111' title="bbox 2130 5118 3794 5198">
     <span class='ocr_line' id='line_1_112' title="bbox 2130 5118 3794 5198; baseline -0.005 -17"><span class='ocrx_word' id='word_1_730' title='bbox 2130 5125 2564 5193; x_wconf 87' lang='lat' dir='ltr'><strong>Sanctonensis,</strong></span> <span class='ocrx_word' id='word_1_731' title='bbox 2643 5125 2979 5198; x_wconf 81' lang='lat' dir='ltr'><strong>Raynaldus</strong></span> <span class='ocrx_word' id='word_1_732' title='bbox 3060 5119 3574 5196; x_wconf 84' lang='lat' dir='ltr'><strong>Petragoricensis,</strong></span> <span class='ocrx_word' id='word_1_733' title='bbox 3635 5118 3794 5191; x_wconf 74' lang='lat' dir='ltr'><strong>Bay-</strong></span> 
     </span>
    </p>
   </div>
   <div class='ocr_carea' id='block_1_112' title="bbox 2132 5207 3791 5281">
    <p class='ocr_par' dir='ltr' id='par_1_112' title="bbox 2132 5207 3791 5281">
     <span class='ocr_line' id='line_1_113' title="bbox 2132 5207 3791 5281; baseline -0.005 -10"><span class='ocrx_word' id='word_1_734' title='bbox 2132 5215 2392 5271; x_wconf 87' lang='lat' dir='ltr'><strong>mundus</strong></span> <span class='ocrx_word' id='word_1_735' title='bbox 2444 5213 2860 5281; x_wconf 65' lang='lat' dir='ltr'><strong>I’tuthenensis,</strong></span> <span class='ocrx_word' id='word_1_736' title='bbox 2915 5211 3281 5269; x_wconf 83' lang='lat' dir='ltr'><strong>Humbaldus</strong></span> <span class='ocrx_word' id='word_1_737' title='bbox 3329 5207 3791 5274; x_wconf 83' lang='lat' dir='ltr'><strong>Lemovicensis,</strong></span> 
     </span>
    </p>
   </div>
   <div class='ocr_carea' id='block_1_113' title="bbox 2129 5297 3796 5376">
    <p class='ocr_par' dir='ltr' id='par_1_113' title="bbox 2129 5297 3796 5376">
     <span class='ocr_line' id='line_1_114' title="bbox 2129 5297 3796 5376; baseline -0.006 -15"><span class='ocrx_word' id='word_1_738' title='bbox 2129 5304 2190 5361; x_wconf 90' lang='lat' dir='ltr'><strong>hi</strong></span> <span class='ocrx_word' id='word_1_739' title='bbox 2221 5319 2425 5360; x_wconf 91' lang='lat' dir='ltr'><strong>omnes</strong></span> <span class='ocrx_word' id='word_1_740' title='bbox 2441 5302 2720 5374; x_wconf 89' lang='lat' dir='ltr'><strong>episcopi.</strong></span> <span class='ocrx_word' id='word_1_741' title='bbox 2753 5302 2844 5374; x_wconf 88' lang='lat' dir='ltr'><strong>Hi,</strong></span> <span class='ocrx_word' id='word_1_742' title='bbox 2861 5306 3176 5376; x_wconf 86' lang='lat' dir='ltr'><strong>postquam</strong></span> <span class='ocrx_word' id='word_1_743' title='bbox 3201 5301 3502 5360; x_wconf 80' lang='lat' dir='ltr'><strong>Romanus</strong></span> <span class='ocrx_word' id='word_1_744' title='bbox 3532 5297 3796 5370; x_wconf 82' lang='lat' dir='ltr'><strong>pontifex</strong></span> 
     </span>
    </p>
   </div>
   <div class='ocr_carea' id='block_1_114' title="bbox 2128 5385 3795 5465">
    <p class='ocr_par' dir='ltr' id='par_1_114' title="bbox 2128 5385 3795 5465">
     <span class='ocr_line' id='line_1_115' title="bbox 2128 5385 3795 5465; baseline -0.004 -16"><span class='ocrx_word' id='word_1_745' title='bbox 2128 5409 2341 5465; x_wconf 89' lang='lat' dir='ltr'><strong>aquam</strong></span> <span class='ocrx_word' id='word_1_746' title='bbox 2375 5390 2768 5460; x_wconf 88' lang='lat' dir='ltr'><strong>benedixerat,</strong></span> <span class='ocrx_word' id='word_1_747' title='bbox 2800 5387 2956 5449; x_wconf 88' lang='lat' dir='ltr'><strong>circa</strong></span> <span class='ocrx_word' id='word_1_748' title='bbox 2986 5391 3299 5449; x_wconf 87' lang='lat' dir='ltr'><strong>basilicam</strong></span> <span class='ocrx_word' id='word_1_749' title='bbox 3329 5404 3492 5445; x_wconf 89' lang='lat' dir='ltr'><strong>more</strong></span> <span class='ocrx_word' id='word_1_750' title='bbox 3514 5385 3795 5443; x_wconf 89' lang='lat' dir='ltr'><strong>ecclesia-</strong></span> 
     </span>
    </p>
   </div>
   <div class='ocr_carea' id='block_1_115' title="bbox 2129 5475 3798 5556">
    <p class='ocr_par' dir='ltr' id='par_1_115' title="bbox 2129 5475 3798 5556">
     <span class='ocr_line' id='line_1_116' title="bbox 2129 5475 3798 5556; baseline -0.004 -17"><span class='ocrx_word' id='word_1_751' title='bbox 2129 5483 2274 5540; x_wconf 91' lang='lat' dir='ltr'><strong>stico</strong></span> <span class='ocrx_word' id='word_1_752' title='bbox 2287 5480 2974 5554; x_wconf 85' lang='lat' dir='ltr'><strong>aspergebant;dominus</strong></span> <span class='ocrx_word' id='word_1_753' title='bbox 2987 5499 3138 5556; x_wconf 89' lang='lat' dir='ltr'><strong>papa</strong></span> <span class='ocrx_word' id='word_1_754' title='bbox 3149 5479 3400 5554; x_wconf 90' lang='lat' dir='ltr'><strong>propriis</strong></span> <span class='ocrx_word' id='word_1_755' title='bbox 3417 5475 3690 5533; x_wconf 85' lang='lat' dir='ltr'><strong>manibus</strong></span> <span class='ocrx_word' id='word_1_756' title='bbox 3701 5492 3798 5532; x_wconf 85' lang='lat' dir='ltr'><strong>ve—</strong></span> 
     </span>
    </p>
   </div>
   <div class='ocr_carea' id='block_1_116' title="bbox 2129 5563 3793 5641">
    <p class='ocr_par' dir='ltr' id='par_1_116' title="bbox 2129 5563 3793 5641">
     <span class='ocr_line' id='line_1_117' title="bbox 2129 5563 3793 5641; baseline -0.004 -14"><span class='ocrx_word' id='word_1_757' title='bbox 2129 5570 2454 5627; x_wconf 88' lang='lat' dir='ltr'><strong>nerandum</strong></span> <span class='ocrx_word' id='word_1_758' title='bbox 2483 5568 2665 5626; x_wconf 87' lang='lat' dir='ltr'><strong>altare</strong></span> <span class='ocrx_word' id='word_1_759' title='bbox 2678 5571 3057 5641; x_wconf 79' lang='lat' dir='ltr'><strong>Consecravit,</strong></span> <span class='ocrx_word' id='word_1_760' title='bbox 3077 5571 3441 5641; x_wconf 76' lang='lat' dir='ltr'><strong>missumque</strong></span> <span class='ocrx_word' id='word_1_761' title='bbox 3455 5581 3632 5639; x_wconf 87' lang='lat' dir='ltr'><strong>super</strong></span> <span class='ocrx_word' id='word_1_762' title='bbox 3643 5563 3793 5621; x_wconf 88' lang='lat' dir='ltr'><strong>illud</strong></span> 
     </span>
    </p>
   </div>
   <div class='ocr_carea' id='block_1_117' title="bbox 2130 5653 3795 5728">
    <p class='ocr_par' dir='ltr' id='par_1_117' title="bbox 2130 5653 3795 5728">
     <span class='ocr_line' id='line_1_118' title="bbox 2130 5653 3795 5728; baseline -0.004 -9"><span class='ocrx_word' id='word_1_763' title='bbox 2130 5659 2470 5720; x_wconf 87' lang='lat' dir='ltr'><strong>solemniter</strong></span> <span class='ocrx_word' id='word_1_764' title='bbox 2499 5659 2830 5719; x_wconf 89' lang='lat' dir='ltr'><strong>celebravit.</strong></span> <span class='ocrx_word' id='word_1_765' title='bbox 2851 5661 2992 5719; x_wconf 91' lang='lat' dir='ltr'><strong>Inde</strong></span> <span class='ocrx_word' id='word_1_766' title='bbox 3008 5661 3079 5718; x_wconf 92' lang='lat' dir='ltr'><strong>ad</strong></span> <span class='ocrx_word' id='word_1_767' title='bbox 3093 5657 3520 5718; x_wconf 90' lang='lat' dir='ltr'><strong>benedicendos</strong></span> <span class='ocrx_word' id='word_1_768' title='bbox 3539 5653 3795 5728; x_wconf 89' lang='lat' dir='ltr'><strong>populos</strong></span> 
     </span>
    </p>
   </div>
  </div>
