  <div class='ocr_page' id='page_1' title='image "/cluster/home/n/w/nwhite01/storage/ocr_20150623/151/hvd.32044054760095/100.png"; bbox 0 0 3998 6158; ppageno 0'>
   <div class='ocr_carea' id='block_1_1' title="bbox 113 340 236 410">
    <p class='ocr_par' dir='ltr' id='par_1_1' title="bbox 113 340 236 410">
     <span class='ocr_line' id='line_1_1' title="bbox 113 340 236 410; baseline 0 0"><span class='ocrx_word' id='word_1_1' title='bbox 113 340 236 410; x_wconf 69' lang='grc'>189</span> 
     </span>
    </p>
   </div>
   <div class='ocr_carea' id='block_1_2' title="bbox 1736 341 1946 412">
    <p class='ocr_par' dir='ltr' id='par_1_2' title="bbox 1736 341 1946 412">
     <span class='ocr_line' id='line_1_2' title="bbox 1736 341 1946 412; baseline -0.024 0"><span class='ocrx_word' id='word_1_2' title='bbox 1736 341 1946 412; x_wconf 74' lang='grc' dir='ltr'>νιτΑ.</span> 
     </span>
    </p>
   </div>
   <div class='ocr_carea' id='block_1_3' title="bbox 3426 346 3594 418">
    <p class='ocr_par' dir='ltr' id='par_1_3' title="bbox 3426 346 3594 418">
     <span class='ocr_line' id='line_1_3' title="bbox 3426 346 3594 418; baseline 0.006 -1"><span class='ocrx_word' id='word_1_3' title='bbox 3426 346 3594 418; x_wconf 67' lang='lat'>190&#39;</span> 
     </span>
    </p>
   </div>
   <div class='ocr_carea' id='block_1_4' title="bbox 110 474 3543 557">
    <p class='ocr_par' dir='ltr' id='par_1_4' title="bbox 110 474 3543 557">
     <span class='ocr_line' id='line_1_4' title="bbox 110 474 3543 557; baseline 0.004 -23"><span class='ocrx_word' id='word_1_4' title='bbox 110 476 169 535; x_wconf 90' lang='lat' dir='ltr'>in</span> <span class='ocrx_word' id='word_1_5' title='bbox 230 476 549 553; x_wconf 88' lang='lat' dir='ltr'>publicum</span> <span class='ocrx_word' id='word_1_6' title='bbox 605 477 915 554; x_wconf 83' lang='lat' dir='ltr'>processit,</span> <span class='ocrx_word' id='word_1_7' title='bbox 944 482 1197 556; x_wconf 83' lang='lat' dir='ltr'>quorum</span> <span class='ocrx_word' id='word_1_8' title='bbox 1253 483 1422 541; x_wconf 88' lang='lat' dir='ltr'>tanta</span> <span class='ocrx_word' id='word_1_9' title='bbox 1475 477 1596 541; x_wconf 85' lang='lat' dir='ltr'>illic</span> <span class='ocrx_word' id='word_1_10' title='bbox 1653 482 1778 543; x_wconf 85' lang='lat' dir='ltr'>erat</span> <span class='ocrx_word' id='word_1_11' title='bbox 1804 479 1862 550; x_wconf 76' lang='grc' dir='ltr'><strong>Α</strong></span> <span class='ocrx_word' id='word_1_12' title='bbox 1888 474 2209 557; x_wconf 67' lang='lat' dir='ltr'>GCXXXYI.</span> <span class='ocrx_word' id='word_1_13' title='bbox 2244 475 2498 557; x_wconf 68' lang='lat' dir='ltr'>Urbanus</span> <span class='ocrx_word' id='word_1_14' title='bbox 2530 479 2693 557; x_wconf 64' lang='lat' dir='ltr'>uaria</span> <span class='ocrx_word' id='word_1_15' title='bbox 2742 476 2836 540; x_wconf 86' lang='lat' dir='ltr'>dat</span> <span class='ocrx_word' id='word_1_16' title='bbox 2861 477 3182 557; x_wconf 73' lang='lat' dir='ltr'>diplomata.</span> <span class='ocrx_word' id='word_1_17' title='bbox 3212 482 3543 547; x_wconf 75' lang='lat' dir='ltr'>Monasterio</span> 
     </span>
    </p>
   </div>
   <div class='ocr_carea' id='block_1_5' title="bbox 113 568 1778 643">
    <p class='ocr_par' dir='ltr' id='par_1_5' title="bbox 113 568 1778 643">
     <span class='ocr_line' id='line_1_5' title="bbox 113 568 1778 643; baseline 0.004 -19"><span class='ocrx_word' id='word_1_18' title='bbox 113 568 465 639; x_wconf 75' lang='lat' dir='ltr'>multitudo,</span> <span class='ocrx_word' id='word_1_19' title='bbox 498 573 567 626; x_wconf 89' lang='lat' dir='ltr'>ut</span> <span class='ocrx_word' id='word_1_20' title='bbox 593 571 653 627; x_wconf 91' lang='lat' dir='ltr'>in</span> <span class='ocrx_word' id='word_1_21' title='bbox 683 571 930 628; x_wconf 81' lang='lat' dir='ltr'>circuitu</span> <span class='ocrx_word' id='word_1_22' title='bbox 960 571 1233 643; x_wconf 79' lang='lat' dir='ltr'>civitatis,</span> <span class='ocrx_word' id='word_1_23' title='bbox 1255 574 1403 631; x_wconf 89' lang='lat' dir='ltr'>citra</span> <span class='ocrx_word' id='word_1_24' title='bbox 1429 591 1615 631; x_wconf 90' lang='lat' dir='ltr'>unum</span> <span class='ocrx_word' id='word_1_25' title='bbox 1649 574 1778 631; x_wconf 90' lang='lat' dir='ltr'>mil-</span> 
     </span>
    </p>
   </div>
   <div class='ocr_carea' id='block_1_6' title="bbox 115 656 1779 737">
    <p class='ocr_par' dir='ltr' id='par_1_6' title="bbox 115 656 1779 737">
     <span class='ocr_line' id='line_1_6' title="bbox 115 656 1779 737; baseline 0.005 -24"><span class='ocrx_word' id='word_1_26' title='bbox 115 656 363 715; x_wconf 87' lang='lat' dir='ltr'>liarium</span> <span class='ocrx_word' id='word_1_27' title='bbox 395 659 633 716; x_wconf 88' lang='lat' dir='ltr'>nonnisi</span> <span class='ocrx_word' id='word_1_28' title='bbox 665 660 971 718; x_wconf 87' lang='lat' dir='ltr'>hominum</span> <span class='ocrx_word' id='word_1_29' title='bbox 990 663 1193 737; x_wconf 84' lang='lat' dir='ltr'>capita</span> <span class='ocrx_word' id='word_1_30' title='bbox 1220 663 1586 733; x_wconf 82' lang='lat' dir='ltr'>viderentur;</span> <span class='ocrx_word' id='word_1_31' title='bbox 1619 665 1779 721; x_wconf 89' lang='lat' dir='ltr'>obla-</span> 
     </span>
    </p>
   </div>
   <div class='ocr_carea' id='block_1_7' title="bbox 113 747 1780 827">
    <p class='ocr_par' dir='ltr' id='par_1_7' title="bbox 113 747 1780 827">
     <span class='ocr_line' id='line_1_7' title="bbox 113 747 1780 827; baseline 0.004 -24"><span class='ocrx_word' id='word_1_32' title='bbox 113 747 352 804; x_wconf 87' lang='lat' dir='ltr'>tionum</span> <span class='ocrx_word' id='word_1_33' title='bbox 393 763 530 805; x_wconf 92' lang='lat' dir='ltr'>vero</span> <span class='ocrx_word' id='word_1_34' title='bbox 578 753 744 805; x_wconf 86' lang='lat' dir='ltr'>tanta</span> <span class='ocrx_word' id='word_1_35' title='bbox 789 750 956 823; x_wconf 87' lang='lat' dir='ltr'>cepia</span> <span class='ocrx_word' id='word_1_36' title='bbox 1001 752 1189 821; x_wconf 71' lang='lat' dir='ltr'>ﬂuXit,</span> <span class='ocrx_word' id='word_1_37' title='bbox 1232 757 1298 809; x_wconf 88' lang='lat' dir='ltr'>ut</span> <span class='ocrx_word' id='word_1_38' title='bbox 1345 770 1480 811; x_wconf 90' lang='lat' dir='ltr'>arca</span> <span class='ocrx_word' id='word_1_39' title='bbox 1526 753 1780 827; x_wconf 83' lang='lat' dir='ltr'>sepulcri</span> 
     </span>
    </p>
   </div>
   <div class='ocr_carea' id='block_1_8' title="bbox 116 837 1779 915">
    <p class='ocr_par' dir='ltr' id='par_1_8' title="bbox 116 837 1779 915">
     <span class='ocr_line' id='line_1_8' title="bbox 116 837 1779 915; baseline 0.004 -23"><span class='ocrx_word' id='word_1_40' title='bbox 116 837 456 910; x_wconf 77' lang='lat' dir='ltr'>apostolici,</span> <span class='ocrx_word' id='word_1_41' title='bbox 486 837 545 893; x_wconf 90' lang='lat' dir='ltr'>id</span> <span class='ocrx_word' id='word_1_42' title='bbox 577 842 667 894; x_wconf 89' lang='lat' dir='ltr'>est</span> <span class='ocrx_word' id='word_1_43' title='bbox 700 838 897 894; x_wconf 82' lang='lat' dir='ltr'>Sancti</span> <span class='ocrx_word' id='word_1_44' title='bbox 936 840 1238 911; x_wconf 78' lang='lat' dir='ltr'>Martialis,</span> <span class='ocrx_word' id='word_1_45' title='bbox 1271 858 1398 914; x_wconf 72' lang='lat' dir='ltr'>quae</span> <span class='ocrx_word' id='word_1_46' title='bbox 1428 841 1605 915; x_wconf 84' lang='lat' dir='ltr'>vulgo</span> <span class='ocrx_word' id='word_1_47' title='bbox 1638 842 1779 899; x_wconf 84' lang='lat' dir='ltr'>Gau-</span> 
     </span>
    </p>
   </div>
   <div class='ocr_carea' id='block_1_9' title="bbox 114 925 1780 1003">
    <p class='ocr_par' dir='ltr' id='par_1_9' title="bbox 114 925 1780 1003">
     <span class='ocr_line' id='line_1_9' title="bbox 114 925 1780 1003; baseline 0.004 -22"><span class='ocrx_word' id='word_1_48' title='bbox 114 931 245 981; x_wconf 79' lang='lat' dir='ltr'>teau</span> <span class='ocrx_word' id='word_1_49' title='bbox 276 925 715 999; x_wconf 79' lang='lat' dir='ltr'>appellabatur,</span> <span class='ocrx_word' id='word_1_50' title='bbox 747 933 956 1000; x_wconf 59' lang='lat' dir='ltr'>preter</span> <span class='ocrx_word' id='word_1_51' title='bbox 984 928 1129 985; x_wconf 90' lang='lat' dir='ltr'>alias</span> <span class='ocrx_word' id='word_1_52' title='bbox 1162 930 1335 1003; x_wconf 91' lang='lat' dir='ltr'>plena</span> <span class='ocrx_word' id='word_1_53' title='bbox 1362 932 1733 988; x_wconf 81' lang='lat' dir='ltr'>redundaret.</span> <span class='ocrx_word' id='word_1_54' title='bbox 1752 954 1780 981; x_wconf 85' lang='lat'><strong>»</strong></span> 
     </span>
    </p>
   </div>
   <div class='ocr_carea' id='block_1_10' title="bbox 115 1014 1784 1089">
    <p class='ocr_par' dir='ltr' id='par_1_10' title="bbox 115 1014 1784 1089">
     <span class='ocr_line' id='line_1_10' title="bbox 115 1014 1784 1089; baseline 0.004 -19"><span class='ocrx_word' id='word_1_55' title='bbox 115 1014 245 1071; x_wconf 60' lang='lat' dir='ltr'>Haec</span> <span class='ocrx_word' id='word_1_56' title='bbox 290 1015 651 1082; x_wconf 86' lang='lat' dir='ltr'>Gaufredus,</span> <span class='ocrx_word' id='word_1_57' title='bbox 684 1016 785 1088; x_wconf 87' lang='lat' dir='ltr'>qui</span> <span class='ocrx_word' id='word_1_58' title='bbox 834 1016 1007 1089; x_wconf 87' lang='lat' dir='ltr'>paulo</span> <span class='ocrx_word' id='word_1_59' title='bbox 1054 1024 1247 1085; x_wconf 89' lang='lat' dir='ltr'>antea,</span> <span class='ocrx_word' id='word_1_60' title='bbox 1280 1019 1328 1075; x_wconf 89' lang='lat' dir='ltr'>si</span> <span class='ocrx_word' id='word_1_61' title='bbox 1375 1024 1572 1077; x_wconf 88' lang='lat' dir='ltr'>tamen</span> <span class='ocrx_word' id='word_1_62' title='bbox 1619 1020 1784 1078; x_wconf 90' lang='lat' dir='ltr'>locus</span> 
     </span>
    </p>
   </div>
   <div class='ocr_carea' id='block_1_11' title="bbox 114 1103 1786 1183">
    <p class='ocr_par' dir='ltr' id='par_1_11' title="bbox 114 1103 1786 1183">
     <span class='ocr_line' id='line_1_11' title="bbox 114 1103 1786 1183; baseline 0.005 -25"><span class='ocrx_word' id='word_1_63' title='bbox 114 1103 209 1159; x_wconf 90' lang='lat' dir='ltr'>ille</span> <span class='ocrx_word' id='word_1_64' title='bbox 239 1121 315 1159; x_wconf 86' lang='lat' dir='ltr'>ex</span> <span class='ocrx_word' id='word_1_65' title='bbox 347 1103 469 1160; x_wconf 90' lang='lat' dir='ltr'>alio</span> <span class='ocrx_word' id='word_1_66' title='bbox 497 1122 610 1161; x_wconf 91' lang='lat' dir='ltr'>ms.</span> <span class='ocrx_word' id='word_1_67' title='bbox 645 1109 853 1162; x_wconf 88' lang='lat' dir='ltr'>erutus</span> <span class='ocrx_word' id='word_1_68' title='bbox 897 1107 947 1162; x_wconf 90' lang='lat' dir='ltr'>ei</span> <span class='ocrx_word' id='word_1_69' title='bbox 982 1107 1161 1163; x_wconf 87' lang='lat' dir='ltr'>tribui</span> <span class='ocrx_word' id='word_1_70' title='bbox 1209 1108 1436 1176; x_wconf 83' lang='lat' dir='ltr'>debeat,</span> <span class='ocrx_word' id='word_1_71' title='bbox 1469 1109 1786 1183; x_wconf 82' lang='lat' dir='ltr'>scripserat</span> 
     </span>
    </p>
   </div>
   <div class='ocr_carea' id='block_1_12' title="bbox 115 1192 1784 1265">
    <p class='ocr_par' dir='ltr' id='par_1_12' title="bbox 115 1192 1784 1265">
     <span class='ocr_line' id='line_1_12' title="bbox 115 1192 1784 1265; baseline 0.005 -18"><span class='ocrx_word' id='word_1_72' title='bbox 115 1192 428 1249; x_wconf 86' lang='lat' dir='ltr'>Urbanum</span> <span class='ocrx_word' id='word_1_73' title='bbox 463 1194 651 1249; x_wconf 82' lang='lat' dir='ltr'>Sancti</span> <span class='ocrx_word' id='word_1_74' title='bbox 692 1195 955 1265; x_wconf 77' lang='lat' dir='ltr'>Stephani</span> <span class='ocrx_word' id='word_1_75' title='bbox 982 1197 1282 1265; x_wconf 70' lang='lat' dir='ltr'>ecclesiam,</span> <span class='ocrx_word' id='word_1_76' title='bbox 1314 1205 1365 1253; x_wconf 90' lang='lat' dir='ltr'>et</span> <span class='ocrx_word' id='word_1_77' title='bbox 1391 1198 1532 1254; x_wconf 87' lang='lat' dir='ltr'>beati</span> <span class='ocrx_word' id='word_1_78' title='bbox 1561 1199 1784 1255; x_wconf 79' lang='lat' dir='ltr'>Martini</span> 
     </span>
    </p>
   </div>
   <div class='ocr_carea' id='block_1_13' title="bbox 116 1282 1781 1358">
    <p class='ocr_par' dir='ltr' id='par_1_13' title="bbox 116 1282 1781 1358">
     <span class='ocr_line' id='line_1_13' title="bbox 116 1282 1781 1358; baseline 0.005 -22"><span class='ocrx_word' id='word_1_79' title='bbox 116 1284 519 1337; x_wconf 65' lang='lat' dir='ltr'>monasterium</span> <span class='ocrx_word' id='word_1_80' title='bbox 558 1282 880 1352; x_wconf 84' lang='lat' dir='ltr'>dedicasse,</span> <span class='ocrx_word' id='word_1_81' title='bbox 913 1285 1013 1339; x_wconf 91' lang='lat' dir='ltr'>ubi</span> <span class='ocrx_word' id='word_1_82' title='bbox 1045 1302 1151 1358; x_wconf 89' lang='lat' dir='ltr'>pro</span> <span class='ocrx_word' id='word_1_83' title='bbox 1196 1286 1386 1342; x_wconf 82' lang='lat' dir='ltr'>Sancti</span> <span class='ocrx_word' id='word_1_84' title='bbox 1426 1287 1666 1352; x_wconf 80' lang='lat' dir='ltr'>Martini,</span> <span class='ocrx_word' id='word_1_85' title='bbox 1701 1287 1781 1345; x_wconf 88' lang='lat' dir='ltr'>le-</span> 
     </span>
    </p>
   </div>
   <div class='ocr_carea' id='block_1_14' title="bbox 116 1372 1782 1450">
    <p class='ocr_par' dir='ltr' id='par_1_14' title="bbox 116 1372 1782 1450">
     <span class='ocr_line' id='line_1_14' title="bbox 116 1372 1782 1450; baseline 0.005 -24"><span class='ocrx_word' id='word_1_86' title='bbox 116 1372 381 1444; x_wconf 76' lang='lat' dir='ltr'>gendum</span> <span class='ocrx_word' id='word_1_87' title='bbox 429 1372 590 1427; x_wconf 86' lang='lat' dir='ltr'>haud</span> <span class='ocrx_word' id='word_1_88' title='bbox 649 1372 823 1428; x_wconf 89' lang='lat' dir='ltr'>dubie</span> <span class='ocrx_word' id='word_1_89' title='bbox 880 1373 1068 1429; x_wconf 78' lang='lat' dir='ltr'>Sancti</span> <span class='ocrx_word' id='word_1_90' title='bbox 1121 1376 1406 1444; x_wconf 73' lang='lat' dir='ltr'>Martialis,</span> <span class='ocrx_word' id='word_1_91' title='bbox 1441 1394 1782 1450; x_wconf 87' lang='lat' dir='ltr'>quanquam</span> 
     </span>
    </p>
   </div>
   <div class='ocr_carea' id='block_1_15' title="bbox 116 1461 1784 1537">
    <p class='ocr_par' dir='ltr' id='par_1_15' title="bbox 116 1461 1784 1537">
     <span class='ocr_line' id='line_1_15' title="bbox 116 1461 1784 1537; baseline 0.005 -22"><span class='ocrx_word' id='word_1_92' title='bbox 116 1461 264 1533; x_wconf 81' lang='lat' dir='ltr'>apud</span> <span class='ocrx_word' id='word_1_93' title='bbox 324 1461 674 1517; x_wconf 86' lang='lat' dir='ltr'>Lemovices</span> <span class='ocrx_word' id='word_1_94' title='bbox 727 1462 1014 1518; x_wconf 81' lang='lat' dir='ltr'>habeatur</span> <span class='ocrx_word' id='word_1_95' title='bbox 1070 1481 1301 1537; x_wconf 88' lang='lat' dir='ltr'>quoque</span> <span class='ocrx_word' id='word_1_96' title='bbox 1358 1467 1784 1524; x_wconf 83' lang='lat' dir='ltr'>monasterium</span> 
     </span>
    </p>
   </div>
   <div class='ocr_carea' id='block_1_16' title="bbox 118 1550 1786 1629">
    <p class='ocr_par' dir='ltr' id='par_1_16' title="bbox 118 1550 1786 1629">
     <span class='ocr_line' id='line_1_16' title="bbox 118 1550 1786 1629; baseline 0.005 -24"><span class='ocrx_word' id='word_1_97' title='bbox 118 1551 331 1606; x_wconf 86' lang='lat' dir='ltr'>Sancto</span> <span class='ocrx_word' id='word_1_98' title='bbox 374 1550 636 1605; x_wconf 83' lang='lat' dir='ltr'>Martino</span> <span class='ocrx_word' id='word_1_99' title='bbox 681 1567 935 1607; x_wconf 83' lang='lat' dir='ltr'>sacrum.</span> <span class='ocrx_word' id='word_1_100' title='bbox 967 1554 1039 1608; x_wconf 84' lang='lat' dir='ltr'>At</span> <span class='ocrx_word' id='word_1_101' title='bbox 1070 1552 1216 1609; x_wconf 88' lang='lat' dir='ltr'>nihil</span> <span class='ocrx_word' id='word_1_102' title='bbox 1250 1555 1562 1629; x_wconf 88' lang='lat' dir='ltr'>utrobique</span> <span class='ocrx_word' id='word_1_103' title='bbox 1608 1557 1786 1613; x_wconf 85' lang='lat' dir='ltr'>habet</span> 
     </span>
    </p>
   </div>
   <div class='ocr_carea' id='block_1_17' title="bbox 119 1637 1782 1717">
    <p class='ocr_par' dir='ltr' id='par_1_17' title="bbox 119 1637 1782 1717">
     <span class='ocr_line' id='line_1_17' title="bbox 119 1637 1782 1717; baseline 0.005 -24"><span class='ocrx_word' id='word_1_104' title='bbox 119 1638 182 1693; x_wconf 86' lang='lat' dir='ltr'>de</span> <span class='ocrx_word' id='word_1_105' title='bbox 206 1637 600 1695; x_wconf 88' lang='lat' dir='ltr'>dedicatione</span> <span class='ocrx_word' id='word_1_106' title='bbox 628 1639 852 1695; x_wconf 69' lang='lat' dir='ltr'>Sanctae</span> <span class='ocrx_word' id='word_1_107' title='bbox 883 1640 1075 1697; x_wconf 67' lang='lat' dir='ltr'>Mariis</span> <span class='ocrx_word' id='word_1_108' title='bbox 1108 1642 1180 1698; x_wconf 89' lang='lat' dir='ltr'>de</span> <span class='ocrx_word' id='word_1_109' title='bbox 1209 1643 1451 1717; x_wconf 83' lang='lat' dir='ltr'>Regula,</span> <span class='ocrx_word' id='word_1_110' title='bbox 1486 1662 1663 1717; x_wconf 88' lang='lat' dir='ltr'>quam</span> <span class='ocrx_word' id='word_1_111' title='bbox 1696 1650 1782 1701; x_wconf 85' lang='lat' dir='ltr'>ta-</span> 
     </span>
    </p>
   </div>
   <div class='ocr_carea' id='block_1_18' title="bbox 121 1727 1782 1806">
    <p class='ocr_par' dir='ltr' id='par_1_18' title="bbox 121 1727 1782 1806">
     <span class='ocr_line' id='line_1_18' title="bbox 121 1727 1782 1806; baseline 0.004 -24"><span class='ocrx_word' id='word_1_112' title='bbox 121 1744 244 1783; x_wconf 88' lang='lat' dir='ltr'>men</span> <span class='ocrx_word' id='word_1_113' title='bbox 278 1727 361 1782; x_wconf 89' lang='lat' dir='ltr'>ab</span> <span class='ocrx_word' id='word_1_114' title='bbox 394 1727 655 1796; x_wconf 89' lang='lat' dir='ltr'>Urbano,</span> <span class='ocrx_word' id='word_1_115' title='bbox 691 1728 791 1800; x_wconf 89' lang='lat' dir='ltr'>qui</span> <span class='ocrx_word' id='word_1_116' title='bbox 816 1730 1055 1801; x_wconf 87' lang='lat' dir='ltr'>quidem</span> <span class='ocrx_word' id='word_1_117' title='bbox 1100 1731 1180 1787; x_wconf 90' lang='lat' dir='ltr'>ibi</span> <span class='ocrx_word' id='word_1_118' title='bbox 1224 1749 1292 1788; x_wconf 86' lang='lat' dir='ltr'>ex</span> <span class='ocrx_word' id='word_1_119' title='bbox 1335 1733 1462 1806; x_wconf 90' lang='lat' dir='ltr'>ipso</span> <span class='ocrx_word' id='word_1_120' title='bbox 1492 1734 1782 1790; x_wconf 89' lang='lat' dir='ltr'>Gaufrcdo</span> 
     </span>
    </p>
   </div>
   <div class='ocr_carea' id='block_1_19' title="bbox 118 1816 1860 1923">
    <p class='ocr_par' dir='ltr' id='par_1_19' title="bbox 118 1816 1860 1923">
     <span class='ocr_line' id='line_1_19' title="bbox 118 1816 1860 1923; baseline 0.003 -51"><span class='ocrx_word' id='word_1_121' title='bbox 118 1817 361 1874; x_wconf 79' lang='lat' dir='ltr'>missam</span> <span class='ocrx_word' id='word_1_122' title='bbox 398 1816 611 1872; x_wconf 68' lang='lat' dir='ltr'>mediae</span> <span class='ocrx_word' id='word_1_123' title='bbox 655 1817 843 1874; x_wconf 87' lang='lat' dir='ltr'>noctis</span> <span class='ocrx_word' id='word_1_124' title='bbox 880 1819 1151 1887; x_wconf 86' lang='lat' dir='ltr'>cantavit,</span> <span class='ocrx_word' id='word_1_125' title='bbox 1180 1821 1397 1878; x_wconf 89' lang='lat' dir='ltr'>factum</span> <span class='ocrx_word' id='word_1_126' title='bbox 1430 1823 1610 1880; x_wconf 84' lang='lat' dir='ltr'>fuisse</span> <span class='ocrx_word' id='word_1_127' title='bbox 1641 1824 1781 1897; x_wconf 86' lang='lat' dir='ltr'>legi-</span> <span class='ocrx_word' id='word_1_128' title='bbox 1812 1857 1860 1923; x_wconf 79' lang='grc' dir='ltr'><strong>Β</strong></span> 
     </span>
    </p>
   </div>
   <div class='ocr_carea' id='block_1_20' title="bbox 120 1906 1783 1969">
    <p class='ocr_par' dir='ltr' id='par_1_20' title="bbox 120 1906 1783 1969">
     <span class='ocr_line' id='line_1_20' title="bbox 120 1906 1783 1969; baseline 0.004 -8"><span class='ocrx_word' id='word_1_129' title='bbox 120 1923 244 1962; x_wconf 87' lang='lat' dir='ltr'>mus</span> <span class='ocrx_word' id='word_1_130' title='bbox 305 1906 373 1961; x_wconf 92' lang='lat' dir='ltr'>in</span> <span class='ocrx_word' id='word_1_131' title='bbox 436 1906 673 1963; x_wconf 90' lang='lat' dir='ltr'>duobus</span> <span class='ocrx_word' id='word_1_132' title='bbox 709 1908 1005 1964; x_wconf 84' lang='lat' dir='ltr'>veteribus</span> <span class='ocrx_word' id='word_1_133' title='bbox 1061 1909 1352 1966; x_wconf 88' lang='lat' dir='ltr'>chronicis</span> <span class='ocrx_word' id='word_1_134' title='bbox 1409 1928 1553 1969; x_wconf 88' lang='lat' dir='ltr'>mss.</span> <span class='ocrx_word' id='word_1_135' title='bbox 1587 1912 1783 1969; x_wconf 89' lang='lat' dir='ltr'>Sancti</span> 
     </span>
    </p>
   </div>
   <div class='ocr_carea' id='block_1_21' title="bbox 119 1993 431 2050">
    <p class='ocr_par' dir='ltr' id='par_1_21' title="bbox 119 1993 431 2050">
     <span class='ocr_line' id='line_1_21' title="bbox 119 1993 431 2050; baseline -0.003 0"><span class='ocrx_word' id='word_1_136' title='bbox 119 1993 431 2050; x_wconf 78' lang='lat' dir='ltr'>Martialis.</span> 
     </span>
    </p>
   </div>
   <div class='ocr_carea' id='block_1_22' title="bbox 180 2083 1785 2148">
    <p class='ocr_par' dir='ltr' id='par_1_22' title="bbox 180 2083 1785 2148">
     <span class='ocr_line' id='line_1_22' title="bbox 180 2083 1785 2148; baseline 0.005 -8"><span class='ocrx_word' id='word_1_137' title='bbox 180 2088 480 2141; x_wconf 70' lang='lat' dir='ltr'>Ceterum</span> <span class='ocrx_word' id='word_1_138' title='bbox 512 2083 633 2140; x_wconf 62' lang='lat' dir='ltr'>haec</span> <span class='ocrx_word' id='word_1_139' title='bbox 655 2084 857 2141; x_wconf 87' lang='lat' dir='ltr'>omnia</span> <span class='ocrx_word' id='word_1_140' title='bbox 885 2086 1067 2143; x_wconf 85' lang='lat' dir='ltr'>ferme</span> <span class='ocrx_word' id='word_1_141' title='bbox 1088 2087 1294 2144; x_wconf 89' lang='lat' dir='ltr'>iisdem</span> <span class='ocrx_word' id='word_1_142' title='bbox 1326 2089 1518 2146; x_wconf 81' lang='lat' dir='ltr'>verbis</span> <span class='ocrx_word' id='word_1_143' title='bbox 1547 2108 1785 2148; x_wconf 88' lang='lat' dir='ltr'>narran-</span> 
     </span>
    </p>
   </div>
   <div class='ocr_carea' id='block_1_23' title="bbox 120 2173 1786 2238">
    <p class='ocr_par' dir='ltr' id='par_1_23' title="bbox 120 2173 1786 2238">
     <span class='ocr_line' id='line_1_23' title="bbox 120 2173 1786 2238; baseline 0.005 -8"><span class='ocrx_word' id='word_1_144' title='bbox 120 2180 205 2230; x_wconf 90' lang='lat' dir='ltr'>tur</span> <span class='ocrx_word' id='word_1_145' title='bbox 232 2174 300 2229; x_wconf 94' lang='lat' dir='ltr'>in</span> <span class='ocrx_word' id='word_1_146' title='bbox 332 2174 524 2230; x_wconf 84' lang='lat' dir='ltr'>veteri</span> <span class='ocrx_word' id='word_1_147' title='bbox 548 2173 757 2230; x_wconf 86' lang='lat' dir='ltr'>notitia</span> <span class='ocrx_word' id='word_1_148' title='bbox 778 2175 1205 2233; x_wconf 89' lang='lat' dir='ltr'>Lemovicensis</span> <span class='ocrx_word' id='word_1_149' title='bbox 1226 2178 1493 2234; x_wconf 67' lang='lat' dir='ltr'>Ecclesia:</span> <span class='ocrx_word' id='word_1_150' title='bbox 1525 2198 1593 2237; x_wconf 88' lang='lat' dir='ltr'>ea</span> <span class='ocrx_word' id='word_1_151' title='bbox 1622 2181 1693 2237; x_wconf 89' lang='lat' dir='ltr'>de</span> <span class='ocrx_word' id='word_1_152' title='bbox 1723 2198 1786 2238; x_wconf 87' lang='lat' dir='ltr'>re</span> 
     </span>
    </p>
   </div>
   <div class='ocr_carea' id='block_1_24' title="bbox 119 2262 1781 2335">
    <p class='ocr_par' dir='ltr' id='par_1_24' title="bbox 119 2262 1781 2335">
     <span class='ocr_line' id='line_1_24' title="bbox 119 2262 1781 2335; baseline 0.004 -16"><span class='ocrx_word' id='word_1_153' title='bbox 119 2263 282 2329; x_wconf 82' lang='lat' dir='ltr'>facta,</span> <span class='ocrx_word' id='word_1_154' title='bbox 307 2278 504 2335; x_wconf 87' lang='lat' dir='ltr'>quam</span> <span class='ocrx_word' id='word_1_155' title='bbox 537 2266 672 2335; x_wconf 88' lang='lat' dir='ltr'>post</span> <span class='ocrx_word' id='word_1_156' title='bbox 696 2262 955 2319; x_wconf 90' lang='lat' dir='ltr'>Beslium</span> <span class='ocrx_word' id='word_1_157' title='bbox 985 2265 1129 2320; x_wconf 90' lang='lat' dir='ltr'>varii</span> <span class='ocrx_word' id='word_1_158' title='bbox 1157 2270 1422 2324; x_wconf 89' lang='lat' dir='ltr'>auctores</span> <span class='ocrx_word' id='word_1_159' title='bbox 1453 2268 1781 2326; x_wconf 82' lang='lat' dir='ltr'>ediderunt.</span> 
     </span>
    </p>
   </div>
   <div class='ocr_carea' id='block_1_25' title="bbox 120 2350 1799 2431">
    <p class='ocr_par' dir='ltr' id='par_1_25' title="bbox 120 2350 1799 2431">
     <span class='ocr_line' id='line_1_25' title="bbox 120 2350 1799 2431; baseline 0.005 -24"><span class='ocrx_word' id='word_1_160' title='bbox 120 2352 173 2407; x_wconf 83' lang='lat' dir='ltr'>In</span> <span class='ocrx_word' id='word_1_161' title='bbox 203 2368 274 2408; x_wconf 86' lang='lat' dir='ltr'>ea</span> <span class='ocrx_word' id='word_1_162' title='bbox 306 2351 544 2424; x_wconf 84' lang='lat' dir='ltr'>quippe</span> <span class='ocrx_word' id='word_1_163' title='bbox 592 2350 807 2424; x_wconf 84' lang='lat' dir='ltr'>legitur</span> <span class='ocrx_word' id='word_1_164' title='bbox 855 2352 1160 2424; x_wconf 83' lang='lat' dir='ltr'>pontifices</span> <span class='ocrx_word' id='word_1_165' title='bbox 1212 2372 1417 2413; x_wconf 88' lang='lat' dir='ltr'>omnes</span> <span class='ocrx_word' id='word_1_166' title='bbox 1463 2375 1642 2431; x_wconf 91' lang='lat' dir='ltr'>supra</span> <span class='ocrx_word' id='word_1_167' title='bbox 1689 2364 1799 2416; x_wconf 55' lang='lat' dir='ltr'>re-&#39;</span> 
     </span>
    </p>
   </div>
   <div class='ocr_carea' id='block_1_26' title="bbox 121 2438 1785 2504">
    <p class='ocr_par' dir='ltr' id='par_1_26' title="bbox 121 2438 1785 2504">
     <span class='ocr_line' id='line_1_26' title="bbox 121 2438 1785 2504; baseline 0.004 -7"><span class='ocrx_word' id='word_1_168' title='bbox 121 2441 379 2497; x_wconf 82' lang='lat' dir='ltr'>censitos</span> <span class='ocrx_word' id='word_1_169' title='bbox 408 2438 710 2496; x_wconf 86' lang='lat' dir='ltr'>Natalium</span> <span class='ocrx_word' id='word_1_170' title='bbox 741 2439 953 2496; x_wconf 87' lang='lat' dir='ltr'>Christi</span> <span class='ocrx_word' id='word_1_171' title='bbox 985 2440 1418 2501; x_wconf 86' lang='lat' dir='ltr'>solemnitatem</span> <span class='ocrx_word' id='word_1_172' title='bbox 1451 2446 1627 2503; x_wconf 88' lang='lat' dir='ltr'>simul</span> <span class='ocrx_word' id='word_1_173' title='bbox 1650 2465 1785 2504; x_wconf 90' lang='lat' dir='ltr'>cum</span> 
     </span>
    </p>
   </div>
   <div class='ocr_carea' id='block_1_27' title="bbox 120 2528 1785 2609">
    <p class='ocr_par' dir='ltr' id='par_1_27' title="bbox 120 2528 1785 2609">
     <span class='ocr_line' id='line_1_27' title="bbox 120 2528 1785 2609; baseline 0.004 -23"><span class='ocrx_word' id='word_1_174' title='bbox 120 2529 353 2586; x_wconf 87' lang='lat' dir='ltr'>Urbano</span> <span class='ocrx_word' id='word_1_175' title='bbox 417 2529 581 2601; x_wconf 89' lang='lat' dir='ltr'>apud</span> <span class='ocrx_word' id='word_1_176' title='bbox 644 2528 974 2585; x_wconf 88' lang='lat' dir='ltr'>Lemovicas</span> <span class='ocrx_word' id='word_1_177' title='bbox 1031 2529 1380 2601; x_wconf 87' lang='lat' dir='ltr'>celebrasse,</span> <span class='ocrx_word' id='word_1_178' title='bbox 1411 2550 1664 2609; x_wconf 89' lang='lat' dir='ltr'>eumque</span> <span class='ocrx_word' id='word_1_179' title='bbox 1713 2537 1785 2592; x_wconf 90' lang='lat' dir='ltr'>ad</span> 
     </span>
    </p>
   </div>
   <div class='ocr_carea' id='block_1_28' title="bbox 122 2616 1788 2698">
    <p class='ocr_par' dir='ltr' id='par_1_28' title="bbox 122 2616 1788 2698">
     <span class='ocr_line' id='line_1_28' title="bbox 122 2616 1788 2698; baseline 0.004 -23"><span class='ocrx_word' id='word_1_180' title='bbox 122 2620 407 2675; x_wconf 88' lang='lat' dir='ltr'>Sanctum</span> <span class='ocrx_word' id='word_1_181' title='bbox 438 2616 769 2674; x_wconf 87' lang='lat' dir='ltr'>Martialem</span> <span class='ocrx_word' id='word_1_182' title='bbox 794 2622 1051 2687; x_wconf 88' lang='lat' dir='ltr'>euntem,</span> <span class='ocrx_word' id='word_1_183' title='bbox 1075 2625 1133 2675; x_wconf 88' lang='lat' dir='ltr'>et</span> <span class='ocrx_word' id='word_1_184' title='bbox 1161 2622 1369 2680; x_wconf 85' lang='lat' dir='ltr'>exinde</span> <span class='ocrx_word' id='word_1_185' title='bbox 1394 2623 1593 2681; x_wconf 91' lang='lat' dir='ltr'>habito</span> <span class='ocrx_word' id='word_1_186' title='bbox 1623 2626 1788 2698; x_wconf 92' lang='lat' dir='ltr'>prius</span> 
     </span>
    </p>
   </div>
   <div class='ocr_carea' id='block_1_29' title="bbox 124 2706 1788 2785">
    <p class='ocr_par' dir='ltr' id='par_1_29' title="bbox 124 2706 1788 2785">
     <span class='ocr_line' id='line_1_29' title="bbox 124 2706 1788 2785; baseline 0.004 -21"><span class='ocrx_word' id='word_1_187' title='bbox 124 2709 182 2764; x_wconf 86' lang='lat' dir='ltr'>ad</span> <span class='ocrx_word' id='word_1_188' title='bbox 238 2706 548 2781; x_wconf 85' lang='lat' dir='ltr'>pepulum</span> <span class='ocrx_word' id='word_1_189' title='bbox 606 2723 912 2775; x_wconf 85' lang='lat' dir='ltr'>sermone,</span> <span class='ocrx_word' id='word_1_190' title='bbox 971 2714 1314 2766; x_wconf 87' lang='lat' dir='ltr'>coronatum</span> <span class='ocrx_word' id='word_1_191' title='bbox 1374 2713 1447 2768; x_wconf 93' lang='lat' dir='ltr'>ad</span> <span class='ocrx_word' id='word_1_192' title='bbox 1506 2715 1788 2785; x_wconf 84' lang='lat' dir='ltr'>majorem</span> 
     </span>
    </p>
   </div>
   <div class='ocr_carea' id='block_1_30' title="bbox 124 2796 1786 2869">
    <p class='ocr_par' dir='ltr' id='par_1_30' title="bbox 124 2796 1786 2869">
     <span class='ocr_line' id='line_1_30' title="bbox 124 2796 1786 2869; baseline 0.002 -15"><span class='ocrx_word' id='word_1_193' title='bbox 124 2797 435 2854; x_wconf 83' lang='lat' dir='ltr'>ecclesiam</span> <span class='ocrx_word' id='word_1_194' title='bbox 482 2796 828 2852; x_wconf 88' lang='lat' dir='ltr'>redeuntem</span> <span class='ocrx_word' id='word_1_195' title='bbox 870 2796 1179 2853; x_wconf 90' lang='lat' dir='ltr'>comitatos</span> <span class='ocrx_word' id='word_1_196' title='bbox 1226 2799 1426 2856; x_wconf 88' lang='lat' dir='ltr'>fuisse.</span> <span class='ocrx_word' id='word_1_197' title='bbox 1460 2801 1529 2857; x_wconf 92' lang='lat' dir='ltr'>Hi</span> <span class='ocrx_word' id='word_1_198' title='bbox 1561 2818 1786 2869; x_wconf 88' lang='lat' dir='ltr'>omnes,</span> 
     </span>
    </p>
   </div>
   <div class='ocr_carea' id='block_1_31' title="bbox 125 2883 1787 2960">
    <p class='ocr_par' dir='ltr' id='par_1_31' title="bbox 125 2883 1787 2960">
     <span class='ocr_line' id='line_1_31' title="bbox 125 2883 1787 2960; baseline 0.004 -19"><span class='ocrx_word' id='word_1_199' title='bbox 125 2892 184 2941; x_wconf 88' lang='lat' dir='ltr'>nt</span> <span class='ocrx_word' id='word_1_200' title='bbox 234 2886 475 2943; x_wconf 89' lang='lat' dir='ltr'>ibidem</span> <span class='ocrx_word' id='word_1_201' title='bbox 517 2885 752 2951; x_wconf 88' lang='lat' dir='ltr'>dicitur,</span> <span class='ocrx_word' id='word_1_202' title='bbox 786 2883 880 2941; x_wconf 91' lang='lat' dir='ltr'>die</span> <span class='ocrx_word' id='word_1_203' title='bbox 936 2890 1099 2943; x_wconf 85' lang='lat' dir='ltr'>sexta</span> <span class='ocrx_word' id='word_1_204' title='bbox 1155 2888 1485 2946; x_wconf 85' lang='lat' dir='ltr'>Nativitatis</span> <span class='ocrx_word' id='word_1_205' title='bbox 1533 2891 1787 2960; x_wconf 90' lang='lat' dir='ltr'>Domini,</span> 
     </span>
    </p>
   </div>
   <div class='ocr_carea' id='block_1_32' title="bbox 127 2973 1792 3049">
    <p class='ocr_par' dir='ltr' id='par_1_32' title="bbox 127 2973 1792 3049">
     <span class='ocr_line' id='line_1_32' title="bbox 127 2973 1792 3049; baseline 0.002 -17"><span class='ocrx_word' id='word_1_206' title='bbox 127 2993 238 3049; x_wconf 72' lang='lat' dir='ltr'>quae</span> <span class='ocrx_word' id='word_1_207' title='bbox 267 2976 336 3031; x_wconf 91' lang='lat' dir='ltr'>in</span> <span class='ocrx_word' id='word_1_208' title='bbox 371 2974 748 3031; x_wconf 89' lang='lat' dir='ltr'>Dominicam</span> <span class='ocrx_word' id='word_1_209' title='bbox 788 2973 1101 3045; x_wconf 88' lang='lat' dir='ltr'>incidebat,</span> <span class='ocrx_word' id='word_1_210' title='bbox 1135 2976 1348 3033; x_wconf 89' lang='lat' dir='ltr'>iterum</span> <span class='ocrx_word' id='word_1_211' title='bbox 1391 2996 1527 3036; x_wconf 91' lang='lat' dir='ltr'>cum</span> <span class='ocrx_word' id='word_1_212' title='bbox 1560 2980 1792 3037; x_wconf 91' lang='lat' dir='ltr'>Urbano</span> 
     </span>
    </p>
   </div>
   <div class='ocr_carea' id='block_1_33' title="bbox 130 3061 1792 3143">
    <p class='ocr_par' dir='ltr' id='par_1_33' title="bbox 130 3061 1792 3143">
     <span class='ocr_line' id='line_1_33' title="bbox 130 3061 1792 3143; baseline 0.002 -21"><span class='ocrx_word' id='word_1_213' title='bbox 130 3066 189 3121; x_wconf 71' lang='lat' dir='ltr'>ad</span> <span class='ocrx_word' id='word_1_214' title='bbox 217 3066 523 3122; x_wconf 86' lang='lat' dir='ltr'>Sanctum</span> <span class='ocrx_word' id='word_1_215' title='bbox 565 3061 913 3133; x_wconf 84' lang='lat' dir='ltr'>Martialem,</span> <span class='ocrx_word' id='word_1_216' title='bbox 948 3064 1048 3121; x_wconf 92' lang='lat' dir='ltr'>ubi</span> <span class='ocrx_word' id='word_1_217' title='bbox 1092 3064 1219 3122; x_wconf 89' lang='lat' dir='ltr'>dies</span> <span class='ocrx_word' id='word_1_218' title='bbox 1257 3070 1386 3123; x_wconf 89' lang='lat' dir='ltr'>octo</span> <span class='ocrx_word' id='word_1_219' title='bbox 1424 3069 1632 3143; x_wconf 87' lang='lat' dir='ltr'>exegit,</span> <span class='ocrx_word' id='word_1_220' title='bbox 1656 3086 1792 3125; x_wconf 91' lang='lat' dir='ltr'>con-</span> 
     </span>
    </p>
   </div>
   <div class='ocr_carea' id='block_1_34' title="bbox 126 3151 1791 3231">
    <p class='ocr_par' dir='ltr' id='par_1_34' title="bbox 126 3151 1791 3231">
     <span class='ocr_line' id='line_1_34' title="bbox 126 3151 1791 3231; baseline 0.007 -26"><span class='ocrx_word' id='word_1_221' title='bbox 126 3157 429 3221; x_wconf 77' lang='lat' dir='ltr'>venerunt,</span> <span class='ocrx_word' id='word_1_222' title='bbox 464 3167 724 3225; x_wconf 89' lang='lat' dir='ltr'>cumque</span> <span class='ocrx_word' id='word_1_223' title='bbox 775 3151 866 3207; x_wconf 89' lang='lat' dir='ltr'>die</span> <span class='ocrx_word' id='word_1_224' title='bbox 923 3155 1192 3226; x_wconf 88' lang='lat' dir='ltr'>sequenti</span> <span class='ocrx_word' id='word_1_225' title='bbox 1251 3155 1573 3214; x_wconf 74' lang='lat' dir='ltr'>basilicam”</span> <span class='ocrx_word' id='word_1_226' title='bbox 1613 3175 1791 3231; x_wconf 85' lang='lat' dir='ltr'>aqua,</span> 
     </span>
    </p>
   </div>
   <div class='ocr_carea' id='block_1_35' title="bbox 1958 551 3544 632">
    <p class='ocr_par' dir='ltr' id='par_1_35' title="bbox 1958 551 3544 632">
     <span class='ocr_line' id='line_1_35' title="bbox 1958 551 3544 632; baseline 0.005 -23"><span class='ocrx_word' id='word_1_227' title='bbox 1958 552 2259 632; x_wconf 78' lang='lat' dir='ltr'>Angeriaco</span> <span class='ocrx_word' id='word_1_228' title='bbox 2288 551 2511 632; x_wconf 65' lang='lat' dir='ltr'>subjicit</span> <span class='ocrx_word' id='word_1_229' title='bbox 2535 553 2849 632; x_wconf 60' lang='lat' dir='ltr'>possecum.</span> <span class='ocrx_word' id='word_1_230' title='bbox 2882 551 2946 632; x_wconf 53' lang='grc' dir='ltr'>εξ</span> <span class='ocrx_word' id='word_1_231' title='bbox 2964 555 3325 632; x_wconf 78' lang='lat' dir='ltr'>Eparchium.</span> <span class='ocrx_word' id='word_1_232' title='bbox 3361 559 3544 632; x_wconf 82' lang='lat' dir='ltr'>Figia-</span> 
     </span>
    </p>
   </div>
   <div class='ocr_carea' id='block_1_36' title="bbox 1958 625 3397 688">
    <p class='ocr_par' dir='ltr' id='par_1_36' title="bbox 1958 625 3397 688">
     <span class='ocr_line' id='line_1_36' title="bbox 1958 625 3397 688; baseline 0.006 -9"><span class='ocrx_word' id='word_1_233' title='bbox 1958 640 2084 680; x_wconf 87' lang='lat' dir='ltr'>cum</span> <span class='ocrx_word' id='word_1_234' title='bbox 2113 628 2313 682; x_wconf 82' lang='lat' dir='ltr'>tuetur.</span> <span class='ocrx_word' id='word_1_235' title='bbox 2345 625 2611 683; x_wconf 82' lang='lat' dir='ltr'>Ecclesias</span> <span class='ocrx_word' id='word_1_236' title='bbox 2641 626 2695 682; x_wconf 89' lang='lat' dir='ltr'>S.</span> <span class='ocrx_word' id='word_1_237' title='bbox 2728 626 2972 684; x_wconf 76' lang='lat' dir='ltr'>Martiali</span> <span class='ocrx_word' id='word_1_238' title='bbox 3000 625 3196 686; x_wconf 72' lang='lat' dir='ltr'>restiui</span> <span class='ocrx_word' id='word_1_239' title='bbox 3221 642 3397 688; x_wconf 83' lang='lat' dir='ltr'>curat.</span> 
     </span>
    </p>
   </div>
   <div class='ocr_carea' id='block_1_37' title="bbox 1961 731 3546 813">
    <p class='ocr_par' dir='ltr' id='par_1_37' title="bbox 1961 731 3546 813">
     <span class='ocr_line' id='line_1_37' title="bbox 1961 731 3546 813; baseline 0.007 -27"><span class='ocrx_word' id='word_1_240' title='bbox 1961 731 2056 787; x_wconf 65' lang='lat' dir='ltr'>Has</span> <span class='ocrx_word' id='word_1_241' title='bbox 2087 748 2259 803; x_wconf 90' lang='lat' dir='ltr'>porro</span> <span class='ocrx_word' id='word_1_242' title='bbox 2308 731 2708 789; x_wconf 88' lang='lat' dir='ltr'>solemnitates</span> <span class='ocrx_word' id='word_1_243' title='bbox 2747 733 3045 791; x_wconf 88' lang='lat' dir='ltr'>Urbanum</span> <span class='ocrx_word' id='word_1_244' title='bbox 3096 753 3210 793; x_wconf 87' lang='lat' dir='ltr'>non</span> <span class='ocrx_word' id='word_1_245' title='bbox 3262 738 3546 813; x_wconf 84' lang='lat' dir='ltr'>impedie-</span> 
     </span>
    </p>
   </div>
   <div class='ocr_carea' id='block_1_38' title="bbox 1889 820 3545 902">
    <p class='ocr_par' dir='ltr' id='par_1_38' title="bbox 1889 820 3545 902">
     <span class='ocr_line' id='line_1_38' title="bbox 1889 820 3545 902; baseline 0.007 -26"><span class='ocrx_word' id='word_1_246' title='bbox 1889 820 2053 889; x_wconf 90' lang='lat' dir='ltr'>bant,</span> <span class='ocrx_word' id='word_1_247' title='bbox 2084 820 2401 893; x_wconf 90' lang='lat' dir='ltr'>quominus</span> <span class='ocrx_word' id='word_1_248' title='bbox 2435 820 2566 877; x_wconf 89' lang='lat' dir='ltr'>aliis</span> <span class='ocrx_word' id='word_1_249' title='bbox 2596 821 2773 877; x_wconf 89' lang='lat' dir='ltr'>etiam</span> <span class='ocrx_word' id='word_1_250' title='bbox 2813 824 3063 894; x_wconf 86' lang='lat' dir='ltr'>negotiis</span> <span class='ocrx_word' id='word_1_251' title='bbox 3103 833 3353 896; x_wconf 89' lang='lat' dir='ltr'>vacaret,</span> <span class='ocrx_word' id='word_1_252' title='bbox 3387 830 3545 902; x_wconf 88' lang='lat' dir='ltr'>quod</span> 
     </span>
    </p>
   </div>
   <div class='ocr_carea' id='block_1_39' title="bbox 1890 909 3545 985">
    <p class='ocr_par' dir='ltr' id='par_1_39' title="bbox 1890 909 3545 985">
     <span class='ocr_line' id='line_1_39' title="bbox 1890 909 3545 985; baseline 0.007 -21"><span class='ocrx_word' id='word_1_253' title='bbox 1890 909 2142 981; x_wconf 89' lang='lat' dir='ltr'>probant</span> <span class='ocrx_word' id='word_1_254' title='bbox 2170 909 2328 965; x_wconf 89' lang='lat' dir='ltr'>varia</span> <span class='ocrx_word' id='word_1_255' title='bbox 2359 910 2487 981; x_wconf 87' lang='lat' dir='ltr'>ejus</span> <span class='ocrx_word' id='word_1_256' title='bbox 2509 909 2832 982; x_wconf 87' lang='lat' dir='ltr'>diplomata</span> <span class='ocrx_word' id='word_1_257' title='bbox 2861 912 2953 969; x_wconf 89' lang='lat' dir='ltr'>his</span> <span class='ocrx_word' id='word_1_258' title='bbox 2983 914 3132 985; x_wconf 87' lang='lat' dir='ltr'>ipsis</span> <span class='ocrx_word' id='word_1_259' title='bbox 3150 915 3357 973; x_wconf 91' lang='lat' dir='ltr'>diebus</span> <span class='ocrx_word' id='word_1_260' title='bbox 3386 918 3545 975; x_wconf 89' lang='lat' dir='ltr'>data.</span> 
     </span>
    </p>
   </div>
   <div class='ocr_carea' id='block_1_40' title="bbox 1889 998 3545 1077">
    <p class='ocr_par' dir='ltr' id='par_1_40' title="bbox 1889 998 3545 1077">
     <span class='ocr_line' id='line_1_40' title="bbox 1889 998 3545 1077; baseline 0.007 -23"><span class='ocrx_word' id='word_1_261' title='bbox 1889 998 1972 1054; x_wconf 88' lang='lat' dir='ltr'>Ex</span> <span class='ocrx_word' id='word_1_262' title='bbox 2000 998 2094 1055; x_wconf 90' lang='lat' dir='ltr'>his</span> <span class='ocrx_word' id='word_1_263' title='bbox 2124 1016 2309 1055; x_wconf 88' lang='lat' dir='ltr'>unum</span> <span class='ocrx_word' id='word_1_264' title='bbox 2343 1002 2432 1069; x_wconf 84' lang='lat' dir='ltr'>est</span> <span class='ocrx_word' id='word_1_265' title='bbox 2456 998 2805 1072; x_wconf 88' lang='lat' dir='ltr'>inscriptum</span> <span class='ocrx_word' id='word_1_266' title='bbox 2829 1002 3106 1059; x_wconf 90' lang='lat' dir='ltr'>Ansculfo</span> <span class='ocrx_word' id='word_1_267' title='bbox 3131 1004 3545 1077; x_wconf 85' lang='lat' dir='ltr'>Angeriacensi</span> 
     </span>
    </p>
   </div>
   <div class='ocr_carea' id='block_1_41' title="bbox 1891 1087 3545 1158">
    <p class='ocr_par' dir='ltr' id='par_1_41' title="bbox 1891 1087 3545 1158">
     <span class='ocr_line' id='line_1_41' title="bbox 1891 1087 3545 1158; baseline 0.006 -15"><span class='ocrx_word' id='word_1_268' title='bbox 1891 1088 2108 1153; x_wconf 87' lang='lat' dir='ltr'>abbati,</span> <span class='ocrx_word' id='word_1_269' title='bbox 2142 1088 2235 1144; x_wconf 92' lang='lat' dir='ltr'>cui</span> <span class='ocrx_word' id='word_1_270' title='bbox 2284 1087 2526 1158; x_wconf 87' lang='lat' dir='ltr'>subjicit</span> <span class='ocrx_word' id='word_1_271' title='bbox 2571 1090 2994 1146; x_wconf 85' lang='lat' dir='ltr'>monasterium</span> <span class='ocrx_word' id='word_1_272' title='bbox 3037 1092 3401 1151; x_wconf 90' lang='lat' dir='ltr'>Basiacense.</span> <span class='ocrx_word' id='word_1_273' title='bbox 3433 1097 3545 1153; x_wconf 89' lang='lat' dir='ltr'>Da-</span> 
     </span>
    </p>
   </div>
   <div class='ocr_carea' id='block_1_42' title="bbox 1891 1176 3544 1250">
    <p class='ocr_par' dir='ltr' id='par_1_42' title="bbox 1891 1176 3544 1250">
     <span class='ocr_line' id='line_1_42' title="bbox 1891 1176 3544 1250; baseline 0.006 -19"><span class='ocrx_word' id='word_1_274' title='bbox 1891 1180 2019 1232; x_wconf 91' lang='lat' dir='ltr'>tum</span> <span class='ocrx_word' id='word_1_275' title='bbox 2067 1181 2157 1233; x_wconf 83' lang='lat' dir='ltr'>est</span> <span class='ocrx_word' id='word_1_276' title='bbox 2204 1176 2359 1250; x_wconf 86' lang='lat' dir='ltr'>apud</span> <span class='ocrx_word' id='word_1_277' title='bbox 2404 1176 2739 1234; x_wconf 80' lang='lat' dir='ltr'>Lemovices</span> <span class='ocrx_word' id='word_1_278' title='bbox 2769 1178 2861 1235; x_wconf 91' lang='lat' dir='ltr'>die</span> <span class='ocrx_word' id='word_1_279' title='bbox 2906 1197 3003 1235; x_wconf 77' lang='lat' dir='ltr'>xxv</span> <span class='ocrx_word' id='word_1_280' title='bbox 3031 1181 3158 1237; x_wconf 88' lang='lat' dir='ltr'>Kal.</span> <span class='ocrx_word' id='word_1_281' title='bbox 3194 1184 3544 1243; x_wconf 89' lang='lat' dir='ltr'>Decembris.</span> 
     </span>
    </p>
   </div>
   <div class='ocr_carea' id='block_1_43' title="bbox 1890 1264 3547 1343">
    <p class='ocr_par' dir='ltr' id='par_1_43' title="bbox 1890 1264 3547 1343">
     <span class='ocr_line' id='line_1_43' title="bbox 1890 1264 3547 1343; baseline 0.007 -24"><span class='ocrx_word' id='word_1_282' title='bbox 1890 1264 2107 1321; x_wconf 90' lang='lat' dir='ltr'>Eodem</span> <span class='ocrx_word' id='word_1_283' title='bbox 2142 1266 2233 1321; x_wconf 90' lang='lat' dir='ltr'>die</span> <span class='ocrx_word' id='word_1_284' title='bbox 2264 1268 2321 1321; x_wconf 90' lang='lat' dir='ltr'>et</span> <span class='ocrx_word' id='word_1_285' title='bbox 2351 1266 2554 1322; x_wconf 89' lang='lat' dir='ltr'>eodem</span> <span class='ocrx_word' id='word_1_286' title='bbox 2586 1265 2712 1322; x_wconf 90' lang='lat' dir='ltr'>loco</span> <span class='ocrx_word' id='word_1_287' title='bbox 2743 1267 2982 1341; x_wconf 88' lang='lat' dir='ltr'>scripsit</span> <span class='ocrx_word' id='word_1_288' title='bbox 3030 1271 3291 1343; x_wconf 82' lang='lat' dir='ltr'>pontifex</span> <span class='ocrx_word' id='word_1_289' title='bbox 3318 1273 3547 1331; x_wconf 88' lang='lat' dir='ltr'>litteras</span> 
     </span>
    </p>
   </div>
   <div class='ocr_carea' id='block_1_44' title="bbox 1892 1353 3548 1433">
    <p class='ocr_par' dir='ltr' id='par_1_44' title="bbox 1892 1353 3548 1433">
     <span class='ocr_line' id='line_1_44' title="bbox 1892 1353 3548 1433; baseline 0.007 -25"><span class='ocrx_word' id='word_1_290' title='bbox 1892 1354 1964 1408; x_wconf 92' lang='lat' dir='ltr'>ad</span> <span class='ocrx_word' id='word_1_291' title='bbox 1996 1354 2394 1411; x_wconf 86' lang='lat' dir='ltr'>Adhemarum</span> <span class='ocrx_word' id='word_1_292' title='bbox 2435 1353 2892 1412; x_wconf 78' lang='lat' dir='ltr'>Ecolismensem</span> <span class='ocrx_word' id='word_1_293' title='bbox 2941 1358 3297 1431; x_wconf 88' lang='lat' dir='ltr'>episcopum,</span> <span class='ocrx_word' id='word_1_294' title='bbox 3330 1362 3548 1433; x_wconf 89' lang='lat' dir='ltr'>quibus</span> 
     </span>
    </p>
   </div>
   <div class='ocr_carea' id='block_1_45' title="bbox 1890 1442 3547 1523">
    <p class='ocr_par' dir='ltr' id='par_1_45' title="bbox 1890 1442 3547 1523">
     <span class='ocr_line' id='line_1_45' title="bbox 1890 1442 3547 1523; baseline 0.005 -24"><span class='ocrx_word' id='word_1_295' title='bbox 1890 1442 1943 1499; x_wconf 89' lang='lat' dir='ltr'>ei</span> <span class='ocrx_word' id='word_1_296' title='bbox 1972 1443 2251 1517; x_wconf 90' lang='lat' dir='ltr'>injungit,</span> <span class='ocrx_word' id='word_1_297' title='bbox 2284 1448 2352 1498; x_wconf 92' lang='lat' dir='ltr'>ut</span> <span class='ocrx_word' id='word_1_298' title='bbox 2396 1443 2815 1501; x_wconf 90' lang='lat' dir='ltr'>monachorum</span> <span class='ocrx_word' id='word_1_299' title='bbox 2858 1445 3054 1502; x_wconf 88' lang='lat' dir='ltr'>Sancti</span> <span class='ocrx_word' id='word_1_300' title='bbox 3086 1448 3356 1521; x_wconf 88' lang='lat' dir='ltr'>Eparchii</span> <span class='ocrx_word' id='word_1_301' title='bbox 3404 1466 3547 1523; x_wconf 61' lang='lat' dir='ltr'>prm-</span> 
     </span>
    </p>
   </div>
   <div class='ocr_carea' id='block_1_46' title="bbox 1888 1533 3547 1610">
    <p class='ocr_par' dir='ltr' id='par_1_46' title="bbox 1888 1533 3547 1610">
     <span class='ocr_line' id='line_1_46' title="bbox 1888 1533 3547 1610; baseline 0.005 -23"><span class='ocrx_word' id='word_1_302' title='bbox 1888 1534 2255 1603; x_wconf 86' lang='lat' dir='ltr'>sumptionem</span> <span class='ocrx_word' id='word_1_303' title='bbox 2286 1533 2588 1605; x_wconf 85' lang='lat' dir='ltr'>reprimat,</span> <span class='ocrx_word' id='word_1_304' title='bbox 2621 1533 2719 1605; x_wconf 91' lang='lat' dir='ltr'>qui</span> <span class='ocrx_word' id='word_1_305' title='bbox 2766 1534 2973 1590; x_wconf 87' lang='lat' dir='ltr'>abbati</span> <span class='ocrx_word' id='word_1_306' title='bbox 2994 1537 3428 1610; x_wconf 82' lang='lat' dir='ltr'>Angeriacensi,</span> <span class='ocrx_word' id='word_1_307' title='bbox 3453 1540 3547 1596; x_wconf 92' lang='lat' dir='ltr'>cui</span> 
     </span>
    </p>
   </div>
   <div class='ocr_carea' id='block_1_47' title="bbox 1892 1611 3631 1696">
    <p class='ocr_par' dir='ltr' id='par_1_47' title="bbox 1892 1611 3631 1696">
     <span class='ocr_line' id='line_1_47' title="bbox 1892 1611 3631 1696; baseline 0.005 -20"><span class='ocrx_word' id='word_1_308' title='bbox 1892 1621 2317 1678; x_wconf 88' lang='lat' dir='ltr'>monasterium</span> <span class='ocrx_word' id='word_1_309' title='bbox 2348 1638 2549 1677; x_wconf 91' lang='lat' dir='ltr'>eorum</span> <span class='ocrx_word' id='word_1_310' title='bbox 2584 1622 2915 1695; x_wconf 88' lang='lat' dir='ltr'>subjectum</span> <span class='ocrx_word' id='word_1_311' title='bbox 2948 1640 3076 1681; x_wconf 88' lang='lat' dir='ltr'>esse</span> <span class='ocrx_word' id='word_1_312' title='bbox 3109 1626 3379 1696; x_wconf 85' lang='lat' dir='ltr'>debebat,</span> <span class='ocrx_word' id='word_1_313' title='bbox 3407 1629 3550 1685; x_wconf 91' lang='lat' dir='ltr'>obe-</span> <span class='ocrx_word' id='word_1_314' title='bbox 3614 1611 3631 1621; x_wconf 27' lang='grc' dir='ltr'><strong>κ</strong></span> 
     </span>
    </p>
   </div>
   <div class='ocr_carea' id='block_1_48' title="bbox 1890 1709 3547 1784">
    <p class='ocr_par' dir='ltr' id='par_1_48' title="bbox 1890 1709 3547 1784">
     <span class='ocr_line' id='line_1_48' title="bbox 1890 1709 3547 1784; baseline 0.005 -19"><span class='ocrx_word' id='word_1_315' title='bbox 1890 1709 2015 1766; x_wconf 90' lang='lat' dir='ltr'>dire</span> <span class='ocrx_word' id='word_1_316' title='bbox 2047 1710 2467 1779; x_wconf 88' lang='lat' dir='ltr'>detrectabant,</span> <span class='ocrx_word' id='word_1_317' title='bbox 2501 1711 2677 1767; x_wconf 89' lang='lat' dir='ltr'>etiam</span> <span class='ocrx_word' id='word_1_318' title='bbox 2710 1716 2844 1784; x_wconf 91' lang='lat' dir='ltr'>post</span> <span class='ocrx_word' id='word_1_319' title='bbox 2873 1711 3053 1769; x_wconf 89' lang='lat' dir='ltr'>latam</span> <span class='ocrx_word' id='word_1_320' title='bbox 3096 1713 3156 1769; x_wconf 88' lang='lat' dir='ltr'>in</span> <span class='ocrx_word' id='word_1_321' title='bbox 3188 1731 3287 1771; x_wconf 90' lang='lat' dir='ltr'>eos</span> <span class='ocrx_word' id='word_1_322' title='bbox 3317 1732 3547 1773; x_wconf 88' lang='lat' dir='ltr'>excom-</span> 
     </span>
    </p>
   </div>
   <div class='ocr_carea' id='block_1_49' title="bbox 1891 1798 3552 1862">
    <p class='ocr_par' dir='ltr' id='par_1_49' title="bbox 1891 1798 3552 1862">
     <span class='ocr_line' id='line_1_49' title="bbox 1891 1798 3552 1862; baseline 0.006 -9"><span class='ocrx_word' id='word_1_323' title='bbox 1891 1798 2308 1854; x_wconf 89' lang='lat' dir='ltr'>municationis</span> <span class='ocrx_word' id='word_1_324' title='bbox 2375 1800 2747 1855; x_wconf 87' lang='lat' dir='ltr'>sententiam.</span> <span class='ocrx_word' id='word_1_325' title='bbox 2818 1800 2991 1857; x_wconf 90' lang='lat' dir='ltr'>Porro</span> <span class='ocrx_word' id='word_1_326' title='bbox 3055 1802 3427 1862; x_wconf 84' lang='lat' dir='ltr'>Adhemarus</span> <span class='ocrx_word' id='word_1_327' title='bbox 3484 1810 3552 1862; x_wconf 90' lang='lat' dir='ltr'>ut</span> 
     </span>
    </p>
   </div>
   <div class='ocr_carea' id='block_1_50' title="bbox 1885 1886 3549 1967">
    <p class='ocr_par' dir='ltr' id='par_1_50' title="bbox 1885 1886 3549 1967">
     <span class='ocr_line' id='line_1_50' title="bbox 1885 1886 3549 1967; baseline 0.004 -23"><span class='ocrx_word' id='word_1_328' title='bbox 1885 1887 2076 1959; x_wconf 89' lang='lat' dir='ltr'>jussis</span> <span class='ocrx_word' id='word_1_329' title='bbox 2104 1886 2420 1961; x_wconf 81' lang='lat' dir='ltr'>pontiﬁciis</span> <span class='ocrx_word' id='word_1_330' title='bbox 2451 1888 2667 1944; x_wconf 88' lang='lat' dir='ltr'>faceret</span> <span class='ocrx_word' id='word_1_331' title='bbox 2691 1889 2835 1944; x_wconf 88' lang='lat' dir='ltr'>satis</span> <span class='ocrx_word' id='word_1_332' title='bbox 2868 1890 3211 1947; x_wconf 83' lang='lat' dir='ltr'>Ansculfum</span> <span class='ocrx_word' id='word_1_333' title='bbox 3242 1894 3549 1967; x_wconf 87' lang='lat' dir='ltr'>Angeriaci</span> 
     </span>
    </p>
   </div>
   <div class='ocr_carea' id='block_1_51' title="bbox 1893 1976 3548 2058">
    <p class='ocr_par' dir='ltr' id='par_1_51' title="bbox 1893 1976 3548 2058">
     <span class='ocr_line' id='line_1_51' title="bbox 1893 1976 3548 2058; baseline 0.006 -26"><span class='ocrx_word' id='word_1_334' title='bbox 1893 1976 2164 2033; x_wconf 89' lang='lat' dir='ltr'>abbatem</span> <span class='ocrx_word' id='word_1_335' title='bbox 2189 1978 2252 2031; x_wconf 88' lang='lat' dir='ltr'>in</span> <span class='ocrx_word' id='word_1_336' title='bbox 2275 1977 2437 2049; x_wconf 88' lang='lat' dir='ltr'>pleno</span> <span class='ocrx_word' id='word_1_337' title='bbox 2464 1979 2730 2049; x_wconf 86' lang='lat' dir='ltr'>capitulo,</span> <span class='ocrx_word' id='word_1_338' title='bbox 2766 1979 3072 2036; x_wconf 85' lang='lat' dir='ltr'>videntibus</span> <span class='ocrx_word' id='word_1_339' title='bbox 3100 1985 3382 2040; x_wconf 87' lang='lat' dir='ltr'>canonicis</span> <span class='ocrx_word' id='word_1_340' title='bbox 3409 1987 3548 2058; x_wconf 84' lang='lat' dir='ltr'>suis,</span> 
     </span>
    </p>
   </div>
   <div class='ocr_carea' id='block_1_52' title="bbox 1893 2065 3552 2149">
    <p class='ocr_par' dir='ltr' id='par_1_52' title="bbox 1893 2065 3552 2149">
     <span class='ocr_line' id='line_1_52' title="bbox 1893 2065 3552 2149; baseline 0.007 -29"><span class='ocrx_word' id='word_1_341' title='bbox 1893 2065 2183 2122; x_wconf 83' lang='lat' dir='ltr'>investivit</span> <span class='ocrx_word' id='word_1_342' title='bbox 2210 2066 2281 2122; x_wconf 92' lang='lat' dir='ltr'>de</span> <span class='ocrx_word' id='word_1_343' title='bbox 2312 2066 2547 2123; x_wconf 76' lang='lat' dir='ltr'>abbatis</span> <span class='ocrx_word' id='word_1_344' title='bbox 2575 2068 2763 2123; x_wconf 87' lang='lat' dir='ltr'>sancti</span> <span class='ocrx_word' id='word_1_345' title='bbox 2802 2069 3097 2142; x_wconf 89' lang='lat' dir='ltr'>Eparchii,</span> <span class='ocrx_word' id='word_1_346' title='bbox 3124 2072 3341 2130; x_wconf 90' lang='lat' dir='ltr'>tradito</span> <span class='ocrx_word' id='word_1_347' title='bbox 3372 2074 3423 2131; x_wconf 89' lang='lat' dir='ltr'>ei</span> <span class='ocrx_word' id='word_1_348' title='bbox 3454 2092 3552 2149; x_wconf 90' lang='lat' dir='ltr'>pa-</span> 
     </span>
    </p>
   </div>
   <div class='ocr_carea' id='block_1_53' title="bbox 1893 2154 3550 2233">
    <p class='ocr_par' dir='ltr' id='par_1_53' title="bbox 1893 2154 3550 2233">
     <span class='ocr_line' id='line_1_53' title="bbox 1893 2154 3550 2233; baseline 0.006 -23"><span class='ocrx_word' id='word_1_349' title='bbox 1893 2154 2097 2211; x_wconf 88' lang='lat' dir='ltr'>storali</span> <span class='ocrx_word' id='word_1_350' title='bbox 2126 2154 2364 2223; x_wconf 88' lang='lat' dir='ltr'>baculo;</span> <span class='ocrx_word' id='word_1_351' title='bbox 2411 2160 2469 2211; x_wconf 92' lang='lat' dir='ltr'>et</span> <span class='ocrx_word' id='word_1_352' title='bbox 2515 2154 2614 2212; x_wconf 88' lang='lat' dir='ltr'>ille</span> <span class='ocrx_word' id='word_1_353' title='bbox 2658 2156 2941 2214; x_wconf 87' lang='lat' dir='ltr'>domuum</span> <span class='ocrx_word' id='word_1_354' title='bbox 2989 2159 3293 2233; x_wconf 88' lang='lat' dir='ltr'>Hugonem</span> <span class='ocrx_word' id='word_1_355' title='bbox 3346 2180 3550 2220; x_wconf 88' lang='lat' dir='ltr'>mona-</span> 
     </span>
    </p>
   </div>
   <div class='ocr_carea' id='block_1_54' title="bbox 1894 2243 3548 2320">
    <p class='ocr_par' dir='ltr' id='par_1_54' title="bbox 1894 2243 3548 2320">
     <span class='ocr_line' id='line_1_54' title="bbox 1894 2243 3548 2320; baseline 0.006 -20"><span class='ocrx_word' id='word_1_356' title='bbox 1894 2244 2071 2300; x_wconf 91' lang='lat' dir='ltr'>chum</span> <span class='ocrx_word' id='word_1_357' title='bbox 2099 2243 2583 2317; x_wconf 87' lang='lat' dir='ltr'>Angeriacensem</span> <span class='ocrx_word' id='word_1_358' title='bbox 2632 2245 2693 2300; x_wconf 91' lang='lat' dir='ltr'>in</span> <span class='ocrx_word' id='word_1_359' title='bbox 2743 2246 2929 2301; x_wconf 87' lang='lat' dir='ltr'>sancti</span> <span class='ocrx_word' id='word_1_360' title='bbox 2962 2248 3229 2320; x_wconf 91' lang='lat' dir='ltr'>Eparchii</span> <span class='ocrx_word' id='word_1_361' title='bbox 3277 2250 3548 2309; x_wconf 87' lang='lat' dir='ltr'>abbatem</span> 
     </span>
    </p>
   </div>
   <div class='ocr_carea' id='block_1_55' title="bbox 1894 2331 3552 2404">
    <p class='ocr_par' dir='ltr' id='par_1_55' title="bbox 1894 2331 3552 2404">
     <span class='ocr_line' id='line_1_55' title="bbox 1894 2331 3552 2404; baseline 0.005 -16"><span class='ocrx_word' id='word_1_362' title='bbox 1894 2332 2203 2404; x_wconf 87' lang='lat' dir='ltr'>ordinavit,</span> <span class='ocrx_word' id='word_1_363' title='bbox 2227 2337 2292 2389; x_wconf 93' lang='lat' dir='ltr'>ut</span> <span class='ocrx_word' id='word_1_364' title='bbox 2321 2332 2379 2387; x_wconf 91' lang='lat' dir='ltr'>in</span> <span class='ocrx_word' id='word_1_365' title='bbox 2412 2331 2805 2389; x_wconf 87' lang='lat' dir='ltr'>instrumento</span> <span class='ocrx_word' id='word_1_366' title='bbox 2839 2350 2907 2390; x_wconf 88' lang='lat' dir='ltr'>ea</span> <span class='ocrx_word' id='word_1_367' title='bbox 2939 2335 3009 2391; x_wconf 91' lang='lat' dir='ltr'>de</span> <span class='ocrx_word' id='word_1_368' title='bbox 3040 2352 3101 2392; x_wconf 90' lang='lat' dir='ltr'>re</span> <span class='ocrx_word' id='word_1_369' title='bbox 3127 2337 3390 2395; x_wconf 90' lang='lat' dir='ltr'>confecto</span> <span class='ocrx_word' id='word_1_370' title='bbox 3421 2357 3552 2396; x_wconf 92' lang='lat' dir='ltr'>nar-</span> 
     </span>
    </p>
   </div>
   <div class='ocr_carea' id='block_1_56' title="bbox 1896 2426 2078 2478">
    <p class='ocr_par' dir='ltr' id='par_1_56' title="bbox 1896 2426 2078 2478">
     <span class='ocr_line' id='line_1_56' title="bbox 1896 2426 2078 2478; baseline 0 -1"><span class='ocrx_word' id='word_1_371' title='bbox 1896 2426 2078 2478; x_wconf 87' lang='lat' dir='ltr'>ratur.</span> 
     </span>
    </p>
   </div>
   <div class='ocr_carea' id='block_1_57' title="bbox 1967 2510 3550 2585">
    <p class='ocr_par' dir='ltr' id='par_1_57' title="bbox 1967 2510 3550 2585">
     <span class='ocr_line' id='line_1_57' title="bbox 1967 2510 3550 2585; baseline 0.004 -18"><span class='ocrx_word' id='word_1_372' title='bbox 1967 2512 2085 2567; x_wconf 88' lang='lat' dir='ltr'>Hac</span> <span class='ocrx_word' id='word_1_373' title='bbox 2113 2510 2244 2583; x_wconf 89' lang='lat' dir='ltr'>ipsa</span> <span class='ocrx_word' id='word_1_374' title='bbox 2263 2510 2379 2578; x_wconf 85' lang='lat' dir='ltr'>die,</span> <span class='ocrx_word' id='word_1_375' title='bbox 2398 2528 2439 2567; x_wconf 84' lang='grc' dir='ltr'><strong>ιι</strong></span> <span class='ocrx_word' id='word_1_376' title='bbox 2462 2510 2588 2567; x_wconf 86' lang='lat' dir='ltr'>Kal.</span> <span class='ocrx_word' id='word_1_377' title='bbox 2612 2510 2900 2581; x_wconf 88' lang='lat' dir='ltr'>Januarii,</span> <span class='ocrx_word' id='word_1_378' title='bbox 2918 2529 3036 2585; x_wconf 88' lang='lat' dir='ltr'>qua</span> <span class='ocrx_word' id='word_1_379' title='bbox 3058 2514 3245 2570; x_wconf 86' lang='lat' dir='ltr'>sancti</span> <span class='ocrx_word' id='word_1_380' title='bbox 3267 2515 3550 2575; x_wconf 85' lang='lat' dir='ltr'>Martialis</span> 
     </span>
    </p>
   </div>
   <div class='ocr_carea' id='block_1_58' title="bbox 1896 2600 3551 2676">
    <p class='ocr_par' dir='ltr' id='par_1_58' title="bbox 1896 2600 3551 2676">
     <span class='ocr_line' id='line_1_58' title="bbox 1896 2600 3551 2676; baseline 0.004 -19"><span class='ocrx_word' id='word_1_381' title='bbox 1896 2600 2200 2657; x_wconf 90' lang='lat' dir='ltr'>basilicam</span> <span class='ocrx_word' id='word_1_382' title='bbox 2233 2600 2591 2656; x_wconf 84' lang='lat' dir='ltr'>consecravit</span> <span class='ocrx_word' id='word_1_383' title='bbox 2635 2601 2915 2673; x_wconf 83' lang='lat' dir='ltr'>pontifex,</span> <span class='ocrx_word' id='word_1_384' title='bbox 2949 2608 3301 2676; x_wconf 81' lang='lat' dir='ltr'>praeceptum</span> <span class='ocrx_word' id='word_1_385' title='bbox 3332 2605 3551 2664; x_wconf 88' lang='lat' dir='ltr'>ibidem</span> 
     </span>
    </p>
   </div>
   <div class='ocr_carea' id='block_1_59' title="bbox 1897 2688 3550 2767">
    <p class='ocr_par' dir='ltr' id='par_1_59' title="bbox 1897 2688 3550 2767">
     <span class='ocr_line' id='line_1_59' title="bbox 1897 2688 3550 2767; baseline 0.005 -22"><span class='ocrx_word' id='word_1_386' title='bbox 1897 2689 2059 2745; x_wconf 90' lang='lat' dir='ltr'>dedit</span> <span class='ocrx_word' id='word_1_387' title='bbox 2078 2689 2137 2745; x_wconf 92' lang='lat' dir='ltr'>in</span> <span class='ocrx_word' id='word_1_388' title='bbox 2160 2688 2409 2762; x_wconf 85' lang='lat' dir='ltr'>gratiam</span> <span class='ocrx_word' id='word_1_389' title='bbox 2433 2688 2789 2762; x_wconf 90' lang='lat' dir='ltr'>Figiacensis</span> <span class='ocrx_word' id='word_1_390' title='bbox 2812 2692 3173 2761; x_wconf 87' lang='lat' dir='ltr'>monasterii,</span> <span class='ocrx_word' id='word_1_391' title='bbox 3189 2693 3550 2767; x_wconf 87' lang='lat' dir='ltr'>Caturcensi,</span> 
     </span>
    </p>
   </div>
   <div class='ocr_carea' id='block_1_60' title="bbox 1898 2777 3553 2853">
    <p class='ocr_par' dir='ltr' id='par_1_60' title="bbox 1898 2777 3553 2853">
     <span class='ocr_line' id='line_1_60' title="bbox 1898 2777 3553 2853; baseline 0.005 -19"><span class='ocrx_word' id='word_1_392' title='bbox 1898 2778 2145 2850; x_wconf 91' lang='lat' dir='ltr'>aliisque</span> <span class='ocrx_word' id='word_1_393' title='bbox 2171 2777 2379 2834; x_wconf 90' lang='lat' dir='ltr'>vicinis</span> <span class='ocrx_word' id='word_1_394' title='bbox 2417 2777 2709 2851; x_wconf 89' lang='lat' dir='ltr'>episcopis</span> <span class='ocrx_word' id='word_1_395' title='bbox 2747 2778 3118 2853; x_wconf 89' lang='lat' dir='ltr'>inscriptum,</span> <span class='ocrx_word' id='word_1_396' title='bbox 3143 2782 3423 2841; x_wconf 90' lang='lat' dir='ltr'>adversus</span> <span class='ocrx_word' id='word_1_397' title='bbox 3450 2802 3553 2842; x_wconf 92' lang='lat' dir='ltr'>eos</span> 
     </span>
    </p>
   </div>
   <div class='ocr_carea' id='block_1_61' title="bbox 1899 2866 3552 2943">
    <p class='ocr_par' dir='ltr' id='par_1_61' title="bbox 1899 2866 3552 2943">
     <span class='ocr_line' id='line_1_61' title="bbox 1899 2866 3552 2943; baseline 0.007 -22"><span class='ocrx_word' id='word_1_398' title='bbox 1899 2867 2002 2941; x_wconf 88' lang='lat' dir='ltr'>qui</span> <span class='ocrx_word' id='word_1_399' title='bbox 2033 2866 2143 2923; x_wconf 91' lang='lat' dir='ltr'>loci</span> <span class='ocrx_word' id='word_1_400' title='bbox 2174 2866 2354 2939; x_wconf 88' lang='lat' dir='ltr'>hujus</span> <span class='ocrx_word' id='word_1_401' title='bbox 2385 2866 2788 2939; x_wconf 89' lang='lat' dir='ltr'>possessiones</span> <span class='ocrx_word' id='word_1_402' title='bbox 2838 2869 2992 2926; x_wconf 91' lang='lat' dir='ltr'>male</span> <span class='ocrx_word' id='word_1_403' title='bbox 3038 2869 3395 2929; x_wconf 88' lang='lat' dir='ltr'>invaserant.</span> <span class='ocrx_word' id='word_1_404' title='bbox 3427 2876 3552 2943; x_wconf 86' lang='lat' dir='ltr'>Quo</span> 
     </span>
    </p>
   </div>
   <div class='ocr_carea' id='block_1_62' title="bbox 1899 2955 3547 3033">
    <p class='ocr_par' dir='ltr' id='par_1_62' title="bbox 1899 2955 3547 3033">
     <span class='ocr_line' id='line_1_62' title="bbox 1899 2955 3547 3033; baseline 0.004 -20"><span class='ocrx_word' id='word_1_405' title='bbox 1899 2955 2078 3013; x_wconf 88' lang='lat' dir='ltr'>etiam</span> <span class='ocrx_word' id='word_1_406' title='bbox 2108 2958 2386 3028; x_wconf 87' lang='lat' dir='ltr'>tempore,</span> <span class='ocrx_word' id='word_1_407' title='bbox 2408 2956 2491 3011; x_wconf 89' lang='lat' dir='ltr'>uti</span> <span class='ocrx_word' id='word_1_408' title='bbox 2522 2972 2591 3012; x_wconf 82' lang='lat' dir='ltr'>ex</span> <span class='ocrx_word' id='word_1_409' title='bbox 2618 2956 2889 3013; x_wconf 89' lang='lat' dir='ltr'>Gaufredi</span> <span class='ocrx_word' id='word_1_410' title='bbox 2921 2958 3206 3015; x_wconf 90' lang='lat' dir='ltr'>Chronico</span> <span class='ocrx_word' id='word_1_411' title='bbox 3238 2960 3547 3033; x_wconf 89' lang='lat' dir='ltr'>discimus,</span> 
     </span>
    </p>
   </div>
   <div class='ocr_carea' id='block_1_63' title="bbox 1899 3044 3547 3117">
    <p class='ocr_par' dir='ltr' id='par_1_63' title="bbox 1899 3044 3547 3117">
     <span class='ocr_line' id='line_1_63' title="bbox 1899 3044 3547 3117; baseline 0.004 -16"><span class='ocrx_word' id='word_1_412' title='bbox 1899 3061 2043 3117; x_wconf 89' lang='lat' dir='ltr'>papa</span> <span class='ocrx_word' id='word_1_413' title='bbox 2077 3044 2322 3102; x_wconf 81' lang='lat' dir='ltr'>Urbanus</span> <span class='ocrx_word' id='word_1_414' title='bbox 2350 3045 2629 3101; x_wconf 87' lang='lat' dir='ltr'>investivit</span> <span class='ocrx_word' id='word_1_415' title='bbox 2666 3046 2981 3103; x_wconf 85' lang='lat' dir='ltr'>solemniter</span> <span class='ocrx_word' id='word_1_416' title='bbox 3007 3049 3287 3106; x_wconf 78' lang='lat' dir='ltr'>ecclesiam</span> <span class='ocrx_word' id='word_1_417' title='bbox 3316 3050 3373 3106; x_wconf 90' lang='lat' dir='ltr'>S.</span> <span class='ocrx_word' id='word_1_418' title='bbox 3404 3050 3547 3107; x_wconf 77' lang='lat' dir='ltr'>Mar-</span> 
     </span>
    </p>
   </div>
   <div class='ocr_carea' id='block_1_64' title="bbox 1903 3134 3553 3206">
    <p class='ocr_par' dir='ltr' id='par_1_64' title="bbox 1903 3134 3553 3206">
     <span class='ocr_line' id='line_1_64' title="bbox 1903 3134 3553 3206; baseline 0.004 -15"><span class='ocrx_word' id='word_1_419' title='bbox 1903 3135 2057 3191; x_wconf 86' lang='lat' dir='ltr'>tialis</span> <span class='ocrx_word' id='word_1_420' title='bbox 2080 3142 2132 3190; x_wconf 90' lang='lat' dir='ltr'>et</span> <span class='ocrx_word' id='word_1_421' title='bbox 2158 3134 2409 3190; x_wconf 87' lang='lat' dir='ltr'>abbatem</span> <span class='ocrx_word' id='word_1_422' title='bbox 2440 3135 2614 3206; x_wconf 82' lang='lat' dir='ltr'>ipsius</span> <span class='ocrx_word' id='word_1_423' title='bbox 2641 3135 2983 3191; x_wconf 66' lang='lat' dir='ltr'>Ademarum</span> <span class='ocrx_word' id='word_1_424' title='bbox 3008 3136 3074 3191; x_wconf 86' lang='lat' dir='ltr'>de</span> <span class='ocrx_word' id='word_1_425' title='bbox 3101 3139 3327 3194; x_wconf 85' lang='lat' dir='ltr'>ecclesia</span> <span class='ocrx_word' id='word_1_426' title='bbox 3366 3140 3553 3198; x_wconf 85' lang='lat' dir='ltr'>Sancti</span> 
     </span>
    </p>
   </div>
   <div class='ocr_carea' id='block_1_65' title="bbox 124 3221 3550 3315">
    <p class='ocr_par' dir='ltr' id='par_1_65' title="bbox 124 3221 3550 3315">
     <span class='ocr_line' id='line_1_65' title="bbox 124 3221 3550 3315; baseline 0.005 -19"><span class='ocrx_word' id='word_1_427' title='bbox 124 3241 191 3296; x_wconf 80' lang='lat' dir='ltr'>ab</span> <span class='ocrx_word' id='word_1_428' title='bbox 214 3241 344 3315; x_wconf 87' lang='lat' dir='ltr'>ipso</span> <span class='ocrx_word' id='word_1_429' title='bbox 379 3221 664 3313; x_wconf 72' lang='lat' dir='ltr'>pontifice</span> <span class='ocrx_word' id='word_1_430' title='bbox 704 3239 870 3312; x_wconf 88' lang='lat' dir='ltr'>prius</span> <span class='ocrx_word' id='word_1_431' title='bbox 902 3221 1229 3310; x_wconf 71' lang='lat' dir='ltr'>benedicta,</span> <span class='ocrx_word' id='word_1_432' title='bbox 1261 3244 1509 3303; x_wconf 83' lang='lat' dir='ltr'>interius</span> <span class='ocrx_word' id='word_1_433' title='bbox 1538 3221 1787 3304; x_wconf 48' lang='lat' dir='ltr'>exteriu;</span> <span class='ocrx_word' id='word_1_434' title='bbox 1816 3227 1860 3295; x_wconf 67' lang='grc' dir='ltr'>ο</span> <span class='ocrx_word' id='word_1_435' title='bbox 1898 3225 2049 3315; x_wconf 45' lang='lat' dir='ltr'>Petri</span> <span class='ocrx_word' id='word_1_436' title='bbox 2086 3221 2536 3315; x_wconf 48' lang='grc' dir='ltr'>Μωῗέαηάῗθηδξδῗ</span> <span class='ocrx_word' id='word_1_437' title='bbox 2568 3226 2622 3277; x_wconf 64' lang='grc' dir='ltr'>εί</span> <span class='ocrx_word' id='word_1_438' title='bbox 2648 3222 2716 3315; x_wconf 51' lang='grc' dir='ltr'>δέ</span> <span class='ocrx_word' id='word_1_439' title='bbox 2736 3224 2980 3315; x_wconf 36' lang='lat' dir='ltr'>ecclesiis</span> <span class='ocrx_word' id='word_1_440' title='bbox 3026 3224 3094 3280; x_wconf 60' lang='lat' dir='ltr'>de</span> <span class='ocrx_word' id='word_1_441' title='bbox 3126 3225 3380 3315; x_wconf 50' lang='grc' dir='ltr'>,δαίῗωηθ</span> <span class='ocrx_word' id='word_1_442' title='bbox 3425 3246 3550 3285; x_wconf 63' lang='lat' dir='ltr'>cum</span> 
     </span>
    </p>
   </div>
   <div class='ocr_carea' id='block_1_66' title="bbox 131 3328 1785 3405">
    <p class='ocr_par' dir='ltr' id='par_1_66' title="bbox 131 3328 1785 3405">
     <span class='ocr_line' id='line_1_66' title="bbox 131 3328 1785 3405; baseline 0.005 -19"><span class='ocrx_word' id='word_1_443' title='bbox 131 3346 263 3402; x_wconf 78' lang='lat' dir='ltr'>sque</span> <span class='ocrx_word' id='word_1_444' title='bbox 310 3328 811 3404; x_wconf 88' lang='lat' dir='ltr'>perlustrassent,</span> <span class='ocrx_word' id='word_1_445' title='bbox 842 3329 969 3402; x_wconf 89' lang='lat' dir='ltr'>ipse</span> <span class='ocrx_word' id='word_1_446' title='bbox 1006 3332 1207 3387; x_wconf 88' lang='lat' dir='ltr'>eadem</span> <span class='ocrx_word' id='word_1_447' title='bbox 1242 3349 1396 3405; x_wconf 90' lang='lat' dir='ltr'>aqua</span> <span class='ocrx_word' id='word_1_448' title='bbox 1441 3334 1624 3393; x_wconf 88' lang='lat' dir='ltr'>altare</span> <span class='ocrx_word' id='word_1_449' title='bbox 1674 3338 1785 3394; x_wconf 91' lang='lat' dir='ltr'>Do-</span> 
     </span>
    </p>
   </div>
   <div class='ocr_carea' id='block_1_67' title="bbox 126 3418 1786 3486">
    <p class='ocr_par' dir='ltr' id='par_1_67' title="bbox 126 3418 1786 3486">
     <span class='ocr_line' id='line_1_67' title="bbox 126 3418 1786 3486; baseline 0.005 -12"><span class='ocrx_word' id='word_1_450' title='bbox 126 3420 259 3475; x_wconf 90' lang='lat' dir='ltr'>mini</span> <span class='ocrx_word' id='word_1_451' title='bbox 315 3418 653 3475; x_wconf 84' lang='lat' dir='ltr'>Salvatoris</span> <span class='ocrx_word' id='word_1_452' title='bbox 710 3418 872 3486; x_wconf 87' lang='lat' dir='ltr'>lavit,</span> <span class='ocrx_word' id='word_1_453' title='bbox 915 3419 1234 3477; x_wconf 89' lang='lat' dir='ltr'>chrismate</span> <span class='ocrx_word' id='word_1_454' title='bbox 1288 3428 1346 3479; x_wconf 91' lang='lat' dir='ltr'>et</span> <span class='ocrx_word' id='word_1_455' title='bbox 1404 3423 1530 3480; x_wconf 89' lang='lat' dir='ltr'>oleo</span> <span class='ocrx_word' id='word_1_456' title='bbox 1586 3434 1786 3483; x_wconf 90' lang='lat' dir='ltr'>sancto</span> 
     </span>
    </p>
   </div>
   <div class='ocr_carea' id='block_1_68' title="bbox 124 3506 1786 3585">
    <p class='ocr_par' dir='ltr' id='par_1_68' title="bbox 124 3506 1786 3585">
     <span class='ocr_line' id='line_1_68' title="bbox 124 3506 1786 3585; baseline 0.005 -21"><span class='ocrx_word' id='word_1_457' title='bbox 124 3509 419 3580; x_wconf 83' lang='lat' dir='ltr'>perunxit,</span> <span class='ocrx_word' id='word_1_458' title='bbox 449 3506 703 3580; x_wconf 81' lang='lat' dir='ltr'>pignora</span> <span class='ocrx_word' id='word_1_459' title='bbox 745 3512 1083 3564; x_wconf 89' lang='lat' dir='ltr'>sanctorum</span> <span class='ocrx_word' id='word_1_460' title='bbox 1125 3510 1206 3566; x_wconf 92' lang='lat' dir='ltr'>ibi</span> <span class='ocrx_word' id='word_1_461' title='bbox 1254 3513 1532 3585; x_wconf 90' lang='lat' dir='ltr'>reposuit,</span> <span class='ocrx_word' id='word_1_462' title='bbox 1567 3531 1634 3570; x_wconf 91' lang='lat' dir='ltr'>ac</span> <span class='ocrx_word' id='word_1_463' title='bbox 1684 3517 1786 3573; x_wconf 90' lang='lat' dir='ltr'>de-</span> 
     </span>
    </p>
   </div>
   <div class='ocr_carea' id='block_1_69' title="bbox 126 3595 1783 3673">
    <p class='ocr_par' dir='ltr' id='par_1_69' title="bbox 126 3595 1783 3673">
     <span class='ocr_line' id='line_1_69' title="bbox 126 3595 1783 3673; baseline 0.006 -22"><span class='ocrx_word' id='word_1_464' title='bbox 126 3613 300 3665; x_wconf 88' lang='lat' dir='ltr'>mum,</span> <span class='ocrx_word' id='word_1_465' title='bbox 337 3600 583 3652; x_wconf 85' lang='lat' dir='ltr'>astante</span> <span class='ocrx_word' id='word_1_466' title='bbox 626 3595 937 3652; x_wconf 89' lang='lat' dir='ltr'>innumera</span> <span class='ocrx_word' id='word_1_467' title='bbox 981 3598 1333 3670; x_wconf 90' lang='lat' dir='ltr'>populorum</span> <span class='ocrx_word' id='word_1_468' title='bbox 1384 3600 1783 3673; x_wconf 88' lang='lat' dir='ltr'>multitudine,</span> 
     </span>
    </p>
   </div>
   <div class='ocr_carea' id='block_1_70' title="bbox 126 3684 1786 3750">
    <p class='ocr_par' dir='ltr' id='par_1_70' title="bbox 126 3684 1786 3750">
     <span class='ocr_line' id='line_1_70' title="bbox 126 3684 1786 3750; baseline 0.005 -9"><span class='ocrx_word' id='word_1_469' title='bbox 126 3687 298 3743; x_wconf 86' lang='lat' dir='ltr'>missa</span> <span class='ocrx_word' id='word_1_470' title='bbox 332 3684 422 3740; x_wconf 90' lang='lat' dir='ltr'>ibi</span> <span class='ocrx_word' id='word_1_471' title='bbox 445 3686 702 3750; x_wconf 87' lang='lat' dir='ltr'>cantata,</span> <span class='ocrx_word' id='word_1_472' title='bbox 726 3685 974 3741; x_wconf 90' lang='lat' dir='ltr'>sancivit</span> <span class='ocrx_word' id='word_1_473' title='bbox 1004 3690 1069 3742; x_wconf 91' lang='lat' dir='ltr'>ut</span> <span class='ocrx_word' id='word_1_474' title='bbox 1096 3686 1219 3743; x_wconf 69' lang='lat' dir='ltr'>haec</span> <span class='ocrx_word' id='word_1_475' title='bbox 1247 3689 1631 3748; x_wconf 89' lang='lat' dir='ltr'>dedicationis</span> <span class='ocrx_word' id='word_1_476' title='bbox 1663 3692 1786 3749; x_wconf 90' lang='lat' dir='ltr'>dies</span> 
     </span>
    </p>
   </div>
   <div class='ocr_carea' id='block_1_71' title="bbox 123 3772 1788 3855">
    <p class='ocr_par' dir='ltr' id='par_1_71' title="bbox 123 3772 1788 3855">
     <span class='ocr_line' id='line_1_71' title="bbox 123 3772 1788 3855; baseline 0.005 -26"><span class='ocrx_word' id='word_1_477' title='bbox 123 3790 157 3829; x_wconf 88' lang='lat' dir='ltr'>n</span> <span class='ocrx_word' id='word_1_478' title='bbox 184 3774 489 3832; x_wconf 74' lang='lat' dir='ltr'>Kalendas</span> <span class='ocrx_word' id='word_1_479' title='bbox 531 3772 794 3829; x_wconf 87' lang='lat' dir='ltr'>Januarii</span> <span class='ocrx_word' id='word_1_480' title='bbox 835 3774 1116 3832; x_wconf 89' lang='lat' dir='ltr'>solemnis</span> <span class='ocrx_word' id='word_1_481' title='bbox 1157 3776 1218 3832; x_wconf 91' lang='lat' dir='ltr'>in</span> <span class='ocrx_word' id='word_1_482' title='bbox 1258 3782 1558 3850; x_wconf 90' lang='lat' dir='ltr'>posterum</span> <span class='ocrx_word' id='word_1_483' title='bbox 1590 3782 1788 3855; x_wconf 90' lang='lat' dir='ltr'>singu-</span> 
     </span>
    </p>
   </div>
   <div class='ocr_carea' id='block_1_72' title="bbox 124 3861 1787 3927">
    <p class='ocr_par' dir='ltr' id='par_1_72' title="bbox 124 3861 1787 3927">
     <span class='ocr_line' id='line_1_72' title="bbox 124 3861 1787 3927; baseline 0.007 -11"><span class='ocrx_word' id='word_1_484' title='bbox 124 3862 187 3918; x_wconf 88' lang='lat' dir='ltr'>lis</span> <span class='ocrx_word' id='word_1_485' title='bbox 226 3863 415 3919; x_wconf 85' lang='lat' dir='ltr'>annis</span> <span class='ocrx_word' id='word_1_486' title='bbox 465 3861 799 3917; x_wconf 89' lang='lat' dir='ltr'>haberetur.</span> <span class='ocrx_word' id='word_1_487' title='bbox 850 3863 1007 3919; x_wconf 80' lang='lat' dir='ltr'>Hanc</span> <span class='ocrx_word' id='word_1_488' title='bbox 1064 3864 1369 3922; x_wconf 88' lang='lat' dir='ltr'>basilicam</span> <span class='ocrx_word' id='word_1_489' title='bbox 1420 3885 1454 3923; x_wconf 92' lang='lat' dir='ltr'>a</span> <span class='ocrx_word' id='word_1_490' title='bbox 1500 3870 1787 3927; x_wconf 87' lang='lat' dir='ltr'>Ludovico</span> 
     </span>
    </p>
   </div>
   <div class='ocr_carea' id='block_1_73' title="bbox 126 3950 1785 4029">
    <p class='ocr_par' dir='ltr' id='par_1_73' title="bbox 126 3950 1785 4029">
     <span class='ocr_line' id='line_1_73' title="bbox 126 3950 1785 4029; baseline 0.006 -23"><span class='ocrx_word' id='word_1_491' title='bbox 126 3950 211 4008; x_wconf 86' lang='lat' dir='ltr'>Pio</span> <span class='ocrx_word' id='word_1_492' title='bbox 240 3952 394 4008; x_wconf 89' lang='lat' dir='ltr'>olim</span> <span class='ocrx_word' id='word_1_493' title='bbox 443 3953 826 4018; x_wconf 82' lang='lat' dir='ltr'>exstructam,</span> <span class='ocrx_word' id='word_1_494' title='bbox 860 3952 962 4007; x_wconf 90' lang='lat' dir='ltr'>sed</span> <span class='ocrx_word' id='word_1_495' title='bbox 986 3952 1168 4009; x_wconf 91' lang='lat' dir='ltr'>variis</span> <span class='ocrx_word' id='word_1_496' title='bbox 1208 3953 1475 4012; x_wconf 89' lang='lat' dir='ltr'>cladibus</span> <span class='ocrx_word' id='word_1_497' title='bbox 1505 3958 1785 4029; x_wconf 73' lang='lat' dir='ltr'>attritum,</span> 
     </span>
    </p>
   </div>
   <div class='ocr_carea' id='block_1_74' title="bbox 130 4038 1787 4113">
    <p class='ocr_par' dir='ltr' id='par_1_74' title="bbox 130 4038 1787 4113">
     <span class='ocr_line' id='line_1_74' title="bbox 130 4038 1787 4113; baseline 0.008 -21"><span class='ocrx_word' id='word_1_498' title='bbox 130 4040 179 4094; x_wconf 89' lang='lat' dir='ltr'>in</span> <span class='ocrx_word' id='word_1_499' title='bbox 220 4039 559 4113; x_wconf 87' lang='lat' dir='ltr'>pristinum</span> <span class='ocrx_word' id='word_1_500' title='bbox 611 4038 982 4112; x_wconf 87' lang='lat' dir='ltr'>splendorem</span> <span class='ocrx_word' id='word_1_501' title='bbox 1040 4042 1378 4100; x_wconf 87' lang='lat' dir='ltr'>restituerat</span> <span class='ocrx_word' id='word_1_502' title='bbox 1421 4046 1787 4107; x_wconf 89' lang='lat' dir='ltr'>Adhemarus</span> 
     </span>
    </p>
   </div>
   <div class='ocr_carea' id='block_1_75' title="bbox 127 4128 1790 4204">
    <p class='ocr_par' dir='ltr' id='par_1_75' title="bbox 127 4128 1790 4204">
     <span class='ocr_line' id='line_1_75' title="bbox 127 4128 1790 4204; baseline 0.007 -20"><span class='ocrx_word' id='word_1_503' title='bbox 127 4130 248 4199; x_wconf 85' lang='lat' dir='ltr'>ejus</span> <span class='ocrx_word' id='word_1_504' title='bbox 276 4129 400 4185; x_wconf 92' lang='lat' dir='ltr'>loci</span> <span class='ocrx_word' id='word_1_505' title='bbox 433 4128 639 4195; x_wconf 89' lang='lat' dir='ltr'>abbas,</span> <span class='ocrx_word' id='word_1_506' title='bbox 671 4129 848 4201; x_wconf 92' lang='lat' dir='ltr'>paulo</span> <span class='ocrx_word' id='word_1_507' title='bbox 886 4134 1199 4203; x_wconf 89' lang='lat' dir='ltr'>antequam</span> <span class='ocrx_word' id='word_1_508' title='bbox 1231 4134 1494 4204; x_wconf 84' lang='lat' dir='ltr'>pontifex</span> <span class='ocrx_word' id='word_1_509' title='bbox 1527 4137 1790 4194; x_wconf 90' lang='lat' dir='ltr'>Lemovi-</span> 
     </span>
    </p>
   </div>
   <div class='ocr_carea' id='block_1_76' title="bbox 128 4216 581 4274">
    <p class='ocr_par' dir='ltr' id='par_1_76' title="bbox 128 4216 581 4274">
     <span class='ocr_line' id='line_1_76' title="bbox 128 4216 581 4274; baseline -0.002 -1"><span class='ocrx_word' id='word_1_510' title='bbox 128 4234 220 4273; x_wconf 86' lang='lat' dir='ltr'>cas</span> <span class='ocrx_word' id='word_1_511' title='bbox 245 4216 581 4274; x_wconf 87' lang='lat' dir='ltr'>adveniret.</span> 
     </span>
    </p>
   </div>
   <div class='ocr_carea' id='block_1_77' title="bbox 190 4323 1713 4389">
    <p class='ocr_par' dir='ltr' id='par_1_77' title="bbox 190 4323 1713 4389">
     <span class='ocr_line' id='line_1_77' title="bbox 190 4323 1713 4389; baseline 0.007 -10"><span class='ocrx_word' id='word_1_512' title='bbox 190 4323 501 4380; x_wconf 78' lang='lat' dir='ltr'>CCXXXV.</span> <span class='ocrx_word' id='word_1_513' title='bbox 537 4323 783 4381; x_wconf 85' lang='lat' dir='ltr'>Urbanus</span> <span class='ocrx_word' id='word_1_514' title='bbox 807 4324 906 4381; x_wconf 86' lang='lat' dir='ltr'>hoc</span> <span class='ocrx_word' id='word_1_515' title='bbox 932 4342 1080 4383; x_wconf 85' lang='lat' dir='ltr'>anno</span> <span class='ocrx_word' id='word_1_516' title='bbox 1107 4328 1391 4385; x_wconf 88' lang='lat' dir='ltr'>Arelatum</span> <span class='ocrx_word' id='word_1_517' title='bbox 1414 4324 1524 4386; x_wconf 81' lang='lat' dir='ltr'>non</span> <span class='ocrx_word' id='word_1_518' title='bbox 1553 4332 1713 4389; x_wconf 85' lang='lat' dir='ltr'>adiit.</span> 
     </span>
    </p>
   </div>
   <div class='ocr_carea' id='block_1_78' title="bbox 365 4397 1544 4473">
    <p class='ocr_par' dir='ltr' id='par_1_78' title="bbox 365 4397 1544 4473">
     <span class='ocr_line' id='line_1_78' title="bbox 365 4397 1544 4473; baseline 0.007 -23"><span class='ocrx_word' id='word_1_519' title='bbox 365 4397 625 4473; x_wconf 80' lang='lat' dir='ltr'>Episcopi</span> <span class='ocrx_word' id='word_1_520' title='bbox 669 4397 1124 4468; x_wconf 86' lang='lat' dir='ltr'>Wirceburgensis</span> <span class='ocrx_word' id='word_1_521' title='bbox 1152 4402 1544 4458; x_wconf 83' lang='lat' dir='ltr'>reconciliatio.</span> 
     </span>
    </p>
   </div>
   <div class='ocr_carea' id='block_1_79' title="bbox 191 4484 1786 4557">
    <p class='ocr_par' dir='ltr' id='par_1_79' title="bbox 191 4484 1786 4557">
     <span class='ocr_line' id='line_1_79' title="bbox 191 4484 1786 4557; baseline 0.006 -17"><span class='ocrx_word' id='word_1_522' title='bbox 191 4485 277 4540; x_wconf 83' lang='lat' dir='ltr'>Ex</span> <span class='ocrx_word' id='word_1_523' title='bbox 305 4484 409 4540; x_wconf 90' lang='lat' dir='ltr'>his</span> <span class='ocrx_word' id='word_1_524' title='bbox 434 4500 594 4553; x_wconf 89' lang='lat' dir='ltr'>vero,</span> <span class='ocrx_word' id='word_1_525' title='bbox 627 4485 843 4557; x_wconf 90' lang='lat' dir='ltr'>quibus</span> <span class='ocrx_word' id='word_1_526' title='bbox 886 4485 985 4541; x_wconf 89' lang='lat' dir='ltr'>alii</span> <span class='ocrx_word' id='word_1_527' title='bbox 1034 4487 1212 4543; x_wconf 89' lang='lat' dir='ltr'>etiam</span> <span class='ocrx_word' id='word_1_528' title='bbox 1260 4494 1530 4547; x_wconf 88' lang='lat' dir='ltr'>auctores</span> <span class='ocrx_word' id='word_1_529' title='bbox 1580 4495 1786 4550; x_wconf 75' lang='lat' dir='ltr'>suifra-</span> 
     </span>
    </p>
   </div>
   <div class='ocr_carea' id='block_1_80' title="bbox 1890 3309 3552 3385">
    <p class='ocr_par' dir='ltr' id='par_1_80' title="bbox 1890 3309 3552 3385">
     <span class='ocr_line' id='line_1_80' title="bbox 1890 3309 3552 3385; baseline 0.003 -17"><span class='ocrx_word' id='word_1_530' title='bbox 1890 3312 2243 3385; x_wconf 84' lang='lat' dir='ltr'>pertinentiis</span> <span class='ocrx_word' id='word_1_531' title='bbox 2267 3312 2402 3379; x_wconf 82' lang='lat' dir='ltr'>suis,</span> <span class='ocrx_word' id='word_1_532' title='bbox 2434 3309 2532 3366; x_wconf 88' lang='lat' dir='ltr'>ubi</span> <span class='ocrx_word' id='word_1_533' title='bbox 2559 3312 2849 3383; x_wconf 84' lang='lat' dir='ltr'>requiescit</span> <span class='ocrx_word' id='word_1_534' title='bbox 2891 3327 3083 3383; x_wconf 87' lang='lat' dir='ltr'>corpus</span> <span class='ocrx_word' id='word_1_535' title='bbox 3111 3313 3169 3369; x_wconf 93' lang='lat' dir='ltr'>S.</span> <span class='ocrx_word' id='word_1_536' title='bbox 3202 3313 3431 3371; x_wconf 78' lang='lat' dir='ltr'>Martini</span> <span class='ocrx_word' id='word_1_537' title='bbox 3455 3318 3552 3373; x_wconf 77' lang='lat' dir='ltr'>ab-</span> 
     </span>
    </p>
   </div>
   <div class='ocr_carea' id='block_1_81' title="bbox 1895 3397 3550 3471">
    <p class='ocr_par' dir='ltr' id='par_1_81' title="bbox 1895 3397 3550 3471">
     <span class='ocr_line' id='line_1_81' title="bbox 1895 3397 3550 3471; baseline 0.002 -16"><span class='ocrx_word' id='word_1_538' title='bbox 1895 3401 2056 3469; x_wconf 80' lang='lat' dir='ltr'>batis,</span> <span class='ocrx_word' id='word_1_539' title='bbox 2087 3400 2241 3454; x_wconf 87' lang='lat' dir='ltr'>illius</span> <span class='ocrx_word' id='word_1_540' title='bbox 2290 3397 2563 3471; x_wconf 86' lang='lat' dir='ltr'>quondam</span> <span class='ocrx_word' id='word_1_541' title='bbox 2610 3405 2775 3455; x_wconf 68' lang='lat' dir='ltr'>terra?</span> <span class='ocrx_word' id='word_1_542' title='bbox 2812 3400 3107 3471; x_wconf 84' lang='lat' dir='ltr'>principis,</span> <span class='ocrx_word' id='word_1_543' title='bbox 3141 3401 3311 3471; x_wconf 91' lang='lat' dir='ltr'>cujus</span> <span class='ocrx_word' id='word_1_544' title='bbox 3362 3404 3550 3460; x_wconf 90' lang='lat' dir='ltr'>sancti</span> 
     </span>
    </p>
   </div>
   <div class='ocr_carea' id='block_1_82' title="bbox 1892 3486 3552 3559">
    <p class='ocr_par' dir='ltr' id='par_1_82' title="bbox 1892 3486 3552 3559">
     <span class='ocr_line' id='line_1_82' title="bbox 1892 3486 3552 3559; baseline 0.004 -17"><span class='ocrx_word' id='word_1_545' title='bbox 1892 3489 2086 3544; x_wconf 89' lang='lat' dir='ltr'>Vitam</span> <span class='ocrx_word' id='word_1_546' title='bbox 2121 3493 2381 3559; x_wconf 90' lang='lat' dir='ltr'>tempore</span> <span class='ocrx_word' id='word_1_547' title='bbox 2412 3486 3004 3543; x_wconf 89' lang='lat' dir='ltr'>Northmannicarum</span> <span class='ocrx_word' id='word_1_548' title='bbox 3030 3487 3435 3547; x_wconf 79' lang='lat' dir='ltr'>incursionum</span> <span class='ocrx_word' id='word_1_549' title='bbox 3457 3492 3552 3549; x_wconf 85' lang='lat' dir='ltr'>de-</span> 
     </span>
    </p>
   </div>
   <div class='ocr_carea' id='block_1_83' title="bbox 1894 3574 3547 3656">
    <p class='ocr_par' dir='ltr' id='par_1_83' title="bbox 1894 3574 3547 3656">
     <span class='ocr_line' id='line_1_83' title="bbox 1894 3574 3547 3656; baseline 0.002 -22"><span class='ocrx_word' id='word_1_550' title='bbox 1894 3576 2181 3650; x_wconf 85' lang='lat' dir='ltr'>perditam</span> <span class='ocrx_word' id='word_1_551' title='bbox 2212 3574 2396 3633; x_wconf 88' lang='lat' dir='ltr'>fuisse</span> <span class='ocrx_word' id='word_1_552' title='bbox 2425 3574 2691 3649; x_wconf 90' lang='lat' dir='ltr'>deplorat</span> <span class='ocrx_word' id='word_1_553' title='bbox 2731 3574 2888 3632; x_wconf 90' lang='lat' dir='ltr'>idem</span> <span class='ocrx_word' id='word_1_554' title='bbox 2921 3580 3143 3646; x_wconf 87' lang='lat' dir='ltr'>auctor,</span> <span class='ocrx_word' id='word_1_555' title='bbox 3171 3578 3230 3633; x_wconf 92' lang='lat' dir='ltr'>in</span> <span class='ocrx_word' id='word_1_556' title='bbox 3263 3595 3547 3656; x_wconf 87' lang='lat' dir='ltr'>magnum</span> 
     </span>
    </p>
   </div>
   <div class='ocr_carea' id='block_1_84' title="bbox 1894 3662 3000 3738">
    <p class='ocr_par' dir='ltr' id='par_1_84' title="bbox 1894 3662 3000 3738">
     <span class='ocr_line' id='line_1_84' title="bbox 1894 3662 3000 3738; baseline -0.001 -15"><span class='ocrx_word' id='word_1_557' title='bbox 1894 3666 2159 3738; x_wconf 89' lang='lat' dir='ltr'>ejusdem</span> <span class='ocrx_word' id='word_1_558' title='bbox 2191 3664 2531 3721; x_wconf 89' lang='lat' dir='ltr'>monasterii</span> <span class='ocrx_word' id='word_1_559' title='bbox 2560 3662 3000 3722; x_wconf 90' lang='lat' dir='ltr'>detrimentum.</span> 
     </span>
    </p>
   </div>
   <div class='ocr_carea' id='block_1_85' title="bbox 2141 3770 3306 3843">
    <p class='ocr_par' dir='ltr' id='par_1_85' title="bbox 2141 3770 3306 3843">
     <span class='ocr_line' id='line_1_85' title="bbox 2141 3770 3306 3843; baseline 0.003 -16"><span class='ocrx_word' id='word_1_560' title='bbox 2141 3770 2455 3828; x_wconf 80' lang='lat' dir='ltr'>CCXXXVI</span> <span class='ocrx_word' id='word_1_561' title='bbox 2486 3772 2587 3827; x_wconf 87' lang='lat' dir='ltr'>bis.</span> <span class='ocrx_word' id='word_1_562' title='bbox 2620 3772 2982 3843; x_wconf 86' lang='lat' dir='ltr'>Privilegium</span> <span class='ocrx_word' id='word_1_563' title='bbox 3012 3774 3306 3832; x_wconf 84' lang='lat' dir='ltr'>Tutelense.</span> 
     </span>
    </p>
   </div>
   <div class='ocr_carea' id='block_1_86' title="bbox 1965 3859 3549 3933">
    <p class='ocr_par' dir='ltr' id='par_1_86' title="bbox 1965 3859 3549 3933">
     <span class='ocr_line' id='line_1_86' title="bbox 1965 3859 3549 3933; baseline 0.004 -17"><span class='ocrx_word' id='word_1_564' title='bbox 1965 3863 2133 3916; x_wconf 90' lang='lat' dir='ltr'>Anno</span> <span class='ocrx_word' id='word_1_565' title='bbox 2176 3859 2466 3933; x_wconf 88' lang='lat' dir='ltr'>sequenti,</span> <span class='ocrx_word' id='word_1_566' title='bbox 2516 3860 2610 3916; x_wconf 90' lang='lat' dir='ltr'>die</span> <span class='ocrx_word' id='word_1_567' title='bbox 2654 3861 2912 3917; x_wconf 90' lang='lat' dir='ltr'>secunda</span> <span class='ocrx_word' id='word_1_568' title='bbox 2957 3862 3242 3929; x_wconf 86' lang='lat' dir='ltr'>Januarii,</span> <span class='ocrx_word' id='word_1_569' title='bbox 3278 3864 3549 3922; x_wconf 87' lang='lat' dir='ltr'>Urbanus</span> 
     </span>
    </p>
   </div>
   <div class='ocr_carea' id='block_1_87' title="bbox 1896 3948 3550 4023">
    <p class='ocr_par' dir='ltr' id='par_1_87' title="bbox 1896 3948 3550 4023">
     <span class='ocr_line' id='line_1_87' title="bbox 1896 3948 3550 4023; baseline 0.003 -18"><span class='ocrx_word' id='word_1_570' title='bbox 1896 3950 2089 4005; x_wconf 90' lang='lat' dir='ltr'>adhuc</span> <span class='ocrx_word' id='word_1_571' title='bbox 2135 3948 2537 4005; x_wconf 89' lang='lat' dir='ltr'>Lemovicibus</span> <span class='ocrx_word' id='word_1_572' title='bbox 2588 3949 2843 4005; x_wconf 88' lang='lat' dir='ltr'>existens</span> <span class='ocrx_word' id='word_1_573' title='bbox 2886 3949 3254 4023; x_wconf 90' lang='lat' dir='ltr'>privilegium</span> <span class='ocrx_word' id='word_1_574' title='bbox 3299 3951 3550 4010; x_wconf 89' lang='lat' dir='ltr'>indulsit</span> 
     </span>
    </p>
   </div>
   <div class='ocr_carea' id='block_1_88' title="bbox 1895 4035 3546 4110">
    <p class='ocr_par' dir='ltr' id='par_1_88' title="bbox 1895 4035 3546 4110">
     <span class='ocr_line' id='line_1_88' title="bbox 1895 4035 3546 4110; baseline 0.002 -17"><span class='ocrx_word' id='word_1_575' title='bbox 1895 4037 2191 4094; x_wconf 88' lang='lat' dir='ltr'>Willelmo</span> <span class='ocrx_word' id='word_1_576' title='bbox 2222 4035 2520 4099; x_wconf 74' lang='lat' dir='ltr'>Tutelensi</span> <span class='ocrx_word' id='word_1_577' title='bbox 2552 4036 2770 4101; x_wconf 88' lang='lat' dir='ltr'>abbati,</span> <span class='ocrx_word' id='word_1_578' title='bbox 2799 4054 2913 4109; x_wconf 89' lang='lat' dir='ltr'>quo</span> <span class='ocrx_word' id='word_1_579' title='bbox 2942 4036 3095 4093; x_wconf 90' lang='lat' dir='ltr'>bona</span> <span class='ocrx_word' id='word_1_580' title='bbox 3123 4039 3390 4110; x_wconf 88' lang='lat' dir='ltr'>ejusdem</span> <span class='ocrx_word' id='word_1_581' title='bbox 3422 4056 3546 4097; x_wconf 91' lang='lat' dir='ltr'>mo-</span> 
     </span>
    </p>
   </div>
   <div class='ocr_carea' id='block_1_89' title="bbox 1895 4124 3548 4200">
    <p class='ocr_par' dir='ltr' id='par_1_89' title="bbox 1895 4124 3548 4200">
     <span class='ocr_line' id='line_1_89' title="bbox 1895 4124 3548 4200; baseline 0.001 -16"><span class='ocrx_word' id='word_1_582' title='bbox 1895 4126 2135 4184; x_wconf 89' lang='lat' dir='ltr'>nasterii</span> <span class='ocrx_word' id='word_1_583' title='bbox 2167 4126 2277 4181; x_wconf 90' lang='lat' dir='ltr'>sub</span> <span class='ocrx_word' id='word_1_584' title='bbox 2297 4124 2628 4197; x_wconf 58' lang='lat' dir='ltr'>apostolica?</span> <span class='ocrx_word' id='word_1_585' title='bbox 2651 4125 2808 4180; x_wconf 88' lang='lat' dir='ltr'>sedis</span> <span class='ocrx_word' id='word_1_586' title='bbox 2830 4126 3013 4182; x_wconf 89' lang='lat' dir='ltr'>tutela</span> <span class='ocrx_word' id='word_1_587' title='bbox 3031 4127 3309 4200; x_wconf 90' lang='lat' dir='ltr'>suscipit;</span> <span class='ocrx_word' id='word_1_588' title='bbox 3344 4129 3548 4186; x_wconf 90' lang='lat' dir='ltr'>memi-</span> 
     </span>
    </p>
   </div>
   <div class='ocr_carea' id='block_1_90' title="bbox 1896 4212 3548 4288">
    <p class='ocr_par' dir='ltr' id='par_1_90' title="bbox 1896 4212 3548 4288">
     <span class='ocr_line' id='line_1_90' title="bbox 1896 4212 3548 4288; baseline 0.002 -16"><span class='ocrx_word' id='word_1_589' title='bbox 1896 4217 1982 4272; x_wconf 90' lang='lat' dir='ltr'>nit</span> <span class='ocrx_word' id='word_1_590' title='bbox 2009 4216 2068 4271; x_wconf 93' lang='lat' dir='ltr'>in</span> <span class='ocrx_word' id='word_1_591' title='bbox 2100 4232 2166 4271; x_wconf 93' lang='lat' dir='ltr'>eo</span> <span class='ocrx_word' id='word_1_592' title='bbox 2195 4214 2454 4288; x_wconf 86' lang='lat' dir='ltr'>pontifex</span> <span class='ocrx_word' id='word_1_593' title='bbox 2483 4212 2901 4270; x_wconf 89' lang='lat' dir='ltr'>nonnullorum</span> <span class='ocrx_word' id='word_1_594' title='bbox 2930 4214 3185 4272; x_wconf 89' lang='lat' dir='ltr'>militum</span> <span class='ocrx_word' id='word_1_595' title='bbox 3216 4215 3277 4272; x_wconf 84' lang='lat' dir='ltr'>in‘</span> <span class='ocrx_word' id='word_1_596' title='bbox 3306 4232 3376 4275; x_wconf 93' lang='lat' dir='ltr'>ea</span> <span class='ocrx_word' id='word_1_597' title='bbox 3402 4219 3548 4275; x_wconf 88' lang='lat' dir='ltr'>urbe</span> 
     </span>
    </p>
   </div>
   <div class='ocr_carea' id='block_1_91' title="bbox 1895 4301 3548 4372">
    <p class='ocr_par' dir='ltr' id='par_1_91' title="bbox 1895 4301 3548 4372">
     <span class='ocr_line' id='line_1_91' title="bbox 1895 4301 3548 4372; baseline 0.001 -10"><span class='ocrx_word' id='word_1_598' title='bbox 1895 4302 2406 4372; x_wconf 89' lang='lat' dir='ltr'>commorantium,</span> <span class='ocrx_word' id='word_1_599' title='bbox 2427 4303 2499 4359; x_wconf 92' lang='lat' dir='ltr'>ob</span> <span class='ocrx_word' id='word_1_600' title='bbox 2531 4301 2687 4358; x_wconf 90' lang='lat' dir='ltr'>mala</span> <span class='ocrx_word' id='word_1_601' title='bbox 2716 4319 2826 4359; x_wconf 88' lang='lat' dir='ltr'>sua</span> <span class='ocrx_word' id='word_1_602' title='bbox 2855 4303 3115 4360; x_wconf 89' lang='lat' dir='ltr'>facinora</span> <span class='ocrx_word' id='word_1_603' title='bbox 3142 4308 3548 4364; x_wconf 84' lang='lat' dir='ltr'>excommuni-</span> 
     </span>
    </p>
   </div>
   <div class='ocr_carea' id='block_1_92' title="bbox 1896 4392 3547 4465">
    <p class='ocr_par' dir='ltr' id='par_1_92' title="bbox 1896 4392 3547 4465">
     <span class='ocr_line' id='line_1_92' title="bbox 1896 4392 3547 4465; baseline 0.001 -14"><span class='ocrx_word' id='word_1_604' title='bbox 1896 4399 2183 4463; x_wconf 90' lang='lat' dir='ltr'>catorum,</span> <span class='ocrx_word' id='word_1_605' title='bbox 2207 4409 2463 4465; x_wconf 86' lang='lat' dir='ltr'>quorum</span> <span class='ocrx_word' id='word_1_606' title='bbox 2493 4392 2797 4448; x_wconf 88' lang='lat' dir='ltr'>occasione</span> <span class='ocrx_word' id='word_1_607' title='bbox 2817 4396 2991 4461; x_wconf 89' lang='lat' dir='ltr'>vetat,</span> <span class='ocrx_word' id='word_1_608' title='bbox 3018 4410 3090 4450; x_wconf 90' lang='lat' dir='ltr'>ne</span> <span class='ocrx_word' id='word_1_609' title='bbox 3121 4395 3547 4454; x_wconf 88' lang='lat' dir='ltr'>monasterium</span> 
     </span>
    </p>
   </div>
   <div class='ocr_carea' id='block_1_93' title="bbox 1897 4481 3552 4556">
    <p class='ocr_par' dir='ltr' id='par_1_93' title="bbox 1897 4481 3552 4556">
     <span class='ocr_line' id='line_1_93' title="bbox 1897 4481 3552 4556; baseline 0.003 -17"><span class='ocrx_word' id='word_1_610' title='bbox 1897 4484 2094 4556; x_wconf 90' lang='lat' dir='ltr'>ipsum</span> <span class='ocrx_word' id='word_1_611' title='bbox 2123 4482 2637 4549; x_wconf 71' lang='lat' dir='ltr'>excommunicetur,</span> <span class='ocrx_word' id='word_1_612' title='bbox 2670 4481 2785 4537; x_wconf 88' lang='lat' dir='ltr'>nisi</span> <span class='ocrx_word' id='word_1_613' title='bbox 2818 4482 2965 4539; x_wconf 89' lang='lat' dir='ltr'>forte</span> <span class='ocrx_word' id='word_1_614' title='bbox 2994 4482 3075 4538; x_wconf 92' lang='lat' dir='ltr'>ibi</span> <span class='ocrx_word' id='word_1_615' title='bbox 3123 4484 3196 4539; x_wconf 91' lang='lat' dir='ltr'>ad</span> <span class='ocrx_word' id='word_1_616' title='bbox 3244 4483 3439 4543; x_wconf 81' lang='lat' dir='ltr'>ofﬁcia</span> <span class='ocrx_word' id='word_1_617' title='bbox 3467 4486 3552 4544; x_wconf 88' lang='lat' dir='ltr'>di-</span> 
     </span>
    </p>
   </div>
   <div class='ocr_carea' id='block_1_94' title="bbox 126 4568 3154 4665">
    <p class='ocr_par' dir='ltr' id='par_1_94' title="bbox 126 4568 3154 4665">
     <span class='ocr_line' id='line_1_94' title="bbox 126 4568 3154 4665; baseline 0.004 -38"><span class='ocrx_word' id='word_1_618' title='bbox 126 4578 364 4645; x_wconf 84' lang='lat' dir='ltr'>gantur,</span> <span class='ocrx_word' id='word_1_619' title='bbox 399 4575 566 4644; x_wconf 86' lang='lat' dir='ltr'>patet</span> <span class='ocrx_word' id='word_1_620' title='bbox 600 4577 888 4645; x_wconf 89' lang='lat' dir='ltr'>quantum</span> <span class='ocrx_word' id='word_1_621' title='bbox 937 4575 1288 4633; x_wconf 90' lang='lat' dir='ltr'>aberraverit</span> <span class='ocrx_word' id='word_1_622' title='bbox 1326 4595 1360 4634; x_wconf 90' lang='lat' dir='ltr'>a</span> <span class='ocrx_word' id='word_1_623' title='bbox 1398 4595 1530 4636; x_wconf 90' lang='lat' dir='ltr'>vero</span> <span class='ocrx_word' id='word_1_624' title='bbox 1568 4582 1787 4640; x_wconf 87' lang='lat' dir='ltr'>Bertol-</span> <span class='ocrx_word' id='word_1_625' title='bbox 1818 4573 2027 4665; x_wconf 67' lang='lat' dir='ltr'>D&#39;Vina</span> <span class='ocrx_word' id='word_1_626' title='bbox 2057 4569 2544 4628; x_wconf 66' lang='grc' dir='ltr'>θΧαοωωαιιίοαιί</span> <span class='ocrx_word' id='word_1_627' title='bbox 2568 4568 2653 4625; x_wconf 70' lang='lat' dir='ltr'>illi</span> <span class='ocrx_word' id='word_1_628' title='bbox 2683 4570 3154 4628; x_wconf 63' lang='lat' dir='ltr'>admitterentur-</span> 
     </span>
    </p>
   </div>
   <div class='ocr_carea' id='block_1_95' title="bbox 128 4661 1787 4743">
    <p class='ocr_par' dir='ltr' id='par_1_95' title="bbox 128 4661 1787 4743">
     <span class='ocr_line' id='line_1_95' title="bbox 128 4661 1787 4743; baseline 0.007 -27"><span class='ocrx_word' id='word_1_629' title='bbox 128 4661 258 4728; x_wconf 86' lang='lat' dir='ltr'>dus,</span> <span class='ocrx_word' id='word_1_630' title='bbox 288 4664 499 4717; x_wconf 88' lang='lat' dir='ltr'>auctor</span> <span class='ocrx_word' id='word_1_631' title='bbox 525 4661 674 4718; x_wconf 90' lang='lat' dir='ltr'>alias</span> <span class='ocrx_word' id='word_1_632' title='bbox 701 4662 863 4718; x_wconf 90' lang='lat' dir='ltr'>omni</span> <span class='ocrx_word' id='word_1_633' title='bbox 907 4665 1243 4737; x_wconf 87' lang='lat' dir='ltr'>exceptione</span> <span class='ocrx_word' id='word_1_634' title='bbox 1272 4668 1560 4740; x_wconf 87' lang='lat' dir='ltr'>superior,</span> <span class='ocrx_word' id='word_1_635' title='bbox 1596 4672 1695 4743; x_wconf 92' lang='lat' dir='ltr'>qui</span> <span class='ocrx_word' id='word_1_636' title='bbox 1728 4673 1787 4729; x_wconf 91' lang='lat' dir='ltr'>in</span> 
     </span>
    </p>
   </div>
   <div class='ocr_carea' id='block_1_96' title="bbox 126 4749 1790 4823">
    <p class='ocr_par' dir='ltr' id='par_1_96' title="bbox 126 4749 1790 4823">
     <span class='ocr_line' id='line_1_96' title="bbox 126 4749 1790 4823; baseline 0.008 -18"><span class='ocrx_word' id='word_1_637' title='bbox 126 4749 419 4806; x_wconf 83' lang='lat' dir='ltr'>Chronico</span> <span class='ocrx_word' id='word_1_638' title='bbox 468 4750 707 4823; x_wconf 86' lang='lat' dir='ltr'>scripsit</span> <span class='ocrx_word' id='word_1_639' title='bbox 754 4751 1054 4809; x_wconf 88' lang='lat' dir='ltr'>Urbanum</span> <span class='ocrx_word' id='word_1_640' title='bbox 1108 4754 1218 4812; x_wconf 87' lang='lat' dir='ltr'>hoc</span> <span class='ocrx_word' id='word_1_641' title='bbox 1268 4773 1423 4814; x_wconf 90' lang='lat' dir='ltr'>anno</span> <span class='ocrx_word' id='word_1_642' title='bbox 1474 4760 1790 4818; x_wconf 85' lang='lat' dir='ltr'>Nativitatis</span> 
     </span>
    </p>
   </div>
   <div class='ocr_carea' id='block_1_97' title="bbox 126 4839 1788 4919">
    <p class='ocr_par' dir='ltr' id='par_1_97' title="bbox 126 4839 1788 4919">
     <span class='ocr_line' id='line_1_97' title="bbox 126 4839 1788 4919; baseline 0.008 -26"><span class='ocrx_word' id='word_1_643' title='bbox 126 4839 440 4896; x_wconf 62' lang='lat' dir='ltr'>Dominicis</span> <span class='ocrx_word' id='word_1_644' title='bbox 473 4840 622 4896; x_wconf 86' lang='lat' dir='ltr'>diem</span> <span class='ocrx_word' id='word_1_645' title='bbox 669 4841 879 4897; x_wconf 80' lang='lat' dir='ltr'>Arelati</span> <span class='ocrx_word' id='word_1_646' title='bbox 922 4857 1049 4897; x_wconf 89' lang='lat' dir='ltr'>cum</span> <span class='ocrx_word' id='word_1_647' title='bbox 1090 4842 1431 4902; x_wconf 85' lang='lat' dir='ltr'>diversarum</span> <span class='ocrx_word' id='word_1_648' title='bbox 1470 4850 1788 4919; x_wconf 80' lang='lat' dir='ltr'>prouincia-</span> 
     </span>
    </p>
   </div>
   <div class='ocr_carea' id='block_1_98' title="bbox 128 4929 1799 5001">
    <p class='ocr_par' dir='ltr' id='par_1_98' title="bbox 128 4929 1799 5001">
     <span class='ocr_line' id='line_1_98' title="bbox 128 4929 1799 5001; baseline 0.009 -20"><span class='ocrx_word' id='word_1_649' title='bbox 128 4943 260 4981; x_wconf 83' lang='lat' dir='ltr'>rum</span> <span class='ocrx_word' id='word_1_650' title='bbox 308 4929 572 5001; x_wconf 83' lang='lat' dir='ltr'>episcopis</span> <span class='ocrx_word' id='word_1_651' title='bbox 623 4929 1014 5001; x_wconf 83' lang='lat' dir='ltr'>gloriosissime</span> <span class='ocrx_word' id='word_1_652' title='bbox 1065 4933 1380 4991; x_wconf 87' lang='lat' dir='ltr'>celebrasse.</span> <span class='ocrx_word' id='word_1_653' title='bbox 1413 4939 1488 4991; x_wconf 84' lang='lat' dir='ltr'>At</span> <span class='ocrx_word' id='word_1_654' title='bbox 1543 4935 1679 4995; x_wconf 87' lang='lat' dir='ltr'>licet</span> <span class='ocrx_word' id='word_1_655' title='bbox 1724 4940 1799 4995; x_wconf 52' lang='lat' dir='ltr'>in’</span> 
     </span>
    </p>
   </div>
   <div class='ocr_carea' id='block_1_99' title="bbox 128 5015 1785 5097">
    <p class='ocr_par' dir='ltr' id='par_1_99' title="bbox 128 5015 1785 5097">
     <span class='ocr_line' id='line_1_99' title="bbox 128 5015 1785 5097; baseline 0.009 -26"><span class='ocrx_word' id='word_1_656' title='bbox 128 5015 241 5071; x_wconf 87' lang='lat' dir='ltr'>hoc</span> <span class='ocrx_word' id='word_1_657' title='bbox 283 5017 581 5085; x_wconf 83' lang='lat' dir='ltr'>erraverit,</span> <span class='ocrx_word' id='word_1_658' title='bbox 612 5034 732 5075; x_wconf 90' lang='lat' dir='ltr'>non</span> <span class='ocrx_word' id='word_1_659' title='bbox 783 5021 980 5074; x_wconf 89' lang='lat' dir='ltr'>tamen</span> <span class='ocrx_word' id='word_1_660' title='bbox 1028 5023 1117 5076; x_wconf 89' lang='lat' dir='ltr'>est</span> <span class='ocrx_word' id='word_1_661' title='bbox 1146 5022 1215 5076; x_wconf 76' lang='lat' dir='ltr'>&#39;ei</span> <span class='ocrx_word' id='word_1_662' title='bbox 1246 5021 1588 5097; x_wconf 87' lang='lat' dir='ltr'>deneganda</span> <span class='ocrx_word' id='word_1_663' title='bbox 1641 5027 1785 5086; x_wconf 82' lang='lat' dir='ltr'>fides</span> 
     </span>
    </p>
   </div>
   <div class='ocr_carea' id='block_1_100' title="bbox 132 5105 1786 5189">
    <p class='ocr_par' dir='ltr' id='par_1_100' title="bbox 132 5105 1786 5189">
     <span class='ocr_line' id='line_1_100' title="bbox 132 5105 1786 5189; baseline 0.008 -28"><span class='ocrx_word' id='word_1_664' title='bbox 132 5107 399 5163; x_wconf 82' lang='lat' dir='ltr'>narranti</span> <span class='ocrx_word' id='word_1_665' title='bbox 426 5105 967 5180; x_wconf 86' lang='lat' dir='ltr'>Wirciburgensem</span> <span class='ocrx_word' id='word_1_666' title='bbox 999 5108 1358 5182; x_wconf 89' lang='lat' dir='ltr'>episcopum,</span> <span class='ocrx_word' id='word_1_667' title='bbox 1394 5114 1495 5184; x_wconf 89' lang='lat' dir='ltr'>qui</span> <span class='ocrx_word' id='word_1_668' title='bbox 1527 5114 1577 5170; x_wconf 89' lang='lat' dir='ltr'>ei</span> <span class='ocrx_word' id='word_1_669' title='bbox 1609 5118 1786 5189; x_wconf 90' lang='lat' dir='ltr'>probe</span> 
     </span>
    </p>
   </div>
   <div class='ocr_carea' id='block_1_101' title="bbox 133 5195 1787 5269">
    <p class='ocr_par' dir='ltr' id='par_1_101' title="bbox 133 5195 1787 5269">
     <span class='ocr_line' id='line_1_101' title="bbox 133 5195 1787 5269; baseline 0.008 -20"><span class='ocrx_word' id='word_1_670' title='bbox 133 5199 317 5250; x_wconf 82' lang='lat' dir='ltr'>notus</span> <span class='ocrx_word' id='word_1_671' title='bbox 344 5198 491 5263; x_wconf 88' lang='lat' dir='ltr'>erat,</span> <span class='ocrx_word' id='word_1_672' title='bbox 523 5195 832 5252; x_wconf 67' lang='lat' dir='ltr'>circa&#39;haec</span> <span class='ocrx_word' id='word_1_673' title='bbox 876 5199 1142 5269; x_wconf 88' lang='lat' dir='ltr'>tempora</span> <span class='ocrx_word' id='word_1_674' title='bbox 1183 5197 1401 5256; x_wconf 87' lang='lat' dir='ltr'>relictis</span> <span class='ocrx_word' id='word_1_675' title='bbox 1448 5202 1787 5261; x_wconf 86' lang='lat' dir='ltr'>schismati-</span> 
     </span>
    </p>
   </div>
   <div class='ocr_carea' id='block_1_102' title="bbox 130 5284 1786 5357">
    <p class='ocr_par' dir='ltr' id='par_1_102' title="bbox 130 5284 1786 5357">
     <span class='ocr_line' id='line_1_102' title="bbox 130 5284 1786 5357; baseline 0.008 -19"><span class='ocrx_word' id='word_1_676' title='bbox 130 5299 340 5339; x_wconf 89' lang='lat' dir='ltr'>corum</span> <span class='ocrx_word' id='word_1_677' title='bbox 389 5284 680 5357; x_wconf 88' lang='lat' dir='ltr'>partibus,</span> <span class='ocrx_word' id='word_1_678' title='bbox 712 5284 785 5340; x_wconf 91' lang='lat' dir='ltr'>ad</span> <span class='ocrx_word' id='word_1_679' title='bbox 824 5284 1138 5341; x_wconf 88' lang='lat' dir='ltr'>Urbanum</span> <span class='ocrx_word' id='word_1_680' title='bbox 1188 5289 1506 5347; x_wconf 86' lang='lat' dir='ltr'>accessisse</span> <span class='ocrx_word' id='word_1_681' title='bbox 1553 5293 1786 5352; x_wconf 81' lang='lat' dir='ltr'>absolu-</span> 
     </span>
    </p>
   </div>
   <div class='ocr_carea' id='block_1_103' title="bbox 130 5371 1787 5451">
    <p class='ocr_par' dir='ltr' id='par_1_103' title="bbox 130 5371 1787 5451">
     <span class='ocr_line' id='line_1_103' title="bbox 130 5371 1787 5451; baseline 0.008 -24"><span class='ocrx_word' id='word_1_682' title='bbox 130 5371 355 5428; x_wconf 82' lang='lat' dir='ltr'>tionem</span> <span class='ocrx_word' id='word_1_683' title='bbox 411 5373 488 5428; x_wconf 88' lang='lat' dir='ltr'>ab</span> <span class='ocrx_word' id='word_1_684' title='bbox 545 5389 614 5430; x_wconf 91' lang='lat' dir='ltr'>eo</span> <span class='ocrx_word' id='word_1_685' title='bbox 670 5373 1015 5446; x_wconf 87' lang='lat' dir='ltr'>petiturum.</span> <span class='ocrx_word' id='word_1_686' title='bbox 1060 5375 1252 5443; x_wconf 84' lang='lat' dir='ltr'>Quam,</span> <span class='ocrx_word' id='word_1_687' title='bbox 1304 5376 1497 5451; x_wconf 87' lang='lat' dir='ltr'>inquit</span> <span class='ocrx_word' id='word_1_688' title='bbox 1550 5380 1667 5451; x_wconf 92' lang='lat' dir='ltr'>ille,</span> <span class='ocrx_word' id='word_1_689' title='bbox 1718 5388 1787 5441; x_wconf 88' lang='lat' dir='ltr'>ab</span> 
     </span>
    </p>
   </div>
   <div class='ocr_carea' id='block_1_104' title="bbox 129 5464 1789 5530">
    <p class='ocr_par' dir='ltr' id='par_1_104' title="bbox 129 5464 1789 5530">
     <span class='ocr_line' id='line_1_104' title="bbox 129 5464 1789 5530; baseline 0.009 -15"><span class='ocrx_word' id='word_1_690' title='bbox 129 5474 190 5515; x_wconf 83' lang='lat' dir='ltr'>eo</span> <span class='ocrx_word' id='word_1_691' title='bbox 214 5466 535 5518; x_wconf 80' lang='lat' dir='ltr'>consecutus</span> <span class='ocrx_word' id='word_1_692' title='bbox 579 5469 689 5525; x_wconf 85' lang='lat' dir='ltr'>est;</span> <span class='ocrx_word' id='word_1_693' title='bbox 728 5464 813 5518; x_wconf 88' lang='lat' dir='ltr'>ita</span> <span class='ocrx_word' id='word_1_694' title='bbox 850 5466 1034 5519; x_wconf 85' lang='lat' dir='ltr'>tamen</span> <span class='ocrx_word' id='word_1_695' title='bbox 1073 5470 1134 5519; x_wconf 87' lang='lat' dir='ltr'>ut</span> <span class='ocrx_word' id='word_1_696' title='bbox 1177 5465 1365 5523; x_wconf 87' lang='lat' dir='ltr'>eadem</span> <span class='ocrx_word' id='word_1_697' title='bbox 1410 5470 1789 5530; x_wconf 84' lang='lat' dir='ltr'>misericordia</span> 
     </span>
    </p>
   </div>
   <div class='ocr_carea' id='block_1_105' title="bbox 132 5550 1787 5629">
    <p class='ocr_par' dir='ltr' id='par_1_105' title="bbox 132 5550 1787 5629">
     <span class='ocr_line' id='line_1_105' title="bbox 132 5550 1787 5629; baseline 0.009 -24"><span class='ocrx_word' id='word_1_698' title='bbox 132 5566 167 5602; x_wconf 70' lang='grc' dir='ltr'>τι</span> <span class='ocrx_word' id='word_1_699' title='bbox 195 5550 391 5619; x_wconf 74' lang='lat' dir='ltr'>legatis</span> <span class='ocrx_word' id='word_1_700' title='bbox 416 5568 580 5625; x_wconf 74' lang='lat' dir='ltr'>papae</span> <span class='ocrx_word' id='word_1_701' title='bbox 610 5554 669 5607; x_wconf 87' lang='lat' dir='ltr'>in</span> <span class='ocrx_word' id='word_1_702' title='bbox 702 5553 1001 5608; x_wconf 86' lang='lat' dir='ltr'>Teutonicis</span> <span class='ocrx_word' id='word_1_703' title='bbox 1040 5553 1291 5625; x_wconf 83' lang='lat' dir='ltr'>partibus</span> <span class='ocrx_word' id='word_1_704' title='bbox 1325 5559 1679 5629; x_wconf 86' lang='lat' dir='ltr'>perﬁceretur</span> <span class='ocrx_word' id='word_1_705' title='bbox 1706 5564 1787 5618; x_wconf 86' lang='lat' dir='ltr'>ei-</span> 
     </span>
    </p>
   </div>
   <div class='ocr_carea' id='block_1_106' title="bbox 1993 4676 3452 4804">
    <p class='ocr_par' dir='ltr' id='par_1_106' title="bbox 1993 4676 3452 4804">
     <span class='ocr_line' id='line_1_106' title="bbox 1993 4676 3452 4804; baseline 0.002 -69"><span class='ocrx_word' id='word_1_706' title='bbox 1993 4676 2354 4735; x_wconf 87' lang='lat' dir='ltr'>CCXXXVII.</span> <span class='ocrx_word' id='word_1_707' title='bbox 2387 4676 2722 4804; x_wconf 51' lang='lat' dir='ltr'>Humbgédus</span> <span class='ocrx_word' id='word_1_708' title='bbox 2742 4679 3030 4804; x_wconf 53' lang='lat' dir='ltr'>Spiscopus</span> <span class='ocrx_word' id='word_1_709' title='bbox 3056 4681 3452 4738; x_wconf 85' lang='lat' dir='ltr'>Lemovicensis</span> 
     </span>
     <span class='ocr_line' id='line_1_107' title="bbox 2632 4764 2871 4804; baseline 0 0"><span class='ocrx_word' id='word_1_710' title='bbox 2632 4764 2733 4804; x_wconf 83' lang='lat' dir='ltr'>non</span> <span class='ocrx_word' id='word_1_711' title='bbox 2786 4765 2823 4804; x_wconf 94' lang='lat' dir='ltr'>u</span> <span class='ocrx_word' id='word_1_712' title='bbox 2859 4792 2871 4804; x_wconf 94' lang='lat'>.</span> 
     </span>
    </p>
   </div>
   <div class='ocr_carea' id='block_1_107' title="bbox 2625 4764 2871 4819">
    <p class='ocr_par' dir='ltr' id='par_1_107' title="bbox 2625 4764 2871 4819">
     <span class='ocr_line' id='line_1_108' title="bbox 2625 4764 2871 4819; baseline 0 -15"><span class='ocrx_word' id='word_1_713' title='bbox 2625 4764 2733 4819; x_wconf 80' lang='lat' dir='ltr'>pan</span> <span class='ocrx_word' id='word_1_714' title='bbox 2742 4764 2871 4804; x_wconf 76' lang='lat' dir='ltr'>itur.</span> 
     </span>
    </p>
   </div>
   <div class='ocr_carea' id='block_1_108' title="bbox 1966 4835 3546 4911">
    <p class='ocr_par' dir='ltr' id='par_1_108' title="bbox 1966 4835 3546 4911">
     <span class='ocr_line' id='line_1_109' title="bbox 1966 4835 3546 4911; baseline 0.001 -16"><span class='ocrx_word' id='word_1_715' title='bbox 1966 4837 2234 4895; x_wconf 65' lang='lat' dir='ltr'>Ecclesiae</span> <span class='ocrx_word' id='word_1_716' title='bbox 2274 4835 2774 4893; x_wconf 89' lang='lat' dir='ltr'>Lemovicensium</span> <span class='ocrx_word' id='word_1_717' title='bbox 2805 4842 2945 4894; x_wconf 89' lang='lat' dir='ltr'>tunc</span> <span class='ocrx_word' id='word_1_718' title='bbox 2972 4843 3218 4911; x_wconf 69' lang='lat' dir='ltr'>praeerat</span> <span class='ocrx_word' id='word_1_719' title='bbox 3264 4840 3546 4897; x_wconf 86' lang='lat' dir='ltr'>Humbal-</span> 
     </span>
    </p>
   </div>
   <div class='ocr_carea' id='block_1_109' title="bbox 1895 4925 3548 4999">
    <p class='ocr_par' dir='ltr' id='par_1_109' title="bbox 1895 4925 3548 4999">
     <span class='ocr_line' id='line_1_110' title="bbox 1895 4925 3548 4999; baseline -0.001 -14"><span class='ocrx_word' id='word_1_720' title='bbox 1895 4929 2030 4995; x_wconf 91' lang='lat' dir='ltr'>dus,</span> <span class='ocrx_word' id='word_1_721' title='bbox 2061 4927 2162 4999; x_wconf 91' lang='lat' dir='ltr'>qui</span> <span class='ocrx_word' id='word_1_722' title='bbox 2200 4926 2261 4981; x_wconf 90' lang='lat' dir='ltr'>in</span> <span class='ocrx_word' id='word_1_723' title='bbox 2305 4925 2415 4981; x_wconf 90' lang='lat' dir='ltr'>hac</span> <span class='ocrx_word' id='word_1_724' title='bbox 2464 4925 2601 4981; x_wconf 90' lang='lat' dir='ltr'>sede</span> <span class='ocrx_word' id='word_1_725' title='bbox 2648 4930 2782 4998; x_wconf 86' lang='lat' dir='ltr'>post</span> <span class='ocrx_word' id='word_1_726' title='bbox 2823 4927 3014 4984; x_wconf 88' lang='lat' dir='ltr'>varias</span> <span class='ocrx_word' id='word_1_727' title='bbox 3063 4929 3548 4997; x_wconf 88' lang='lat' dir='ltr'>concertationes,</span> 
     </span>
    </p>
   </div>
   <div class='ocr_carea' id='block_1_110' title="bbox 1895 5014 3547 5089">
    <p class='ocr_par' dir='ltr' id='par_1_110' title="bbox 1895 5014 3547 5089">
     <span class='ocr_line' id='line_1_111' title="bbox 1895 5014 3547 5089; baseline -0.001 -14"><span class='ocrx_word' id='word_1_728' title='bbox 1895 5018 2136 5075; x_wconf 89' lang='lat' dir='ltr'>obtentu</span> <span class='ocrx_word' id='word_1_729' title='bbox 2176 5014 2506 5071; x_wconf 86' lang='lat' dir='ltr'>litterarum</span> <span class='ocrx_word' id='word_1_730' title='bbox 2537 5014 3017 5088; x_wconf 89' lang='lat' dir='ltr'>apostolicarum,</span> <span class='ocrx_word' id='word_1_731' title='bbox 3045 5017 3144 5072; x_wconf 88' lang='lat' dir='ltr'>sed</span> <span class='ocrx_word' id='word_1_732' title='bbox 3180 5016 3252 5071; x_wconf 89' lang='lat' dir='ltr'>ab</span> <span class='ocrx_word' id='word_1_733' title='bbox 3300 5032 3368 5073; x_wconf 89' lang='lat' dir='ltr'>eo</span> <span class='ocrx_word' id='word_1_734' title='bbox 3418 5016 3547 5089; x_wconf 92' lang='lat' dir='ltr'>ipso</span> 
     </span>
    </p>
   </div>
   <div class='ocr_carea' id='block_1_111' title="bbox 1892 5102 3546 5178">
    <p class='ocr_par' dir='ltr' id='par_1_111' title="bbox 1892 5102 3546 5178">
     <span class='ocr_line' id='line_1_112' title="bbox 1892 5102 3546 5178; baseline -0.001 -14"><span class='ocrx_word' id='word_1_735' title='bbox 1892 5105 2373 5171; x_wconf 88' lang='lat' dir='ltr'>adulteratarum,</span> <span class='ocrx_word' id='word_1_736' title='bbox 2406 5102 2677 5160; x_wconf 86' lang='lat' dir='ltr'>ﬁrmatus</span> <span class='ocrx_word' id='word_1_737' title='bbox 2717 5104 2923 5161; x_wconf 89' lang='lat' dir='ltr'>fuerat.</span> <span class='ocrx_word' id='word_1_738' title='bbox 2955 5104 3195 5171; x_wconf 88' lang='lat' dir='ltr'>Verum,</span> <span class='ocrx_word' id='word_1_739' title='bbox 3226 5120 3361 5160; x_wconf 91' lang='lat' dir='ltr'>cum</span> <span class='ocrx_word' id='word_1_740' title='bbox 3402 5120 3546 5178; x_wconf 90' lang='lat' dir='ltr'>pon-</span> 
     </span>
    </p>
   </div>
   <div class='ocr_carea' id='block_1_112' title="bbox 1896 5192 3549 5266">
    <p class='ocr_par' dir='ltr' id='par_1_112' title="bbox 1896 5192 3549 5266">
     <span class='ocr_line' id='line_1_113' title="bbox 1896 5192 3549 5266; baseline 0.001 -14"><span class='ocrx_word' id='word_1_741' title='bbox 1896 5197 2034 5252; x_wconf 85' lang='lat' dir='ltr'>tifex</span> <span class='ocrx_word' id='word_1_742' title='bbox 2072 5194 2228 5266; x_wconf 88' lang='lat' dir='ltr'>apud</span> <span class='ocrx_word' id='word_1_743' title='bbox 2282 5194 2561 5249; x_wconf 87' lang='lat' dir='ltr'>Sanctum</span> <span class='ocrx_word' id='word_1_744' title='bbox 2622 5192 2945 5248; x_wconf 85' lang='lat' dir='ltr'>Martialem</span> <span class='ocrx_word' id='word_1_745' title='bbox 3002 5196 3352 5261; x_wconf 87' lang='lat' dir='ltr'>versaretur,</span> <span class='ocrx_word' id='word_1_746' title='bbox 3402 5194 3549 5253; x_wconf 81' lang='lat' dir='ltr'>forte</span> 
     </span>
    </p>
   </div>
   <div class='ocr_carea' id='block_1_113' title="bbox 1895 5280 3546 5357">
    <p class='ocr_par' dir='ltr' id='par_1_113' title="bbox 1895 5280 3546 5357">
     <span class='ocr_line' id='line_1_114' title="bbox 1895 5280 3546 5357; baseline 0.001 -16"><span class='ocrx_word' id='word_1_747' title='bbox 1895 5285 2252 5342; x_wconf 84' lang='lat' dir='ltr'>Ademarum</span> <span class='ocrx_word' id='word_1_748' title='bbox 2284 5282 2555 5338; x_wconf 89' lang='lat' dir='ltr'>abbatem</span> <span class='ocrx_word' id='word_1_749' title='bbox 2607 5280 2921 5353; x_wconf 89' lang='lat' dir='ltr'>aliquando</span> <span class='ocrx_word' id='word_1_750' title='bbox 2965 5280 3356 5354; x_wconf 90' lang='lat' dir='ltr'>reprehendit,</span> <span class='ocrx_word' id='word_1_751' title='bbox 3389 5286 3546 5357; x_wconf 89' lang='lat' dir='ltr'>quod</span> 
     </span>
    </p>
   </div>
   <div class='ocr_carea' id='block_1_114' title="bbox 1896 5368 3550 5454">
    <p class='ocr_par' dir='ltr' id='par_1_114' title="bbox 1896 5368 3550 5454">
     <span class='ocr_line' id='line_1_115' title="bbox 1896 5368 3550 5454; baseline 0 -24"><span class='ocrx_word' id='word_1_752' title='bbox 1896 5375 2055 5431; x_wconf 92' lang='lat' dir='ltr'>hunc</span> <span class='ocrx_word' id='word_1_753' title='bbox 2074 5371 2415 5454; x_wconf 78' lang='lat' dir='ltr'>episcopum</span> <span class='ocrx_word' id='word_1_754' title='bbox 2438 5370 2661 5442; x_wconf 89' lang='lat' dir='ltr'>absque</span> <span class='ocrx_word' id='word_1_755' title='bbox 2682 5386 2787 5426; x_wconf 90' lang='lat' dir='ltr'>suo</span> <span class='ocrx_word' id='word_1_756' title='bbox 2809 5372 2952 5424; x_wconf 89' lang='lat' dir='ltr'>nutu</span> <span class='ocrx_word' id='word_1_757' title='bbox 2977 5368 3332 5440; x_wconf 89' lang='lat' dir='ltr'>admisisset,</span> <span class='ocrx_word' id='word_1_758' title='bbox 3347 5378 3550 5430; x_wconf 88' lang='lat' dir='ltr'>contra</span> 
     </span>
    </p>
   </div>
   <div class='ocr_carea' id='block_1_115' title="bbox 1894 5458 3548 5535">
    <p class='ocr_par' dir='ltr' id='par_1_115' title="bbox 1894 5458 3548 5535">
     <span class='ocr_line' id='line_1_116' title="bbox 1894 5458 3548 5535; baseline 0 -16"><span class='ocrx_word' id='word_1_759' title='bbox 1894 5464 1955 5519; x_wconf 93' lang='lat' dir='ltr'>id</span> <span class='ocrx_word' id='word_1_760' title='bbox 1988 5460 2142 5535; x_wconf 90' lang='lat' dir='ltr'>quod</span> <span class='ocrx_word' id='word_1_761' title='bbox 2195 5460 2391 5516; x_wconf 71' lang='lat' dir='ltr'>Romaa</span> <span class='ocrx_word' id='word_1_762' title='bbox 2434 5460 2504 5515; x_wconf 88' lang='lat' dir='ltr'>de</span> <span class='ocrx_word' id='word_1_763' title='bbox 2550 5473 2617 5514; x_wconf 89' lang='lat' dir='ltr'>eo</span> <span class='ocrx_word' id='word_1_764' title='bbox 2665 5461 2951 5515; x_wconf 89' lang='lat' dir='ltr'>statutum</span> <span class='ocrx_word' id='word_1_765' title='bbox 2983 5458 3189 5515; x_wconf 91' lang='lat' dir='ltr'>fuerat.</span> <span class='ocrx_word' id='word_1_766' title='bbox 3222 5460 3348 5525; x_wconf 87' lang='lat' dir='ltr'>Qua</span> <span class='ocrx_word' id='word_1_767' title='bbox 3384 5462 3457 5519; x_wconf 90' lang='lat' dir='ltr'>de</span> <span class='ocrx_word' id='word_1_768' title='bbox 3485 5479 3548 5519; x_wconf 91' lang='lat' dir='ltr'>re</span> 
     </span>
    </p>
   </div>
   <div class='ocr_carea' id='block_1_116' title="bbox 1898 5544 3547 5619">
    <p class='ocr_par' dir='ltr' id='par_1_116' title="bbox 1898 5544 3547 5619">
     <span class='ocr_line' id='line_1_117' title="bbox 1898 5544 3547 5619; baseline -0.001 -11"><span class='ocrx_word' id='word_1_769' title='bbox 1898 5550 2183 5609; x_wconf 89' lang='lat' dir='ltr'>attonitus</span> <span class='ocrx_word' id='word_1_770' title='bbox 2214 5548 2397 5604; x_wconf 90' lang='lat' dir='ltr'>abbas</span> <span class='ocrx_word' id='word_1_771' title='bbox 2447 5547 2673 5603; x_wconf 88' lang='lat' dir='ltr'>litteras</span> <span class='ocrx_word' id='word_1_772' title='bbox 2705 5544 3055 5619; x_wconf 89' lang='lat' dir='ltr'>apostolicas</span> <span class='ocrx_word' id='word_1_773' title='bbox 3087 5547 3198 5605; x_wconf 90' lang='lat' dir='ltr'>sibi</span> <span class='ocrx_word' id='word_1_774' title='bbox 3248 5549 3321 5607; x_wconf 86' lang='lat' dir='ltr'>ab</span> <span class='ocrx_word' id='word_1_775' title='bbox 3366 5549 3547 5608; x_wconf 87' lang='lat' dir='ltr'>Hum-</span> 
     </span>
    </p>
   </div>
   <div class='ocr_carea' id='block_1_117' title="bbox 1897 5634 3549 5709">
    <p class='ocr_par' dir='ltr' id='par_1_117' title="bbox 1897 5634 3549 5709">
     <span class='ocr_line' id='line_1_118' title="bbox 1897 5634 3549 5709; baseline -0.001 -9"><span class='ocrx_word' id='word_1_776' title='bbox 1897 5640 2071 5701; x_wconf 84' lang='lat' dir='ltr'>haldo</span> <span class='ocrx_word' id='word_1_777' title='bbox 2102 5638 2360 5696; x_wconf 88' lang='lat' dir='ltr'>redditas</span> <span class='ocrx_word' id='word_1_778' title='bbox 2399 5635 2660 5709; x_wconf 84' lang='lat' dir='ltr'>pontiﬁci</span> <span class='ocrx_word' id='word_1_779' title='bbox 2700 5634 2981 5705; x_wconf 87' lang='lat' dir='ltr'>ostendit;</span> <span class='ocrx_word' id='word_1_780' title='bbox 3016 5638 3171 5695; x_wconf 89' lang='lat' dir='ltr'>unde</span> <span class='ocrx_word' id='word_1_781' title='bbox 3196 5637 3312 5707; x_wconf 90' lang='lat' dir='ltr'>ille,</span> <span class='ocrx_word' id='word_1_782' title='bbox 3346 5638 3549 5698; x_wconf 85' lang='lat' dir='ltr'>fraude</span> 
     </span>
    </p>
   </div>
  </div>
