3998 6158
197 285 323 346 {93

1813 277 2015 343 VITA.

3493 290 3610 352 {9'4

203 417 566 492 quaerendus
599 432 717 474 non
747 421 862 490 est,
894 417 996 499 qui
1015 431 1088 476 eo
1115 416 1311 475 animo
1342 417 1414 474 ad
1462 415 1756 490 principes
1809 419 1866 471 et
1889 415 1947 483 Α
1976 427 2195 483 comes,
2211 414 2313 487 qui
2336 429 2595 488 presens
2617 417 2837 488 aderat,
2862 415 3098 476 disertis
3128 420 3323 478 verbis
3347 391 3614 479 refectio

201 509 451 564 ceteros
483 506 767 563 Flandrize
797 507 999 564 fideles
1027 507 1259 564 litteras
1292 505 1529 579 scripsit
1557 509 1859 561 tunctem-

207 597 397 670 poris,
422 600 489 651 ut
507 611 608 652 eos
623 596 696 652 de
717 611 780 653 re
803 597 1031 653 decreta
1050 597 1111 652 in
1141 596 1384 653 concilio
1415 595 1863 652 Claromontano

218 701 393 741 sacra
447 684 1372 758 expeditione,indulgentiisque
1419 685 1493 741 iis
1549 684 1650 757 qui
1699 683 1864 739 illam

201 775 580 847 susciperent
609 775 930 847 concessis,
948 775 1166 832 faceret
1204 774 1500 831 certiores.
1535 773 1700 829 Unde
1733 771 1863 828 uni-

199 873 408 921 versos
440 866 658 931 monet,
682 867 749 919 ut
794 864 845 920 si
879 864 977 937 qui
1009 865 1081 920 ad
1112 863 1258 920 illud
1300 864 1543 920 verbum
1570 861 1863 936 proﬁcisci

197 951 518 1017 voluerint,
540 954 727 1025 parati
750 953 872 1009 sint
891 952 1130 1009 omnino
1153 953 1223 1009 ad
1245 951 1572 1026 proximam
1603 950 1862 1023 Deiparaa

204 1041 636 1114 assumptionis
654 1041 1028 1098 festivitatem
1046 1059 1060 1110 ;
1082 1058 1196 1114 quo
1212 1046 1476 1115 tempore
1495 1040 1865 1097 Adhemarus

205 1129 527 1203 episcopus
555 1129 905 1200 Aniciensis,
927 1130 1182 1187 vicarius
1213 1131 1509 1204 pontiﬁcis
1535 1130 1596 1186 in
1637 1128 1739 1185 illa
1765 1144 1863 1185 ex-

201 1219 506 1292 peditione
565 1219 897 1290 institutus,
929 1218 1040 1276 iter
1069 1236 1204 1276 cum
1253 1219 1384 1278 aliis
1415 1235 1586 1276 cruce
1615 1219 1866 1293 signatis

196 1321 598 1384 aggressurus
626 1314 802 1366 esset.

270 1413 505 1472 CCXLI.
535 1413 842 1472 Mauassem
895 1417 1206 1472 Remensem
1235 1418 1462 1473 electum
1485 1417 1791 1488 conﬁrmat.

709 1490 798 1544 Lis
833 1488 1155 1544 Trenorchii
1179 1489 1376 1544 dilata.

269 1574 601 1649 Andegavi,
637 1591 754 1648 quo
785 1577 1262 1648 apprOpinquante
1313 1576 1766 1649 Quadragesi‘ma,
1803 1581 1868 1632 ut

203 1667 465 1720 testatur
494 1663 669 1720 Fulco
695 1680 917 1734 comes,
951 1667 1101 1720 venit
1160 1664 1450 1734 Urbanus,
1479 1672 1729 1722 mortem
1778 1681 1869 1721 ac-

203 1755 364 1827 cepit
416 1753 725 1827 Reginaldi
784 1754 1100 1810 Remorum
1157 1754 1472 1826 pontiﬁcis,
1505 1756 1627 1827 qui,
1677 1759 1744 1810 ut
1800 1771 1870 1812 ex

205 1841 465 1913 epistoia
493 1841 634 1898 oleri
671 1843 980 1899 Bernensis
1009 1843 1083 1898 ad
1117 1843 1494 1900 Lambertum
1520 1845 1868 1900 Atrebaten-

204 1939 359 1998 sem,
383 1934 443 1987 et
461 1947 537 1988 ex
555 1930 846 1988 Balderici
871 1930 1277 2005 Burguliensis
1303 1933 1595 2000 versibus,
1615 1933 1716 1989 ubi
1733 1950 1869 1990 eum

198 2019 597 2092 patriarcha'm
641 2020 923 2094 appellat,
956 2021 1263 2088 discimus,
1297 2038 1376 2076 xu
1423 2021 1713 2078 Kalendas
1771 2023 1871 2078 Fe-

1972 504 2300 576 fragmento
2333 504 2593 561 Historiae
2624 507 3075 581 Andegavensis,
3107 510 3262 566 hanc
3309 502 3613 568 basilicam

1969 593 2030 647 in
2058 592 2468 664 Septuagesima
2507 595 2840 653 dedicatam
2869 597 3091 667 fuisse;
3124 603 3181 656 et
3209 599 3428 657 Urbani
3453 599 3617 658 bulla

1970 681 2030 736 in
2062 699 2180 754 qua
2198 681 2582 739 dedicationis
2604 685 2824 741 mentio
2854 686 3273 755 habetur,data
3303 693 3391 746 est
3414 707 3616 747 mense

1972 761 2314 838 Februario,
2329 771 2691 844 proindeque
2710 777 2844 829 ante
2866 775 3098 831 initium
3121 777 3612 852 Quadragesima,

1971 863 2037 913 ut
2051 859 2198 913 nihil
2239 859 2429 915 dicam
2461 860 2534 916 de
2563 860 2806 917 concilio
2836 864 3187 933 Turonensi,
3223 868 3378 939 quod
3412 868 3614 940 ‘pr’aasi-

1969 948 2142 1002 dente
2174 947 2405 1003 Urbano
2457 945 2518 1004 in
2576 950 2772 1006 media
2819 951 3308 1025 'Quadragesima,
3337 957 3439 1028 qui
3466 958 3615 1016 adeo

1971 1037 2298 1110 Andegavis
2325 1041 2456 1093 tum
2504 1055 2620 1094 non
2678 1045 2822 1104 erat,
2871 1033 3227 1099 celebratum
3270 1044 3397 1100 fuit.
3427 1046 3616 1110 Quam

1970 1141 2104 1181 vero
2160 1125 2442 1182 solemnis
2491 1126 2612 1182 haec
2669 1125 2956 1185 dedicatio
3007 1132 3180 1187 fuerit
3225 1147 3296 1189 ex
3325 1143 3391 1189 ee
3421 1133 3618 1208 colligi

1971 1219 2182 1288 potest,
2233 1216 2388 1287 quod
2427 1215 2598 1271 varias
2647 1216 2866 1272 charta:
2925 1221 3147 1290 passim
3205 1227 3517 1279 occurrant
3555 1224 3618 1280 in

1973 1304 2494 1377 Andegavensibus
2526 1307 2946 1373 monumentis,
2982 1310 3054 1364 ab
3087 1311 3338 1368 annovel
3367 1313 3460 1369 die
3490 1313 3619 1385 ejus

1974 1393 2358 1449 dedicationis
2381 1395 2548 1450 datin.
2565 1389 2630 1450 Et
2647 1397 2884 1467 quidem
2903 1397 3047 1452 obid
3072 1399 3324 1455 maxime
3344 1394 3622 1458 laudatur

1973 1482 2197 1539 Natalis
2222 1482 2404 1538 abbas
2420 1483 2478 1538 in
2501 1483 2765 1540 versibus
2786 1485 3031 1541 Baldrici
3047 1481 3447 1561 Burguliensis
3465 1491 3620 1563 apud

1976 1571 2314 1638 Chesnium,
2345 1575 2506 1628 torno
2566 1572 2658 1640 IV,
2707 1574 2863 1646 quod
2923 1591 3052 1630 eam
3101 1595 3136 1633 a
3163 1570 3439 1650 pontiﬁce
3493 1579 3620 1636 fieri

1975 1660 2315 1716 obtinuerit.
2333 1659 2405 1716 Ut
2423 1677 2556 1716 vero
2569 1661 2743 1716 etiam
2767 1662 2838 1716 ad
2855 1668 3115 1734 posteros
3127 1666 3256 1736 ejus
3269 1667 3623 1725 celebritatis

1979 1750 2264 1805 memoria
2296 1755 2736 1822 propagaretur,
2767 1750 2921 1806 idem
2963 1753 3224 1823 pontifex
3274 1753 3338 1811 in
3387 1755 3624 1814 laudata

1976 1838 2139 1894 bulla
2158 1855 2278 1908 eos,
2294 1837 2393 1911 qui
2427 1839 2499 1894 ad
2532 1839 2989 1895 anniversariam
3014 1840 3173 1898 illius
3189 1839 3622 1902 solemnitatem

1975 1927 2286 1985 convenire
2306 1927 2613 1996 voluerint,
2638 1930 2709 1984 ab
2731 1930 2891 1984 omni
2921 1929 3179 1987 hostium
3209 1932 3448 1991 incursu
3478 1934 3624 1992 libe-

1980 2033 2075 2073 ros
2105 2033 2233 2073 esse
2263 2017 2556 2090 praeepit,
2591 2017 2910 2090 multisque
2936 2020 3142 2092 gratiis
3190 2022 3446 2080 donavit.
3481 2024 3625 2080 Con-

203 2109 434 2166 bruarii
453 2109 770 2166 defunctus
793 2113 900 2166 est.
927 2109 1089 2166 Unde
1109 2109 1309 2166 mirari
1331 2110 1632 2181 subite-jus
1645 2111 1863 2167 obitum

1980 2108 2159 2162 stituit
2185 2108 2373 2174 etiam,
2407 2110 2473 2160 ut
2493 2111 2742 2161 testatur
2775 2107 2947 2163 Fulco
2980 2125 3175 2166 comes
3206 2110 3264 2166 in
3298 2112 3626 2186 fragmento

205 2198 277 2254 ad
301 2215 533 2255 annum
561 2200 981 2272 pmcedentem
1006 2199 1287 2256 a‘Labbeo
1310 2201 1736 2268 revocari,cum
1757 2217 1872 2256 cer-
1981 2193 2244 2250 His-toritﬁ
2294 2211 2428 2250 mox
2481 2193 2738 2264 laudatO,
2774 2195 2918 2250 idem
2974 2199 3326 2269 apostolicus,
3355 2196 3413 2258 et
3450 2204 3625 2261 edicto

199 2292 334 2344 tum
362 2288 466 2360 sit,
485 2290 555 2344 ut
573 2289 645 2344 de
659 2287 866 2344 multis
884 2288 1178 2345 veteribus
1192 2288 1604 2345 instrumentis
1620 2294 1863 2360 taceam,

1980 2285 2140 2355 iussit
2154 2287 2215 2338 ut
2243 2285 2302 2338 in
2320 2283 2505 2339 eodem
2529 2285 2780 2348 termino,
2804 2300 2907 2355 quo
2953 2286 3350 2345 dedicationem
3401 2293 3626 2362 facerm,

202 2377 365 2432 hunc
397 2376 728 2433 antistitem
761 2376 1210 2434 Claromontano
1247 2376 1491 2433 concilio
1521 2394 1724 2435 mense
1756 2378 1872 2435 No-
1981 2373 2251 2428 indictum
2299 2373 2584 2444 publicum
2647 2373 3017 2430 celebraretur
3061 2393 3170 2433 uno
3227 2393 3435 2452 quoque
3481 2397 3627 2438 anno

197 2465 435 2521 Vembri
455 2465 818 2522 interfuisse.
845 2465 1136 2523 Manassis
1149 2467 1416 2539 ejusdem
1441 2466 1712 2524 Ecclesiae
1731 2483 1863 2540 pras-

1980 2459 2125 2534 apud
2157 2462 2418 2518 Sanctum
2467 2461 2770 2528 Nicolaum,
2799 2469 2853 2518 et
2903 2466 3135 2536 septima
3184 2479 3318 2537 pars
3358 2471 3626 2540 paeniten-

203 2554 419 2627 positi,
436 2555 544 2627 qui
562 2555 624 2610 in
643 2555 774 2627 ejus
798 2555 993 2611 locum
1013 2555 1374 2612 substitutus
1401 2561 1511 2624 est,
1532 2556 1874 2614 electionem
1983 2554 2194 2607 tiarum
2213 2551 2413 2622 populo
2445 2552 2788 2608 convenienti
2816 2549 2886 2606 ad
2940 2553 3099 2609 illam
3125 2557 3518 2634 celebritatem}
3536 2561 3630 2617 di-

217 2659 363 2699 cum
390 2642 581 2716 elogio
605 2645 807 2700 statim
831 2644 1102 2700 Urbanus
1131 2645 1494 2718 approbavit,
1520 2647 1604 2701 uti
1624 2651 1786 2719 patet
1809 2663 1879 2704 ex

206 2732 406 2788 tribus
436 2734 570 2805 ejus
602 2732 887 2805 epistolis,
913 2750 980 2789 ea
1038 2735 1110 2789 de
1139 2750 1201 2788 re
1247 2734 1543 2807 Andegavi
1591 2751 1692 2790 vui
1737 2736 1875 2792 Idus

210 2821 526 2877 Februarii
557 2822 732 2889 datis,
770 2821 832 2876 in
882 2822 1099 2893 quibus
1127 2839 1304 2878 suum
1337 2838 1475 2896 erga
1532 2823 1872 2894 Ecclesium,

217 2909 476 2976 clerum,
512 2909 730 2966 milites
780 2927 846 2967 ac
899 2909 1129 2983 plebem
1187 2911 1557 2983 Remensem,
1604 2913 1876 2971 affect-um

205 3003 488 3055 amanter
517 2999 810 3072 exprimit.
845 3000 925 3056 De
955 3001 1159 3056 eadem
1193 3017 1254 3056 re
1286 3000 1346 3056 in
1393 3001 1686 3057 Manassis
1745 3019 1876 3076 gra-

207 3089 359 3145 tiam
380 3088 626 3145 Urbano
673 3089 988 3161 scripserat
1015 3089 1110 3144 Ivo
1166 3090 1550 3156 Carnotenus,
1581 3090 1753 3162 epist.
1785 3094 1874 3162 48,

203 3189 267 3244 in
283 3193 412 3249 qua
438 3178 686 3243 maximi
708 3194 836 3234 esse
860 3179 1142 3234 momenti
1165 3166 1330 3246 dicit,
1349 3182 1550 3233 utnon
1578 3179 1880 3238 differatur

1979 2642 2367 2695 mittererctur.

2055 2729 2272 2784 Eadem
2304 2727 2607 2785 occasione
2637 2729 2894 2802 pontifex
2916 2748 2950 2786 a
2979 2731 3231 2790 Fuleone
3262 2737 3498 2806 comite,
3529 2741 3630 2813 qui

1985 2834 2245 2891 praesens
2268 2818 2490 2884 aderat,
2523 2823 2782 2890 rogatus,
2810 2819 3052 2876 Goﬂ‘ridi
3108 2821 3380 2895 Martell-i,
3412 2827 3514 2899 qui
3561 2829 3630 2886 in

1987 2908 2310 2964 monastico
2329 2907 2533 2964 habitu
2552 2907 2866 2986 defunctus
2882 2915 2938 2966 et
2958 2910 3018 2966 in
3040 2913 3306 2984 ejusdem
3338 2921 3629 2976 monaste-

1987 2997 2058 3052 rii
2119 2996 2376 3070 capitulo
2436 2997 2702 3069 sepultus
2755 2998 2963 3067 fuerat,
2997 3017 3208 3073 corpus
3239 3007 3542 3064 transtulit
3571 3008 3632 3065 in

1987 3087 2292 3143 ecclesiam
2327 3103 2362 3142 a
2387 3102 2454 3142 se
2479 3086 2828 3156 dedicatam,
2863 3091 2927 3143 ut
2956 3089 3082 3162 ipse
3104 3091 3281 3149 Fulco
3323 3101 3523 3152 narrat
3568 3098 3630 3155 in

1991 3177 2318 3248 fragmento
2339 3174 2716 3246 laudato,qui
2737 3193 2772 3232 a
2809 3178 3084 3248 pontifice
3117 3183 3376 3239 monitus
3406 3190 3631 3257 partem

213 3269 343 3338 ejus
377 3265 695 3322 electionis
739 3266 1128 3333 conﬁrmatio,
1151 3267 1225 3322 ob
1257 3266 1518 3338 insignes
1575 3268 1882 3327 Remensis
1986 3267 2206 3335 forests:
2257 3263 2423 3318 Catia:
2450 3263 2662 3318 Sancto
2694 3264 2932 3320 Nicolao
2961 3282 3064 3338 pro
3095 3269 3361 3338 ejusdem
3387 3273 3629 3332 Goﬂ'ridi

217 3355 519 3421 Ecclesiae,
557 3372 686 3427 quae
735 3354 876 3411 olim
927 3355 1114 3427 ipsius
1171 3354 1387 3411 Urbani
1441 3364 1635 3428 mater,
1664 3357 1878 3430 inquit,

207 3450 354 3501 tunc
384 3461 528 3501 vero
547 3444 670 3500 ﬁlia
698 3449 842 3511 erat,
864 3445 1295 3518 praerogativae.
1321 3445 1484 3510 Quod
1517 3462 1726 3518 nempe
1755 3447 1877 3504 hac

211 3534 404 3590 sedav-
429 3533 679 3590 haberct
734 3535 892 3604 regni
947 3533 1220 3600 diadema,
1257 3537 1314 3589 et
1345 3533 1566 3590 caeteris
1606 3535 1878 3594 Ecclesiis

209 3622 542 3679 Gallicanis
571 3624 638 3679 in
661 3624 848 3679 maius?
879 3631 970 3677 aut
994 3625 1410 3678 resurrectionis
1439 3625 1750 3696 exmplum
1770 3643 1874 3698 pro

209 3729 318 3769 sua
347 3711 643 3785 tﬁgnitate
675 3727 806 3767 esse
836 3710 1072 3768 soleret.

275 3801 511 3858 Eodem
540 3804 807 3873 tempore
838 3799 1115 3857 monachi
1147 3801 1640 3859 Trenorchienses
1680 3804 1874 3876 ponti-

209 3891 389 3946 ﬁcem
423 3888 619 3945 adiere
674 3889 1053 3961 conquesturi
1088 3890 1368 3946 adversus
1423 3891 1768 3964 episcopum
1817 3899 1874 3950 et

211 3978 534 4034 monicos
548 3977 1018 4050 Andegavenses,
1059 3978 1215 4050 quod
1246 3977 1534 4035 Ecclesiae
1564 3980 1746 4037 Doadi
1777 3999 1871 4038 ca-

212 4067 372 4124 stelli
396 4083 530 4138 quae
551 4066 624 4121 ad
645 4066 1070 4122 monasterium
1092 4083 1267 4123 suum
1289 4066 1872 4140 pertinebat,injuste

209 4157 326 4212 sibi
389 4162 755 4228 arrogarent.
788 4159 1006 4210 Verum
1065 4171 1200 4211 cum
1249 4156 1573 4212 econtrario
1606 4159 1872 4215 canonici

213 4261 311 4300 eas
335 4243 438 4300 sui
451 4243 610 4315 juris
631 4260 759 4300 esse
787 4244 1226 4310 contenderent,
1243 4243 1580 4316 videretque
1608 4248 1872 4317 pontifex

213 4332 380 4388 litem
405 4331 570 4388 illam
593 4331 843 4404 alicujus
861 4348 991 4388 esse
1013 4333 1316 4400 momenti,
1342 4349 1471 4389 eam
1500 4334 1571 4389 ad
1602 4335 1868 4392 futurum

213 4420 540 4477 concilium
586 4421 927 4476 Turonense
976 4421 1239 4478 remisit:
1269 4421 1368 4478 ubi
1399 4423 1614 4494 reipsa,
1647 4428 1710 4479 ut
1761 4441 1869 4482 suo

213 4511 342 4566 loco
365 4510 656 4578 dicemus,
681 4510 902 4582 agitata
931 4510 1063 4565 fuit.

217 4617 479 4680 CCXLII.
552 4615 775 4671 Dedicat
855 4615 1103 4673 Urbanus
1180 4609 1466 4673 basilicam
1523 4619 1577 4673 S.
1635 4619 1869 4676 Nicolai.

286 4689 572 4817 ἔγαῦιὲξζς
589 4701 782 4760 corpus
838 4687 1068 4759 Goﬂ‘ridi
1093 4691 1326 4745 comitis.
1361 4689 1561 4745 Scribit
1589 4690 1873 4747 monachis

328 4803 344 4815 .
539 4777 578 4815 ι.

328 4803 344 4815 .
380 4777 578 4815 ruam.

289 4865 396 4921 Die
422 4866 486 4922 'Iv
503 4865 670 4933 Idus,
703 4865 762 4920 id
779 4869 868 4922 est
887 4865 1113 4921 decima
1143 4863 1462 4934 Februarii,
1479 4867 1762 4924 dedicata
1784 4872 1874 4925 est

219 4953 297 5008 ab
319 4952 551 5010 Urbano
582 4953 831 5010 basilica
861 4955 1060 5010 Sancti
1088 4955 1310 5011 Nicolai
1331 4955 1390 5010 in
1424 4955 1870 5029 Andegavorum

220 5043 508 5099 suburbio
527 5043 848 5099 ‘sita.Hanc
895 5043 1084 5115 ipsam
1115 5044 1293 5111 diem,
1332 5060 1460 5116 qua
1489 5044 1780 5117 hodieque
1809 5045 1869 5102 in

215 5130 330 5188 hoc
359 5123 721 5190 monasterio
749 5131 996 5188 celebris
1025 5135 1132 5200 est,
1164 5137 1375 5205 praeter
1406 5137 1575 5189 vetus
1629 5133 1869 5190 Chroni~

209 5235 326 5275 con
357 5237 472 5278 ms.
493 5221 700 5277 Sancti
718 5219 932 5288 Albini,
965 5221 1229 5294 assignat
1273 5221 1479 5277 charta
1507 5222 1870 5281 fundationis

212 5308 400 5366 beatas
443 5310 645 5366 Mariae
701 5309 776 5366 de
823 5309 970 5365 Rot‘a
1024 5325 1205 5382 prope
1254 5311 1608 5368 Credonium
1642 5328 1656 5367 :
1689 5327 1870 5384 quare

215 5398 519 5454 emendari
577 5399 755 5454 debet
813 5397 1126 5456 Ordericus
1180 5398 1406 5469 Vitalis,
1467 5400 1567 5472 qui
1622 5400 1772 5457 libro
1809 5413 1868 5457 1x

213 5485 672 5560 scripsit'Sanoti
703 5485 924 5545 Nicolai
955 5487 1383 5544 dedicationem
1426 5490 1490 5545 in
1515 5488 1693 5546 medio
1723 5491 1867 5560 Quar-

211 5574 550 5650 ιεναθαίυιε
573 5575 791 5637 factum
815 5575 1015 5644 fuisse,
1030 5577 1194 5637 certe
1221 5576 1398 5635 Falco
1419 5577 1865 5652 Andegavo-rum

1989 3352 2198 3408 animas
2229 3351 2429 3424 requie
2457 3351 2636 3407 dedit.
2671 3353 2783 3408 Sed
2814 3353 2936 3409 haec
2974 3355 3212 3411 donatio
3243 3375 3468 3432 magnae
3509 3361 3631 3422 litis

1986 3445 2242 3514 segetem
2269 3445 2470 3513 postea
2495 3440 2742 3512 praebuit
2771 3441 2925 3498 inter
2952 3445 3079 3514 ejus
3118 3443 3228 3501 loci
3285 3451 3628 3525 monachos,

1969 3536 2044 3589 at
2074 3529 2435 3597 Albinianos,
2459 3529 2616 3601 quod
2648 3529 2746 3585 isti
2773 3529 2979 3587 silvam
3005 3531 3167 3590 illam
3209 3535 3500 3612 integram
3555 3543 3629 3599 ad

1985 3637 2046 3676 se
2075 3618 2367 3692 pertinere
2404 3619 2839 3676 contenderent.
2873 3621 3074 3694 Sopita
3099 3627 3188 3681 est
3216 3628 3456 3685 tandem
3526 3649 3634 3705 ope

1984 3708 2250 3764 Gaufridi
2282 3708 2702 3765 Meduanensis
2759 3710 3199 3785 Andegavoru-m
3255 3717 3516 3793 episcopi
3572 3726 3632 3778 et

1984 3797 2269 3854 Willelmi
2302 3798 2531 3854 abbatis
2578 3798 2772 3853 Sancti
2829 3798 3123 3872 Florentii,
3170 3807 3237 3858 ut
3291 3806 3487 3864 videre
3542 3811 3633 3866 est

1984 3888 2136 3961 apud
2171 3887 2542 3943 Pelleterium
2597 3887 2657 3941 in
2707 3887 2963 3946 Historia
3013 3892 3212 3946 Sancti
3243 3880 3486 3966 Nicolai,
3527 3899 3628 3954 ubi

1982 3977 2134 4031 inter
2153 3975 2269 4031 alia
2285 3975 2474 4031 multa
2493 3981 2894 4044 monumenta,
2908 3981 3228 4035 concordiae
3263 3980 3442 4053 hujus
3469 3984 3628 4040 initas

1977 4065 2440 4121 instrumentum
2463 4064 2702 4136 profert.
2723 4069 2796 4121 At
2826 4083 2941 4122 non
2963 4066 3105 4123 satis
3137 4069 3248 4124 sibi
3284 4075 3515 4127 constat
3566 4072 3627 4128 in
3696 4072 3698 4074 ’

1981 4153 2336 4226 assignando
2357 4153 2504 4219 loco,
2524 4154 2678 4225 quod
2700 4153 2965 4212 tumulus
2986 4155 3226 4213 Goﬂ‘rid‘i
3248 4174 3356 4214 suo
3368 4162 3628 4235 tempore

1981 4243 2132 4298 situs
2153 4245 2298 4298 erat.
2315 4242 2497 4297 Hodie
2518 4242 2730 4298 visitur
2741 4243 2897 4299 haud
2913 4245 3113 4317 procul
3127 4245 3200 4302 ab
3220 4247 3387 4304 altari
3418 4251 3629 4322 majori

1977 4333 2204 4399 tumba,
2238 4332 2337 4388 sed
2375 4332 2596 4404 absque
2644 4332 2766 4410 ulla
2809 4332 3218 4407 inscriptione,
3250 4343 3428 4410 quam
3481 4339 3628 4413 ipsis

1969 4420 2220 4478 'Gotl‘ridi
2251 4437 2380 4477 esse
2439 4425 2666 4494 putant.
2700 4421 2922 4478 Dicitur
2978 4428 3176 4481 tamen
3215 4426 3275 4482 in
3303 4429 3482 4485 veteri
3529 4426 3627 4486 ini-

1901 4519 1947 4585 D
1979 4516 2306 4568 strumento
2333 4523 2466 4583 pag.
2488 4511 2582 4580 29,
2606 4511 2664 4566 in
2689 4511 2881 4566 navim
2913 4512 3181 4570 Ecclesia:
3203 4519 3345 4573 tunc
3375 4516 3627 4577 transla-

1981 4603 2077 4656 tus
2125 4600 2308 4655 fuisse
2350 4604 2409 4655 et
2465 4598 2765 4673 sepultus;
2817 4605 2874 4656 et
2920 4602 3096 4674 paulo
3155 4608 3288 4662 ante
3340 4621 3472 4682 pag.
3532 4608 3626 4681 25,

1982 4688 2297 4760 scripserat
2324 4687 2451 4761 ipse
2495 4687 2834 4746 Pelleterius
2870 4707 2883 4746 :
2917 4693 3091 4764 Hujus
3138 4695 3440 4766 sepultura:
3464 4696 3628 4769 ﬁdem

1978 4779 2116 4849 facit
2131 4778 2353 4849 pictura
2382 4779 2432 4832 et
2463 4777 2607 4849 lapis
2633 4795 2668 4833 a
2715 4786 2864 4835 terra
2913 4783 3136 4838 circiter
3179 4783 3249 4838 ad
3306 4787 3414 4841 tres
3463 4787 3626 4857 pedes

1979 4867 2217 4922 elevatus
2238 4868 2485 4922 anterior
2500 4867 2697 4922 altaris
2715 4870 2891 4924 sancti
2903 4871 3157 4938 Andreae,
3177 4872 3318 4944 quod
3343 4877 3424 4928 est
3448 4873 3520 4928 ad
3546 4876 3622 4929 si»

1978 4957 2216 5010 nistrum
2236 4955 2417 5026 majus
2432 4955 2610 5010 altare
2628 4971 2753 5010 cum
2782 4955 2879 5010 hoc
2898 4958 3100 5028 elogio:
3121 4961 3260 5014 Dum
3277 4960 3472 5029 viguit,
3486 4951 3624 5030 ϐία,

1969 5059 2107 5115 qua:
2136 5044 2336 5099 omnia
2363 5042 2537 5100 hodie
2565 5057 2683 5100 non
2713 5050 3077 5118 comparent.

2048 5131 2166 5188 Hac
2223 5132 2353 5204 ipsa
2411 5131 2800 5190 dedicationis
2855 5133 3052 5189 Sancti
3112 5132 3334 5191 Nicolai
3396 5136 3511 5208 die,
3562 5133 3622 5194 id

1977 5224 2065 5276 est
2076 5238 2132 5275 Iv
2143 5221 2284 5276 Idus
2300 5221 2616 5290 Februarii,
2633 5222 2904 5279 Urbanus
2932 5221 3158 5279 litteras
3181 5223 3252 5279 ad
3283 5223 3622 5300 Philippum

1968 5307 2462 5366 Catalaunensem
2481 5310 2819 5383 episcopum
2839 5311 3094 5384 scripsit,
3119 5313 3338 5385 quibus
3359 5332 3496 5373 eum
3525 5319 3624 5374 ad-

1973 5396 2263 5466 hortatur,
2286 5403 2355 5456 ut
2398 5399 2718 5456 monachos
2765 5401 2957 5456 Sancti
2988 5400 3184 5458 Vitoni
3231 5403 3621 5465 Virdunensis

1975 5488 2076 5559 qui
2093 5487 2151 5544 in
2172 5489 2300 5561 ejus
2311 5487 2576 5546 dioecesis
2587 5490 2847 5563 prioratu
2864 5487 3062 5547 Sancti
3073 5489 3294 5553 Nicolai
3309 5497 3619 5555 morabam-

1976 5583 2094 5652 tur,
2120 5594 2156 5639 a
2183 5575 2603 5642 nonnullorum
2655 5576 3119 5656 parwhianmm
3173 5599 3417 5648 suorum
3446 5599 3620 5652 νοτιω-
