3998 6158
398 278 526 338 ,195

1703 278 1774 342 B'.
1821 278 2110 343 URBANI
2155 281 2206 341 ll
2252 279 2508 341 ΡΑΡᾸΞ.

3699 280 3817 339 196

407 417 668 473 tionibus
721 413 1030 484 liberaret;
1064 419 1122 470 et
1159 414 1217 470 in
1265 413 1584 486 posterium
1616 413 1724 468 sub
1755 414 1883 484 ejus
1915 431 2051 486 pro-
2078 418 2134 482 Α
2160 412 2447 469 liberandi
2470 412 2719 468 Goifredi
2752 413 3137 470 Barbatiolim
3160 413 3414 469 Andium
3439 412 3810 484 comitis,qui

409 506 659 562 tertione
691 521 926 561 securos
971 505 1365 576 essejuberet.

407 612 679 670 CCXLIIl.
715 613 962 684 Eclipsis.
985 611 1300 684 Monasterii
1340 611 1506 684 _Rota3_
1528 609 1891 684 conﬁrmatio.
1925 610 2052 681 Ejus

706 685 809 740 loci
830 680 1002 738 abbas
1023 683 1288 738 Robertus
1319 680 1383 735 de
1409 680 1728 736 Arbrisello.

478 772 862 840 Postridie,ut
883 771 940 826 in
969 769 1253 825 Chronico
1290 767 1690 842 Andegavensi
1722 770 1876 841 apud
1909 769 2052 825 Lab-

406 863 582 918 beum
639 861 792 916 edito
844 859 1114 932 legimus,
1153 857 1375 914 scilicet
1404 875 1466 912 ιιι
1513 858 1639 913 ldus
1701 858 2047 925 Februarias,

404 969 529 1008 cum
560 950 857 1023 praedictus
881 965 1027 1020 papa
1050 951 1109 1002 in
1141 947 1423 1003 Amlecava
1443 947 1575 1003 urbe
1605 946 1882 1016 resideret,
1916 948 2050 1002 luna

403 1057 526 1096 cum
550 1041 683 1094 esset
712 1055 813 1092 XIII
846 1037 1150 1093 terribilem
1177 1037 1421 1108 eclipsim
1449 1053 1612 1108 passa
1639 1039 1735 1092 est.
1755 1036 1928 1100 «Qua
1955 1036 2048 1091 die

403 1127 557 1184 idem
590 1125 846 1200 pontifex
878 1127 936 1181 in
969 1141 1200 1182 camera
1219 1124 1481 1181 Gaufridi
1501 1123 1758 1198 episcopi
1780 1125 2046 1197 ejusdem

401 1217 568 1273 urbis
590 1233 788 1272 manus
819 1231 938 1273 sua:
966 1217 1308 1287 impositione
1337 1213 1705 1270 conﬁrmavit
1761 1214 2048 1270 fundatio-

405 1323 539 1363 nem
602 1305 942 1362 monasterii
1002 1304 1416 1360 canonicorum
1473 1302 1830 1375 regularium
1865 1303 2046 1359 beata:

403 1395 598 1452 Mariae
632 1397 703 1450 de
736 1395 902 1459 Rota,
937 1411 1116 1466 prope
1170 1393 1516 1449 Credonium
1559 1391 1680 1457 siti,
1713 1391 1804 1448 die
1833 1409 2043 1464 praece-

400 1484 580 1553 denti,
614 1503 648 1539 a
697 1483 952 1540 Renaldo
1002 1481 1237 1538 Roberti
1289 1480 1590 1553 Burgundi
1645 1479 1762 1535 ﬁlio
1807 1481 2039 1536 factam.

400 1573 783 1630 Fundationis
833 1572 1045 1628 litteris
1095 1571 1542 1643 subcripserunt
1584 1570 1750 1642 Hugo
1809 1570 2042 1642 Lugdu-

397 1663 618 1730 nensis,
642 1667 698 1718 et
724 1665 968 1717 Amatus
997 1660 1432 1733 Burdigalensis
1454 1659 1872 1732 archiepiscopi
1897 1659 2043 1731 ;epi-

396 1752 555 1824 scopi
586 1767 738 1817 vero,
773 1751 866 1807 Ivo
895 1748 1292 1815 Carnotensis,
1323 1747 1561 1805 Hoellus
1599 1747 2039 1805 Cenomannen-
2067 1791 2116 1857 Β

395 1841 477 1898 sis
498 1845 555 1897 et
583 1840 894 1896 Gualterus
924 1838 1293 1894 Albanensis.
1318 1838 1463 1893 Cum
1486 1837 1716 1894 Urbano
1746 1853 1879 1894 vero
1909 1854 2040 1894 eam

395 1931 776 1986 firmaverunt
842 1927 1157 1984 Gaufridus
1213 1925 1676 1999 Andegavensis,
1733 1930 1790 1982 et
1846 1927 2039 1984 Bruno

393 2018 719 2092 Signiensis
740 2016 1028 2090 episcopi;
1055 2014 1322 2082 Teuthio,
1345 2014 1616 2071 Albertus
1631 2020 1686 2071 et
1716 2016 2038 2088 Rangerius

393 2106 756 2174 cardinales;
786 2106 1182 2162 Emorrandus
1205 2105 1275 2159 de
1293 2103 1570 2161 Seissuns
1591 2108 1647 2159 et
1676 2104 1811 2160 Milo
1843 2122 2041 2161 mona-

393 2197 541 2254 chus
564 2196 760 2253 Sancti
783 2193 1212 2259 Albini,c1erici
1245 2210 1427 2266 papze,
1456 2216 1484 2243 »
1507 2193 1609 2264 qui
1642 2210 1846 2249 omnes
1875 2194 2038 2250 dedi-

369 2285 605 2350 cationi
621 2284 875 2340 ecclesiae
899 2283 1097 2339 Sancti
1127 2281 1348 2337 Nicolai
1392 2282 1464 2337 ad
1488 2298 1668 2354 quam
1697 2300 1899 2352 magna
1951 2299 2034 2338 se-

387 2379 551 2430 natus
582 2374 814 2430 Romani
837 2389 969 2444 pars
999 2371 1323 2428 occurrisse
1354 2371 1587 2438 dicitur,
1629 2370 2031 2440 interfuerant,

387 2464 559 2520 Edita
606 2467 746 2520 sunt
803 2464 932 2534 ejus
977 2461 1059 2516 rei
1103 2461 1496 2516 instrumenta
1526 2464 1684 2517 tomo
1734 2461 1806 2515 IV
1837 2461 2032 2516 Galliae

388 2553 732 2609 Christiana
763 2569 798 2606 a
826 2549 1319 2616 Sammarthanis,
1354 2554 1412 2606 et
1466 2554 1623 2606 tomo
1667 2549 1715 2604 Il
1746 2549 2031 2606 Miscella-

388 2657 630 2697 neorum
663 2639 1132 2696 Baluzianorum.

457 2729 726 2786 Rotensis
770 2727 1017 2783 cmnobii
1070 2727 1274 2798 abbas,
1307 2731 1363 2782 et
1394 2727 1631 2798 quidem
1665 2728 1888 2800 primus
1921 2728 2031 2783 fuit

389 2819 676 2875 Robertus
709 2818 780 2872 de
807 2815 1147 2883 Arbrisello,
1190 2813 1661 2872 Fontis—Ebraldi
1691 2816 2030 2872 monasterii

385 2913 444 2964 et
462 2907 645 2964 totius
667 2904 1083 2978 ordinispaulo
1110 2908 1313 2976 postea
1333 2904 1567 2960 futurus
1589 2904 1889 2960 institutor
1918 2906 2027 2960 sub

385 2995 661 3053 extremis
682 2995 899 3052 Urbani
923 2993 1114 3050 annis.
1139 2993 1327 3064 Hujus
1357 3009 1491 3049 vero
1517 3009 1650 3048 cum
1686 2993 1898 3048 famam
1923 3011 2025 3050 au-

384 3085 592 3142 diisset
621 3085 890 3141 Urbanus
912 3083 1106 3155 ipsum
1129 3083 1470 3155 Andegavos
1512 3082 1834 3150 accersivit,
1869 3100 1934 3137 ac
1965 3083 2024 3138 in

383 3173 765 3231 dedicationis
796 3172 989 3228 Sancti
1041 3169 1259 3227 Nicolai
1304 3170 1691 3241 solemnitate,
1720 3171 1790 3224 ad
1822 3188 2022 3242 quam,
2055 3159 2098 3226 C

383 3264 576 3336 inquit
631 3261 968 3318 Baldericus
1013 3259 1276 3332 ejusdem
1337 3259 1572 3316 Roberti
1613 3259 1754 3314 Vita;
1803 3265 2023 3329 auctor,

379 3355 706 3423 con/luxisse
729 3355 952 3422 putares
983 3357 1147 3406 totam
1176 3349 1321 3404 orbis
1350 3348 1792 3421 amplitudinem,
1813 3366 2028 3404 sermo-

383 3459 518 3498 nem
540 3440 739 3497 haberi
757 3440 962 3511 jussit,
984 3441 1140 3510 cujus
1170 3439 1353 3504 verba,
1377 3443 1443 3492 ut
1475 3437 1628 3493 idem
1661 3442 1862 3494 auctor
1887 3455 2025 3510 pro-

379 3531 665 3604 sequitur,
689 3530 846 3585 valde
908 3530 1144 3584 Domino
1169 3541 1334 3598 papae
1359 3527 1838 3598 complacuerunt;
1871 3528 2024 3592 unde

377 3619 641 3692 injuncto
673 3619 724 3675 ei
756 3616 1187 3690 praedicationis
1209 3614 1400 3671 ofﬁcio
1429 3614 1727 3670 secundum
1756 3633 1790 3670 a
1818 3632 1872 3671 se
1901 3632 2026 3671 eum

375 3711 569 3764 statuit
601 3710 699 3764 Dei
724 3705 1176 3763 seminiverbium
1203 3721 1221 3758 :
1255 3720 1372 3776 qua
1399 3703 1669 3774 legatione
1698 3705 1934 3760 functus
1963 3705 2024 3760 in

375 3797 554 3855 variis
587 3796 954 3864 dimcesibus,
970 3793 1060 3850 sui
1074 3791 1410 3848 monasterii
1429 3792 1686 3865 regimen
1702 3793 1946 3857 dimisit,
1961 3799 2025 3850 ut

375 3885 620 3942 liberius
653 3884 982 3940 ministerio
1008 3880 1167 3937 verbi
1198 3880 1522 3936 insudaret.

361 4020 364 4025 .
465 3973 743 4031 CCXLIV.
788 3973 1032 4029 Urbanus
1065 3971 1318 4042 pontifex
1347 3969 1400 4024 S.
1434 3971 1683 4026 Maurum
1707 3972 1912 4027 invisit.

450 4063 668 4120 Relicta
696 4064 890 4117 autem
913 4059 1357 4131 Andegavorum
1383 4057 1544 4126 urbe,
1569 4059 1826 4130 pontitex
1851 4058 2022 4115 Glan-

375 4151 697 4208 nafoliense
729 4148 925 4205 Sancti
953 4147 1140 4204 Mauri
1166 4145 1306 4202 olim
1343 4145 1567 4202 celebre
1597 4148 2019 4204 monasterium

374 4240 593 4305 invisit,
609 4238 764 4310 quod
789 4242 925 4291 tunc
945 4235 1230 4308 temporis
1255 4235 1698 4292 Fossatcnsibus
1717 4237 2020 4293 monachis

377 4330 449 4385 ab
481 4327 650 4384 annis
690 4327 872 4382 ferme
917 4323 1184 4381 ducentis
1216 4324 1546 4395 subjectum
1579 4329 1722 4380 erat.
1757 4325 1833 4380 Ea
1863 4326 1932 4380 de
1958 4342 2019 4380 re

363 4415 488 4478 loci
517 4415 790 4472 monachi
829 4431 963 4469 cum
994 4411 1201 4468 vicinis
1232 4411 1442 4468 incolis
1473 4416 1529 4467 et
1557 4413 1865 4484 provinciae
1898 4429 2018 4468 ma-

2163 503 2241 559 ibi
2289 521 2323 559 a
2367 503 2572 559 multis
2603 502 2775 559 annis
2797 503 3069 560 Fulconis
3109 502 3350 559 Rechini
3383 501 3609 558 comitis
3631 501 3810 572 jussu

2161 592 2424 664 captivus
2454 591 2843 648 detinebatur.
2877 592 3040 648 Hunc
3070 593 3307 664 quippe,
3343 591 3425 647 ait
3472 589 3567 646 ille
3607 595 3812 646 auctor

2160 680 2308 736 libro
2340 699 2393 748 ι,
2434 681 2679 738 Urbanus
2710 681 2932 737 hortatu
2960 689 3010 737 et
3051 684 3311 753 potestate
3339 698 3372 736 a
3401 680 3638 735 vinculis
3669 681 3806 735 libe-

2157 772 2321 825 ravit.
2347 769 2572 825 Etlibro
2603 789 2659 826 ιχ
2691 769 2892 826 scribit
2917 770 3189 825 eumdem
3223 769 3558 826 Goﬂ‘redum
3589 769 3807 825 Urbano

2157 875 2298 931 papa
2331 867 2599 930 praesente
2627 863 2680 915 et
2715 863 3021 931 imperante
3077 858 3412 915 absolutum
3468 859 3669 923 fuisse,
3703 858 3806 930 qui

2157 949 2311 1020 apud
2346 949 2642 1005 Chinonem
2672 953 2899 1005 castum
2960 965 3064 1020 per
3122 966 3308 1004 annos
3341 947 3520 1003 ferme
3567 947 3814 1020 triginta

2157 1039 2215 1092 in
2248 1055 2475 1095 carcere
2531 1037 2795 1096 reclusus
2852 1038 3060 1094 fuerat.
3096 1039 3224 1094 Haec
3255 1037 3567 1094 Ordericus
3601 1054 3614 1092 :
3665 1041 3725 1093 at
3757 1035 3810 1092 si

2157 1126 2300 1183 alios
2331 1127 2550 1201 passim
2576 1127 2846 1201 vulgatos
2880 1132 3142 1184 auctores
3171 1127 3625 1195 audiamus,aut
3650 1143 3802 1182 nun-

2156 1233 2331 1289 quam
2365 1233 2647 1272 ecarcere
2704 1217 2985 1272 liberatus
3045 1218 3152 1272 fuit
3211 1217 3579 1284 Gautl‘redus,
3640 1216 3801 1287 quod

2153 1306 2366 1362 diserte
2405 1306 2579 1361 habet
2601 1305 2989 1375 Hildebertus,
3015 1306 3115 1378 qui
3146 1306 3225 1360 ibi
3259 1310 3399 1360 tunc
3456 1305 3702 1370 vivebat,
3737 1304 3800 1358 in

2151 1395 2286 1450 Vita
2315 1395 2500 1451 sancti
2522 1395 2816 1469 Hugonis;
2843 1399 2940 1451 aut
2957 1399 3110 1451 certe
3132 1393 3190 1450 id
3223 1393 3411 1449 multo
3433 1398 3566 1466 post
3584 1391 3802 1449 Urbani

2153 1484 2464 1539 adventum
2497 1484 2554 1538 in
2612 1483 2858 1539 Galliam
2909 1483 3171 1556 contigit,
3207 1487 3272 1537 ut
3299 1482 3494 1538 videre
3523 1487 3612 1538 est
3641 1481 3798 1554 apud

2151 1573 2485 1645 Menagium
2516 1571 2666 1628 libro
2698 1589 2755 1628 in
2788 1572 3050 1628 Historia;
3081 1571 3482 1638 Sabloliensis,
3515 1588 3641 1644 cap.
3687 1572 3794 1637 16;

2150 1662 2249 1717 sed
2273 1661 2773 1717 hasdifﬁcultates
2806 1661 2994 1718 fusius
3027 1661 3296 1734 persequi
3347 1660 3494 1716 nihil
3525 1664 3794 1718 nostrum

2149 1750 2409 1807 interest.

2257 1857 2532 1912 CCXLVI.
2571 1857 2806 1913 Sublolii
2836 1858 3044 1912 bullam
3074 1857 3164 1912 (lat
3189 1873 3290 1929 pro
3321 1858 3374 1912 S.
3410 1856 3646 1912 Nicolao.

2223 1946 2322 2004 Die
2371 1964 2463 2001 xv1
2519 1946 2805 2002 Kalendas
2838 1946 3052 2012 Martii,
3085 1947 3142 2001 id
3201 1950 3288 2002 est
3345 1943 3642 2002 Februarii
3700 1945 3790 2013 14,

2150 2036 2419 2092 Urbanus
2449 2034 2711 2105 Sablolii,
2733 2037 2887 2108 quod
2919 2035 3201 2108 oppidum
3217 2039 3305 2092 est
3334 2036 3393 2090 in
3422 2035 3793 2107 Andegaven-

2147 2127 2302 2181 sium
2317 2130 2374 2180 et
2386 2129 2891 2182 Cenomannorum
2905 2125 3122 2181 ﬁnibus
3136 2126 3315 2181 situm
3329 2125 3461 2180 dato
3475 2123 3792 2196 diplomate

2144 2214 2508 2270 confirmavit
2535 2212 2836 2287 privilegia
2889 2219 2945 2269 et
3005 2214 3406 2286 possessiones
3447 2212 3789 2268 monasterii

2146 2303 2342 2359 Sancti
2371 2302 2588 2358 Nicolai
2620 2303 3078 2376 Andegavensis,
3109 2304 3280 2375 cujus
3310 2301 3614 2358 basilicam
3647 2306 3784 2358 ante

2145 2411 2362 2466 paucos
2389 2392 2511 2448 dies
2543 2392 2820 2448 manibus
2863 2392 2990 2448 suis
3047 2395 3498 2450 consecraverat.
3560 2392 3623 2447 In
3680 2391 3792 2446 hac

2143 2481 2324 2550 bulla,
2366 2481 2551 2536 multa
2592 2481 2874 2537 beneﬁcia
2931 2481 3211 2549 decernit,
3245 2481 3330 2536 uti
3388 2480 3664 2547 diximus,
3726 2481 3788 2536 in

2142 2588 2340 2626 eorum
2365 2570 2635 2643 gratiam,
2669 2570 2768 2641 qui
2791 2570 3056 2625 eamdem
3079 2569 3380 2626 basilicam
3403 2568 3496 2625 die
3517 2569 3786 2626 anniver-

2141 2661 2296 2718 sario
2317 2661 2445 2731 ejus
2479 2659 2863 2715 dedicationis
2890 2658 3210 2714 inviserint.

2140 2767 2365 2823 CCXLV
2373 2766 2439 2821 II.
2466 2765 2826 2822 Cenomannis
2871 2767 3045 2820 tribus
3081 2766 3269 2821 diebus
3311 2773 3560 2822 moratur
3615 2765 3785 2822 Urba-

2757 2853 2862 2891 nus
2886 2838 3154 2908 pontifex.

2209 2927 2716 2983 Cenomannorum
2740 2942 2973 2998 quoque
2996 2926 3200 2982 urbem
3227 2926 3444 2982 adiisse
3475 2925 3781 2982 Urbanum

2135 3016 2303 3072 testis
2324 3019 2414 3070 est
2435 3015 2608 3070 Fulco
2628 3031 2822 3070 comes
2848 3014 2905 3068 in
2927 3014 3254 3087 fragmento
3267 3015 3393 3085 jam
3407 3014 3661 3083 laudato,
3678 3013 3782 3070 ubi

2136 3105 2398 3160 triduum
2417 3103 2635 3160 Hoellis
2657 3103 2913 3176 episcopi
2933 3104 3266 3175 sumptibus
3286 3103 3544 3176 exegisse
3565 3103 3784 3159 dicitur

2139 3195 2196 3249 in
2222 3193 2380 3249 Actis
2411 3193 2673 3264 ejusdem
2699 3193 2864 3248 urbis
2894 3193 3295 3266 episcoporum
3326 3197 3482 3249 tomo
3518 3193 3595 3248 III
3623 3195 3780 3248 Ana-

2135 3282 2418 3340 lectorum
2450 3282 2744 3338 Mabillon.
2800 3282 2992 3350 editis,
3027 3298 3141 3354 qua
3171 3281 3472 3337 occasione
3502 3280 3784 3337 laudatur

2133 3371 2231 3428 ille
2259 3372 2524 3439 antistes,
2554 3372 2707 3443 quod
2738 3373 2886 3426 inter
2925 3388 3104 3427 omnes
3132 3373 3523 3426 antecessorum
3551 3387 3783 3426 suorum

2133 3463 2320 3517 titulos
2347 3461 2494 3516 solus
2523 3461 2851 3516 universalis
2874 3475 3038 3532 papae
3065 3464 3117 3515 et
3145 3460 3483 3516 sacerdotum
3529 3461 3781 3515 omnium

2128 3550 2402 3623 principis
2453 3553 2795 3606 sacrosancto
2847 3549 3076 3621 hospitio
3135 3549 3428 3605 honoratus
3483 3548 3677 3606 iuuit.
3713 3549 3781 3603 Et

2135 3640 2372 3712 quidem
2407 3639 2549 3694 adeo
2577 3637 2819 3694 celebris
2847 3639 3000 3710 apud
3033 3637 3193 3694 illius
3245 3637 3500 3710 regionis
3530 3635 3777 3709 populos

2132 3729 2347 3784 Urbani
2367 3732 2771 3784 Cenomannos
2793 3727 3076 3782 adventus
3099 3727 3300 3792 evasit,
3328 3729 3392 3782 ut
3411 3726 3546 3781 inde
3576 3726 3634 3781 in
3665 3742 3780 3797 pu-

2132 3818 2300 3873 blicis
2341 3818 2748 3873 instrumentis
2791 3816 3141 3888 quandoque
3185 3833 3288 3888 pro
3337 3815 3558 3888 epocha
3603 3815 3782 3870 fuerit

2131 3906 2453 3962 adhibitus.
2487 3907 2622 3974 Hac,
2656 3905 2742 3961 uti
2785 3906 3034 3974 videtur,
3083 3905 3404 3971 occasione,
3461 3907 3563 3960 aut
3619 3909 3776 3960 certe

2130 4011 2265 4050 cum
2295 3994 2588 4067 Andegavi
2649 3998 2822 4059 esset,
2856 3993 3009 4049 idem
3039 3993 3297 4066 pontifex
3345 3991 3542 4048 Hoello
3575 4009 3776 4047 curam

2129 4082 2503 4138 demandavit
2534 4081 2925 4138 restitutionis
2954 4084 3219 4137 Loconaci
3249 4080 3555 4138 monachis
3579 4081 3780 4136 Sancti

2127 4171 2320 4226 Albini
2381 4170 2676 4236 faciendae,
2710 4186 2883 4242 quem
2938 4169 3154 4237 locum,
3183 4168 3321 4224 olim
3352 4188 3386 4225 a
3411 4169 3780 4226 Childeberto

2128 4277 2261 4334 rege
2293 4261 2410 4316 illis
2441 4261 2748 4328 donatum,
2770 4260 2878 4314 viri
2905 4261 3146 4332 quidam
3171 4259 3394 4316 nobiles
3421 4259 3778 4316 invaserant.

2127 4367 2458 4423 CCXLVIII.
2481 4366 2762 4422 l’imlocini
2789 4367 2904 4421 dies
2931 4367 3184 4421 undecim
3218 4375 3607 4422 commoratur.
3645 4372 3777 4422 Pro-

2194 4440 2486 4520 fessionem
2515 4439 2762 4520 episcopo
2782 4440 2988 4509 factam
3023 4440 3238 4493 irritam
3284 4440 3439 4508 facit.
3491 4438 3778 4494 Consecrat

365 4506 655 4578 gnatibus
674 4503 977 4592 conquesti
995 4507 1135 4558 sunt
1156 4502 1310 4592 apud
1335 4501 1652 4592 Urbanum,
1673 4502 1746 4556 ab
1771 4517 1837 4556 eo
1865 4502 2020 4592 efﬂa-
2047 4528 2093 4592 Ι)
2194 4501 2375 4565 ξιιιανε
2405 4501 2686 4579 cruciﬁxi,

375 4595 630 4668 gitantes
651 4599 715 4648 ut
734 4597 851 4648 tam
873 4590 1158 4647 illustrem
1185 4590 1378 4648 locum
1409 4590 1480 4645 ab
1519 4594 1847 4645 exterarum
1871 4591 2018 4663 jugo

376 4683 670 4738 liberaret.
697 4683 806 4737 Sed
831 4680 926 4735 ille
955 4696 1194 4735 causam
1227 4679 1530 4750 hanc,quaa
1560 4679 1864 4733 videbatur
1893 4695 2020 4734 esse

374 4771 623 4843 alicujus
654 4771 954 4838 momenti,
971 4770 1042 4825 ad
1066 4767 1381 4824 concilium
1396 4767 1731 4822 Turonense
1749 4768 2016 4840 sequenti

363 4877 578 4924 mense
608 4860 1044 4926 celebrandum,
1081 4857 1453 4912 deferendam
1506 4872 1634 4911 esse
1674 4855 1921 4925 censuit,
1954 4853 2018 4911 ut

379 4951 514 5007 dato
573 4949 1020 5005 Fossatensibus
1053 4962 1181 5001 sese
1231 4943 1430 4999 tuendi
1465 4943 1608 5009 loco,
1643 4960 1755 5011 res,
1790 4948 2018 5000 mature

363 5022 675 5111 perpensis
704 5055 773 5093 ex
803 5040 1051 5104 utraque
1082 5035 1245 5104 parte
1276 5030 2014 5100 momentis,judicaretur.

373 5127 535 5190 Quod
569 5125 762 5198 reipsa
791 5126 1010 5179 factum
1056 5125 1166 5188 est,
1202 5123 1258 5174 et
1295 5120 1670 5174 Fossatenses
1699 5135 1878 5174 causa
1933 5119 2019 5174 uti

370 5215 525 5272 infra
552 5216 837 5278 dicemus,
871 5209 1225 5265 ceciderunt.

370 5304 623 5361 CCXLV.
657 5311 743 5358 An
775 5299 1012 5355 Cainone
1043 5296 1358 5371 Go/fredum
1392 5297 1693 5352 Barbatum
1740 5297 2014 5352 liberavit.

445 5388 904 5448 HincCainonem
928 5387 985 5443 in
1004 5386 1529 5442 finibusTuronum
1546 5385 2018 5442 versusPictavos

367 5493 722 5556 progressus
741 5480 830 5532 est
848 5475 1129 5554 pontifex,
1153 5475 1202 5531 si
1229 5491 1429 5532 verum
1461 5473 1538 5531 sit
1567 5490 1702 5530 eum
1737 5473 1884 5531 illud
1915 5491 2020 5550 0p-

373 5569 577 5653 pidum
605 5565 841 5637 adiisse,
876 5569 941 5642 ut
988 5565 1181 5626 innuit
1228 5563 1537 5625 Ordericus
1566 5561 1802 5636 Vitalis,

2198 4598 2590 4653 Vindocinum
2609 4597 2744 4652 inde
2761 4598 3054 4669 profectus
3076 4597 3352 4669 pontifex,
3367 4597 3584 4653 ibidies
3599 4597 3783 4652 unde-

2130 4687 2241 4740 cim
2300 4689 2698 4741 commoratus
2738 4690 2846 4753 est,
2880 4689 3025 4740 teste
3055 4685 3310 4740 Gotl‘rido
3337 4687 3467 4757 ejus
3496 4684 3605 4741 loci
3636 4690 3779 4739 tunc

2128 4775 2358 4840 abbate,
2391 4773 2490 4846 qui
2544 4773 2690 4828 libro
2721 4791 2759 4841 ι,
2819 4775 2992 4846 epist.
3045 4775 3132 4842 18,
3165 4774 3285 4828 haec
3345 4776 3415 4829 ad
3475 4775 3777 4830 Cononem

2125 4863 2464 4935 episcopum
2483 4862 2639 4918 sedis
2663 4861 2989 4932 apostolicae
3013 4861 3268 4934 legatum
3289 4863 3490 4918 scribit
3512 4880 3523 4918 :
3543 4862 3780 4934 Optimae

2124 4953 2405 5008 memoriae
2452 4967 2599 5023 papa
2639 4951 2908 5021 Urbanus,
2939 4958 2990 5006 et
3043 4953 3138 5021 qui
3192 4967 3340 5007 nunc
3396 4960 3475 5007 est
3518 4950 3778 5007 dominus

2125 5041 2403 5096 Paschalis
2432 5057 2594 5112 papa,
2629 5042 2689 5094 in
2718 5041 2954 5095 Ecclesia
2985 5048 3193 5108 nostra,
3227 5040 3323 5095 ubi
3368 5055 3488 5097 sum
3537 5042 3784 5096 charito-

2125 5131 2193 5184 tis
2215 5131 2397 5198 gratia
2421 5145 2520 5200 per
2549 5128 2800 5183 undecim
2831 5128 2946 5184 dies
2975 5133 3323 5197 manserunt,
3350 5130 3642 5200 privilegia
3672 5144 3778 5185 no-

2123 5226 2236 5272 stra
2269 5217 2522 5271 viderunt
2551 5223 2602 5271 et
2627 5232 2718 5271 ore
2743 5218 2966 5287 pr0prio
3015 5217 3285 5285 legerunt,
3313 5221 3362 5272 et
3391 5234 3500 5273 sua
3542 5220 3780 5274 auctori-

2127 5307 2255 5361 tatis
2284 5304 2491 5359 decreto
2520 5305 2899 5374 ﬁrmaverunt.
2922 5304 3001 5358 Ea
3032 5305 3236 5376 procul
3267 5305 3443 5362 dubio
3474 5305 3782 5362 occasione

2128 5393 2395 5448 Urbanus
2441 5391 2645 5446 didicit
2674 5391 2747 5446 ab
2801 5393 2929 5464 ejus
2973 5391 3083 5448 loci
3115 5394 3419 5450 monachis
3451 5394 3780 5451 Goﬁ‘ridum

2129 5480 2419 5547 abbatem,
2453 5495 2588 5535 cum
2621 5479 2694 5536 ab
2722 5481 2891 5537 ivone
2936 5481 3260 5540 Carnoteno
3308 5483 3778 5554 benediceretur,

2129 5566 2552 5652 professionem
2584 5568 2635 5628 ei
2664 5572 2948 5650 tanquam
2977 5569 3300 5632 dioecesano
3354 5571 3628 5648 episcopo
3688 5570 3774 5632 fe-
