3998 6158
198 279 321 340 197

1802 266 2016 337 Vl'l‘A.‘

3494 270 3615 337 198

197 410 378 478 cisse;
412 408 567 483 quod
599 423 751 485 agre
780 407 919 467 tulit
968 408 1245 484 pontifex,
1296 408 1650 484 abbate-mque
1694 405 1855 463 vehe-
1882 401 1943 474 Α
1970 403 2406 462 Northmanniae
2436 403 2666 476 ducem,
2719 405 2820 480 qui
2869 404 3041 480 paulo
3096 410 3231 482 post
3259 407 3333 465 ad
3379 423 3612 466 sacrum

199 501 417 556 menter
445 501 769 573 increpavit,
817 500 1125 558 columbam
1171 497 1452 557 seductum
1478 515 1571 555 cor
1612 513 1725 554 non
1754 497 1851 553 ha-

202 588 416 646 bentem
450 590 616 645 illum
642 589 948 662 appellans,
973 605 1155 663 quare
1174 589 1332 662 quod
1362 589 1558 644 illicita
1582 586 1855 645 commis-

1961 492 2181 550 bellum
2201 492 2498 566 profectus
2528 499 2636 563 est,
2662 495 3139 569 composuit.Sed
3161 495 3234 552 ad
3264 495 3485 553 Urbani
3506 495 3618 553 iter

1962 582 2309 643 reﬂectenda
2336 586 2428 640 est
2453 584 2658 641 oratio.

200 695 341 734 sum
374 677 582 747 fuerat,
616 679 845 734 irritum
869 680 1018 751 fecit,
1048 696 1113 736 ac
1135 683 1338 753 postea
1384 678 1631 736 Romam
1664 670 1859 734 rever;
1965 690 2140 765 (ξομ,
2179 694 2423 765 Turonas
2446 691 2696 765 Urbanus
2712 693 2965 765 pqntifex
3000 692 3237 749 αάυεηίε,
3288 692 3491 765 Scribi;
3515 708 3618 765 pro

200 784 313 825 sus
340 766 460 825 lato
476 769 710 824 decreto
740 767 1083 836 sancivit,ne
1099 767 1233 841 quis
1249 768 1628 841 postmodum
1640 766 1857 822 Vindo-

203 856 325 912 cini
359 857 543 913 abbas
569 860 833 929 cuiquam
873 859 1116 931 epispr
1157 858 1502 930 proﬁteatur,
1547 856 1704 929 quod
1753 855 1857 911 Pa-

201 945 434 1003 schalis
463 961 765 1021 successor
788 945 1005 1002 Urbani
1031 947 1343 1002 iterumsua
1370 947 1666 1019 apostolica
1680 952 1859 1000 aucto-

202 1036 378 1091 ritate
427 1036 691 1106 firmavit.
746 1034 877 1092 Hice
928 1034 1127 1091 omnia
1156 1038 1354 1092 narrat
1396 1034 1523 1108 ipse
1567 1033 1862 1091 Golfridus

201 1124 354 1198 epis.
379 1124 417 1179 7
448 1128 505 1180 et
530 1124 621 1194 41,
646 1123 747 1180 lib.
782 1139 842 1193 ll,
874 1125 946 1181 ad
975 1126 1209 1181 lvonem
1241 1123 1497 1197 scriptis.
1551 1123 1863 1180 Decretum

198 1228 343 1270 vero
368 1213 568 1286 ipsum
596 1213 816 1286 profert
843 1214 1016 1287 epist.
1046 1215 1118 1269 27
1148 1213 1221 1270 ad
1276 1212 1632 1269 Gaufredum
1672 1209 1864 1270 Ivonis

200 1318 636 1372 successorem,
668 1301 825 1374 quod
858 1319 965 1358 suo
991 1301 1120 1359 loco
1149 1301 1534 1375 proferemus.

273 1392 408 1448 Huc
440 1408 676 1465 quoque
705 1392 1097 1447 revocandum
1127 1394 1220 1447 est
1247 1391 1403 1464 quod
1434 1390 1506 1447 de
1536 1389 1635 1445 illo
1667 1406 1867 1446 mona-

201 1480 389 1539 sterio
418 1479 639 1554 legitur
664 1481 723 1536 in
755 1479 1038 1536 Chronico
1067 1480 1493 1553 Andegavensi,
1526 1479 1682 1552 apud
1721 1478 1865 1534 Lab-

201 1571 386 1627 heum
395 1569 597 1625 tomol
625 1566 989 1627 Bibliotheca:
1005 1568 1287 1635 novae,ubi
1302 1567 1375 1623 ad
1390 1584 1611 1623 annum
1622 1568 1645 1623 Ι
1656 1566 1764 1622 095
1772 1583 1868 1622 ve-

202 1659 315 1716 teri
350 1656 535 1732 stylo,
566 1674 681 1731 quo
694 1656 919 1713 scilicet
932 1656 1060 1714 novi
1075 1673 1146 1713 an
1156 1656 1215 1711 ni
1227 1657 1531 1713 exordium
1544 1672 1579 1712 a
1590 1655 1869 1712 Paschate

204 1747 565 1842 desumitur,
624 1745 748 1802 haec
775 1745 1020 1842 “habet:
1076 1746 1274 1803 Eodem
1301 1761 1565 1842 Δαηηρριν
1601 1744 1869 1842 Kalendas
1897 1775 1946 1842 Β

206 1837 440 1895 Har-tias
469 1836 803 1894 consecravit
836 1836 1085 1893 Urbanus
1109 1851 1258 1907 papa
1288 1834 1623 1904 Cruci/imum
1653 1834 1872 1891 Sanctae

209 1926 498 1983 Trinitatis
560 1924 968 1982 Vindocinensis
1019 1925 1272 1995 cmnobii,
1331 1928 1494 1997 atque
1546 1924 1873 1997 perdonavit

206 2018 507 2088 septimam
527 2017 747 2087 partem
787 2021 1135 2086 peccatorum
1189 2029 1418 2070 suorum
1472 2015 1742 2082 omnibus,
1775 2014 1874 2084 qui

208 2120 541 2177 unoquoque
593 2120 740 2160 anno
792 2103 1236 2159 anniversarium
1296 2102 1535 2175 ejusdem
1587 2118 1872 2159 consecra-

205 2196 380 2251 tionis
408 2193 558 2249 diem
586 2192 795 2249 ibidem
819 2191 1172 2249 celebrarent.
1203 2192 1358 2248 Idem
1393 2190 1632 2248 omnino
1662 2190 1877 2264 legitur

206 2283 269 2340 in
297 2282 486 2341 veteri
512 2283 641 2339 cod.
675 2299 789 2338 ms.
821 2280 1269 2337 Vindocinensis
1286 2280 1649 2349 monasterii;
1676 2281 1872 2337 Cruci-

207 2374 309 2430 iixi
344 2376 548 2429 autem
578 2371 816 2428 nomine
846 2369 1294 2444 intelligendum
1320 2374 1410 2427 est
1438 2370 1619 2428 altare
1649 2370 1872 2427 Sanctae

208 2461 441 2529 Crucis,
463 2460 621 2533 quod
650 2458 942 2533 hodieque
973 2463 1126 2516 retro
1158 2460 1354 2531 majus
1385 2458 1871 2528 altaresubsistit,

208 2551 394 2625 vulgo
420 2550 752 2608 Hatutinale
800 2547 1185 2622 appellatum,
1213 2554 1280 2605 ut
1326 2552 1557 2606 constat
1598 2566 1666 2605 ex
1695 2548 1875 2605 veteri

210 2640 447 2698 Missali
477 2656 592 2696 ms.
614 2639 880 2711 ejusdem
892 2638 1256 2706 monasterii,
1274 2638 1335 2694 in
1357 2655 1472 2711 quo
1494 2637 1877 2694 dedicationis

211 2730 403 2803 hujus
431 2728 722 2787 festivitas
751 2728 862 2785 sub
894 2727 1002 2784 hoc
1028 2726 1199 2783 titulo
1211 2730 1591 2784 memoratur.
1614 2728 1688 2782 De
1709 2727 1879 2782 altari

210 2820 572 2890 latitunali,
628 2823 737 2875 etc.
795 2816 1073 2875 Notitiam
1131 2816 1421 2891 integram
1469 2816 1789 2874 referemus
1816 2816 1877 2873 in

219 2908 582 2982 Appendice.

518 3013 789 3071 CCXLIX.
822 3013 1127 3069 Concilium
1155 3012 1592 3084 Rothomagense.

2036 761 2280 836 Manasse
2306 761 2725 835 archiepiscopo
2756 761 3025 836 Remensi.
3070 765 3295 836 Publice
3330 761 3614 836 praedicat.

2037 833 2274 962 ἕαλῧνιῖι
2290 833 2613 917 monasterii
2636 833 2941 890 basilicam
2994 835 3222 892 dedicat.
3267 833 3483 892 Stabula
3515 851 3619 908 pro

2083 945 2096 958 .
2189 922 2222 959 a
2281 920 2391 961 mo.

2041 991 2214 1049 Initio
2245 992 2466 1049 mensis
2482 992 2673 1049 Martii
2698 992 2964 1049 Turonos
2989 994 3347 1058 advenit,ubi
3363 993 3620 1067 primum

1971 1081 2304 1154 hospitatus
2335 1082 2517 1138 fuisse
2538 1082 2767 1138 videtur
2790 1083 2945 1155 apud
2960 1083 3621 1155 Majus-Monasterium.

1972 1170 2096 1227 Huc
2122 1170 2280 1226 enim
2312 1169 2661 1227 accessitdie
2685 1172 2859 1226 tertia
2878 1171 3006 1241 ejus
3021 1170 3261 1240 mensis,
3296 1170 3382 1227 uti
3399 1170 3623 1244 colligi-

1971 1264 2072 1314 tur
2098 1275 2167 1315 ex
2186 1258 2521 1314 narratione
2535 1257 2920 1314 dedicationis
2938 1258 3203 1329 ejusdem
3224 1257 3333 1315 Icci
3346 1257 3621 1320 basilicae.

1975 1366 2103 1420 quae
2133 1365 2189 1404 v1
2223 1347 2585 1416 IdusMartii,
2619 1346 2714 1403 die
2743 1351 2941 1403 octavo
2969 1348 3235 1419 ejusdem
3267 1347 3625 1404 adventusin

1976 1437 2420 1505 monasterium,
2454 1437 2608 1493 facta
2630 1440 2737 1493 est.
2772 1436 2917 1492 Hinc
2945 1436 3234 1492 habemus
3277 1440 3460 1493 totam
3499 1437 3627 1492 die-

1976 1543 2109 1582 rum
2142 1525 2348 1581 seriem
2380 1541 2527 1598 quos
2558 1525 2815 1597 pontifex
2846 1542 2911 1581 eo
2942 1525 3000 1580 in
3026 1525 3230 1589 itinere
3257 1525 3465 1599 exegit.
3490 1526 3630 1581 Erat

1978 1616 2214 1688 quippe,
2246 1619 2312 1669 ut
2331 1614 2607 1680 vidimus,
2643 1613 2736 1669 die
2758 1614 2821 1669 Η
2858 1612 3154 1669 Februarii
3185 1612 3445 1682 Sablolii,
3473 1613 3630 1669 unde

1979 1703 2259 1777 postridie
2291 1702 2585 1775 profectus
2606 1701 3013 1758 Cenomannos
3032 1701 3283 1770 advenit,
3298 1700 3399 1757 ubi
3420 1701 3630 1758 diebus

1978 1792 2191 1859 tribus,
2224 1791 2283 1847 id
2316 1795 2405 1848 est
2434 1790 2658 1847 decimo
2690 1794 2850 1846 sexto
2889 1793 2947 1845 et
2976 1789 3209 1845 duobus
3247 1786 3651 1860 sequentibus

1978 1885 2375 1939 commoratus
2387 1882 2496 1935 est.
2528 1878 2721 1935 Decim
2731 1896 2762 1934 ο
2780 1894 2934 1934 nono
2948 1878 3200 1951 perrexit
3214 1878 3605 1936 Vindocinum
3615 1920 3629 1948 ,

1978 1972 2079 2027 ubi
2110 1986 2244 2027 cum
2278 1986 2345 2025 ex
2376 1968 2618 2024 Goﬂ‘ridi
2648 1968 2934 2040 epistolis,
2971 1968 3093 2023 dies
3136 1967 3410 2024 undecim
3438 1970 3633 2024 trans-

1979 2060 2182 2134 egerit,
2214 2058 2420 2114 exinde
2450 2060 2585 2112 ante
2599 2057 2750 2111 diem
2781 2057 3100 2112 secundam
3122 2056 3469 2113 auttertiam
3488 2055 3636 2113 Mar-

1978 2149 2046 2205 tii
2078 2146 2370 2222 proﬁcisci
2403 2162 2519 2202 non
2570 2146 2778 2217 potuit,
2814 2162 2931 2217 quo
2990 2144 3183 2217 reipsa
3229 2144 3509 2202 alterutro
3540 2144 3635 2201 die

1978 2239 2246 2295 Turonos
2268 2235 2575 2291 advenisse
2605 2234 2889 2290 dicendus
2917 2238 3025 2290 est.

2052 2327 2156 2383 Die
2186 2329 2398 2398 quarta
2453 2323 2582 2395 ejus
2628 2323 2850 2379 mensis
2880 2323 2951 2377 ad
3011 2321 3319 2379 Remensis
3365 2321 3634 2380 Ecclesiae

1983 2417 2383 2489 suifraganeos
2414 2404 2718 2485 episcdpos
2748 2411 3001 2484 scripsit,
3046 2415 3111 2467 ut
3141 2428 3214 2468 ne
3264 2410 3488 2468 diutius
3514 2411 3638 2467 Ma-

1981 2505 2177 2563 nassis
2208 2501 2375 2560 electi
2387 2518 2589 2558 eorum
2606 2499 3042 2574 metropolitani
3074 2499 3503 2558 ordinationem
3524 2501 3637 2557 dif-

1986 2596 2220 2653 ferrent.
2255 2591 2478 2656 Quibus
2508 2589 2720 2646 litteris
2774 2588 2860 2644 illi
2908 2606 3131 2646 morem
3186 2605 3454 2663 gessere:
3499 2604 3638 2648 nam

1985 2685 2287 2741 Manasses
2336 2680 2397 2735 in
2445 2678 2691 2735 basilica
2747 2677 3255 2736 archimonasterii
3311 2678 3638 2753 Remigiani

1985 2773 2080 2829 die
2118 2789 2153 2828 ι
2181 2768 2309 2826 Kal.
2341 2767 2557 2842 Aprilis
2587 2768 2659 2824 ab
2691 2768 2935 2840 Hugone
2959 2768 3389 2837 Suessionensi,
3413 2762 3641 2826 astanti-

1989 2866 2086 2919 bus
2115 2864 2167 2917 et
2184 2874 2384 2915 manus
2412 2859 2465 2914 ei
2488 2857 2890 2929 imponentibus
2916 2856 3176 2929 quinque
3207 2856 3340 2914 aliis
3370 2850 3636 2931 compro-

1985 2949 2335 3008 vincialibus
2385 2944 2678 3020 episcopis
2734 2950 3108 3002 consecratus
3176 2952 3285 3003 est.
3358 2936 3461 3003 Hic
3505 2964 3641 3004 vero

1989 3038 2371 3098 constituerat
2400 3036 2602 3092 statim
2624 3040 2938 3109 postsuam
2969 3035 3477 3109 inaugurationem
3496 3053 3640 3110 pon-

292 3107 426 3210 0ξο
474 3108 737 3205 ιθωροτθ
787 3101 1530 3210 Ρέῖξξίξίξξξῗξιῗῗξίῗθθξ
1568 3103 1873 3210 ίξλξίδθξδδξ·
1909 3141 1953 3210 C
1992 3130 2205 3187 tiﬁcem
2238 3125 2420 3192 adire,
2454 3129 2521 3180 ut
2575 3101 2644 3180 ex
2670 3124 2799 3195 ejus
2856 3101 3203 3197 epistolaad
3261 3101 3641 3184 Lambertum

218 3192 666 3252 Nortbmanniae
696 3190 1120 3265 praesulescum
1137 3191 1450 3248 abbatibus
1481 3195 1538 3248 et
1565 3190 1696 3249 aliis
1718 3191 1882 3250 cleri-

222 3285 328 3353 cis,
357 3299 431 3340 ac
460 3281 768 3355 provincias
798 3279 1183 3353 optimatibus
1213 3296 1248 3336 a
1274 3278 1572 3336 Willelmo
1589 3284 1879 3354 metropo-

223 3373 413 3431 litano
442 3371 808 3444 Rothomago
839 3370 1138 3427 convocati
1168 3370 1239 3426 ad
1282 3369 1596 3426 concilium
1647 3371 1879 3443 provin-

223 3464 400 3534 ciale,
427 3477 635 3519 mense
664 3460 1001 3527 Februario,
1032 3460 1253 3516 ibidem
1282 3461 1527 3531 capitula
1567 3460 1782 3532 synodi,
1817 3464 1883 3516 ut

222 3556 431 3610 narrat
459 3549 774 3608 0rdericus
804 3549 951 3604 libro
984 3566 1060 3618 ix,
1093 3563 1219 3620 quae
1247 3549 1390 3620 apud
1417 3550 1882 3606 Clarummontem

220 3645 380 3715 facta
401 3645 502 3710 est,
530 3640 872 3696 unanimiter
898 3639 1252 3711 contemplati
1277 3642 1438 3701 sunt;
1486 3640 1627 3694 scita
1673 3654 1883 3711 quoque

222 3731 532 3805 apostolica
549 3730 1028 3801 conﬁrmaverunt,
1087 3726 1300 3783 additis
1358 3732 1487 3784 octo
1535 3728 1879 3798 canonibus,

224 3838 385 3895 quos
418 3819 578 3875 idem
609 3822 813 3874 auctor
840 3819 1036 3889 refert,
1077 3820 1135 3873 et
1181 3815 1475 3873 habentur
1523 3817 1678 3889 apud
1729 3816 1882 3873 Lab-

222 3913 432 3968 beam.

372 4016 532 4073 CGL.
563 4014 875 4071 Jarenlonis
901 4012 1115 4068 abbatis
1144 4014 1205 4067 in
1232 4012 1491 4083 Angliam
1522 4012 1736 4083 legatio.

295 4107 389 4163 Ad
421 4106 582 4161 idem
593 4107 828 4176 tempus
844 4102 1169 4158 revocanda
1180 4104 1270 4158 est
1296 4100 1632 4157 Jarent'onis
1653 4100 1884 4158 abbatis

223 4193 606 4252 Divionensis
632 4192 693 4247 in
735 4190 1005 4264 Angliam
1053 4188 1265 4263 legatio
1313 4189 1650 4263 apostolica,
1703 4207 1882 4262 quam

227 4282 518 4341 describit
547 4283 710 4354 [lngo
763 4279 1218 4336 Flaviniacensis
1249 4278 1308 4334 in
1338 4278 1625 4335 Chronico
1670 4277 1882 4336 Virdu-

228 4371 857 4444 nensi.Impetraverat
883 4368 1123 4440 quidem
1135 4366 1471 4424 Willelmus
1499 4366 1717 4440 Anglia;
1739 4385 1884 4425 rexa

226 4461 497 4518 Waltero
523 4459 794 4531 episcopo
806 4456 1144 4522 Albanensi,
1160 4455 1260 4528 qui
1285 4454 1528 4528 pallium
1562 4472 1665 4527 pro
1683 4460 1882 4512 sancto

226 4550 512 4607 Anselmo
541 4548 779 4604 nomine
809 4545 1024 4602 Urbani
1055 4544 1347 4613 attulerat,
1381 4548 1447 4600 ut
1476 4543 1675 4601 nullus
1695 4562 1730 4600 a
1756 4561 1886 4602 sese

229 4637 559 4712 apostolica
585 4637 648 4692 in
675 4635 945 4708 Angliam
966 4634 1196 4707 legatus
1211 4633 1544 4689 mitteretur
1563 4633 1787 4705 absque
1803 4649 1887 4689 re-

229 4728 321 4801 gis
343 4730 657 4801 prmeepto;
691 4729 750 4780 at
775 4723 1112 4780 Jarentonis
1131 4722 1287 4779 fama
1302 4723 1446 4778 adeo
1472 4721 1717 4778 celebris
1737 4728 1881 4790 erat,

230 4821 519 4889 tantaque
550 4814 664 4871 fuit
681 4815 810 4886 ejus
839 4813 898 4868 in
939 4811 1291 4884 alloquendo
1338 4827 1534 4884 regem
1594 4811 1885 4867 inadulata

231 4908 434 4962 mentis
491 4904 816 4970 constantia,
877 4905 942 4956 ut
991 4917 1091 4957 rex
1146 4900 1198 4955 ei
1236 4899 1429 4972 palam
1489 4900 1883 4957 contradicere

230 4995 478 5062 veritus,
499 4994 748 5049 consiliis
774 4992 893 5063 ejus
936 5007 1000 5045 ac
1028 4991 1166 5045 votis
1194 4991 1574 5060 acquieturum
1596 4992 1882 5061 promitte-

230 5088 335 5140 ret.
368 5083 482 5140 Sed
513 5081 715 5138 iallere
744 5078 973 5136 volebat
989 5077 1237 5135 callidus
1259 5095 1356 5134 rex
1369 5092 1438 5133 ea
1466 5078 1657 5150 specie
1681 5078 1881 5150 viripii

232 5173 536 5229 incautam
566 5168 1004 5243 simplicitatem
1030 5185 1045 5236 ;
1070 5168 1199 5240 jam
1231 5165 1447 5239 quippe
1478 5166 1550 5222 ad
1581 5165 1883 5222 Urbanum

232 5260 476 5319 nuntios
486 5259 639 5316 clam
660 5256 1191 5325 miserat,novasah
1203 5272 1270 5312 eo
1283 5255 1574 5328 petiturus
1592 5254 1881 5325 inducias,

232 5368 386 5425 quas
413 5366 549 5405 cum
578 5346 774 5421 reipsa
801 5348 1192 5419 impetrasset,
1225 5344 1405 5417 idque
1449 5343 1753 5401 Jarentoni‘
1783 5344 1883 5404 de-

230 5438 537 5507 claraSset,
567 5437 690 5505 ille,
723 5437 955 5493 infectis
984 5435 1180 5504 rebus,
1207 5449 1276 5491 ex
1302 5432 1512 5507 Anglia
1540 5434 1741 5490 statim
1762 5434 1882 5493 dis-

230 5530 432 5588 cessit.
448 5528 511 5585 In
534 5525 783 5585 Galliam
797 5521 1341 5584 reversus‘substitit
1358 5522 1418 5579 in
1434 5521 1880 5595 Northmannia,

232 5619 337 5691 ubi
366 5632 571 5701 pacem
592 5617 750 5676 inter
776 5616 1049 5680 eumdem
1106 5628 1303 5690 regem
1333 5628 1399 5672 ao
1457 5611 1695 5675 fratrem
1752 5615 1882 5691 ejus

1989 3218 2428 3277 Atrebatensem
2485 3213 2640 3286 apud
2700 3212 3001 3268 Baluzium
3048 3217 3207 3269 tomo
3236 3214 3287 3267 V
3315 3213 3639 3271 Miscellan.

1988 3309 2146 3366 edita
2174 3308 2354 3379 patet;
2380 3302 2482 3360 sed
2512 3306 2710 3358 utrum
2741 3301 2801 3357 id
2827 3300 3177 3374 praestiterit,
3211 3301 3501 3359 incertum
3531 3308 3639 3360 est.

1990 3397 2261 3453 Urbanus
2318 3407 2453 3448 vero
2500 3388 2724 3446 interea
2784 3388 2981 3446 Sancti
3045 3388 3278 3446 Martini
3335 3389 3643 3447 ecclesiam

1990 3487 2326 3556 frequenter
2354 3480 2664 3547 invisebat,
2698 3479 2871 3536 modo
2900 3478 2959 3534 in
2990 3479 3120 3551 ejus
3159 3477 3418 3548 castello,
3468 3481 3643 3536 modo

1990 3575 2167 3632 etiam
2200 3572 2260 3627 in
2292 3571 2421 3644 ipsa
2441 3570 2607 3638 urbe,
2641 3572 2744 3635 aut
2767 3568 2825 3623 in
2843 3567 3034 3624 vicino
3064 3568 3644 3649 Majori-Monasterio

1990 3676 2384 3728 commorans,
2415 3657 2676 3732 quandiu
2705 3660 2970 3714 versatus
3001 3660 3089 3713 est
3112 3657 3265 3730 apud
3299 3659 3589 3716 Turonos.

2061 3752 2165 3808 Die
2187 3752 2384 3806 autem
2440 3763 2520 3805 vn
2570 3746 2729 3816 Idus,
2788 3746 2847 3802 id
2878 3750 2969 3804 est
3017 3747 3182 3802 Nona
3240 3746 3458 3819 Martii,
3517 3764 3645 3820 qua

1992 3839 2301 3898 Dominica
2357 3840 2499 3906 erat,
2560 3834 2868 3891 celebratis
2924 3835 2983 3889 in
3053 3834 3645 3906 Majori-Monasterio

1995 3928 2218 3997 missis,
2252 3926 2325 3984 ad
2356 3922 3016 3999 gradumligneum,qui
3033 3939 3211 3995 supra
3242 3923 3404 3979 ﬂuvii
3424 3923 3646 3996 Ligeris

2001 4017 2190 4090 ripam
2249 4018 2491 4088 paratus
2549 4014 2762 4081 fuerat,
2821 4010 3070 4067 accessit
3117 4011 3395 4084 pontifex,
3446 4010 3647 4084 ibique

1992 4106 2317 4163 orationem
2348 4101 2573 4170 habuit,
2589 4101 2683 4157 cui
2701 4116 2834 4156 cum
2849 4099 3101 4156 Fulcone
3123 4098 3381 4155 Andium
3406 4098 3643 4169 comite,

1991 4199 2134 4251 tunc
2164 4191 2445 4265 temporis
2472 4190 2775 4245 Turonum
2788 4188 3046 4256 domino,
3067 4193 3125 4244 et
3154 4187 3285 4245 aliis
3304 4188 3646 4261 proceribus

1991 4280 2260 4339 interfuit
2288 4280 2603 4336 innumera
2633 4277 2828 4334 omnis
2850 4276 3207 4334 conditionis
3233 4277 3501 4334 et‘tstatis
3549 4276 3649 4334 ho-

1992 4372 2223 4429 minum
2254 4367 2591 4426 multitudo.
2610 4366 2961 4422 Pontifice'm
2972 4382 3040 4421 ea
3055 4365 3362 4423 occasione
3390 4366 3461 4422 de
3481 4382 3648 4424 sacra

1991 4460 2358 4536 expeditione
2388 4456 2855 4514 locutumfuisse
2868 4453 3183 4529 plusquam
3208 4454 3510 4527 prebabile
3533 4460 3645 4512 est.

1993 4553 2063 4608 Et
2092 4549 2327 4623 quidem
2362 4547 2498 4612 huc,
2533 4544 2644 4601 nisi
2678 4543 2867 4612 fallor,
2892 4544 3147 4600 revocari
3178 4544 3351 4601 debet
3379 4545 3534 4618 quod
3576 4544 3648 4601 de

1991 4645 2235 4714 Hugone
2266 4639 2337 4693 de
2389 4634 2784 4701 Calvomonte,
2817 4636 2874 4690 et
2930 4632 3233 4690 Hamerico
3260 4636 3334 4690 de
3389 4634 3648 4691 Currone

1993 4728 2208 4802 legitur
2236 4726 2295 4781 in
2328 4724 2586 4780 Historia
2614 4722 2905 4779 Ambasiai
2935 4726 3094 4779 tomo
3124 4722 3171 4778 X
3197 4722 3514 4796 Spicilegii,
3545 4722 3648 4794 qui

1992 4818 2074 4873 ibi
2126 4816 2406 4872 dicuntur
2461 4815 2525 4868 in
2577 4812 2805 4869 ecclesia
2884 4812 3032 4869 beati
3108 4812 3338 4869 Martini
3403 4811 3651 4883 Majoris-

1990 4905 2311 4962 Monasterii
2342 4905 2402 4958 in
2430 4903 2733 4974 praesentia
2760 4915 2942 4973 papae,
2972 4900 3160 4956 multis
3205 4901 3315 4956 sibi
3352 4898 3643 4963 adiunctis,

1991 4994 2227 5051 vestibus
2246 4992 2629 5065 superamiclis
2648 4993 2852 5047 sanctae
2872 4991 3049 5045 crucis
3070 4988 3335 5044 vexillum
3349 4987 3642 5043 censuisse.
3666 4992 3675 4997 ”

2065 5080 2373 5148 Postridie,
2407 5095 2511 5136 seu
2536 5094 2593 5136 v1
2618 5079 2754 5134 ldus
2788 5077 2999 5144 Martii,
3033 5075 3291 5150 pontifex
3330 5082 3465 5130 eum
3512 5073 3647 5131 aliis

1991 5169 2282 5245 episcopis
2310 5174 2368 5225 et
2398 5166 2798 5225 cardinalibus
2857 5167 3146 5237 majorem
3204 5164 3471 5238 ejusdem
3520 5179 3646 5221 mo-

1992 5258 2231 5318 nasterii
2263 5256 2569 5315 basilicam
2600 5254 2941 5313 solemniter
2979 5252 3288 5323 dedicavit,
3310 5257 3367 5311 et
3439 5254 3534 5311 die
3563 5271 3646 5312 se-

1992 5348 2197 5422 quenti
2226 5346 2524 5405 benedixit
2569 5343 2991 5402 coemeterium.
3037 5342 3193 5407 Quas
3244 5344 3643 5413 caeremonias,

1991 5437 2193 5496 relatis
2234 5452 2439 5493 eorum
2497 5433 2840 5508 pontificum
2898 5431 3000 5504 qui
3047 5437 3351 5505 presentes
3402 5433 3641 5490 aderant

1999 5524 2362 5592 nominibus,
2394 5522 2625 5598 egregie
2672 5518 2985 5593 descripsit
3037 5524 3202 5579 vetus
3244 5526 3448 5580 auctor
3488 5521 3644 5594 apud

1988 5615 2349 5688 Boohellum,
2382 5613 2549 5689 cuius
2576 5626 2644 5673 ea
2675 5610 2746 5673 de
2773 5625 2835 5672 re
2851 5610 3201 5689 opusculum
3220 5611 3283 5676 in
3311 5611 3643 5690 Appendioo
