3998 6158
318 275 434 346 199

1609 280 1680 341 Β.
1727 280 2028 344 ΠΒΒΑΝῘ
2073 278 2126 344 Π
2172 285 2425 349 ΡΑΡΑΞ.

312 419 608 491 integrum
641 415 854 472 referre
883 414 1197 487 visumest,
1231 413 1432 471 addita
1469 411 1646 469 veteri
1682 412 1969 469 notitiade
1998 415 2053 484 Α
2079 418 2356 475 monachi
2379 419 2577 477 Sancti
2606 422 2820 492 Albini,
2846 423 2906 480 in
2935 424 3182 499 epistola
3199 424 3492 498 encyclica
3508 427 3578 483 de
3597 417 3731 499 ejus

317 505 542 579 aliquot
563 502 822 576 juribu's,
852 517 983 577 qua:
1013 517 1083 560 ea
1109 502 1414 560 “occasione
1445 501 1610 574 Hugo
1659 501 1733 556 de
1761 499 1968 558 Calvo-

314 598 512 652 monte
546 610 727 666 supra
757 590 1034 648 laudatus
1058 589 1410 646 monasterio
1436 588 1630 655 cessit,
1663 588 1972 647 Celebritti-

312 688 431 740 tem
460 695 594 739 vero
617 683 746 754 ejus
776 680 1159 737 dedicationis
1189 682 1481 734 testantur
1509 678 1675 734 varia
1700 679 1969 750 ejusdem

315 771 426 830 loci
451 773 865 839 instrumenta,
899 785 1027 841 qua:
1056 768 1128 822 ab
1161 783 1313 822 anno
1345 781 1461 839 quo
1493 767 1644 823 facta
1682 767 1809 838 fuit,
1835 768 1970 824 data

313 861 610 918 dicuntur.
638 859 855 915 Ferunt
884 861 1023 912 tunc
1049 855 1459 928 pontificemin
1493 855 1749 928 capitulo
1771 871 1971 912 mona-

311 950 558 1008 chorum
589 949 924 1020 ingressum
952 962 1086 1001 cum
1117 944 1190 1001 iis
1211 944 1456 1016 sedisse,
1491 962 1557 1001 ac
1587 939 1741 1002 facta
1769 945 1971 1002 exhor-

309 1038 548 1106 tatione,
569 1036 780 1093 iisdem
799 1034 1228 1091 absolutionem
1243 1051 1346 1107 pro
1379 1051 1540 1090 more
1571 1033 1806 1090 illorum
1828 1037 1972 1090 tem-

309 1144 520 1200 porum
552 1124 925 1198 impertiisse.

378 1217 522 1274 Cum
553 1215 752 1286 itaque
777 1231 886 1286 per
909 1213 1036 1269 dies
1054 1216 1277 1284 septem
1298 1216 1356 1269 et
1385 1211 1666 1285 amplius,
1697 1203 1969 1268 Urbanus

314 1306 654 1378 frequenter
683 1302 833 1360 beati
867 1301 1101 1358 Martini
1128 1301 1433 1360 ecclesiam
1465 1300 1782 1370 invisisset,
1806 1301 1900 1357 die
1924 1319 1963 1356 ιι

305 1393 443 1450 Idus
475 1392 667 1449 Martii
729 1393 786 1447 in
832 1393 959 1463 ejus
1011 1391 1230 1446 castello
1289 1391 1544 1447 existens
1604 1395 1960 1462 praeceptum

307 1482 486 1550 dedit,
521 1498 634 1555 quo
649 1482 858 1536 modus
882 1480 942 1536 in
974 1479 1420 1536 eambasilicam
1452 1477 1963 1551 suscipiendorum

307 1569 639 1644 apostolicae
671 1569 828 1626 sedis
877 1569 1204 1644 legatorum
1252 1568 1596 1636 ordinatur;
1650 1572 1707 1623 et
1737 1567 1877 1638 quia
1905 1566 1965 1622 in

310 1659 668 1732 quibusdam
701 1658 966 1729 ejusdem
981 1655 1246 1712 Ecclesiae
1265 1655 1586 1729 privilegiis
1617 1672 1966 1712 concessum

2079 511 2285 578 morte,
2319 525 2497 581 quam
2530 510 2776 569 dimisso
2806 511 3145 587 episcopatu
3199 514 3528 574 monachus
3577 517 3733 573 inter

2079 609 2179 652 eos
2207 597 2400 654 factus
2431 599 2613 656 subiit
2644 617 2796 658 anno
2828 597 2986 658 1123.

2151 685 2309 742 Inter
2336 686 2482 745 alias
2510 705 2644 746 vero
2666 707 2875 747 causas
2909 707 3035 764 quae
3067 692 3147 748 ibi
3195 692 3424 766 agitatae
3473 691 3732 761 fuerunt,

2079 773 2325 831 celebris
2372 777 2663 834 restitutio
2711 783 2802 836 est
2847 779 3338 838 Glannafoliensis
3386 783 3729 839 monasterii

2079 863 2137 919 S.
2171 861 2356 920 Mauri
2390 865 2448 922 in
2466 866 2775 939 pristinam
2794 865 3144 937 libertatem,
3164 887 3342 943 quam
3371 870 3425 927 ei
3455 872 3527 928 ab
3555 873 3730 938 annis

2077 952 2392 1026 plusquam
2425 956 2695 1013 ducentis
2714 957 3087 1015 Fossatenses
3104 959 3342 1016 abbates
3364 961 3726 1018 ademerant.

2076 1041 2217 1112 Ejus
2250 1042 2330 1098 rei
2373 1045 2646 1101 meminit
2702 1051 2905 1103 auctor
2956 1047 3225 1105 Chronici
3285 1049 3727 1118 Malleacensis;

2078 1128 2282 1187 Petrus
2313 1130 2604 1194 Diaccnus
2633 1133 2780 1191 libro
2806 1153 2863 1192 Iv
2888 1136 3157 1194 Chronici
3189 1138 3520 1194 Casi‘nensis
3563 1139 3728 1195 addit

2076 1216 2507 1278 Glannafolium
2565 1240 2634 1279 ea
2684 1224 2989 1282 occasione
3047 1226 3298 1299 principi
3365 1228 3726 1285 monasterio

2076 1308 2399 1376 Casinensi,
2433 1315 2498 1366 ut
2510 1329 2742 1386 semper
2761 1318 2893 1371 ante
2908 1315 3344 1372 Fossatensium
3361 1315 3722 1373 invasionem

2076 1396 2283 1467 fuerat,
2318 1399 2499 1456 fuisse
2529 1401 2907 1470 restitutum;
2961 1403 3061 1459 sed
3110 1420 3284 1460 nemo
3329 1403 3540 1460 melius
3569 1404 3727 1460 hanc

2076 1498 2200 1543 rem
2230 1490 2496 1561 exposuit
2512 1507 2689 1562 quam
2721 1491 2846 1564 ipse
2864 1491 3206 1549 Urbanusin
3226 1492 3728 1550 duabusbullis‘ea

2076 1576 2147 1632 de
2179 1592 2240 1633 re
2270 1577 2458 1634 datis:
2483 1580 2674 1650 prima
2701 1580 2956 1637 Gerardo
2978 1599 3125 1638 novo
3159 1582 3354 1638 abbati
3393 1582 3722 1656 inscripta;

2075 1662 2260 1722 altera
2310 1665 2602 1724 Orderisio
2662 1669 2857 1725 abbati
2916 1669 3240 1738 Casinensi,
3281 1671 3373 1727 cui
3431 1671 3723 1728 restitutio

305 1750 465 1848 ejus.
495 1746 792 1855 cananicis
848 1751 973 1803 erat
1009 1747 1314 1855 proprium
1370 1745 1568 1855 hjabere
1621 1748 1961 1855 episcopum:
1991 1789 2040 1855 Β
2076 1754 2230 1855 facta
2260 1755 2388 1855 fuit.
2415 1757 2790 1855 Inbisbullis
2807 1759 3196 1855 quadraginta
3226 1764 3478 1832 quatuor
3496 1759 3718 1855 Patres,

307 1837 556 1894 sancivit
610 1835 906 1903 Urbanus,
965 1840 1030 1890 ut
1059 1837 1177 1906 ejus
1228 1837 1342 1890 vice
1389 1835 1663 1907 deinceps
1722 1836 1961 1889 Romano
1992 1835 2040 1855 ”
2071 1842 2494 1918 archiepiscOpi
2526 1845 2748 1902 scilicet
2775 1847 3054 1919 episcopi,
3089 1852 3146 1903 et
3187 1849 3429 1904 abbates
3474 1846 3719 1905 concilio

304 1927 618 2000 specialiter
667 1925 1004 1981 adhaererent
1058 1925 1307 1997 pontiﬁci
1334 1928 1387 1979 et
1437 1925 1717 1994 graviores
1773 1940 1963 1979 eorum

305 2032 480 2072 causa
499 2017 616 2087 ejus
639 2014 939 2086 penderent
968 2013 1201 2085 judicio.
1262 2016 1452 2084 Atque
1509 2012 1619 2068 hac
1657 2012 1963 2068 occasione

304 2104 399 2160 hic
426 2105 640 2161 referre
664 2105 839 2176 juvat
868 2103 1023 2175 quod
1049 2102 1109 2157 in
1138 2102 1318 2158 veteri
1349 2118 1459 2157 ms.
1495 2102 1624 2157 cod.
1659 2101 1874 2174 legitur
1890 2101 1962 2156 de

303 2192 526 2249 catenis
575 2192 804 2257 ferreis,
867 2208 994 2263 quae
1051 2190 1344 2262 hodieque
1401 2194 1654 2262 quatuor
1705 2191 1962 2262 majores

305 2282 612 2338 columnas
643 2280 804 2337 chori
836 2281 966 2351 ejus
997 2278 1253 2335 basilicae
1282 2295 1462 2351 prope
1495 2278 1773 2334 fornicem
1797 2279 1959 2334 colli-

301 2384 438 2442 gare
497 2369 958 2442 conspiciuntur.
1014 2367 1108 2423 Sic
1167 2367 1381 2423 habet:
1437 2367 1685 2424 Urbanus
1737 2383 1884 2439 papa
1910 2368 1963 2423 11

299 2461 359 2514 in
388 2460 614 2530 signum
666 2459 891 2514 unionis
947 2458 1188 2528 episcopi
1232 2459 1450 2528 proprii
1475 2457 1640 2528 hujus
1696 2457 1960 2513 Ecclesia?

301 2549 539 2604 Romano
560 2547 816 2619 pontiﬁci
841 2554 893 2602 et
921 2546 1179 2602 Ecclesiae
1223 2547 1508 2612 Romanae,
1549 2549 1782 2616 quatuor
1804 2560 1956 2617 prae-

299 2638 490 2709 cipuas
515 2636 672 2692 chori
698 2634 939 2707 ejusdem
969 2635 1227 2692 Ecclesiae
1254 2634 1537 2690 columnas
1585 2636 1791 2691 catenis
1819 2651 1954 2705 qua~

301 2727 425 2780 tuor
469 2725 664 2795 ferreis
720 2724 870 2794 cingi
919 2724 1110 2794 jussit.
1173 2723 1236 2777 In
1283 2721 1567 2778 Chronico
1627 2722 1953 2777 Turonensi

301 2813 516 2869 dicitur
545 2812 700 2868 idem
731 2811 988 2885 pontifex
1010 2828 1112 2884 per
1137 2810 1257 2867 dies
1286 2819 1488 2883 septem
1514 2819 1566 2867 et
1595 2827 1654 2867 eo
1692 2810 1950 2882 amplius,

300 2907 367 2958 ut
387 2903 515 2974 jam
529 2900 1293 2969 diximus,invisissesancti
1324 2901 1557 2956 Martini
1590 2899 1948 2972 sepulcrum,

300 3007 366 3046 ac
397 2994 662 3063 receptus
722 2989 981 3062 quotidie
1039 2989 1382 3045 solemniter
1439 2989 1622 3046 fuisse
1679 2987 1737 3044 in
1784 2993 1952 3061 porta

296 3078 652 3136 thesaurarii
685 3094 719 3133 a
747 3077 900 3134 clero
931 3079 1196 3149 ejusdem
1228 3077 1505 3134 ecclesiis.

297 3183 503 3241 CCLII.
539 3183 846 3240 Concilium
873 3185 1193 3240 Turonense.
1226 3185 1311 3240 Ibi
1338 3183 1623 3240 ordinatus
1668 3183 1953 3239 Marbodus

369 3255 698 3328 Bedpnensis
752 3256 1052 3328 episcopus.
1109 3255 1570 3328 Glanna/‘oliensis
1632 3257 1953 3311 monasterii

369 3326 426 3382 S.
458 3319 638 3382 lauri
669 3319 959 3382 restitutio.
997 3319 1374 3383 Cormaricum
1414 3326 1468 3382 S.
1503 3329 1734 3382 Martino
1775 3343 1950 3381 asser-

371 3402 507 3483 tum.
531 3399 786 3483 Quinam.
802 3400 1037 3481 concilio
1081 3400 1454 3483 inter/aeria}.
1506 3399 1790 3483 {rimatus
1842 3399 1949 3452 Lu-

369 3470 666 3552 gdunensis
695 3472 936 3541 episcopi
980 3471 1361 3552 conﬁrmatus:
1386 3470 1469 3523 An
1525 3469 1813 3551 Philippus
1849 3485 1955 3551 rea:

369 3541 447 3621 ιρι
468 3542 774 3621 absolutus.
827 3541 1534 3621 @blo__e;c_comm_unzcatus.
1593 3540 1954 3621 Privilegsum

369 3614 762 3669 Bainsonense.
822 3613 1184 3683 Privilegium
1240 3610 1661 3683 Tetrarchiense.
1717 3613 1808 3665 Lis
1863 3611 1952 3666 Te-

369 3684 728 3740 t'rorchien’ses
756 3685 904 3738 inter
931 3686 982 3739 et
1028 3681 1315 3738 canonicos
1361 3681 1770 3751 Andegavenses
1809 3697 1953 3742 com-

363 3759 564 3826 posita.
623 3757 770 3812 Bolae
842 3754 1095 3826 fundatio
1165 3753 1507 3824 conﬁrmata.
1587 3753 1955 3823 Privilegium

367 3828 424 3881 8.
465 3827 734 3884 Viaeentii
763 3828 943 3883 Motis.

367 3914 744 3971 Hebdomada
773 3913 1064 3986 sequenti,
1099 3927 1226 3983 quae
1253 3910 1428 3968 tertia
1447 3916 1572 3966 erat
1616 3912 1952 3985 Quadrage-

305 4004 490 4073 simaa,
520 4004 777 4060 dominus
791 4017 958 4074 papa,
992 4005 1058 4056 ut
1087 4000 1264 4057 habet
1305 3999 1632 4067 Bertoldus,
1680 4001 1954 4073 synodum

301 4093 592 4150 celebravit
611 4109 740 4148 eum
767 4091 1110 4147 diversarum
1149 4091 1412 4161 episcopis
1455 4093 1867 4162 provinciarum
1893 4093 1956 4146 in

296 4185 516 4238 civitate
542 4182 859 4246 Turonensi,
899 4179 996 4234 ubi
1026 4180 1227 4234 iterum
1277 4195 1504 4235 suorum
1538 4181 1953 4251 praeteritarum

299 4273 504 4326 statuta
522 4270 885 4325 conciliorum
911 4269 1186 4337 generalis
1215 4268 1412 4341 synodi
1440 4271 1755 4325 assensione
1799 4271 1955 4324 robo-

297 4360 461 4414 ravit.
495 4357 654 4413 ldem
681 4357 862 4412 habet
893 4356 1202 4412 Ordericus
1251 4356 1461 4412 Vitalis
1507 4357 1674 4412 initio
1730 4357 1867 4411 libri
1896 4373 1956 4412 1x

298 4446 456 4518 quod
487 4444 806 4502 concilium
836 4447 896 4500 in
916 4447 1241 4501 monasterio
1287 4445 1474 4501 Sancti
1528 4446 1751 4500 Martini
1807 4445 1955 4500 cele-

2071 1934 2397 1990 Turonensi
2451 1934 2790 1992 interfuisse
2849 1936 3143 2005 dicuntur,
3208 1937 3424 2010 quibus
3477 1939 3550 1994 de
3609 1937 3719 1994 hoc

2070 2022 2301 2095 negotio
2333 2023 2554 2096 aliquid
2586 2025 2809 2096 absque
2839 2031 3109 2082 accurato
3125 2027 3390 2083 examine
3419 2030 3476 2082 et
3505 2025 3721 2084 delibe-

2068 2112 2293 2168 ratione
2325 2117 2554 2169 matura
2583 2113 2979 2186 pronuntiare,
3030 2115 3218 2172 fuerat
3265 2115 3507 2189 religio:
3560 2116 3717 2172 unde

2068 2217 2202 2256 cum
2234 2205 2438 2273 postea
2468 2201 2904 2258 Fossatensium
2935 2203 3312 2277 instigatione
3361 2208 3563 2260 contra
3605 2204 3718 2261 hoc

2059 2289 2354 2361 judicium
2387 2289 2480 2346 Ivo
2506 2288 2878 2348 Carnotensis
2923 2292 3172 2365 epistola
3221 2293 3326 2349 459
3370 2292 3716 2350 Paschalem

2066 2379 2400 2452 pontiﬁcem
2427 2379 2878 2452 interpellasset,
2912 2382 3060 2437 nihil
3106 2382 3298 2455 potuit
3344 2381 3628 2451 obtinere,
3659 2388 3717 2439 et

2066 2467 2568 2526 Glannafolienses
2599 2469 2915 2542 deincepsa
2941 2470 3526 2545 Fossatensiumjugo
3546 2471 3716 2528 liberi

2067 2561 2246 2615 fuere.
2280 2559 2503 2630 Corpus
2554 2563 2750 2615 tamen
2812 2561 2999 2616 sancti
3041 2560 3227 2617 Mauri
3258 2561 3318 2616 in
3377 2551 3712 2618 Fossatensi

2064 2649 2418 2704 monasterio
2449 2652 2742 2704 retentum
2773 2653 2883 2719 est,
2915 2651 3073 2721 quod
3104 2650 3240 2706 inde
3271 2651 3493 2726 sensim
3523 2651 3708 2707 sancti

2063 2738 2247 2793 Mauri
2280 2754 2493 2793 nomen
2525 2737 2763 2810 accepit,
2781 2737 3073 2811 hodieque
3087 2740 3313 2810 retinet;
3347 2740 3576 2796 duabus
3599 2740 3711 2796 cir-

2063 2827 2206 2882 citer
2233 2825 2414 2883 leucis
2446 2843 2480 2881 a
2500 2825 2858 2882 Parisiorum
2891 2828 3035 2884 urbe
3066 2828 3362 2897 dissitum,
3405 2827 3709 2885 monachis

2058 2915 2116 2970 in
2149 2915 2458 2972 canonicos
2489 2915 2802 2972 conversis.

2126 3024 2335 3078 Actum
2367 3021 2544 3077 etiam
2602 3021 2714 3077 fuit
2751 3022 2810 3077 in
2872 3022 3093 3095 synodo
3124 3021 3227 3078 illa
3280 3023 3607 3080 Turonensi
3637 3023 3708 3079 de

2057 3111 2484 3167 Cormaricensi
2546 3111 2921 3179 monasterio,
2978 3112 3134 3182 quod
3183 3112 3464 3184 injustea
3521 3112 3709 3168 sancti

2069 3158 2484 3167 νν-..-----ν----
2546 3158 2921 3179 ------_------,
2981 3158 3134 3182 τω.
3274 3158 3398 3168 κ---
3430 3158 3464 3166 _
3521 3158 3701 3168 ---ηπ

1983 3158 2024 3225 C
2063 3199 2298 3256 Martini
2329 3199 2693 3270 subjectione
2722 3199 2992 3256 avulsum
3021 3201 3211 3256 fuerat
3285 3215 3465 3272 quare
3513 3205 3701 3256 statu-

2060 3293 2187 3344 tum
2217 3292 2328 3358 est,
2357 3292 2426 3343 ut
2450 3287 2938 3357 eirestitueretur,
2958 3293 3014 3344 et
3029 3293 3093 3344 ut
3121 3287 3705 3361 deinceps,de‘funoto

2061 3378 2270 3434 abbate
2299 3377 2744 3446 Cormaricensi,
2806 3379 2932 3449 ejus
2988 3378 3235 3434 baculus
3282 3394 3462 3450 supra
3517 3378 3714 3434 sancti

2063 3467 2296 3523 Martini
2322 3465 2658 3539 sepulcrum
2689 3467 3094 3539 deponeretur.
3128 3483 3303 3540 quem
3335 3467 3542 3522 exinde
3573 3482 3715 3523 com-

2059 3558 2222 3612 muni
2244 3556 2437 3612 decani
2461 3557 2511 3611 et
2539 3557 2772 3629 capituli
2789 3558 2972 3627 jussu,
3001 3557 3100 3627 qui
3131 3569 3436 3612 successor
3453 3555 3714 3628 legitime

2061 3644 2281 3701 electus
2312 3645 2487 3702 fuerit
2517 3645 2816 3717 reciperet,
2834 3648 3148 3716 antequam
3170 3645 3243 3700 ab
3275 3644 3712 3716 archiepiscopo

2061 3733 2391 3790 Turonensi
2422 3733 2480 3788 in
2509 3734 2777 3789 abbatem
2790 3732 3084 3789 secundum
3096 3749 3435 3789 communem
3461 3733 3715 3789 Ecclesiae

2061 3821 2502 3879 consuetudinem
2532 3822 2987 3878 benediceretur.
3017 3822 3145 3877 Haec
3185 3822 3375 3878 fusius
3422 3821 3715 3877 habentur

2062 3911 2122 3967 in
2153 3911 2314 3967 bulla
2344 3910 2584 3977 Urbani,
2615 3927 2683 3967 ea
2715 3912 2786 3966 de
2818 3927 2878 3966 re
2910 3915 3042 3982 post
3059 3910 3285 3982 aliquot
3315 3910 3440 3966 dies
3466 3908 3714 3964 Pietavis

2064 4001 2220 4069 data,
2255 4015 2322 4056 ex
2351 4017 2466 4072 qua
2492 3999 2647 4056 sicut
2670 4003 2730 4056 et
2757 4017 2827 4055 ex
2855 3999 3032 4056 veteri
3063 3999 3458 4055 instrumento
3482 3997 3715 4054 dedica-

2062 4089 2242 4144 tionis
2271 4087 2527 4144 ecclesize
2548 4087 3184 4159 Majoris-Monasterii,
3207 4087 3365 4159 quod
3389 4104 3570 4160 supra
3589 4085 3717 4143 lau-

2063 4177 2355 4244 davimus,
2377 4176 2666 4232 habentur
2686 4176 2926 4231 nomina
2939 4175 3163 4249 aliquot
3186 4176 3596 4249 episcoporum
3618 4175 3723 4247 qui

2064 4266 2200 4320 huic
2229 4264 2474 4322 concilio
2504 4264 2841 4320 interfuere.
2862 4267 2934 4320 At
2961 4281 3067 4321 nec
3084 4265 3186 4332 ibi,
3219 4281 3325 4321 nec
3355 4264 3418 4320 in
3440 4263 3552 4320 alio
3575 4281 3720 4337 quo-

2065 4355 2222 4427 piam
2252 4355 2430 4411 veteri
2461 4358 2843 4410 monumento
2876 4355 3128 4426 reperire
3157 4354 3323 4410 licuit
3352 4370 3566 4410 nomen
3581 4353 3722 4409 Ber-

2068 4444 2235 4500 nardi
2266 4443 2527 4499 Toletani
2559 4442 3003 4515 archiepiscopi,
3033 4459 3209 4515 quem
3239 4448 3437 4500 tamen
3459 4444 3532 4498 ad
3563 4443 3719 4498 hanc

296 4533 728 4592 bratumfuisse
747 4533 1002 4590 affirmat
1023 4534 1506 4591 auctorChronici
1531 4533 1952 4591 Malleacensis.
1988 4523 2034 4589 D
2065 4533 2354 4606 synodum
2396 4533 2624 4588 venisse
2674 4531 2939 4588 nonnulli
2994 4531 3346 4588 recentiores
3389 4531 3614 4587 volunt.
3647 4531 3720 4585 Et

296 4627 385 4680 An
648 4624 778 4680 novi
810 4623 869 4679 in
898 4639 966 4679 eo
989 4637 1243 4681 canones
1275 4623 1492 4679 conditi
1512 4622 1752 4691 fuerint,
1771 4625 1956 4680 incer-

299 4717 449 4783 tum,
482 4729 618 4769 eum
651 4729 947 4785 nusquam
979 4713 1082 4768 ulli
1112 4712 1507 4780 inveniantur;
1555 4717 1614 4768 et
1639 4728 1708 4768 eo
1756 4713 1954 4770 animo

297 4802 677 4874 potissimum
709 4819 744 4857 ει
771 4801 1045 4875 pontiﬁce
1062 4801 1421 4858 celebratum
1449 4801 1624 4857 fuerit
1639 4802 1797 4856 istud
1818 4819 1954 4857 con-

299 4890 526 4961 cilium,
560 4895 625 4947 ut
657 4891 1120 4964 praecedentibus
1152 4891 1392 4963 synodis
1423 4891 1601 4946 robur
1656 4890 1955 4962 adjiceret.

299 4979 478 5037 Varia
504 4985 702 5037 tamen
760 4980 818 5035 in
871 4997 939 5036 eo
994 4980 1226 5052 negotia
1284 4984 1608 5050 petractata
1662 4979 1866 5051 fuisse,
1901 4985 1957 5036 et

300 5084 510 5127 causas
540 5070 743 5127 ﬁnitas
772 5081 842 5124 ex
854 5068 1151 5124 veteribus
1163 5068 1502 5124 auctoribus
1512 5072 1569 5124 et
1597 5070 1953 5125 instrumen-

298 5157 376 5213 tis
406 5157 717 5214 discimus.
752 5155 861 5210 Ubi
891 5155 1070 5210 etiam
1101 5155 1338 5212 Marbod
1350 5174 1440 5223 us,
1463 5161 1527 5213 ut
1557 5174 1626 5213 ex
1655 5156 1955 5212 Chartario

301 5245 499 5303 Sancti
573 5243 766 5301 Albini
839 5243 1103 5300 referunt
1161 5245 1598 5302 Summarthani
1649 5245 1711 5300 in
1768 5244 1956 5301 Gallia

301 5334 652 5398 Christiana,
675 5347 744 5387 ex
771 5332 1175 5405 Andegavensi
1201 5334 1609 5390 archidiacono
1643 5333 1956 5406 episcopus

304 5419 692 5488 Redonensis,
721 5419 920 5476 electus
947 5438 982 5476 a
1010 5422 1305 5479 reverenda
1321 5439 1470 5495 papa
1509 5422 1722 5479 Urbano
1754 5426 1814 5478 in
1854 5425 1955 5480 Tu-

301 5512 525 5569 ronensi
548 5509 779 5565 concilio
806 5511 1148 5569 sanctissimo
1174 5513 1317 5569 sedis
1345 5511 1658 5586 apostolica!
1681 5513 1954 5581 Ecclesiae,

303 5601 579 5663 om
607 5599 711 5662 Deo
741 5597 1027 5663 ordinatus
1052 5605 1132 5662 est
1155 5601 1429 5682 pontifex.
1463 5601 1622 5665 Idem
1661 5606 1956 5665 testantur

2064 4623 2300 4696 quidem
2331 4621 2594 4678 interfuit
2623 4637 2824 4677 mense
2850 4621 3030 4677 Junio
3057 4621 3326 4692 sequenti
3364 4619 3720 4676 dedicationi

2062 4711 2315 4768 ecclesiae
2347 4711 2546 4768 Sancti
2577 4711 2877 4766 Saturnini
2910 4701 3064 4784 apud
3095 4708 3391 4777 Tolosam,
3423 4714 3483 4764 et
3513 4725 3718 4765 mense

2061 4801 2216 4856 Julio
2248 4801 2492 4856 concilio
2524 4800 2931 4868 Nemausensi,
2960 4800 3044 4855 uti
3083 4799 3212 4855 suis
3251 4797 3396 4854 locis
3425 4798 3715 4854 dicemus.

2063 4890 2230 4944 Certe
2263 4905 2396 4944 cum
2425 4888 2587 4944 nulla
2617 4889 2947 4944 habeantur
2977 4889 3107 4960 ejus
3136 4887 3366 4944 concilii
3410 4893 3598 4960 gesta,
3633 4885 3719 4941 nil

2064 4978 2282 5032 mirum
2313 4977 2362 5033 si
2395 4976 2814 5049 plerarumque
2847 4993 3048 5032 eorum
3081 4976 3324 5033 nomina
3377 4976 3722 5049 ignoremus

2063 5066 2163 5138 qui
2194 5065 2310 5122 huc
2342 5081 2678 5133 convenere,
2708 5065 2810 5136 qui
2842 5065 2997 5120 enim
3020 5065 3142 5121 noti
3168 5069 3328 5133 sunt,
3373 5065 3432 5121 id
3449 5077 3617 5133 casu,
3641 5067 3721 5119 .ut

2063 5155 2385 5228 plurimum
2419 5154 2639 5209 factum
2670 5158 2780 5211 est.
2812 5152 2908 5209 Sic
2935 5153 3317 5209 Benedictum
3361 5154 3718 5209 Namneten-

2065 5260 2189 5300 sem
2244 5243 2590 5310 antistitem,
2649 5247 2709 5298 et
2767 5241 3132 5313 Raynaldum
3189 5243 3464 5299 abbatem
3515 5239 3716 5297 Sancti

2062 5332 2334 5406 Cypriani
2355 5336 2497 5387 tunc
2527 5331 2778 5387 Turonis
2807 5330 3101 5388 exstitisse
3129 5331 3412 5388 discimus
3433 5329 3623 5387 solum
3644 5344 3718 5385 ex

2063 5423 2191 5495 ejus
2221 5421 2478 5493 episcopi
2510 5420 2822 5477 donatione
2843 5427 2968 5477 tum
2999 5421 3151 5477 facta
3165 5421 3377 5477 Sancto
3399 5418 3716 5492 Cypriane,

2064 5512 2234 5586 cujus
2254 5509 2586 5568 donationis
2608 5511 2887 5568 notitiam
2918 5511 2980 5567 in
3001 5510 3338 5585 Appendice
3366 5507 3667 5566 dabimus.

2133 5601 2351 5662 Eodem
2382 5599 2554 5662 modo
2600 5616 2671 5660 ex
2697 5600 2863 5662 bulla
2906 5599 3146 5673 Urbani,
3176 5615 3305 5678 quia
3353 5599 3414 5658 in
3461 5596 3712 5674 gratiam
