3998 6158
166 344 319 408 ,Μ’

1782 339 1967 403 Vl'l‘A
1979 386 1993 401 .

3471 346 3591 408 ρος
3618 302 3623 305 ’

170 476 440 548 Hugonis
473 476 886 549 Lugdunensis
918 476 1175 549 episcopi
1209 492 1361 531 anno
1386 474 1525 529 1099
1550 474 1685 530 data
1716 477 1825 543 est,
1857 475 1911 541 Α
1943 475 2098 547 apud
2128 477 2468 550 Andegavos
2498 466 2815 552 approbata
2843 478 3049 536 fuerat.
3084 481 3206 546 Qua
3238 480 3472 552 quidem
3498 481 3588 538 die

170 566 343 620 nobis
370 563 558 636 liquet
577 564 736 621 hunc
762 566 1085 621 antistitem
1119 564 1388 637 querelas
1418 565 1488 620 ad
1523 565 1678 619 istud
1699 581 1831 619 con-

168 652 372 709 cilium
409 654 623 709 iterum
652 653 937 711 detulisse
965 654 1245 710 adversus
1280 652 1617 709 Richerium
1650 657 1828 708 Seno-

168 759 416 799 nensem
437 740 974 814 metropolitanum,
988 742 1219 798 decreto
1241 743 1311 796 de
1328 741 1580 813 primatu
1604 741 1762 811 Lugd
1773 759 1831 795 u-

165 831 337 887 nensi
367 831 426 885 in
450 848 622 886 suam
646 829 961 887 Ecclesiam
983 832 1220 886 obedire
1246 830 1438 886 adhuc
1457 830 1825 886 detrectanti.

234 940 309 993 At
341 937 631 993 falluntur
655 937 694 992 ii
729 936 830 1009 qui
862 938 1026 992 aiunt
1054 936 1391 1008 Philippum
1427 953 1615 1005 regem
1650 952 1717 992 eo
1769 936 1825 991 in

165 1026 419 1082 concilio
449 1027 523 1082 ab
580 1027 1180 1081 excommuniratione
1235 1025 1572 1081 absolutum
1625 1025 1824 1090 fuisse,

163 1130 303 1171 cum
327 1120 556 1170 certum
579 1114 654 1169 sit
666 1114 934 1186 exipsius
956 1113 1169 1170 Urbani
1195 1114 1442 1187 epistola
1457 1130 1633 1186 quam
1655 1113 1827 1186 paulo

161 1208 299 1276 post
322 1203 405 1259 ad
423 1203 678 1259 Francim
701 1202 1005 1275 episcopos
1029 1203 1397 1276 conscripsit,
1432 1203 1488 1257 id
1524 1208 1664 1257 tunc
1695 1208 1827 1257 ten-

160 1300 285 1348 tare
314 1292 560 1364 quidem
591 1292 847 1349 voluisse
883 1291 1107 1365 aliquot
1137 1292 1469 1349 Gallicanos
1500 1291 1825 1363 episcopos,

159 1382 260 1437 sed
282 1381 372 1437 eis
397 1396 536 1436 cum
563 1382 836 1453 pontifice
858 1382 1144 1437 restitisse
1167 1382 1347 1453 hujus
1370 1380 1575 1454 synodi
1606 1380 1822 1436 Patres.

157 1471 527 1526 Conﬁrmata
557 1470 734 1525 etiam
769 1470 848 1524 ibi
887 1470 995 1525 fuit
1023 1470 1549 1526 excommunicatio
1573 1469 1825 1540 jampri-

157 1561 291 1615 dem
312 1560 434 1615 lata
460 1560 518 1613 in
546 1558 824 1614 Eblonem
847 1559 1174 1614 invasorem
1198 1558 1453 1615 ecclesiae
1476 1558 1536 1613 S.
1563 1559 1607 1614 G
1644 1558 1823 1629 egorii

160 1648 374 1704 insulze
404 1647 693 1714 Oleronis,
727 1664 854 1719 quae
902 1648 970 1702 ad
1020 1647 1474 1703 Vindocinenses
1508 1647 1825 1703 monachos

161 1737 520 1810 pertinebat:
542 1738 712 1807 cujus
735 1736 814 1792 rei
836 1740 1044 1792 testem
1069 1735 1415 1791 adducimus
1444 1734 1821 1791 Guillelmum

158 1827 534 1882 Pictavornm
568 1826 842 1882 comitem
876 1825 932 1880 in
966 1843 1115 1898 saepe
1146 1824 1384 1880 laudato
1410 1823 1822 1889 instrumento,
1857 1832 1902 1898 Β

162 1915 317 1988 quod
354 1913 645 1970 referetur
669 1931 775 1970 suo
803 1913 949 1969 loco.

230 2004 340 2060 Die
370 2018 479 2058 x111
510 2003 801 2058 Kalendas
827 2002 1053 2075 Aprilis,
1083 2002 1136 2057 id
1172 2008 1255 2059 est
1279 2004 1350 2057 20
1385 2002 1599 2068 Martii,
1636 2002 1825 2072 ponti-

163 2096 252 2149 fex
283 2091 635 2149 monasterii
683 2090 1120 2155 Bainsonensis,
1153 2094 1306 2164 quod
1354 2092 1505 2147 haud
1560 2090 1827 2163 procula

160 2181 509 2237 castellione
569 2196 747 2252 supra
805 2180 1129 2236 Matronam
1187 2182 1366 2236 situm
1401 2186 1458 2236 et
1515 2185 1823 2252 parentum

156 2287 407 2326 suorum
441 2269 801 2338 haereditate,
828 2270 917 2326 sui
940 2270 1096 2341 juris
1136 2287 1264 2325 esse
1299 2270 1459 2337 dicit,
1493 2269 1823 2325 libertatem

156 2360 450 2432 rescripto
483 2357 799 2431 apostolico
828 2359 1117 2425 asseruit;
1162 2376 1278 2429 qua
1327 2360 1500 2415 etiam
1554 2357 1683 2429 ipsa
1733 2358 1825 2413 die

156 2449 317 2504 aliud
376 2447 753 2521 privilegium
809 2448 1100 2504 concessit
1156 2448 1323 2504 Petro
1375 2447 1823 2504 Trenorchiensi

158 2538 388 2604 abbati,
413 2537 573 2610 quod
605 2540 737 2609 post
762 2538 1268 2593 conﬁrmationem
1292 2538 1420 2608 ejus
1442 2536 1550 2592 loci
1575 2542 1629 2590 et
1653 2539 1826 2593 bono-

158 2643 287 2682 rum
325 2630 385 2681 et
445 2625 887 2697 possessionum
943 2626 1151 2681 asserit
1201 2625 1387 2680 eidem
1449 2625 1823 2692 monasterio,

156 2715 326 2783 juxta
392 2711 552 2784 quod
597 2711 655 2766 in
690 2713 817 2784 ipso
849 2711 1176 2767 Turonensi
1225 2712 1471 2768 concilio
1495 2701 1825 2782 judicatum

164 2803 377 2871 fuerat,
396 2802 549 2855 duas
571 2800 848 2855 ecclesias
866 2801 1162 2855 Lausduni
1189 2801 1352 2867 sitas,
1380 2817 1530 2872 quas
1555 2800 1826 2856 monachi

163 2890 362 2945 Sancti
391 2888 670 2944 Florentii
703 2888 962 2960 suijuris
984 2906 1111 2944 esse
1142 2891 1592 2944 contendebant.
1618 2890 1828 2945 Praeter

166 2979 314 3033 hanc
338 2977 575 3032 bullam
598 2981 785 3032 exstat
806 2995 871 3033 ea
894 2977 963 3032 de
996 2995 1053 3032 re
1077 2982 1243 3033 vetus
1272 2978 1732 3033 instrumentum
1768 2978 1825 3034 in

168 3066 624 3139 probationibus
668 3066 933 3122 Historiae
990 3067 1470 3123 Trenorchiensis
1527 3084 1595 3122 ex
1650 3068 1827 3124 veteri

168 3155 512 3229 apographo
533 3172 565 3210 a
586 3155 876 3210 Cbiflletio
907 3156 1151 3223 editum,
1186 3157 1340 3211 unde
1364 3156 1609 3211 habetur
1640 3175 1823 3212 unum

168 3245 343 3316 hujus
362 3243 579 3316 synodi
601 3243 1483 3317 decretum,aliasincognitum.
1514 3246 1625 3300 Hoc
1658 3263 1826 3317 porro

170 3332 701 3404 Urbanijudicium
724 3333 1090 3388 conﬁrmavit
1106 3333 1365 3388 Calixtus
1383 3334 1429 3389 ll
1446 3334 1505 3387 in
1529 3334 1825 3406 privilegio

168 3423 315 3493 quod
343 3439 508 3477 anno
532 3423 672 3477 1122
693 3421 975 3477 Franconi
1016 3422 1211 3477 abbati
1241 3422 1490 3477 indulsit
1518 3424 1590 3477 ab
1622 3424 1823 3479 eodem

168 3511 460 3567 Chimetio
483 3510 702 3566 ibidem
736 3526 869 3583 pag.
902 3510 1005 3565 409
1036 3511 1278 3566 editum.

237 3620 429 3674 Litem
465 3633 597 3689 quae
640 3617 794 3672 inter
823 3617 975 3673 idem
1028 3620 1450 3674 monasterium
1502 3625 1557 3675 et
1605 3620 1825 3691 episco-

173 3724 303 3777 pum
340 3711 530 3779 atque
555 3705 869 3761 canonicos
901 3706 1154 3761 ecclesia:
1178 3708 1530 3763 cathedralis
1561 3710 1826 3780 Andega—

174 3797 364 3851 vensis
400 3796 739 3850 vertebatur
769 3795 839 3850 de
878 3794 1230 3868 quibusdam
1272 3796 1449 3851 Doadi
1483 3797 1701 3853 castelli
1736 3815 1827 3854 ec-

173 3884 387 3951 clesiis,
410 3885 481 3939 ad
506 3884 794 3957 synodum
818 3884 1213 3940 'l‘uronensem
1234 3886 1306 3940 ab
1325 3885 1553 3941 Urbano
1576 3885 1828 3943 delatam

175 3974 354 4029 fuisse
389 3971 673 4028 diximus.
708 3972 817 4028 Sed
854 3989 1169 4043 quemnam
1197 3972 1296 4027 illa
1318 3975 1534 4030 exitum
1561 3975 1832 4031 habuerit

175 4061 526 4117 discendum
580 4066 669 4115 est
718 4077 784 4115 ex
814 4060 1015 4115 charta
1070 4046 1830 4136 Gaul‘rediAndegavensis

176 4151 434 4221 episcopi
468 4166 647 4221 quam
671 4150 726 4204 in
758 4149 1237 4205 Trenorchiensis
1261 4151 1523 4206 Historias
1541 4153 1831 4224 probatio-

178 4240 349 4294 nibus
383 4239 584 4294 videre
614 4236 764 4294 licet.
793 4238 855 4293 In
889 4254 956 4293 ea
979 4238 1174 4294 Patres
1198 4241 1464 4296 Turonos
1494 4241 1833 4297 convenisse

177 4327 457 4382 dicuntur
478 4342 673 4381 coram
698 4325 940 4398 Hugone
963 4326 1362 4399 Lugdunensi,
1389 4328 1637 4384 Rodulfo
1656 4330 1834 4385 Turo-

179 4416 366 4481 nensi,
401 4414 667 4471 Guidone
710 4414 1053 4481 Viennensi,
1107 4416 1437 4473 Hildeberto
1488 4418 1830 4474 Bituriceusi

181 4504 663 4575 archiepiscopis,
685 4503 953 4558 Brunone
972 4503 1288 4575 Signieusi,
1309 4504 1506 4560 Hoello
1521 4506 1836 4562 Cenoman-

182 4594 368 4660 nensi,
424 4590 734 4647 Guillelmo
783 4591 964 4647 electo
1021 4594 1363 4648 Arvernonsi
1427 4594 1717 4667 episc0pis
1773 4612 1839 4651 ac

178 4682 494 4737 Adalberto
520 4680 892 4736 etheutone
910 4680 1329 4749 cardinalibus,
1357 4683 1602 4755 aliisque
1625 4684 1838 4755 judici~

184 4771 288 4825 bus
312 4787 346 4824 a
368 4768 646 4841 pontifice
669 4767 971 4840 delegatis,
996 4769 1093 4823 ubi
1120 4776 1249 4841 post
1272 4771 1458 4826 multa
1480 4772 1683 4828 bincet
1703 4774 1839 4828 inde

181 4858 377 4923 allata,
415 4874 552 4913 cum
604 4858 839 4927 judices
893 4858 1242 4912 sententiam
1286 4866 1483 4914 essent
1534 4861 1838 4932 prolaturi,

182 4947 390 5002 iisdem
412 4946 916 5001 intercedentibus
939 4948 1171 5017 utrique
1200 4948 1257 5001 in
1284 4947 1390 5003 hoc
1413 4951 1843 5005 concordarunt

183 5042 267 5099 ut,
293 5035 608 5091 reservatis
631 5033 895 5090 Ecclesiae
908 5035 1312 5107 Andegavensi
1329 5053 1403 5108 qu
1416 5037 1844 5109 ibusdamjuri-

184 5126 395 5179 busac
426 5122 728 5187 censibus,
751 5139 878 5193 qua
903 5123 960 5178 in
981 5123 1180 5178 charta
1201 5123 1551 5189 referuntur,
1575 5127 1843 5183 Ecclesiae

183 5213 365 5269 Doadi
386 5210 698 5268 monachis
718 5215 1105 5273 remanerent.
1123 5212 1181 5268 in
1207 5214 1443 5285 quibus,
1460 5222 1592 5285 post
1611 5216 1847 5271 canoni-

186 5317 389 5358 corum
433 5300 538 5373 qui
570 5299 651 5355 ibi
682 5305 1029 5373 supererant
1057 5301 1303 5366 obitum,
1362 5304 1682 5360 monachos
1714 5321 1846 5378 pos-

193 5396 322 5449 sent
354 5389 745 5448 substituere.

251 5482 353 5537 Die
378 5497 465 5535 xu
501 5476 798 5534 Kalendas
827 5477 1039 5550 Aprilis
1063 5480 1117 5535 in
1153 5481 1354 5536 eodem
1380 5482 1622 5538 concilio
1646 5484 1851 5539 conﬁr-

188 5577 345 5627 mata
376 5568 499 5625 fuit
528 5566 791 5623 fundatio
824 5569 1167 5625 monasterii
1199 5571 1470 5627 Rotensis
1512 5590 1687 5646 prope
1718 5577 1851 5630 Cre-

185 5661 458 5731 donium,
510 5674 662 5731 qum,
715 5661 778 5713 ut
809 5674 990 5730 supra
1036 5659 1313 5727 diximus,
1356 5662 1483 5734 jam
1515 5664 1587 5719 ab
1617 5662 1852 5733 Urbano

506 5783 776 5850 PATBOL.
824 5782 968 5849 CLI.

1941 580 2067 635 quae
2098 566 2172 620 ob
2223 568 2409 622 sancti
2445 568 2737 624 Benedicti
2770 569 3143 625 festivitatem
3174 566 3416 626 celebris
3447 573 3590 640 erat,

1939 658 2003 707 ut
2017 653 2073 707 in
2092 656 2266 710 veteri
2288 656 2475 711 instru
2487 656 2906 728 mentolegitnr
2918 659 3071 730 apud
3086 656 3589 726 Sammarthanos,

1939 745 1997 796 et
2027 746 2185 798 tomo
2220 745 2267 799 ll
2318 744 2827 801 Miscellaneorum
2882 746 3123 812 Baluzii,
3155 748 3243 802 vir
3272 748 3593 819 apostolicus

1938 830 2283 888 devotisst'me
2315 836 2541 889 missam
2586 833 2915 890 celebravit.
2976 837 3089 890 Hac
3143 836 3281 891 item
3316 835 3468 908 ’ipsa
3497 835 3593 892 die

1939 920 2195 992 pontifex
2221 921 2591 995 privilegium
2614 923 3593 980 LnnzoniabbatiSanctiVincentii

1937 1010 2092 1079 apud
2113 1010 2294 1066 Metas
2313 1012 2757 1083 concessitque:
2775 1013 2846 1077 ei,
2868 1014 3114 1084 ejusque
3128 1004 3589 1080 successoribus,

1938 1104 2070 1169 post
2097 1099 2383 1155 bonorum
2416 1117 2483 1155 ac
2531 1101 2970 1172 possessionum
3016 1101 3419 1168 assertionem,
3452 1116 3589 1157 con-

1938 1188 2157 1252 ﬁrmat,
2205 1192 2268 1242 ut
2318 1189 2561 1245 absente
2594 1190 2866 1262 episcopo
2925 1189 3190 1257 Metensi,
3226 1190 3378 1246 sicut
3397 1191 3522 1261 jam
3558 1207 3593 1246 ο.

1938 1276 2062 1331 suis
2084 1278 2556 1334 antecessoribus
2589 1283 2875 1334 statutum
2909 1279 3119 1346 fuerat,
3165 1278 3345 1335 abbas
3394 1279 3589 1336 Sancti

1937 1363 2226 1421 Vincentii
2263 1366 2485 1423 festivis
2507 1367 2786 1423 diebusin
2810 1367 3128 1424 cathedrali
3162 1367 3324 1423 urbis
3346 1366 3591 1424 ecclesia

1936 1470 2071 1510 cum
2103 1454 2389 1512 sandaliis
2422 1462 2477 1514 et
2508 1455 2824 1513 dalmatica
2844 1456 3161 1512 missarum
3194 1456 3482 1513 solemnia
3502 1473 3589 1514 ce-

1934 1541 2159 1598 lebrare
2194 1545 2398 1617 possit.

2006 1632 2234 1689 CCLIII.
2274 1633 2507 1690 Concilii
2537 1634 2856 1718 Turonensis
2900 1636 3049 1705 ﬁnis.
3096 1636 3363 1692 Solemnis
3385 1651 3513 1707 pro-

2664 1722 2848 1762 (383510.
3372 1736 3377 1740 ’

2008 1791 2315 1864 Nusquam
2350 1809 2441 1848 me
2472 1792 2681 1866 legisse
2713 1795 2952 1851 memini
2987 1810 3102 1866 qua
3128 1794 3220 1850 die
3250 1792 3584 1851 absolutum

1937 1881 2104 1937 fuerit
2140 1883 2478 1939 Turonense
2510 1882 2841 1952 concilium,
2869 1884 3136 1956 quamvis
3164 1883 3359 1957 ipsum
3389 1884 3444 1939 in
3474 1885 3587 1939 ter-

1933 1972 2011 2026 tia
2083 1971 2529 2043 Quadragcsimz
2584 1972 2920 2028 hebdomada
2977 1973 3159 2029 fuisse
3227 1972 3584 2028 celebratum

1934 2076 2137 2116 omnes
2177 2060 2561 2116 consentiant.
2608 2065 2702 2129 At,
2736 2061 2784 2116 si
2834 2078 2949 2117 non
2999 2061 3189 2133 fallor,
3241 2059 3585 2117 conclusum

1934 2149 2044 2204 fuit
2075 2148 2288 2205 celebri
2337 2149 2438 2205 illa
2495 2150 2865 2223 processionc
2925 2167 3103 2223 quam
3163 2148 3337 2205 Fulco
3391 2165 3587 2206 comes

1939 2237 2391 2311 Andegavensis,
2445 2238 2546 2310 qui
2602 2256 2858 2311 prasens
2916 2240 3137 2307 aderat,
3199 2237 3480 2295 describit
3524 2239 3583 2292 in

1934 2328 2261 2399 fragmento
2285 2327 2685 2399 Historiaajam
2717 2327 2975 2397 laudato,
3010 2328 3101 2383 bis
3121 2326 3346 2383 verbis:
3380 2325 3586 2382 «Datis

1931 2414 2245 2471 venerabili
2267 2415 2509 2472 concilio
2528 2417 2796 2485 decretis,
2832 2416 3087 2490 pontifex
3112 2417 3305 2472 media
3327 2414 3588 2480 Quadra-

1932 2504 2159 2577 gesima
2200 2508 2513 2560 coronatus
2543 2509 2650 2573 est,
2684 2510 2741 2560 et
2769 2522 2903 2562 cum
2938 2505 3186 2562 solemni
3217 2503 3588 2578 processionc

1933 2594 2005 2648 ab
2037 2593 2282 2648 ecclesia
2312 2593 2504 2649 Sancti
2553 2594 2838 2661 Mauricii,
2873 2595 3001 2667 ipsa
3047 2599 3135 2650 est
3164 2593 3587 2666 archiepiscOpi

1934 2682 2121 2745 sedes,
2183 2683 2254 2737 ad
2314 2680 2618 2738 ecclesiam
2680 2683 2831 2739 Beati
2866 2682 3096 2740 Martini
3127 2681 3434 2751 deductus,
3484 2682 3587 2738 ubi

1936 2770 2078 2826 mihi
2114 2770 2314 2825 ﬂorem
2339 2787 2604 2838 aureum,
2629 2788 2803 2844 quem
2837 2772 2896 2827 in
2920 2789 3099 2827 manu
3128 2771 3385 2845 gerebat,
3414 2771 3591 2826 dona-

1934 2860 2032 2927 vit,
2069 2876 2240 2931 quem
2269 2877 2375 2932 ego
2406 2860 2578 2916 etiam
2610 2861 2682 2916 ob
2707 2862 3049 2917 memoriam
3073 2864 3128 2917 et
3150 2877 3410 2916 amorem
3427 2858 3588 2916 illius

1934 2947 1994 3002 in
2028 2948 2282 3016 Osanna,
2320 2949 2375 3002 id
2438 2955 2526 3004 est
2556 2950 2614 3004 in
2669 2950 3046 3021 processionc
3099 2938 3454 3017 Palmarum,
3501 2948 3588 3003 uti

1937 3037 2203 3109 conjicio,
2227 3056 2458 3110 semper
2491 3039 2635 3093 mihi
2667 3040 2931 3111 meisque
2962 3038 3404 3095 successoribus
3432 3037 3588 3093 defe-

1938 3126 2184 3181 rendum
2213 3126 2507 3181 constitui.
2529 3127 2851 3183 Cbronicon
2878 3128 3216 3183 Turonense
3234 3126 3407 3182 refert
3429 3142 3591 3182 eum-

1856 3197 1898 3263 C
1940 3216 2069 3268 (lem
2106 3215 2437 3284 pontificem
2460 3214 2517 3268 in
2548 3217 2742 3270 media
2773 3216 3232 3289 Quadragesima
3261 3216 3319 3270 in
3340 3214 3588 3271 ecclesia

1936 3303 2084 3357 beati
2118 3303 2350 3357 Martini
2386 3319 2543 3358 more
2577 3303 2837 3358 Romano
2881 3320 3095 3359 corona
3142 3302 3470 3376 palmarum
3521 3318 3585 3359 se

1936 3408 2265 3461 coronasse,
2320 3390 2516 3463 ibique
2570 3392 2813 3447 missam
2848 3392 2917 3447 ad
2979 3391 3158 3448 altare
3216 3391 3584 3448 Dominicum

1937 3479 2279 3536 celebrasse.
2312 3504 2335 3529 υ
2367 3483 2450 3535 An
2470 3497 2603 3535 vero
2636 3481 2690 3535 id
2718 3480 3199 3554 praestiteritipsa
3219 3480 3361 3537 feria
3380 3478 3586 3554 quinta

1938 3569 2139 3623 mediae
2192 3569 2685 3643 Quadragesimze,
2741 3573 2841 3625 aut
2871 3570 2964 3625 die
3016 3570 3305 3643 sequenti,
3354 3586 3490 3642 qua,
3522 3572 3588 3625 ut

1937 3658 2213 3724 diximus,
2254 3658 2309 3711 in
2333 3659 2476 3713 festo
2506 3658 2694 3713 sancti
2719 3658 3013 3715 Benedicti
3042 3659 3285 3715 missam
3306 3657 3587 3715 devotissi-

1938 3763 2021 3802 mc
2050 3746 2379 3815 celebravit,
2416 3752 2513 3802 aut
2546 3751 2699 3803 certe
2731 3748 3035 3803 Dominica
3073 3746 3427 3820 insequenti,
3461 3763 3588 3819 quas

1938 3836 2127 3908 prima
2156 3852 2221 3890 eo
2241 3853 2393 3890 anno
2416 3840 2541 3891 erat
2573 3841 2704 3908 post
2728 3836 2989 3890 medium
3013 3836 3502 3908 Quadragesimae,
3524 3839 3591 3891 ut

1937 3942 2004 3979 ex
2035 3923 2250 3979 tabulis
2272 3924 2643 3996 temporariis
2669 3928 2919 3990 constat,
2955 3941 3071 3978 non
3103 3924 3342 3980 omnino
3373 3923 3587 3995 liquet:

1939 4013 2093 4085 quod
2121 4020 2314 4067 tamen
2330 4012 2707 4068 verisimilius
2721 4013 3061 4068 est.Etcnim
3088 4011 3381 4083 processio
3403 4012 3460 4066 in
3475 4027 3593 4083 qua

1940 4100 2194 4174 pontifex
2219 4117 2410 4156 rosam
2436 4118 2670 4157 auream
2694 4106 2921 4174 gestare
2947 4098 3113 4166 solet,
3134 4100 3240 4155 hac
3259 4099 3386 4172 ipsa
3402 4099 3594 4156 Domi-

1940 4190 2071 4246 nica
2118 4189 2321 4244 mediae
2363 4190 2852 4263 Quadragesimze,
2888 4190 2945 4245 in
2982 4206 3099 4262 qua
3129 4188 3352 4245 scilicet
3381 4190 3593 4247 Litore

1941 4279 2189 4345 canitur,
2248 4278 2369 4333 ﬁeri
2434 4279 2736 4334 consuevit
2790 4278 2965 4334 etiam
3025 4277 3372 4351 antiquitus,
3405 4282 3469 4333 ut
3525 4292 3594 4333 ex

1940 4367 2235 4423 veteribus
2266 4367 2574 4424 ordinibus
2606 4368 2905 4434 Romanis,
2941 4386 2974 4424 a
3004 4367 3344 4424 Mabillonio
3363 4373 3520 4424 tomo
3545 4367 3594 4423 ΙΙ

1944 4455 2141 4512 Musaei
2168 4455 2351 4512 ltalici
2383 4457 2577 4527 editis,
2609 4460 2665 4512 et
2691 4474 2758 4513 ex
2788 4456 3082 4513 Glossario
3106 4457 3420 4530 Cangiano,
3444 4455 3598 4512 aliis-

1869 4562 1913 4625 D
1947 4563 2058 4617 que
2091 4545 2310 4616 passim
2345 4546 2682 4601 auctoribus
2713 4550 2890 4619 patet.

1947 4633 2173 4689 CCLIV.
2207 4636 2570 4709 er'iii'lcgz'um
2603 4634 2858 4709 corbez'a3.
2884 4637 3129 4709 Episcopi
3162 4636 3602 4709 Strasburgensz‘s

2019 4707 2407 4780 rcconcz'lz'ntio.
2462 4707 2701 4780 Epistula
2753 4706 2823 4761 ad
2851 4706 3123 4780 episcopos
3160 4706 3435 4763 Francia.
3462 4707 3599 4763 Cano

2018 4778 2139 4831 cilii
2168 4777 2496 4832 Arelatensis
2526 4777 2812 4846 judicium.
2879 4777 2893 4780 “
3030 4777 3040 4780 ⁷
3213 4791 3219 4797 ·

2022 4865 2186 4919 Feria
2214 4866 2382 4920 tertia
2404 4866 2792 4935 sequenti,vm
2818 4867 3037 4923 scilicet
3061 4867 3349 4923 Kalendas
3365 4866 3600 4938 Aprilis,

1952 4972 2079 5025 quae
2112 4954 2236 5009 dies
2258 4954 2329 5008 ob
2355 4953 2833 5011 Annuntiationis
2861 4956 3176 5011 Dominica:
3208 4956 3422 5011 festum
3454 4955 3603 5010 cele-

1953 5044 2076 5097 bris
2106 5046 2214 5103 est,
2250 5041 2518 5096 Urbanus
2563 5042 2758 5098 adhuc
2815 5044 2971 5115 apud
3032 5045 3298 5098 Turonos
3347 5042 3605 5099 existens

1956 5131 2324 5203 privilegium
2349 5131 2637 5186 concessit
2658 5131 2891 5187 Nicolao
2910 5131 3103 5186 abbati
3127 5130 3450 5199 Corbeinsi,
3486 5148 3604 5203 quo

1955 5218 2210 5291 insignia
2240 5220 2367 5289 ejus
2399 5218 2507 5273 loci
2533 5220 2672 5289 jura
2698 5224 2753 5275 et
2786 5221 3195 5291 praerogativae
3218 5220 3604 5277 conﬁrmavit.

1963 5309 2127 5363 Forte
2159 5306 2239 5361 ibi
2270 5307 2462 5362 adhuc
2493 5312 2615 5363 erat
2658 5308 2935 5379 pontifex,
2971 5324 3103 5363 cum
3135 5324 3247 5363 non
3276 5310 3447 5364 multo
3489 5319 3610 5382 post

1957 5397 2254 5453 concilium
2282 5396 2604 5461 Turonense,
2635 5397 2717 5451 uti
2751 5396 2927 5452 habet
2948 5396 3273 5465 Bertoldus,
3306 5400 3614 5473 episcopum

1961 5485 2439 5555 Strasburgenscm
2487 5486 2551 5540 de
2580 5486 3141 5541 excommunicatione
3186 5489 3610 5560 resipiscmtcm,

1961 5577 2162 5648 recepit
2178 5577 2245 5630 in.
2262 5576 2717 5637 cmnmum'onem,
2738 5575 2813 5628 ita
2838 5583 3019 5630 tamen
3042 5580 3100 5631 ut
3130 5576 3193 5632 de
3224 5577 3396 5632 illatis
3425 5578 3613 5633 crimi-

1962 5666 2124 5723 nibus
2143 5680 2200 5721 se
2222 5670 2504 5739 purgaret.
2536 5662 2621 5721 Ad
2652 5662 2807 5721 idem
2840 5680 3071 5744 quoque
3101 5671 3334 5741 tempus
3360 5663 3615 5728 revocari

3254 5793 3291 5875 ’ἔ
