3998 6158
378 316 495 377 9.03

1685 314 1753 374 B.
1801 312 2086 376 UItBANI
2134 314 2197 375 ΙΙ.
2230 314 2481 377 ΡΑΡᾸΞ.

3667 316 3794 403 eoi

375 453 564 520 potest
596 447 811 504 Urbani
841 448 1089 521 epistola
1113 449 1185 505 ad
1236 448 1568 504 Richerium
1618 448 2017 502 Senonensem
2047 450 2101 515 Α
2132 450 2475 518 nasterium,
2497 450 2651 522 quod
2678 450 2891 523 oppido
2913 467 3123 508 nomen
3145 450 3325 518 dedit,
3348 448 3678 524 hospitatus
3698 453 3790 507 est

377 532 638 609 aliosque
668 536 917 592 Francia
949 538 1252 611 episcorios
1287 536 1523 608 scripta,
1554 535 1652 607 qui
1686 552 2018 590 excommu-

376 627 727 682 nicationem
779 627 1058 682 adversus
1110 626 1444 697 Philippum
1501 641 1718 698 regem,
1766 624 1836 679 ob
1893 624 2022 693 ejus

375 715 733 772 adulterinas
764 704 997 787 nuptias
1030 716 1343 780 decretam,
1366 714 1605 786 insuper
1625 712 1839 768 habere
1871 713 2022 766 vide-

374 804 609 860 bantur.
642 804 704 859 In
739 804 845 859 hac
891 802 1137 876 epistola
1178 805 1456 857 convocat
1501 802 1757 875 pontifex
1787 800 2021 857 eosdem

376 891 667 948 antistites
689 893 758 947 ad
782 892 1115 958 concilium,
1131 892 1285 962 quod
1306 891 1414 946 sub
1432 892 1606 947 ﬁnem
1629 889 1788 946 Junii
1808 888 2023 944 habere

375 982 529 1053 apud
560 981 845 1036 Arelatem
879 981 1227 1035 decreverat.
1264 980 1330 1035 Et
1375 997 1433 1035 re
1465 978 1707 1051 quidem
1739 978 1884 1051 ipsa,
1921 978 2022 1033 sed

374 1069 671 1134 Nemausi,
697 1068 1050 1124 celebratum
1082 1074 1189 1124 est.

372 1174 572 1231 CCLV.
603 1177 844 1230 Pii-lavis
872 1192 1015 1246 papa
1053 1176 1405 1246 privilegium
1437 1176 1491 1230 S.
1543 1174 1767 1230 Martini
1819 1174 2021 1242 ﬁrmat.

441 1248 719 1302 Placitum
748 1264 845 1318 pro
880 1248 976 1302 litc
1002 1249 1291 1302 canonicos
1323 1246 1376 1300 S.
1406 1247 1610 1301 Hilarii
1641 1248 1783 1318 inter
1830 1250 1878 1299 et
1912 1261 2023 1298 mo-

444 1318 640 1374 nachos
668 1317 983 1374 .llo’nastcrii
1014 1318 1165 1374 Novi.
1200 1319 1563 1388 Pririlcgimn
1597 1317 1877 1388 .tnglcns‘c.

443 1428 559 1481 Sub
595 1427 771 1481 ﬁnem
796 1425 1016 1481 mensis
1043 1425 1233 1479 Martii
1259 1424 1518 1480 Pictavos
1544 1423 1797 1495 pontifex
1822 1441 2025 1478 rursus

374 1516 535 1584 adiit,
567 1515 648 1569 uti
684 1516 891 1570 docent
924 1532 1029 1571 nos
1080 1515 1189 1569 tria
1225 1510 1543 1585 diplomata
1596 1531 1698 1585 pro
1730 1510 2023 1568 canonicis

374 1605 570 1661 Sancti
615 1605 845 1660 Martini
901 1604 979 1659 ibi
1034 1608 1170 1659 tunc
1224 1604 1380 1658 data.
1436 1608 1495 1658 lu
1546 1602 1736 1675 primo
1781 1606 2026 1656 testatur

375 1694 630 1765 pontifex
688 1711 749 1749 se
806 1693 1078 1748 Simonia
1134 1692 1346 1760 labem,
1408 1709 1532 1763 qua
1582 1692 1639 1746 in
1697 1690 2024 1761 praebendis

373 1783 640 1840 Ecclesia
654 1781 1014 1838 Martiniana
1032 1781 1425 1853 adipiscendis
1442 1779 2023 1851 invaluerat,penitus
2055 1816 2100 1880 Β

373 1888 700 1940 resecasse;
733 1876 861 1928 tum
883 1870 1084 1928 laudat
1109 1876 1165 1925 et
1192 1872 1500 1925 confirmat
1526 1868 1826 1942 privilegia
1848 1868 2021 1923 istius

370 1962 622 2034 insignis
669 1960 942 2027 basilica,
974 1964 1032 2016 et
1081 1962 1284 2032 repetit
1322 1959 1474 2031 quod
1498 1959 1626 2030 jam
1657 1957 1802 2014 alias
1851 1957 1922 2011 ab
1953 1972 2018 2011 eo

372 2051 756 2106 constitutum
791 2050 995 2115 fuerat,
1029 2052 1095 2103 ut
1143 2047 1383 2115 scilicet,
1433 2061 1751 2118 suppresso
1786 2044 2020 2118 proprio

371 2138 529 2193 illius
580 2137 855 2205 ecclesia,
888 2137 1012 2209 ipse
1059 2142 1116 2192 et
1158 2136 1250 2193 sui
1302 2152 1669 2192 successores
1717 2134 2019 2206 pontifices

372 2228 618 2284 Romani
641 2226 906 2298 cjusloco
924 2226 1104 2280 futuri
1127 2230 1338 2281 essent.
1368 2225 1509 2280 Data
1531 2228 1618 2280 est
1641 2223 1761 2278 hac
1785 2222 1944 2278 bulla
1965 2240 2019 2277 IV

371 2318 496 2373 Kal.
528 2315 763 2388 Aprilis,
797 2331 975 2387 quam
1004 2313 1379 2369 Innocentius
1412 2330 1563 2385 papa
1592 2311 1860 2385 Lugduni
1882 2327 2018 2366 xvm

368 2405 494 2461 Kal.
551 2404 709 2473 Maii,
771 2404 1146 2476 pontiﬁcatus
1205 2402 1298 2458 sui
1351 2419 1504 2457 anno
1555 2418 1589 2455 v
1639 2401 1709 2456 de
1740 2400 1912 2456 verbo
1944 2401 2017 2455 ad

372 2496 608 2551 verbum
666 2510 735 2549 ex
800 2494 1160 2564 autographo
1218 2490 1571 2563 descriptam
1631 2493 1688 2545 et
1743 2489 2017 2545 collatam

369 2583 727 2658 approbavit,
780 2586 834 2637 et
884 2599 1029 2636 nova
1077 2579 1236 2635 bulla
1293 2579 1679 2635 conﬁrmavit.
1742 2578 1804 2633 In
1838 2577 2016 2633 altero

368 2673 672 2746 rescripto,
706 2671 860 2744 quod
893 2671 986 2726 die
1007 2669 1293 2742 sequenti,
1323 2669 1380 2724 id
1409 2675 1497 2725 est
1526 2687 1589 2725 ιιι
1620 2667 1746 2724 Kal.
1778 2666 2015 2740 Aprilis.

369 2763 572 2818 datum
595 2766 702 2829 est,
718 2760 988 2817 Urbanus
1010 2776 1215 2815 omnes
1238 2758 1707 2831 archiepiscopos
1727 2761 1781 2812 et
1802 2757 2019 2829 episco-

369 2869 473 2924 pos
494 2850 690 2908 Gallia
711 2842 1055 2905 adhortatur
1085 2852 1150 2902 ut
1179 2845 1480 2920 privilegia
1501 2852 1558 2903 et
1580 2846 1733 2902 bona
1760 2844 2014 2901 ecclesia

368 2940 566 2996 Sancti
614 2938 848 2995 Martini
899 2938 960 2992 in
1014 2937 1138 2993 suis
1196 2936 1413 3008 quique
1487 2934 1836 2991 diacesibus
1902 2930 2015 2990 sitia

366 3034 659 3086 tueantur.
694 3029 815 3092 Quo
847 3027 987 3083 item
1035 3026 1127 3081 die
1158 3026 1360 3081 datum
1390 3029 1478 3081 est
1506 3025 1743 3081 tertium
1783 3022 2014 3097 privile-

369 3118 529 3194 gium
554 3118 865 3190 quo,juxta
879 3116 1032 3189 quod
1057 3114 1113 3170 in
1134 3114 1696 3186 Turonensisynodo
1721 3112 2011 3169 sancitum

2132 538 2424 605 Urbanus,
2480 539 2576 593 ubi
2612 556 2758 595 novo
2795 540 2993 596 Sancti
3053 539 3240 597 Mauri
3296 538 3788 597 Glannafoliensis

2133 626 2471 683 monasterii
2485 627 2682 683 abbati
2696 629 2950 685 Gerardo
2964 646 3056 685 am
3064 628 3291 702 plissim
3303 646 3400 685 um
3415 627 3788 703 privilegium

2134 716 2441 783 concessit,
2476 716 2645 787 cujus
2689 717 2809 787 jam
2843 734 3024 791 supra
3070 717 3292 773 laudati
3340 716 3673 791 exemplum
3719 733 3791 773 ex

2134 804 2369 859 archivo
2386 805 2724 862 monasterii
2738 806 3074 864 Casinensis
3092 811 3325 864 erutum
3339 807 3491 863 inter
3509 805 3789 879 epistolas

2134 892 2467 963 pontiﬁcias
2497 892 2636 948 olim
2660 894 2916 950 dabitur.

2132 1008 2384 1064 CCLVII.
2414 1010 2712 1079 Angeriaco
2737 1013 2939 1085 transit
2973 1013 3224 1085 Urbanus
3243 1014 3497 1084 pontifex
3531 1020 3583 1068 et
3603 1014 3787 1085 privi-

2737 1082 2878 1151 legia
2912 1083 3176 1139 concedit.

2205 1169 2347 1224 llinc
2365 1175 2649 1226 Santones
2672 1170 2973 1243 ingressus
2998 1171 3253 1245 pontifex
3266 1173 3338 1228 ad
3360 1172 3787 1245 Angeriaeense

2133 1259 2411 1330 Oppidum
2445 1259 2696 1327 divertit,
2721 1259 2781 1314 in
2814 1261 3237 1316 monasterium
3270 1262 3465 1317 Sancti
3512 1261 3783 1328 Joannis,

2136 1347 2217 1401 uti
2272 1348 2513 1418 ipsemet
2564 1353 2812 1404 testatur
2845 1349 2901 1404 in
2953 1349 3253 1422 rescripto,
3315 1367 3430 1422 quo
3486 1350 3614 1421 ejus
3672 1350 3787 1408 loci

2135 1437 2533 1507 possessiones
2556 1442 2611 1491 et
2633 1437 3005 1508 potissimum
3030 1439 3440 1495 Buriacensem
3464 1438 3786 1496 Ecclesiam

2136 1526 2191 1579 iu
2220 1524 2453 1579 diwccsi
2489 1525 2877 1581 Bellovacensi
2921 1527 3119 1593 sitam,
3173 1527 3450 1583 Ansculfo
3503 1527 3701 1582 abbati
3726 1532 3789 1583 et

2134 1614 2353 1667 caloris
2385 1616 2649 1684 ejusdem
2685 1614 3022 1671 monasterii
3054 1615 3361 1671 monachis
3392 1615 3781 1672 conﬁrmavit.

2137 1701 2279 1757 Illud
2313 1702 2683 1774 rescriptum,
2719 1704 2873 1775 quod
2926 1704 2983 1758 in
3035 1704 3322 1760 chartario
3370 1703 3784 1776 Angeriacensi

2134 1790 2286 1846 notis
2316 1791 2607 1847 chronicis
2664 1792 3011 1848 destitutum
3051 1799 3159 1860 est,
3195 1792 3310 1849 huc
3342 1791 3687 1849 referimus:
3720 1798 3784 1850 at.

2134 1879 2213 1933 ibi
2246 1880 2559 1950 septimam
2584 1880 2797 1952 Aprilis
2829 1881 2983 1937 diem
3005 1882 3268 1955 exegisse
3292 1883 3457 1939 docet
3476 1899 3583 1938 nos
3607 1883 3779 1955 privi-

2129 1966 2343 2039 legium
2376 1968 2708 2024 Monasterii
2742 1969 2881 2025 Novi
2928 1969 3302 2038 Pictavensis,
3328 1970 3483 2043 quod
3512 1970 3622 2028 hac
3654 1971 3783 2043 ipsa

2129 2056 2220 2111 die
2237 2058 2272 2111 Α
2284 2057 2520 2126 ngcliaci
2540 2057 2743 2113 datum
2769 2056 3000 2114 dicitur.
3027 2058 3248 2115 Ibidem
3275 2063 3546 2117 renovata
3568 2059 3781 2119 iterum

2128 2145 2238 2199 fuit
2270 2146 2325 2199 in
2361 2145 2641 2201 Eblouem
2676 2146 3003 2202 invasorem
3035 2146 3291 2204 ecclesia
3322 2148 3519 2205 Sancti
3552 2148 3782 2221 Georgii

2130 2233 2186 2288 in
2223 2232 2414 2289 insula
2472 2233 2735 2290 Oleronis
2792 2235 3342 2305 excommunicatio,
3375 2238 3458 2292 uti
3514 2238 3572 2293 in
3630 2254 3783 2310 sape

2126 2321 2365 2378 laudato
2397 2321 2679 2378 Willelmi
2707 2323 3031 2395 Aquitania
3064 2324 3231 2381 ducis
3262 2324 3656 2382 instrumento
3695 2325 3778 2382 le-

2126 2410 2305 2483 gitur.

2126 2525 2352 2601 CC_I.IX_.
2386 2526 2537 2601 Apud
2590 2526 2858 2601 santonas
2884 2527 3119 2601 celebrat
3147 2528 3374 2601 Pascha.
3415 2530 3778 2601 Privilegium

2198 2598 2252 2653 S.
2284 2599 2572 2653 Martialis.
2625 2600 2988 2670 l’rivilegium
3015 2598 3071 2654 S.
3121 2599 3326 2655 Albini.
3384 2598 3640 2658 Ecclesiae
3678 2603 3776 2657 Ile-

2196 2671 2397 2741 mensis
2450 2686 2579 2723 usus
2614 2670 2934 2741 conﬁrmat.
2986 2670 3328 2726 Maledicitur
3357 2672 3488 2727 Elbo
3530 2674 3770 2729 invasor.

2198 2739 2251 2794 S.
2286 2742 2536 2812 Eutropii
2562 2739 2737 2796 altare
2766 2743 3060 2797 consecrat.

2196 2847 2333 2902 Inde
2365 2847 2661 2918 profectus
2694 2847 2949 2920 pontifex
2987 2846 3142 2920 apud
3175 2847 3467 2906 Santones
3517 2850 3771 2920 advenit,

2125 2936 2223 2990 ubi
2263 2952 2487 2991 sacram
2543 2936 2984 2993 resurrectionis
3033 2937 3347 2994 Dominica
3400 2939 3773 2996 festivitatem

2123 3024 2462 3081 solemniter
2513 3024 2846 3098 celebravit,
2896 3025 2979 3082 uti
3038 3025 3215 3082 habet
3274 3026 3444 3084 Fulco
3475 3045 3667 3087 comes
3712 3028 3770 3085 in

2124 3114 2448 3187 fragmento
2479 3114 2741 3171 Historia
2762 3115 3220 3187 Andegavensis,
3239 3120 3296 3172 et
3318 3117 3565 3189 probant
3580 3123 3773 3174 vetera

368 3210 576 3276 fuerat,
607 3204 1026 3263 monasterium
1060 3203 1491 3260 Cormaricense
1530 3202 1728 3258 Sancti
1778 3201 2011 3258 Martini
2042 3183 2084 3250 (ἶ
2126 3203 2343 3275 passim
2406 3204 2818 3260 instrumenta.
2879 3205 3182 3261 Consentit
3238 3210 3440 3261 auctor
3495 3205 3766 3262 Chronici

368 3296 619 3353 basilica
643 3297 945 3352 asseritur.
967 3294 1106 3350 tJuic
1123 3293 1178 3349 di
1186 3292 1428 3366 plomati
1446 3309 1582 3347 cum
1607 3291 1837 3347 Urbano
1860 3308 2011 3363 papa

359 3386 741 3442 subscribunt
785 3384 884 3440 alii
935 3382 1355 3455 archiepiscopi
1387 3385 1443 3437 et
1482 3380 1736 3454 episcopi
1789 3379 1867 3435 ibi
1918 3396 2007 3435 re-

358 3476 585 3531 censiti.

428 3563 595 3618 Haud
626 3562 874 3617 dubium
906 3559 1047 3632 quin
1078 3564 1135 3616 et
1162 3560 1366 3614 eadem
1394 3557 1697 3615 occasione
1728 3559 1789 3614 B.
1823 3556 2009 3630 ponti-

354 3652 449 3706 fex
478 3648 814 3721 sepulcrum
847 3648 1033 3705 sancti
1056 3648 1256 3703 Hilarii
1284 3648 1494 3703 iterum
1520 3646 1800 3714 inviserit,
1832 3647 2003 3718 cujus

354 3738 724 3795 festivitatem
757 3754 956 3793 mense
1008 3736 1288 3793 Januario
1329 3736 1666 3792 solemniter
1696 3736 1822 3807 jam
1855 3734 2001 3791 cele—

355 3829 638 3883 braverat.
662 3827 765 3882 Hic
796 3825 949 3882 enim
982 3842 1116 3882 cum
1140 3824 1341 3880 multis
1364 3823 1651 3896 epiSCOpis
1675 3828 1731 3878 et
1752 3824 2000 3896 optima-

355 3917 510 3972 tibus
526 3917 795 3988 placitum
824 3914 1029 3970 habuit
1067 3916 1123 3969 in
1160 3914 1400 3985 capitulo
1449 3913 1637 3968 Sancti
1680 3914 1902 3981 Hilarii,
1936 3918 2003 3969 ut

353 4005 806 4062 controversiam
830 4004 1130 4061 dirimeret
1151 4004 1302 4058 inter
1331 4003 1460 4074 ejus
1490 4001 1743 4058 ecclesia
1769 4001 2001 4058 canoni-

352 4112 450 4151 cos
475 4099 531 4150 et
561 4111 645 4151 mc
662 4094 901 4160 nachos,
924 4090 1259 4149 Monasterii
1285 4090 1447 4157 Novi,
1473 4095 1673 4146 natam
1695 4090 1997 4147 occasione

352 4183 608 4240 ecclesia
640 4184 835 4238 Sancti
860 4182 1104 4248 Nicolai,
1136 4199 1264 4253 qua
1296 4180 1388 4235 his
1422 4180 1751 4246 monachis,
1784 4185 1847 4235 ut
1868 4181 1996 4252 jam

350 4272 623 4339 diximus,
650 4271 930 4326 attributa
950 4273 1154 4325 fuerat.
1180 4269 1540 4325 Sententiam
1572 4286 1640 4323 ea
1671 4269 1740 4325 de
1772 4286 1830 4324 re
1861 4268 1998 4324 tulit

349 4360 605 4432 pontifex
625 4360 1024 4415 assidentibus
1039 4359 1147 4415 sibi
1165 4359 1352 4413 tribus
1372 4357 1844 4429 archiepiscopis,
1870 4358 1997 4413 toti-

350 4451 482 4503 dem
502 4448 1049 4520 episcopis,duobus
1064 4446 1457 4513 abbatibus,et
1478 4445 1607 4501 aliis
1628 4444 1992 4518 quampluri-

2121 3292 2540 3361 Malleacensis,
2574 3293 2672 3365 qui
2706 3297 2837 3364 post
2881 3297 3268 3350 memoratum
3300 3291 3612 3349 concilium
3644 3295 3764 3350 Tu-

2117 3399 2363 3438 ronense
2393 3381 2620 3439 subdit:
2653 3382 2784 3438 Inde
2811 3399 3058 3439 reversus
3077 3386 3154 3439 est
3180 3383 3446 3438 Santonas
3467 3384 3762 3451 civitatem,

2114 3478 2165 3527 et
2218 3471 2509 3528 celebravit
2565 3471 2646 3526 ibi
2697 3479 2947 3528 sanctum
2997 3472 3236 3528 Pascha.
3297 3471 3518 3536 Quibus
3572 3473 3765 3529 verbis

2114 3559 2209 3615 hic
2240 3565 2441 3617 auctor
2485 3559 2818 3633 pontiﬁcem
2852 3560 3031 3616 semel
3064 3565 3121 3616 et
3173 3559 3385 3616 iterum
3435 3561 3764 3618 Santonum

2113 3650 2317 3705 urbem
2348 3649 2565 3706 adiisse
2593 3649 2810 3717 innuit,
2847 3650 3002 3721 quod
3034 3649 3131 3706 alii
3165 3649 3479 3723 scriptores
3510 3666 3626 3706 non
3657 3650 3762 3707 ba-

2111 3738 2269 3794 bent.
2293 3739 2440 3794 Eum
2459 3756 2493 3794 a
2514 3737 2825 3794 Ramnulfo
2839 3738 3111 3812 episcOpo
3129 3736 3209 3794 ibi
3228 3745 3567 3812 susceptum
3582 3739 3765 3797 fuisse

2111 3827 2249 3883 Idus
2280 3827 2494 3899 Aprilis
2527 3827 2763 3899 scripsit
2793 3826 3148 3884 Sirmundus
3182 3827 3237 3882 in
3273 3827 3426 3884 notis
3457 3829 3526 3883 ad
3560 3828 3765 3885 Gotfri-

2109 3916 2250 3972 dum
2283 3916 2797 3972 Vindocinensem.
2830 3917 2901 3972 At
2934 3917 2988 3971 id
3024 3932 3139 3972 uno
3170 3915 3380 3972 saltem
3428 3922 3529 3973 aut
3577 3917 3761 3975 altero

2107 4005 2201 4061 die
2252 4009 2421 4062 antea
2465 4005 2686 4061 factum
2737 4004 2917 4062 fuisse
2947 4005 3032 4061 vel
3066 4022 3134 4060 ex
3163 4004 3271 4060 hoc
3317 4005 3439 4062 solo
3472 4007 3763 4079 conjicere

2107 4094 2259 4162 licet,
2286 4094 2441 4167 quod
2468 4093 2784 4150 verisimile
2817 4112 2932 4150 non
2956 4094 3128 4150 fuerit
3174 4093 3472 4151 Urbanum
3504 4094 3632 4167 ipso
3663 4095 3763 4153 die

2106 4183 2338 4239 Pascha
2388 4200 2516 4238 sese
2570 4182 2760 4237 itineri
2795 4182 3185 4239 commisisse.
3237 4184 3401 4239 Certe
3449 4189 3582 4239 ante
3632 4182 3762 4241 dies

2104 4275 2251 4338 octo,
2288 4271 2370 4326 uti
2404 4271 2678 4340 vidimus,
2713 4271 2985 4328 Urbanus
3014 4270 3391 4345 Angeliacum
3424 4271 3756 4344 appulerat;

2105 4365 2161 4415 et
2186 4360 2423 4431 quidem
2457 4366 2682 4416 constat
2718 4377 2850 4415 eum
2884 4359 3091 4416 saltem
3126 4360 3182 4414 in
3216 4360 3517 4416 Paschatis
3567 4361 3759 4432 pervi-

2102 4448 2242 4520 gilio
2274 4450 2427 4521 apud
2458 4453 2745 4505 Santonus
2780 4449 2982 4517 fuisse,
3013 4454 3077 4503 ut
3108 4465 3175 4505 ex
3223 4450 3350 4520 ejus
3396 4447 3557 4505 bulla
3586 4448 3759 4504 colli-

351 4537 463 4591 mis
482 4554 549 4592 ex
573 4541 815 4607 utroque
839 4536 1038 4590 ordine
1085 4536 1223 4591 viris
1262 4534 1613 4601 illustribus,
1656 4539 1722 4590 ut
1749 4535 1994 4607 ipsemet
2028 4554 2073 4619 Β
2101 4537 2298 4611 gimus
2329 4556 2453 4609 qua
2487 4538 2623 4593 data
2651 4543 2738 4592 est
2771 4536 2877 4593 hoc
2911 4537 3037 4610 ipso
3070 4537 3161 4593 die
3194 4538 3251 4593 in
3280 4538 3528 4611 gratiam
3561 4538 3758 4594 Adhe-

349 4632 549 4682 narrat
578 4626 637 4680 in
671 4629 949 4696 rescripto
970 4642 1039 4679 ea
1076 4625 1146 4679 de
1169 4641 1226 4679 rc
1260 4629 1389 4695 post
1440 4623 1665 4694 aliquot
1695 4625 1818 4679 dies
1862 4624 1995 4679 dato

346 4716 499 4787 apud
552 4717 863 4771 Santonus.
899 4719 1095 4781 Porro,
1132 4714 1176 4768 si
1218 4732 1286 4769 ex
1313 4713 1573 4768 locorum
1605 4712 1817 4768 vicinia
1846 4712 1989 4768 illud

346 4804 631 4877 conjicere
677 4798 862 4871 liceat,
912 4803 1025 4859 huc
1055 4803 1229 4859 etiam
1260 4802 1512 4857 revocari
1544 4806 1733 4875 potest
1776 4802 1990 4858 Urbani

347 4893 713 4966 privilegium
746 4893 1005 4948 comobio
1034 4890 1310 4964 Anglensi
1344 4891 1497 4963 apud
1526 4892 1788 4947 Pictones
1820 4909 1992 4946 cano-

346 4984 611 5038 nicorum
641 4982 995 5056 regularium
1025 4982 1251 5049 datum,
1287 4982 1438 5053 quml
1464 4998 1531 5034 ex
1566 4981 1884 5035 Innocentii
1922 4980 1991 5034 Ill

344 5072 504 5127 bulla
535 5090 567 5128 a
598 5071 1064 5128 Sammarthanis
1098 5076 1253 5125 tonio
1288 5071 1358 5124 IV
1398 5068 1594 5125 Galiia
1646 5070 1990 5124 Christiana

342 5160 634 5230 laudatur,
654 5180 755 5217 nec
780 5161 949 5233 plura
973 5162 1041 5216 de
1065 5160 1190 5232 ipso
1212 5160 1402 5214 dicere
1432 5158 1521 5214 fas
1544 5163 1651 5224 est,
1677 5175 1807 5212 cum
1842 5155 1986 5212 illud

340 5267 682 5322 recuperare
714 5267 830 5304 non
864 5249 1113 5305 licuerit.

340 5356 568 5413 CCLVI.
603 5356 760 5426 Apud
791 5358 845 5411 S.
882 5359 1215 5483 Mamilium
1234 5355 1327 5410 dat
1347 5355 1703 5425 privilegium
1751 5352 1986 5410 Glanna-

1065 5445 1093 5483 0
1118 5444 1292 5483 enses.

1038 5434 1292 5500 Ῑοιθηδρδ.

411 5515 601 5569 Pridie
624 5514 915 5571 Kalendas
938 5516 1148 5588 Aprilis
1164 5516 1316 5588 apud
1335 5520 1603 5571 sanctum
1627 5514 1985 5571 Maxentium

337 5605 395 5663 in
429 5604 631 5660 eadem
672 5605 969 5681 provincia
1004 5606 1193 5667 nobile
1226 5604 1446 5665 ordinis
1472 5604 1827 5667 Benedictini
1859 5621 1985 5665 m0-

2108 4627 2250 4681 mari
2276 4626 2506 4683 abbatis
2529 4626 2724 4682 Sancti
2749 4625 3031 4681 Martialis
3057 4626 3503 4683 Lemovicensis.
3524 4626 3761 4701 Insigne

2102 4720 2191 4770 Czt
2224 4716 2366 4770 illud
2396 4715 2789 4787 privilegium,
2840 4731 2958 4787 quo
3007 4721 3139 4787 post
3195 4715 3569 4771 conﬁrmatas
3617 4716 3760 4772 huic

2103 4806 2454 4860 monasterio
2485 4804 2674 4860 varias
2705 4805 3107 4876 possessiones
3154 4810 3210 4861 et
3265 4804 3562 4873 ecclesias,
3606 4821 3759 4877 quas

2102 4892 2443 4966 singillatim
2480 4899 2739 4949 recenset
2765 4894 3043 4966 pontifex,
3077 4918 3104 4943 «
3142 4893 3346 4949 statuit
3394 4898 3478 4960 ut,
3512 4894 3760 4951 absente

2105 4982 2475 5037 Lemovicum
2513 4983 2807 5054 episcopo,
2854 4982 3034 5038 abbas
3074 4982 3270 5038 Sancti
3302 4981 3588 5039 Martialis
3619 4999 3757 5040 cum

2103 5071 2429 5141 majoribus
2448 5070 2699 5125 ecclesia
2732 5071 3027 5127 canonicis
3054 5073 3345 5144 pracipue
3367 5071 3633 5127 diacesis
3659 5088 3760 5127 cu-

2098 5175 2223 5214 ram
2255 5164 2435 5231 gerat,
2466 5164 2594 5213 tum
2629 5162 2693 5214 ut
2717 5158 3067 5232 episcopalis
3097 5158 3299 5216 electio
3331 5176 3400 5217 ex
3420 5160 3548 5232 ejus
3569 5159 3752 5234 potis~

2098 5246 2316 5303 simum
2349 5247 2587 5303 arbitrio
2607 5245 2983 5319 disponatur;
3009 5265 3075 5303 ac
3096 5247 3351 5321 denique
3374 5252 3439 5304 ut
3460 5248 3758 5321 pracipua

2096 5337 2364 5408 ejusdem
2385 5333 2649 5391 Ecclesia
2677 5336 2929 5408 negotia,
2952 5337 3130 5393 etiam
3148 5341 3433 5410 prasente
3453 5337 3752 5411 episcopo,

2097 5427 2226 5498 ejus
2257 5423 2500 5481 consilio
2531 5428 2904 5496 peraguntur.
2942 5448 2970 5475 »
3002 5425 3162 5482 Hanc
3194 5425 3441 5494 bullam,
3476 5442 3652 5498 quam
3684 5442 3759 5483 ex

2095 5512 2458 5587 autographo
2510 5512 2907 5572 Lemovicensi
2950 5519 3149 5573 noster
3178 5514 3598 5590 Stephanotius
3650 5515 3756 5573 de-

2094 5604 2427 5683 scripserat,
2470 5607 2525 5662 et
2555 5618 2622 5659 ex
2651 5602 2780 5661 aliis
2811 5619 3043 5683 quoque
3075 5621 3217 5665 mss.
3268 5610 3325 5665 et
3368 5602 3540 5665 editis
3570 5603 3755 5663 habe-
