4000 6176
149 367 278 427 205

1773 360 1988 424 VITA.

3466 349 3586 422 ⁴206

156 515 315 564 mus,
341 499 432 554 vir
461 498 829 556 clarissimus
888 497 1220 572 Stephanus
1269 495 1537 552 Baluzius
1565 496 1636 552 ad
1668 495 1824 550 aliud
1853 499 1908 564 Α
1938 493 2286 566 conscripta,
2331 509 2506 576 quam
2558 494 2615 549 in
2668 493 2846 566 hujus
2889 491 3202 548 voluminis
3250 491 3584 564 Appendice

151 603 412 660 quoque,
451 593 518 643 ut
569 588 696 660 ipse
747 588 892 644 mihi
942 592 1192 642 testatus
1242 591 1349 650 est,
1391 585 1820 657 autographum

152 675 407 731 contulit
459 677 521 731 in
573 675 927 732 monasterio
976 675 1363 742 Cluniacensi,
1408 675 1508 729 sed
1562 691 1689 746 quas
1740 672 1820 728 ibi

157 765 419 820 habetur
449 766 676 837 absque
707 764 870 820 bulla
899 764 1194 837 plumbea,
1219 768 1276 820 et
1306 762 1600 817 nonnullae
1626 778 1822 817 occur-

151 858 294 908 runt
324 852 502 908 variae
534 852 830 910 lectiones.
867 853 926 908 In
958 859 1208 924 utroque
1235 857 1428 907 autem
1459 850 1822 924 autographo

150 942 290 996 data
316 942 544 997 dicitur
572 959 725 997 anno
755 942 916 1008 1097,
951 959 1053 1014 pro
1087 943 1245 1008 1096,
1281 940 1434 1012 quod
1485 943 1541 995 et
1582 939 1640 993 in
1690 937 1821 994 aliis

149 1030 457 1102 plerisque
519 1031 859 1086 indubitatae
918 1045 1160 1102 prorsus
1219 1029 1350 1084 Μεςὶ
1411 1027 1820 1084 instrumentis

149 1121 474 1175 observare
505 1119 670 1186 licet;
717 1120 776 1174 in
818 1119 1032 1190 quibus
1067 1119 1286 1172 Scilicet
1324 1118 1494 1187 juxta
1545 1116 1818 1171 Pisanum

147 1207 452 1263 calculum
507 1225 697 1264 annus
747 1209 818 1264 ab
872 1207 1275 1263 Incarnatione
1325 1206 1577 1271 Domini,
1619 1222 1820 1261 mense

147 1294 361 1349 Martio
391 1295 754 1365 praecedente
785 1311 1007 1350 annum
1039 1299 1369 1349 currentem
1400 1291 1623 1365 incipit.
1661 1293 1817 1348 Idem

145 1382 533 1455 privilegium
561 1382 852 1438 Paschalis
874 1383 922 1438 ΙΙ
944 1382 1128 1438 altera
1161 1381 1484 1453 bulla,qua3
1505 1397 1656 1436 anno
1681 1382 1819 1435 1103

149 1473 348 1526 Romae
398 1473 539 1527 data
584 1475 692 1537 est,
725 1477 782 1526 et
827 1471 1069 1544 plumbo
1119 1469 1397 1543 sigillata,
1432 1469 1813 1526 conﬁrmavit.

150 1559 479 1631 Utriusque
509 1560 940 1632 autographum
967 1576 1001 1614 a
1032 1575 1094 1614 se
1124 1558 1383 1614 Cluniaci
1413 1559 1602 1614 visum
1636 1558 1817 1614 fuisse

146 1647 288 1703 mihi
325 1653 586 1704 testatus
621 1647 1005 1704 est-eruditus
1039 1647 1328 1702 Baluzius.

214 1737 392 1792 Feria
417 1737 681 1792 secunda
713 1737 967 1801 Paschzs,
991 1753 1120 1808 quae
1167 1736 1292 1791 dies
1327 1737 1393 1791 14
1423 1741 1547 1792 erat
1576 1735 1811 1808 Aprilis,

143 1826 523 1881 confirmavit
576 1825 792 1880 ibidem
846 1826 1106 1897 pontifex
1157 1826 1558 1896 possessiones
1609 1842 1814 1881 omnes

145 1914 496 1970 monasterii
529 1913 724 1969 Sancti
758 1913 950 1968 Albini
980 1913 1432 1985 Andegavensis,
1461 1915 1596 1969 data
1628 1913 1808 1969 bulla.

143 2003 418 2078 Diploma
451 2003 654 2058 eadem
687 2003 781 2057 die
823 2008 880 2058 et
927 2001 987 2057 in
1037 2003 1237 2058 eadem
1291 2004 1432 2058 urbe
1491 2003 1715 2068 datum,
1749 2003 1809 2058 in

143 2094 402 2166 gratiam
437 2092 774 2148 Monasterii
810 2093 945 2147 Novi
981 2091 1352 2157 Pictavcnsis,
1387 2092 1444 2146 in
1473 2109 1588 2164 quo
1619 2109 1688 2147 ea
1718 2110 1802 2148 re-

144 2185 252 2237 fert
285 2182 556 2254 pontifex
587 2198 714 2253 quae
763 2182 817 2235 in
853 2186 1134 2236 conventu
1169 2183 1320 2252 apud
1373 2181 1654 2235 Hilarium
1707 2181 1808 2237 ha-

144 2272 288 2336 bito,
318 2273 396 2326 de
430 2288 552 2343 quo
581 2287 758 2343 supra
801 2271 1078 2334 diximus,
1104 2275 1322 2324 statuta
1367 2271 1614 2336 fuerant,
1640 2287 1809 2326 occa-

141 2363 309 2416 sione
341 2360 876 2418 controversiarum
911 2376 1037 2431 quis
1080 2358 1232 2413 inter
1269 2359 1580 2415 canonicos
1609 2360 1808 2416 Sancti

140 2449 354 2504 Hilarii
387 2453 448 2503 et
478 2448 799 2504 monachos
845 2448 1178 2504 Monasterii
1237 2447 1374 2502 Novi
1435 2448 1493 2503 in
1549 2448 1805 2520 prioratu

140 2540 194 2593 S.
233 2537 470 2594 Nicolai
503 2539 780 2610 degentes
802 2543 994 2594 exorte
1025 2538 1276 2592 fuerant.
1317 2537 1570 2608 Denique
1602 2539 1805 2594 eodem

140 2628 322 2682 etiam
357 2626 456 2680 die
487 2627 744 2699 pontifex
770 2626 1227 2682 consuetudines
1259 2625 1521 2680 Ecclesiae
1555 2626 1804 2682 Remen-

141 2718 222 2772 sis
245 2716 628 2771 conﬁrmavit
649 2715 718 2769 ad
747 2715 1085 2786 petitionem
1107 2714 1517 2769 canonicorum
1542 2715 1804 2785 ejusdem

141 2803 442 2872 Ecclesiae,
468 2805 570 2875 qui
597 2805 668 2859 ad
703 2803 1002 2860 Urbanum
1049 2803 1273 2875 aliquot
1301 2821 1330 2859 e
1361 2803 1506 2869 suis,
1531 2820 1679 2875 quos
1711 2805 1805 2862 ille

143 2895 402 2966 benigne
435 2893 677 2964 excepit,
701 2909 770 2948 ea
791 2893 862 2947 de
885 2909 1064 2948 causa
1090 2893 1438 2965 legaverant.
1471 2893 1804 2949 Pontiﬁcias

140 2982 374 3037 litteras
411 2981 588 3034 refert
609 2979 960 3036 Guillelmus
993 2979 1296 3045 Marlotus,
1323 2980 1644 3052 quicenset
1671 2997 1804 3035 con-

140 3070 496 3126 suetudines
538 3069 596 3122 in
640 3085 706 3124 eo
754 3068 1033 3140 rescripto
1064 3073 1418 3124 memoratas
1465 3067 1596 3123 illas
1643 3070 1802 3140 ipsas

140 3175 268 3214 esse
303 3175 440 3230 quae
471 3157 544 3213 ab
583 3173 650 3212 eo
699 3163 858 3213 torno
907 3157 952 3212 Il
1005 3162 1251 3229 metrop.
1284 3156 1588 3213 Remensis
1635 3159 1800 3213 editae

142 3252 304 3303 sunt.

213 3342 279 3391 In
308 3335 517 3391 eadem
541 3335 682 3390 urbe
713 3334 970 3406 pontifex
998 3333 1198 3390 Ebloni
1223 3335 1348 3405 jam
1373 3339 1458 3390 tot
1482 3334 1706 3390 vicibus
1729 3336 1801 3391 ob

143 3425 515 3480 invasionem
553 3424 806 3479 ecclesiae
830 3425 1022 3478 Sancti
1044 3423 1273 3496 Georgii
1303 3423 1566 3478 Oleronis
1596 3423 1800 3479 insulae

141 3513 651 3570 excommunicato
680 3512 992 3578 maledixit,
1017 3513 1171 3584 quod
1205 3513 1417 3585 judicio
1447 3513 1802 3584 archiepisco-

137 3621 360 3674 porum,
408 3603 801 3674 episcoporum,
832 3601 1086 3656 abbatum
1132 3611 1184 3656 et
1226 3603 1604 3672 religiosorum
1633 3604 1798 3658 cleri-

139 3709 331 3748 corum
371 3692 780 3763 comprobatum
831 3693 1026 3763 fuisset
1069 3691 1288 3762 jamdiu
1347 3694 1552 3764 injuste
1596 3698 1799 3748 terram

138 3781 538 3838 monachorum
579 3779 1055 3836 l’indocinensium
1086 3783 1341 3836 tenuisse.
1375 3783 1561 3845 Quare
1587 3799 1620 3836 a
1649 3799 1800 3854 papa

137 3870 465 3926 malediclus
495 3869 772 3934 discessit;
802 3869 1122 3940 datumque
1153 3871 1358 3924 Amato
1395 3870 1798 3944 Burdigalensi

136 3959 580 4032 archiepiscopo
611 3958 955 4014 mandatum
994 3965 1058 4012 ut
1083 3957 1464 4014 Guillelmum
1489 3961 1800 4032 Aquitano-

139 4066 268 4104 rum
303 4037 516 4103 ducem
551 4047 757 4114 adiret,
790 4063 923 4101 eum
959 4047 1304 4102 adhortandi
1338 4065 1514 4102 causa
1546 4056 1608 4104 ut
1638 4051 1797 4119 ejus-

135 4140 270 4192 dem
290 4145 459 4192 terrze
480 4137 908 4191 restitutionem
924 4135 1454 4193 Vindocinensibus
1473 4139 1797 4195 t'aciendam

136 4230 504 4298 procuraret,
537 4225 692 4296 quod
728 4225 919 4296 reipsa
947 4226 1166 4280 factum
1210 4230 1316 4281 est.
1351 4225 1481 4282 Haec
1513 4228 1709 4284 omnia
1740 4228 1797 4284 in

137 4314 412 4384 ejusdem
444 4313 614 4368 ducis
643 4312 845 4368 charta
874 4313 1226 4377 referuntur,
1251 4330 1448 4383 quam,
1477 4315 1584 4370 etsi
1608 4317 1733 4386 jam
1767 4333 1800 4372 a

140 4402 334 4459 Beslio
367 4403 606 4469 editam,
633 4402 907 4457 recudere
936 4407 1130 4456 tamen
1161 4417 1230 4456 ex
1261 4401 1550 4459 chartario
1580 4403 1796 4460 Vindo-

138 4491 368 4547 cinensi
403 4492 597 4546 visum
632 4496 740 4557 est,
766 4491 921 4562 quod
953 4491 1008 4544 in
1043 4507 1109 4545 ea
1141 4494 1261 4544 tota
1293 4490 1472 4560 hujus
1503 4492 1582 4545 rei
1618 4495 1798 4548 series

1931 584 2265 639 referemus.
2307 583 2465 638 Unde
2495 583 2788 656 colligitur
2827 583 2974 638 duas
3005 581 3234 638 circiter
3264 581 3582 638 hebdoma-

1931 673 2036 728 das
2067 671 2365 727 Urbanum
2399 673 2552 743 apud
2584 672 2875 727 Santonas
2905 671 3187 744 exegisse.

2142 760 2340 815 CCLX.
2377 760 2455 814 An
2488 762 2840 816 Inculismam
2868 761 3066 815 adierit
3099 761 3366 816 Urbanus.

1999 852 2084 904 An
2119 849 2252 905 inde
2287 849 2662 905 Inculismam
2698 849 2924 914 adierit,
2959 849 3362 905 incertum.At
3392 865 3460 905 ex
3491 848 3585 906 Hi-

1929 939 2106 994 storia
2139 941 2266 1010 ejus
2294 940 2456 995 urbis
2486 939 2890 1011 episc0porum
2917 943 2973 993 et
2993 938 3272 993 comitum
3297 943 3470 1012 caput
3489 940 3578 1006 33,

1927 1030 2086 1082 torno
2120 1028 2167 1083 Il
2201 1027 2566 1083 Bibliotheca:
2602 1029 2914 1082 Labbeanae
2956 1027 3112 1082 edita
3139 1027 3422 1082 discimus
3454 1044 3584 1084 res-

1928 1115 2258 1172 titutionem
2294 1118 2602 1188 cujusdam
2655 1117 3048 1190 praepositurze
3081 1115 3333 1172 ecclesiae
3385 1117 3581 1172 Sancti

1929 1205 2099 1274 Petri,
2128 1206 2181 1260 id
2208 1211 2296 1261 est
2325 1206 2664 1274 cathedrali,
2693 1207 2926 1272 factam,
2951 1205 3280 1260 Adhemaro
3306 1204 3579 1278 episcopo

1927 1295 2302 1367 efﬂagitante,
2328 1296 2400 1349 ab
2431 1311 2496 1350 eo
2527 1295 2797 1367 pontifice
2831 1295 3235 1350 confirmatam
3268 1294 3468 1350 fuisse.

2034 1383 2260 1439 CCLXI.
2285 1383 2597 1454 Burdigalae
2627 1384 2838 1438 dedicat
2862 1384 3126 1455 majorem
3163 1383 3464 1439 ecclesiam.

1997 1472 2235 1538 Verum,
2271 1477 2335 1528 ut
2359 1478 2425 1528 ut
2455 1473 2532 1527 sit
2561 1490 2628 1528 ea
2659 1474 2730 1528 de
2759 1489 2838 1539 re,
2873 1476 3093 1528 certum
3143 1476 3233 1528 est
3275 1473 3577 1530 Urbanum

1927 1562 2036 1616 sub
2069 1563 2243 1616 finem
2277 1561 2490 1633 Aprilis
2515 1560 2886 1634 Burdigalam
2911 1560 3231 1633 appulisse,
3255 1561 3354 1616 ubi
3389 1561 3579 1634 primo

1925 1650 2018 1705 die
2041 1650 2175 1706 Maii
2203 1651 2481 1722 Majorem
2515 1649 2830 1706 ecclesiam
2849 1648 3094 1706 solemni
3117 1650 3230 1705 ritu
3253 1649 3577 1708 dedicavit:

1925 1740 1982 1794 id
2013 1740 2297 1796 discimus
2328 1757 2396 1796 ex
2425 1741 2599 1795 veteri
2634 1740 2831 1795 codice
2858 1740 3013 1812 apud
3040 1739 3347 1811 Lopesium
3370 1739 3578 1795 lauda-

1927 1833 2012 1895 to;
2039 1829 2137 1900 qui
2169 1828 2302 1884 licet
2323 1828 2472 1884 hanc
2501 1829 2995 1885 consecrationem
3022 1844 3174 1883 anno
3203 1829 3341 1883 1026
3362 1828 3576 1885 factam

1922 1918 2106 1973 fuisse
2137 1918 2411 1974 mendose
2443 1919 2728 1990 praeferat,
2753 1935 2881 1974 eam
2907 1922 3103 1973 tamen
3127 1934 3278 1973 anno
3301 1915 3575 1990 praesenti

1921 2007 2380 2079 consignandam
2416 2024 2543 2063 esse
2572 2025 2766 2062 rerum
2790 2011 3087 2080 gestarum
3113 2007 3292 2063 series
3319 2005 3575 2062 invictis-

1921 2096 2068 2150 sime
2109 2096 2335 2168 probat.
2370 2101 2530 2151 Certe
2579 2097 2846 2152 Urbanus
2899 2096 3024 2168 ipse
3076 2096 3130 2150 in
3184 2095 3466 2168 rescripto
3498 2095 3570 2150 ad

1921 2185 2232 2241 canonicos
2263 2185 2731 2258 Burdigalenses,
2765 2188 3016 2240 testatur
3043 2185 3170 2256 ejus
3201 2184 3364 2240 urbis
3396 2183 3573 2255 Majo-

1923 2291 2041 2328 rein
2076 2273 2380 2328 ecclesiam
2413 2291 2446 2329 a
2485 2273 2677 2346 seipso
2709 2277 3107 2328 consecratam
3143 2272 3351 2338 fuisse;
3383 2277 3438 2326 et
3470 2271 3568 2342 qui

1919 2362 1978 2416 in
2028 2379 2093 2417 eo
2153 2360 2366 2434 scripto
2427 2367 2822 2428 recensentur,
2856 2362 2982 2431 ejus
3039 2359 3266 2416 itineris
3324 2360 3567 2414 comites

1917 2456 2102 2506 erant.
2137 2453 2207 2506 At
2239 2468 2349 2506 non
2385 2451 2488 2506 abs
2520 2468 2580 2506 re
2609 2451 2718 2506 erit
2750 2450 2864 2505 huc
2892 2449 3148 2521 proferre
3186 2449 3314 2520 ejus
3354 2447 3566 2504 solem-

1920 2539 2117 2594 uitatis
2154 2539 2606 2610 descriptionem
2639 2555 2705 2592 ex
2736 2536 2910 2592 veteri
2945 2535 3042 2591 illo
3083 2535 3300 2601 codice,
3329 2538 3502 2608 prout
3533 2551 3567 2590 a

1919 2627 2180 2683 Darvalio
2209 2628 2264 2682 in
2295 2628 2703 2699 supplemento
2725 2625 3008 2680 chronicae
3033 2622 3490 2698 Burdigalensis,
3510 2628 3568 2680 et

1916 2736 1949 2772 a
1980 2717 2219 2789 Lopezio
2241 2734 2366 2788 cap.
2389 2719 2424 2772 5
2455 2717 2718 2773 Historiae
2749 2714 3014 2786 ejusdem
3047 2713 3208 2770 urbis
3239 2713 3566 2770 exhibetur.

1917 2803 2136 2861 «'Anno
2161 2805 2582 2861 Incarnationis
2612 2804 2844 2861 Domini
2879 2805 3038 2872 1016,
3058 2803 3184 2875 lege
3217 2803 3374 2872 1096,
3405 2801 3566 2858 vide-

1915 2895 2048 2950 licet
2079 2894 2351 2950 Kalendis
2383 2894 2516 2950 Maii
2549 2891 2814 2950 dedicata
2857 2893 2966 2948 fuit
3007 2891 3260 2948 Ecclesia
3289 2891 3568 2964 Burdiga-

1912 2983 2257 3055 lensis,quae
2287 2989 2376 3038 est
2404 2985 2617 3039 domus
2665 2981 3000 3051 Domini,in
3039 2981 3320 3038 honorem
3368 2981 3566 3036 beato-

1915 3090 2043 3127 rum
2075 3072 2472 3144 apostolorum
2503 3072 2740 3127 Andreae
2772 3076 2828 3126 et
2855 3071 3030 3138 Petri,
3055 3074 3111 3126 et
3133 3069 3290 3126 beati
3319 3067 3564 3125 Joannis

1913 3161 2207 3232 Baptistae,
2249 3161 2434 3216 sancti
2474 3159 2775 3232 Stephani,
2813 3158 3128 3226 Laurentii,
3152 3157 3564 3230 Vincentiique

1831 3233 1874 3299 C
1914 3249 2206 3321 martyris,
2235 3255 2292 3304 et
2315 3248 2464 3304 beati
2497 3247 2776 3302 Macharii
2803 3246 3174 3315 confessoris,
3205 3249 3566 3301 sanctarum-

1913 3354 2024 3408 que
2075 3337 2366 3408 virginum
2413 3335 2669 3408 Agatho'a,
2712 3333 2970 3400 Eulaliae,
3002 3350 3252 3405 quarum
3302 3331 3561 3404 reliquia

1911 3425 2153 3480 conditae
2186 3428 2324 3480 sunt
2354 3425 2410 3478 in
2445 3423 2649 3494 majori
2681 3423 2845 3478 altari
2879 3422 2937 3478 in
2969 3422 3096 3495 ipsa
3126 3419 3561 3478 consecratione

1909 3532 1942 3568 a
1973 3515 2209 3570 domino
2232 3530 2403 3586 papa,
2425 3505 2573 3568 etab
2595 3514 2800 3568 Amato
2832 3517 3044 3569 sanctae
3072 3511 3343 3567 Romanis
3372 3509 3558 3567 Eccle-

1909 3603 2006 3658 sia:
2025 3602 2211 3674 legato
2227 3601 2744 3676 Burdigalensique
2760 3601 3218 3674 archiepiscopo,
3231 3600 3561 3656 Adfuerunt

1909 3693 2167 3764 quinque
2225 3691 2460 3759 decani,
2516 3691 2748 3746 Simeon
2806 3691 3168 3764 Agennensis
3223 3689 3556 3762 episcopus,

1909 3781 2101 3836 Bruno
2125 3781 2427 3852 Signensis
2449 3780 2774 3853 episcopus,
2792 3779 3063 3836 Albertus
3085 3780 3372 3851 (Vallerus)
3392 3777 3562 3834 Alba-

1910 3870 2107 3925 nensis
2139 3876 2195 3924 et
2225 3869 2320 3924 alii
2358 3869 2738 3924 cardinales.»
2765 3868 2977 3922 Mirum
3025 3871 3113 3922 est
3161 3869 3288 3938 ejus
3320 3867 3560 3922 dedica-

1909 3958 2086 4013 tionis
2119 3958 2579 4013 anniversarium
2613 3957 2704 4012 die
2732 3959 2797 4012 21
2834 3956 3051 4029 Aprilis
3081 3955 3378 4023 celebrari,
3413 3955 3560 4010 forte

1910 4050 1981 4103 ob
2015 4064 2364 4102 concursum
2397 4047 2731 4102 festivitatis
2772 4047 3073 4101 beatorum
3105 4043 3306 4100 Jacobi
3333 4047 3390 4098 et
3419 4041 3561 4097 Phi-

1908 4135 2073 4208 lippi,
2106 4141 2207 4190 aut
2245 4135 2390 4191 forte
2436 4136 2508 4192 ob
2557 4135 2732 4192 aliam
2775 4135 2902 4205 ejus
2950 4132 3205 4190 ecclesiae
3254 4131 3558 4205 antiquam

1911 4225 2426 4282 consecrationem.

1911 4333 2167 4388 CCLXII.
2192 4333 2390 4387 Neraci
2407 4332 2616 4387 dedicat
2632 4333 2914 4388 ecclesiam
2928 4329 3558 4388 monasteriiSJhomae.

1933 4459 1938 4466 -
1980 4423 2242 4478 Pontifex
2290 4421 2527 4484 Neraco,
2568 4421 2721 4493 quod
2775 4421 3068 4476 Vasconiae
3119 4419 3399 4492 oppidum
3451 4423 3560 4487 est,

1909 4511 2222 4578 transiens,
2254 4509 2334 4564 ibi
2385 4509 2724 4566 solemniter
2759 4508 3118 4565 consecravit
3165 4507 3470 4564 ecclesiam
3499 4507 3561 4562 in

139 4582 454 4653 ΡθΓεΡίσυθ
485 4580 792 4644 habeatur,
826 4579 1197 4668 τηυηυηιίμιθ
1227 4579 1300 4632 ad
1329 4579 1676 4635 “lu-“trama
1709 4582 1802 4636 UP‘
1833 4596 1879 4660 D
1913 4600 2192 4654 honorem
2214 4597 2526 4664 S.Thoma:
2549 4604 2607 4654 et
2628 4600 2816 4655 sancti
2842 4597 3158 4664 Nicolai,in
3181 4614 3297 4668 qua
3316 4597 3563 4653 Arsinus

141 4670 278 4724 bani
313 4674 492 4724 Gesta
522 4669 780 4724 conferre
811 4667 1018 4739 possit.

215 4757 320 4812 His
341 4758 706 4828 temporibus
733 4756 1002 4812 monachi
1028 4756 1460 4822 Cluniacenses,
1482 4759 1579 4829 qui
1605 4757 1676 4812 ab
1698 4757 1800 4812 ali-

145 4853 294 4918 quot
323 4846 497 4900 annis
529 4849 825 4902 vetustum
857 4845 1048 4900 Sancti
1082 4845 1341 4916 Eutropii
1381 4847 1801 4902 monasterium

143 4937 512 4991 Santonense
562 4933 912 5001 incolebant,
943 4939 999 4988 et
1043 4940 1388 4989 renovarunt
1435 4940 1696 5006 cryptam
1743 4935 1801 4990 in

143 5041 262 5095 qua
294 5023 478 5078 sancti
519 5023 792 5095 martyris
843 5023 1098 5093 reliquiae
1147 5023 1618 5090 continebuntur,
1669 5042 1803 5080 cum

143 5113 385 5168 duobus
417 5113 736 5170 altaribus:
764 5129 946 5184 quare
979 5113 1315 5184 praeclaram
1349 5113 1496 5168 hanc
1530 5115 1682 5169 nacti
1711 5131 1802 5170 oc-

143 5201 471 5268 casionem,
491 5201 824 5273 pontificem
848 5201 1409 5270 adierunt,eumque
1433 5208 1713 5275 rogarunt
1743 5208 1808 5258 ut

147 5306 335 5345 unum
365 5289 576 5345 saltem
609 5307 678 5346 ex
707 5290 799 5346 his
820 5289 1109 5345 altaribus
1133 5289 1370 5361 propria
1399 5307 1577 5346 manu
1611 5309 1807 5348 conse-

145 5394 309 5434 crare
322 5395 438 5434 non
453 5378 895 5451 dedignaretur;
916 5395 1166 5451 quorum
1185 5377 1446 5450 petitioni
1465 5378 1560 5435 ille
1577 5380 1804 5450 annuit,

147 5466 354 5523 relicta
377 5466 620 5524 alterius
651 5467 852 5524 altaris
875 5468 1312 5524 consecratione
1344 5468 1654 5525 Ramnulfo
1684 5471 1808 5544 epi-

147 5573 325 5630 scopo
338 5555 690 5614 dieeccsano.
705 5557 823 5614 Hoc
845 5561 1041 5614 autem
1067 5557 1284 5614 factum
1309 5556 1488 5614 fuisse
1504 5559 1809 5618 Dominica

154 5647 214 5710 in
245 5646 399 5708 albis
429 5645 640 5724 legitur
668 5649 728 5714 in
759 5653 944 5712 vetere
975 5647 1184 5708 notitia
1232 5647 1302 5704 ab
1335 5651 1568 5709 auctore
1599 5648 1810 5734 aequali

1912 4689 1982 4742 de
2003 4687 2264 4755 Albione,
2289 4688 2423 4742 data
2445 4703 2510 4742 eo
2535 4693 2699 4758 pacto
2725 4689 2857 4744 Loci
2877 4686 3033 4754 villa,
3059 4685 3344 4741 monacho
3365 4703 3395 4741 e
3418 4686 3564 4742 San-

1913 4776 1988 4832 cti
2022 4776 2169 4832 Petri
2202 4776 2647 4832 Condomiensis
2689 4775 3043 4832 monasterio
3093 4775 3309 4830 accitos
3355 4773 3566 4829 locavit

1914 4867 2184 4938 precibus
2218 4865 2544 4937 Raymundi
2567 4865 2695 4935 ejus
2728 4864 3062 4936 fratris,qui
3097 4869 3237 4919 tunc
3261 4859 3564 4918 Condomii

1913 4956 2096 5010 abbas
2124 4960 2266 5009 erat.
2292 4955 2430 5023 Ejus
2450 4952 2559 5008 loci
2584 4953 2876 5008 cmnobita:
2905 4952 3114 5010 saiculo
3147 4952 3370 5008 decimo
3403 4953 3564 5006 sexto

1916 5043 2234 5098 monachos
2264 5041 2517 5097 ecclesiae
2538 5041 3001 5108 Condomiensis,
3027 5059 3155 5113 qua:
3188 5041 3246 5095 in
3269 5039 3566 5095 cathedra-

1915 5131 2028 5186 lem
2063 5149 2096 5186 a
2122 5132 2346 5186 Joanne
2375 5149 2513 5200 xxu,
2535 5137 2728 5186 erecta
2759 5132 2965 5196 fuerat,
2990 5129 3226 5197 imitati,
3248 5134 3442 5202 togam
3467 5144 3568 5184 sa-

1917 5221 2170 5276 cularem
2205 5221 2263 5274 in
2296 5221 2605 5274 canonicos
2655 5219 2916 5275 conversi
2963 5218 3296 5274 induerunt.
3327 5219 3565 5275 Brevem

1916 5311 2044 5382 ejus
2076 5309 2458 5365 dedicationis
2487 5309 2752 5364 notitiam
2786 5325 2815 5363 e
2844 5307 3133 5363 chartario
3156 5307 3566 5364 Condomiensi

1916 5400 2190 5454 dabimus
2223 5399 2283 5453 in
2319 5399 2672 5471 Appendice.

1953 5487 2230 5544 CCLXIII.
2267 5489 2482 5542 Leiraci
2511 5487 2831 5613 mozpsterii
2869 5487 3076 5541 Montis
3105 5485 3218 5540 Alli
3243 5486 3530 5556 conﬁrmat

2663 5573 2878 5613 umaco.

2663 5573 2878 5613 umaeo.

1990 5648 2169 5709 Nonis
2230 5665 2330 5706 seu
2359 5650 2391 5704 7
2424 5648 2516 5712 die
2548 5648 2683 5708 Maii
2732 5647 2888 5705 idem
2949 5647 3206 5723 pontifex
3259 5646 3494 5704 Leiracu
