3998 6158
391 350 511 410 207
1690 350 1761 412 Β.
1809 349 2065 413 URBAlV

2187 351 2205 411 l
2250 348 2508 413 PAPE.
3689 345 3810 410 208

394 483 615 553 invisit,
653 484 749 540 ubi
784 484 1079 558 prioratus
1111 491 1202 543 est
1240 484 1460 542 ord’nis
1490 482 1912 553 Cluniacensis,
1944 482 2052 538 ibi—
2082 485 2135 552 Α
2167 499 2299 538 cum
2336 482 2463 538 aliis
2493 484 2690 539 decem
2740 481 3101 540 consecravit
3131 478 3437 538 ecclesiam
3482 477 3678 536 Sancti
3709 480 3814 539 Sa-

395 590 508 646 que
552 574 835 647 rescripto
866 576 937 631 ad
972 576 1275 648 Hugnnem
1307 574 1561 629 Cluniaci
1612 572 1884 629 abbatem
1915 573 2050 627 dato
2160 572 2382 628 turnini
2407 571 2680 644 martyris
2701 571 2922 628 Tolosae
2953 569 3231 644 episcopi,
3254 574 3312 627 et
3332 569 3512 626 altare
3542 569 3603 625 in
3634 569 3816 626 hono-

394 661 599 718 cellam
632 663 690 718 S.
728 663 1029 720 Michaelis
1081 665 1151 719 de
1194 664 1387 718 Monte
1411 661 1541 717 Alto
1590 679 1722 717 cum
1775 662 2051 717 omnibus
2161 678 2281 715 rem
2315 662 2580 733 ejusdem
2617 661 2894 733 martyris
2915 659 3349 734 gloriosissimi,
3370 663 3425 714 et
3446 657 3635 715 sancti
3660 658 3819 715 Assi-

394 752 522 824 ejus
573 752 936 825 appendieiis
982 752 1259 809 Cluniaco
1292 769 1325 807 a
1361 749 1679 817 Willelmo,
1712 755 1912 824 postea
1960 768 2050 804 ar-
2161 749 2331 805 scecli
2363 750 2662 823 martyris;
2683 751 2997 823 posuitque
3017 748 3333 805 maximam
3360 752 3585 822 partem
3607 745 3819 821 capitis

396 839 765 913 chiepiscopo
814 840 1139 905 Ausciensi,
1168 857 1302 896 cum
1351 839 1676 896 monachus
1723 840 1909 895 factus
1942 843 2050 902 est,
2161 836 3817 911 gloriosissimiSaturnini,reliquiasquesanctiAssisca—

399 928 668 984 collatam
698 929 1082 984 confirmavit.
1114 928 1259 984 Illud
1290 927 1635 1001 rescriptum
1660 927 1796 984 olim
1820 927 2057 983 dabitur
2162 927 2235 982 cli
2286 929 2558 1001 martyris
2614 933 2673 983 et
2725 928 2974 984 aliorum
3036 929 3393 996 sanctorum,
3427 931 3484 983 et
3538 923 3819 998 reliquias

399 1016 551 1071 inter
579 1015 795 1071 Urbani
828 1015 1107 1088 epistolas
1159 1033 1229 1073 ex
1274 1017 1451 1072 veteri
1503 1016 1859 1090 apographo,
1911 1015 2057 1071 forte

402 1103 780 1178 autographo,
815 1105 1201 1177 descriptum.

450 1210 716 1270 CCLXIV.
752 1212 1071 1286 Toloszedat
1091 1213 1445 1286 priuilegium
1477 1214 1796 1285 Moyssiaco.
1830 1214 2007 1270 Privi-

949 1284 1151 1357 legium
1180 1284 1235 1340 S.
1272 1286 1523 1340 Orientii.

477 1372 690 1427 Eadem
722 1373 834 1439 die,
859 1373 905 1429 si
932 1390 1046 1429 non
1072 1374 1280 1429 fallunt
1302 1373 1586 1429 chronicis
1611 1377 1757 1430 nota:
1782 1373 1839 1428 in
1867 1388 2057 1428 exem-

407 1460 519 1534 plis
553 1462 788 1531 nostris,
814 1467 915 1517 aut
945 1467 1097 1517 certe
1138 1462 1301 1535 locus
1334 1462 1449 1517 dati
1498 1460 1763 1534 rescripti
1798 1461 2061 1517 sincerus

408 1550 799 1620 est,Tolosam
826 1552 1058 1606 advenit
1080 1551 1359 1624 pontifex,
1383 1551 1478 1606 ubi
1503 1550 1748 1618 litteras,
1770 1567 1932 1605 num.
1962 1550 2062 1605 192

408 1641 478 1694 ad
510 1639 731 1695 vicinos
758 1643 1063 1713 episcopos
1085 1640 1244 1696 dedit
1273 1641 1331 1694 in
1363 1639 1611 1711 gratiam
1642 1639 2062 1695 monachorum

396 1716 952 1800 'Moyssiacensium,
984 1733 1050 1784 ut
1095 1744 1296 1784 eorum
1348 1729 1521 1799 bona,
1556 1729 1804 1801 quisque
1846 1728 1905 1782 in
1956 1744 2064 1784 sua

410 1816 663 1887 dimcesi,
696 1822 1017 1873 tuerentur.

484 1906 619 1961 Post
649 1906 873 1979 aliquot
894 1907 1020 1962 dies
1042 1906 1462 1963 monasterium
1488 1906 1916 1979 Moyssiacense
1940 1906 2062 1976 ipse

412 1994 673 2068 pontifex
724 1994 940 2063 invisit,
975 1995 1175 2068 ibique
1205 2012 1262 2050 ιιι
1302 1995 1437 2050 Idus
1469 1994 1603 2050 Maii
1653 1994 1797 2050 alias
1846 1993 2067 2050 litteras

413 2088 614 2140 sancto
638 2083 866 2158 Hugoni
888 2084 1122 2157 scripsit
1147 2085 1203 2139 in
1227 2085 1477 2158 gratiam
1502 2083 1923 2139 monachorum
1943 2082 2069 2137 Clu.

415 2172 779 2228 niacensium
831 2173 888 2228 S.
933 2172 1175 2228 Orientii
1225 2190 1402 2245 prope
1447 2173 1647 2227 urbem
1700 2173 2066 2239 Ausciorum,

415 2260 653 2333 quibus,
689 2266 752 2315 ut
773 2262 899 2331 jam
933 2278 966 2316 a
988 2261 1172 2316 Leone
1198 2262 1260 2316 ΙΧ
1296 2260 1585 2316 sancitum
1623 2261 1830 2329 fuerat,
1859 2261 2067 2316 confir-

416 2354 540 2405 mat
563 2350 665 2422 jus
696 2349 1030 2407 cmmeterii.
1057 2350 1173 2405 Has
1205 2349 1429 2405 litteras
1472 2350 1627 2405 idem
1673 2351 1927 2422 pontifex
1959 2348 2070 2405 alio

416 2439 696 2515 rescripto
729 2439 1115 2506 conﬁrmavit,
1143 2444 1208 2494 ut
1234 2439 1478 2494 inferius
1511 2456 1617 2494 suo
1641 2438 1764 2494 loco
1785 2438 2068 2494 dicemus.

417 2526 694 2598 Ejusdem
719 2528 1059 2583 monasterii
1087 2528 1267 2583 altare
1287 2528 1345 2583 S.
1370 2526 1690 2584 Salvatoris
1716 2527 2073 2583 consecravit

416 2615 774 2683 Urbanus,si
798 2615 1080 2671 Chronico
1112 2617 1422 2672 credamus
1452 2617 1607 2687 quod
1640 2616 1981 2689 Aymericus
2002 2616 2073 2672 de

415 2702 628 2775 Peyrac
672 2702 850 2774 hujus
895 2703 1005 2759 loci
1057 2704 1238 2760 abbas
1283 2704 1650 2777 conscripsit.
1695 2705 1850 2761 Idem
1901 2705 2074 2760 refert

421 2790 649 2847 Urbano
680 2790 897 2847 ibidem
929 2792 1211 2848 existente
1242 2809 1425 2848 unum
1454 2793 1809 2849 cardinalem
1832 2794 2072 2862 obiisse,

419 2896 487 2936 ac
517 2880 577 2934 in
610 2896 746 2935 arcu
780 2881 1119 2937 monasterii
1164 2881 1343 2938 fuisse
1385 2882 1767 2955 tumulatum,
1800 2884 1871 2939 ad
1902 2884 2075 2954 cujus

417 2969 726 3041 sepulcrum
758 2986 818 3026 se
848 2970 1066 3025 vidisse
1116 2975 1366 3026 testatur
1409 2974 1463 3027 in
1495 2972 1672 3027 altum
1714 2972 1947 3044 pendere
1983 2988 2074 3028 ca-

421 3058 625 3127 pellam
652 3075 833 3127 suum,
865 3060 1042 3115 nimia
1091 3064 1350 3115 vetustate
1377 3062 1538 3134 quasi
1579 3062 1798 3134 penitus
1827 3078 2073 3117 consum-

419 3152 598 3220 ptum.

2164 1016 2346 1072 sancti
2382 1017 2649 1089 Exuperii
2682 1016 2938 1090 episcopi
2970 1016 3262 1073 Tolosani.
3286 1038 3315 1067 υ

2235 1105 2438 1160 Adhuc
2472 1106 2529 1161 in
2572 1123 2640 1161 ea
2669 1106 2811 1162 urbe
2856 1106 3195 1163 morabatur
3241 1103 3523 1177 pontifex,
3556 1118 3692 1160 cum
3723 1119 3819 1159 ca-

2169 1194 2356 1250 nonici
2393 1194 2744 1251 cathedralis
2774 1195 3029 1251 ecclesia:
3050 1194 3247 1250 Sancti
3274 1193 3554 1265 Stephani
3579 1192 3652 1249 ad
3682 1204 3820 1249 eum
3851 1250 3863 1261 ,

2168 1282 2435 1355 queri-las
2466 1283 2800 1340 detulerunt
2829 1284 3108 1339 adversus
3139 1281 3455 1339 monachos
3486 1281 3685 1338 Sancti
3716 1276 3822 1336 Mi-

2168 1372 2387 1427 chaelis
2418 1373 2488 1426 de
2508 1372 2703 1438 Clusa,
2723 1373 2822 1444 qui
2856 1372 3160 1429 ecclesiam
3183 1371 3408 1427 Sancta
3431 1369 3697 1437 Gavelle,
3724 1370 3823 1427 Ec-

2170 1448 2357 1517 clesia:
2389 1460 2686 1517 'l‘olosame
2719 1461 2986 1517 collatam
3032 1460 3123 1516 sui
3160 1460 3314 1530 juris
3343 1474 3472 1516 esse
3502 1460 3822 1515 contende-

2172 1550 2333 1605 bant.
2364 1550 2644 1605 Placitum
2668 1550 2822 1621 apud
2846 1550 3119 1606 Sanctam
3143 1548 3385 1605 Mariam
3409 1547 3588 1604 Electi
3616 1548 3827 1603 indixit

2172 1639 2448 1710 pontifex,
2487 1639 2543 1693 in
2576 1656 2690 1711 quo
2721 1638 2795 1694 lis
2820 1637 2933 1694 ista
2963 1638 3364 1705 dirimeretur;
3396 1638 3499 1693 sed
3531 1636 3828 1694 renuenti-

2173 1730 2281 1783 bus
2310 1728 2611 1783 monachis
2643 1728 2713 1782 ad
2743 1726 2888 1783 illud
2928 1727 3143 1794 venire,
3181 1727 3477 1800 negotium
3509 1731 3649 1782 tunc
3676 1726 3826 1782 infe-

2172 1824 2330 1872 ctum
2366 1816 2665 1883 remansit,
2698 1817 2866 1887 cujus
2896 1818 3080 1872 totam
3121 1816 3354 1882 seriem,
3381 1815 3483 1870 sed
3513 1830 3643 1887 qua
3676 1813 3826 1869 nihil

2177 1906 2247 1960 ad
2275 1922 2377 1960 nos
2400 1905 2625 1968 attinet,
2641 1904 2834 1961 videre
2855 1908 2942 1959 est
2966 1905 3027 1958 in
3050 1904 3226 1959 veteri
3260 1904 3651 1959 instrumento
3670 1904 3830 1975 apud

2177 1993 2459 2049 Catellqu
2494 1994 2639 2049 libro
2669 2012 2703 2049 v
2724 1992 3283 2050 Commentariorum
3316 1991 3574 2049 historia:
3603 1993 3829 2049 Occita-

2179 2085 2307 2147 IlltL‘,
2347 2101 2474 2155 pag.
2509 2084 2633 2137 87.3.
2662 2082 2824 2138 Certe
2855 2082 3093 2138 Clusino
3134 2082 3488 2138 monasterio
3527 2081 3835 2154 complura

2178 2172 2386 2228 harum
2412 2172 2665 2243 partium
2687 2171 3042 2227 monasteria
3057 2172 3321 2242 subjecta
3335 2174 3519 2239 erant,
3540 2171 3689 2226 inter
3705 2187 3835 2243 qus:

2179 2278 2245 2317 ex
2266 2260 2479 2317 Urbani
2501 2260 2664 2316 bulla
2686 2278 2809 2333 quae
2833 2260 3067 2328 excidit,
3087 2263 3390 2316 recensent
3409 2260 3835 2316 monasterium

2181 2350 2368 2406 Mansi
2400 2350 2661 2406 Garnerii
2705 2366 2883 2422 prope
2913 2349 3243 2405 Virdunum
3285 2350 3358 2405 ad
3388 2349 3747 2405 Garumnam
3774 2351 3838 2405 in

2180 2439 2415 2495 dioecesi
2439 2437 2747 2507 Tolosana,
2771 2438 2946 2495 hodie
2967 2438 3399 2512 congregationi
3422 2438 3623 2494 Sancti
3648 2438 3841 2494 Mauri

2181 2528 2501 2584 addictum.

2288 2661 2559 2718 CCLXVI.
2595 2663 2988 2718 Carcassonam
3018 2660 3136 2716 adit
3168 2660 3418 2717 Urbanus
3455 2662 3725 2733 ponti/ec.

2255 2792 2477 2850 Relicta
2522 2792 2754 2861 Tolosa,
2795 2793 3215 2850 Carcassonam
3263 2792 3525 2865 pontifex
3553 2792 3715 2858 adiit,
3749 2793 3840 2848 uti

2183 2883 2410 2955 exigere
2432 2882 2660 2937 videtur
2680 2880 2939 2938 locorum
2971 2882 3122 2938 situs
3141 2885 3198 2940 et
3219 2881 3449 2937 dierum
3480 2880 3681 2937 series.
3714 2880 3843 2936 Huc

2182 2988 2315 3028 vero
2348 2974 2556 3042 quarta
2590 2970 2749 3038 feria,
2774 2970 2868 3025 die
2913 2971 2975 3026 11
3022 2968 3184 3025 Junii
3214 2969 3541 3040 advenisse,
3575 2973 3749 3041 atque
3777 2969 3843 3025 in

2184 3078 2253 3117 ea
2277 3060 2418 3115 urbe
2441 3058 2699 3131 exegisse
2720 3058 2981 3131 quinque
3002 3058 3127 3114 dies
3153 3058 3440 3115 discimus
3459 3075 3527 3115 ex
3545 3056 3841 3114 veteribus

2189 3148 2446 3205 historia:
2477 3148 2742 3220 ejusdem
2769 3147 2934 3204 urbis
2964 3147 3445 3220 centonibus,qui
3477 3148 3557 3203 sic
3579 3147 3842 3202 habent:

424 3252 679 3327 CCLXV.
734 3255 928 3327 Tolosae
986 3255 1081 3310 (⁷αὲ
1133 3256 1486 3327 privilegium
1544 3257 1810 3312 Bettiloci.
1862 3256 2065 3313 Dedicat

2191 3239 2343 3294 Anno
2395 3237 2697 3294 Dominicae
2751 3238 3151 3293 [near-nationis
3202 3236 3359 3305 1096,
3410 3236 3709 3291 indictione
3760 3250 3841 3306 ιν,

494 3326 775 3381 ecclesiam
805 3325 860 3382 S.
896 3325 1203 3383 Saturnini.
1238 3325 1346 3382 Lis
1372 3330 1659 3384 canonicos
1710 3329 1903 3384 Tolosae
1934 3330 2077 3385 inter

494 3400 547 3452 et
578 3396 842 3453 Clusinos.

493 3502 763 3558 Tolosam
796 3520 1062 3559 reversus
1091 3504 1349 3576 pontifex
1383 3504 1757 3562 Bcllilocense
1790 3511 2077 3562 monaste-

423 3592 577 3647 rium
609 3592 761 3663 apud
811 3591 1169 3660 Lemovices,
1202 3593 1357 3663 quod
1410 3592 1570 3648 nulla
1618 3594 1698 3649 ibi
1749 3600 2079 3651 servaretur

423 3677 736 3749 disciplina
791 3678 1095 3751 regularis,
1155 3680 1524 3737 Cluniacensi
1582 3683 1770 3739 ordini
1831 3685 2074 3752 addixit,

421 3767 575 3823 datis
606 3783 674 3823 ea
702 3766 773 3823 de
805 3784 865 3823 re
897 3766 1107 3824 litteris
1141 3769 1210 3824 ad
1245 3774 1515 3824 sanctum
1549 3771 1852 3842 llugonem
1886 3773 1977 3829 die
2007 3776 2076 3829 23

419 3856 599 3927 hujus
632 3856 871 3911 mensis.

491 3945 592 4001 Die
622 3950 818 4001 autem
852 3946 1142 4018 sequenti,
1169 3946 1223 4001 id
1256 3949 1343 4002 est
1374 3964 1433 4001 Ix
1454 3947 1745 4005 Kalendas
1765 3950 1944 4019 Junii,
1971 3951 2075 4007 Ur-

416 4036 605 4091 banus
637 4033 941 4090 ecclesiam
975 4035 1170 4090 Sancti
1222 4034 1520 4091 Saturnini
1570 4037 1629 4092 in
1679 4039 1883 4095 eadem
1932 4041 2076 4096 urbe

414 4124 752 4181 solemniter
783 4124 1089 4191 dedicavit,
1108 4127 1171 4178 ut
1201 4122 1341 4178 varii
1373 4130 1641 4182 auctores
1666 4128 2075 4207 observarunt,

413 4214 655 4285 ipseque
678 4212 934 4283 pontifex
957 4212 1015 4267 in
1037 4211 1199 4268 bulla
1221 4214 1289 4268 ad
1325 4214 1590 4285 ejusdem
1616 4216 1880 4272 Ecclesia:
1903 4236 2077 4275 cano-

417 4302 581 4357 nicos
612 4305 743 4372 post
772 4301 994 4372 aliquot
1043 4318 1275 4357 menses
1306 4302 1443 4357 data
1491 4308 1744 4359 testatus
1776 4311 1882 4361 est.
1915 4308 2078 4365 Cirte

418 4388 715 4446 Paschalis
750 4388 794 4443 ll
829 4389 886 4443 in
919 4388 1165 4461 epistola
1199 4391 1266 4445 ad
1301 4393 1638 4464 Aragonum
1672 4410 1867 4466 regem
1891 4397 1971 4451 ait
1993 4415 2077 4464 ec,-

416 4477 653 4535 clesiam
691 4477 887 4533 Sancti
921 4478 1220 4532 Saturnini
1268 4479 1340 4533 ab
1372 4479 1604 4535 Urbano
1631 4482 1934 4541 decessore
1964 4504 2071 4543 suo

2188 3344 2349 3383 axxw
2397 3326 2575 3397 [forte,
2621 3326 2756 3381 luna
2783 3324 2935 3396 xxxv]
2965 3327 3111 3397 feria
3161 3332 3375 3396 quarta,
3405 3324 3650 3381 Urbanus
3696 3339 3847 3396 papa

2187 3417 2580 3479 Carcassonam
2609 3416 2890 3485 ingressus
2931 3421 3025 3483 est,
3059 3422 3112 3469 et
3146 3415 3343 3469 missas
3370 3412 3568 3468 ibidem
3593 3413 3839 3468 celebra-

2184 3508 2294 3567 vit;
2324 3507 2471 3561 vivos
2508 3512 2557 3560 et
2586 3504 2865 3575 defunctos
2912 3502 3226 3559 benedicens
3274 3503 3525 3570 absolvit,
3555 3504 3721 3558 etiam
3749 3518 3835 3557 ee-

2184 3596 2367 3651 clesiae
2395 3595 2548 3650 Beati
2587 3594 2836 3659 Nazarii,
2875 3592 2928 3648 id
2970 3597 3060 3648 est
3106 3591 3477 3659 cathedralis,
3510 3607 3647 3647 saxa
3679 3592 3845 3647 bene-

2184 3684 2359 3745 dixit;
2390 3700 2517 3754 qua
2549 3681 2791 3749 scilicet,
2815 3687 2884 3736 ut
2906 3682 3327 3753 interpretatur
3347 3678 3595 3748 Beslius,
3617 3679 3687 3734 ad
3711 3694 3841 3751 per-

2184 3773 2494 3828 ficiendam
2527 3772 2676 3827 hanc
2707 3769 3011 3826 ecclesiam
3031 3768 3389 3840 jamdudum
3412 3773 3581 3824 antea
3605 3767 3841 3823 inchoa-

2183 3866 2325 3929 tam,
2356 3864 2558 3933 parata
2588 3860 2846 3926 fuerant;
2878 3862 2930 3915 et
2955 3858 3304 3929 subsequenti
3325 3861 3487 3913 sexta
3511 3858 3655 3928 feria
3677 3872 3842 3929 super

2186 3951 2356 4007 beatae
2384 3950 2578 4006 Maria:
2603 3965 2817 4020 semper
2844 3947 3077 4019 virginis
3118 3946 3400 4017 sanctique
3427 3944 3727 4001 Salvatoris
3755 3946 3838 3999 at-

2184 4048 2303 4094 tare
2331 4040 2525 4094 missas
2574 4037 2882 4103 celebravit,
2914 4050 3217 4091 sermonem
3256 4034 3408 4090 nobis
3451 4036 3604 4105 fecit,
3651 4046 3843 4089 came-

2184 4130 2386 4184 torium
2409 4128 2649 4199 propriis
2678 4126 2934 4180 manibus
2973 4125 3108 4179 satis
3150 4124 3464 4195 aspersione
3492 4123 3757 4187 absolvit;
3786 4126 3845 4178 et

2184 4218 2262 4272 sic
2289 4217 2479 4272 diebus
2509 4217 2751 4286 quinque
2779 4213 3060 4270 nobiscum
3086 4220 3469 4279 commoratus,
3497 4213 3637 4267 vivis
3665 4227 3731 4266 ac
3756 4211 3846 4266 de-

2183 4308 2389 4376 functis
2437 4306 2774 4373 consignatis
2828 4319 2953 4358 cum
3004 4301 3166 4357 laude
3192 4310 3241 4356 et
3268 4303 3576 4372 gratiarum
3631 4302 3848 4356 actione

2184 4396 2451 4451 discessit.
2486 4394 2588 4449 His
2617 4392 2993 4448 consentiunt
3030 4389 3258 4446 Beslius
3309 4389 3366 4445 in
3419 4389 3676 4445 Historia
3724 4388 3844 4461 epi-

2186 4500 2496 4556 scoporum
2543 4480 3129 4546 Carcassonensium,
3182 4485 3239 4536 et
3296 4478 3733 4535 Sammarthani
3784 4478 3845 4532 in

415 4583 548 4622 cum
582 4565 998 4655 septemdecim
1030 4566 1488 4655 archiepiscopis
1524 4576 1580 4626 et
1617 4572 1906 4645 episcOpis
1933 4592 2067 4631 con-
2099 4591 2147 4655 ι)
2183 4572 2521 4629 eorumdem
2581 4569 2841 4643 catalogo
2897 4573 3057 4624 torno
3120 4567 3168 4623 II
3226 4566 3425 4623 Galliae
3476 4565 3844 4655 Christianae.

417 4659 725 4724 secratam,
749 4659 804 4709 et
837 4654 1152 4728 privilegiis
1183 4654 1519 4728 apostolicis
1545 4660 1832 4716 munitam
1864 4663 2065 4731 fuisse,

412 4751 468 4801 et
488 4743 749 4800 Amelius
772 4743 1097 4800 Tolosanus
1120 4744 1361 4800 antistes
1382 4748 1746 4803 confirmavit
1768 4749 2072 4823 privilegia

411 4852 446 4890 a
476 4833 750 4907 Gregorio
782 4833 904 4901 VII,
932 4832 1160 4889 Urbano
1184 4837 1231 4886 Il
1265 4837 1322 4889 et
1351 4834 1608 4890 Paschali
1645 4841 1691 4891 ll
1723 4838 1787 4893 de
1818 4838 2071 4896 libertate

408 4924 648 4981 ecclesia:
689 4923 874 4978 Sancti
914 4922 1208 4979 Saturnini
1237 4939 1533 4978 concessa.
1561 4924 1669 4979 Sed
1705 4943 1826 4980 rem
1879 4927 2069 4983 fusius

410 5012 643 5085 exponit
665 5012 887 5084 antiqui
903 5011 1168 5067 Chronici
1197 5016 1400 5066 auctor
1423 5013 1573 5083 apud
1592 5013 1898 5085 Catelluin,
1922 5016 2066 5072 libro

412 5118 450 5156 ιι
482 5101 744 5157 Historia:
770 5100 1048 5156 comitum
1073 5099 1314 5163 Tolosae,
1339 5116 1463 5171 cup.
1492 5100 1545 5167 3,
1572 5106 1628 5155 et
1656 5100 1712 5155 in
1736 5103 2067 5175 Appendice

409 5207 476 5245 ex
506 5191 694 5246 Veteri
718 5191 821 5244 cod
847 5207 981 5253 ms.,
1008 5194 1064 5241 in
1089 5204 1203 5259 quo
1226 5188 1345 5242 haec
1379 5188 1653 5260 leguntur
1677 5205 1723 5242 :u
1751 5193 1915 5248 Anno
1948 5193 2062 5249 Do-

410 5279 551 5334 mini
578 5280 733 5340 1096,
756 5276 1070 5331 indictione
1089 5292 1161 5343 Iv,
1186 5292 1338 5331 nono
1364 5276 1842 5333 Kalendas.Junii
1869 5282 2061 5337 domi-

408 5384 520 5422 nus
551 5383 700 5437 papa
726 5363 996 5419 L‘rbanus
1019 5379 1152 5418 cum
1177 5363 1615 5436 archiepiscopo
1638 5365 1916 5424 Toletano
1940 5370 2062 5425 Ber-

403 5456 607 5513 nardo.
632 5457 687 5508 et
717 5454 922 5506 Amato
954 5450 1295 5523 Burdegalis
1338 5451 1772 5527 archiepiscopo
1818 5456 2058 5514 Pisano-

400 5559 512 5616 que
541 5541 974 5612 archiepiscopo
997 5546 1054 5595 et
1074 5539 1287 5595 Tisano
1310 5541 1649 5619 (Albancnsi)
1675 5545 2034 5620 archiepisco

396 5648 490 5713 po,
515 5629 741 5690 Gallero
765 5628 1023 5690 Albiensi
1048 5636 1105 5690 et
1126 5630 1290 5691 Petro
1312 5630 1752 5711 Pampilonensi
1777 5635 2061 5717 episcopo

2180 4662 2354 4717 Porro
2388 4660 2622 4716 abbatia
2656 4660 2880 4714 Sanctae
2927 4656 3124 4712 Mariae
3172 4660 3229 4712 et
3275 4655 3472 4712 Sancti
3502 4654 3845 4725 Salvatoris,

2179 4751 2350 4821 cujus
2383 4748 2477 4805 hic
2507 4747 2690 4804 altare
2722 4749 3104 4812 memoratur,
3129 4744 3189 4799 in
3222 4742 3503 4799 suburbio
3528 4744 3840 4800 Carcasso-

2178 4837 2346 4893 nensi
2372 4838 2504 4905 sita,
2539 4834 2748 4892 saeculo
2792 4833 3062 4906 sequenti
3109 4832 3346 4888 transiit
3399 4832 3470 4888 ad
3520 4831 3841 4888 canonicos

2177 4926 2515 4994 saeculares;
2552 4942 2679 4997 quae
2722 4928 2924 4996 postea
2953 4923 3012 4977 in
3042 4920 3444 4993 Albigensium
3478 4919 3702 4977 bellicis
3732 4925 3834 4975 tu-

2176 5016 2461 5071 multibus
2500 5017 2818 5080 destructa,
2852 5012 3110 5077 tandem,
3139 5027 3241 5066 seu
3287 5010 3503 5083 potius,
3535 5007 3698 5065 locus
3729 5008 3835 5064 ubi

2174 5103 2285 5159 sita
2315 5109 2459 5171 erat,
2479 5103 2747 5159 Patribus
2777 5099 3089 5173 Capucinis
3117 5098 3421 5172 cessit,qui
3461 5098 3542 5154 ibi
3580 5113 3832 5155 conven-

2173 5196 2297 5248 tum
2332 5192 2569 5248 habent.
2589 5191 2733 5246 Huic
2756 5189 2902 5257 loco,
2923 5188 3009 5244 uti
3031 5188 3303 5244 observat
3323 5186 3570 5255 Beslius,
3589 5192 3840 5259 prcerat.

2171 5297 2324 5336 anno
2350 5281 2486 5335 1085
2507 5278 2747 5335 Pontius
2768 5278 2983 5344 abbas;
3010 5277 3111 5333 sed
3134 5294 3207 5332 an
3230 5283 3371 5332 tunc
3391 5276 3584 5331 adhuc
3606 5275 3664 5329 in
3687 5274 3839 5332 vivis

2169 5373 2344 5435 esset,
2374 5368 2608 5440 quando
2640 5366 2910 5422 Urbanus
2940 5364 3055 5421 huc
3097 5365 3364 5433 accessit,
3402 5366 3839 5437 incompertum

2167 5462 2275 5513 est.
2301 5458 2504 5512 Petrus
2543 5471 2677 5512 vero
2720 5454 2990 5511 Ecclesiae
3018 5453 3509 5512 Carcassonensis
3536 5457 3679 5509 tunc
3705 5450 3835 5524 epi-

2168 5562 2385 5618 scopus
2417 5550 2558 5602 erat.
2586 5546 2786 5602 Exstat
2812 5544 2871 5601 in
2898 5545 3163 5616 ejusdem
3186 5543 3351 5600 urbis
3374 5542 3605 5599 dioecesi
3634 5539 3836 5600 nobile

2167 5636 2595 5696 monasterium
2640 5639 2829 5695 Beate
2876 5633 3075 5697 Maria
3115 5633 3188 5695 de
3230 5632 3470 5703 Crasse;
3502 5631 3598 5693 cui
3645 5629 3831 5693 etiam
