3998 6158
193 364 318 440 ξοθ

1800 388 2008 457 νιτΑ.

3487 356 3606 462 2m

194 513 469 610 Urbanus
496 516 902 610 privilegium,
924 522 1024 581 sed
1057 521 1213 597 quod
1244 522 1478 592 excidit,
1525 522 1845 585 indulsisse
1875 544 1921 610 Α
1958 523 2074 586 alia
2103 526 2411 604 priuilegia
2441 528 2627 590 eidem
2658 531 2926 593 Ecclesiae
2953 492 3206 604 donavit,
3250 536 3304 593 et
3348 536 3607 596 secundo

192 604 413 676 dicitur
435 605 496 663 in
529 608 1015 683 subsequentium
1047 612 1389 687 pontiﬁcum
1424 613 1623 673 bullis.

189 713 503 772 CCLXVII.
540 716 668 773 Adit
714 726 830 774 tum
868 721 1153 846 Tmlnerias.
1212 723 1575 792 Privilegium
1623 726 1848 797 Pampi-

963 808 1106 846 onaz.

963 808 1106 849 011$.

262 875 404 932 Inde
437 877 733 949 profectus
791 880 1060 938 Urbanus
1106 882 1470 939 nativitatem
1528 885 1715 941 sancti
1755 885 1849 941 Jo-

188 964 362 1021 annis
391 968 667 1038 Baptista:
700 969 759 1024 in
790 971 1191 1028 Tomeriarum
1241 972 1476 1045 Oppido,
1526 975 1762 1029 nomine
1792 978 1849 1030 et

187 1055 549 1112 monasterio
575 1057 774 1113 Sancti
790 1060 998 1126 Pontii,
1015 1062 1168 1133 quod
1188 1062 1247 1117 in
1267 1062 1658 1118 cathedralem
1672 1063 1848 1119 eccle-

184 1142 340 1199 siam
372 1152 577 1217 postea
606 1153 865 1205 erectum
914 1154 1022 1218 est,
1056 1151 1340 1225 insignito
1379 1151 1707 1221 celebravit,
1746 1153 1843 1209 ubi

180 1230 295 1287 hac
351 1232 486 1304 ipsa
540 1235 634 1291 die
676 1237 1039 1293 confirmavit
1092 1238 1393 1311 privilegia
1446 1238 1677 1310 aliaque
1706 1240 1844 1307 jura

180 1322 458 1379 Ecclesia;
488 1324 1070 1400 Pampiloneusis,cuj
1082 1345 1150 1382 us
1166 1328 1479 1383 diueceseos
1498 1326 1710 1383 limites
1730 1327 1844 1381 sin-

179 1412 436 1482 gulatim
470 1415 777 1487 expressit.
810 1416 1293 1490 Bulla'pontilicia
1309 1434 1375 1472 ea
1399 1418 1469 1472 de
1502 1434 1559 1471 re
1582 1416 1748 1471 Petro
1771 1416 1842 1470 de

180 1502 348 1560 Beda
378 1520 487 1559 seu
517 1504 589 1559 de
621 1505 766 1560 Rota
781 1506 1045 1576 ejusdem
1066 1507 1531 1578 urbisepiscopo,
1557 1506 1841 1576 quiantea

178 1593 585 1650 Tomeriensis
616 1595 942 1653 monachus
972 1596 1180 1663 fuerat,
1215 1595 1495 1667 inscripta
1525 1602 1630 1650 est.

351 1683 692 1745 CCLXVIII.
726 1686 1061 1757 Magolonam
1091 1690 1363 1743 consecrat
1398 1686 1662 1742 Urbanus.

245 1774 557 1833 Urbanum
571 1775 775 1830 exinde
788 1776 857 1830 ad
873 1775 1511 1846 Montempessulanum
1533 1771 1837 1827 divertisse

174 1880 243 1919 ex
273 1863 475 1919 Ivonis
500 1864 808 1919 Cnrnoteni
824 1863 1084 1937 epistolis
1111 1862 1276 1920 facile
1305 1862 1617 1935 colligitur;
1643 1866 1703 1916 at
1720 1878 1834 1915 non

171 1955 252 2011 ita
279 1956 571 2013 constans
596 1958 684 2009 est
713 1954 870 2025 apud
900 1952 1138 2020 multos,
1168 1969 1239 2008 an
1273 1952 1526 2008 insulam
1571 1949 1829 2024 Megalo-

169 2060 445 2110 nensem,
479 2043 635 2115 quod
668 2043 738 2098 ab
771 2060 838 2099 eo
870 2042 1140 2115 pontiﬁce
1185 2043 1295 2098 hoc
1339 2047 1442 2097 aut
1489 2041 1832 2115 praecedenti

170 2149 373 2188 annno
396 2135 622 2188 factum
638 2133 813 2188 fuisse
831 2133 1203 2189 consentiunt
1233 2150 1456 2198 omnes,
1481 2138 1615 2187 tunc
1636 2147 1834 2186 conse-

168 2222 445 2279 craverit.
480 2226 642 2278 Certe
672 2223 720 2278 si
779 2240 933 2278 anno
959 2224 1098 2278 1095
1155 2228 1463 2278 Astensem
1522 2220 1829 2276 ecclesiam

170 2310 451 2368 Urbanus
484 2312 544 2367 in
576 2311 792 2368 Gallias
824 2328 1167 2384 properans,
1198 2311 1280 2367 uti
1299 2311 1572 2377 diximus,
1604 2308 1831 2365 dedica-

166 2403 315 2457 verit
345 2401 632 2457 Kalendis
656 2402 801 2475 ipsis
826 2401 991 2469 Julii,
1021 2402 1131 2457 dici
1167 2420 1282 2457 non
1318 2407 1505 2474 potest
1536 2417 1669 2455 eum
1703 2416 1828 2455 exe-

167 2501 303 2548 unte
334 2491 522 2548 Junio
551 2493 817 2563 ejusdem
865 2492 1001 2547 anni
1051 2492 1366 2564 Magalonaa
1414 2492 1726 2547 exstitisse.
1760 2492 1829 2547 Et

164 2584 414 2655 quidem
448 2581 503 2638 si
534 2582 950 2639 sibiconstaret
964 2583 1254 2638 Arnaldus
1274 2585 1344 2639 de
1362 2582 1600 2638 Ferdala
1631 2583 1827 2655 Maga-

164 2671 435 2728 lonensis
467 2673 779 2745 episcopus
800 2673 858 2727 in
891 2671 1038 2728 serie
1086 2690 1328 2728 suorum
1362 2678 1822 2740 antecessorum,

165 2761 329 2817 nulla
359 2779 675 2834 superesse
704 2762 997 2817 videretur
1033 2762 1368 2818 difﬁcultas.
1421 2764 1491 2817 At
1522 2760 1616 2817 ille
1647 2778 1741 2818 res
1770 2767 1827 2818 et

160 2856 433 2923 tempora
452 2851 780 2908 confundit.
799 2852 855 2907 Is
883 2852 1038 2908 enim
1063 2852 1213 2907 hanc
1234 2851 1441 2907 insulae
1471 2851 1824 2907 benedictio-

162 2959 292 2997 nem
327 2958 496 2996 anno
533 2942 665 2996 1096
694 2941 1020 3013 consignat,
1052 2941 1153 2999 sed
1183 2944 1383 2997 statim
1419 2940 1469 2996 ei
1515 2942 1825 3013 subjungit

160 3030 396 3086 concilii
429 3031 813 3087 Arvernensis
845 3030 1289 3086 celebrationem
1317 3049 1329 3098 ;
1377 3032 1530 3102 quod
1581 3031 1818 3102 quidem

159 3120 480 3176 concilium
514 3136 667 3175 anno
699 3120 839 3175 1095
866 3120 1128 3175 habitum
1162 3121 1344 3175 fuisse
1375 3138 1544 3175 nemo
1574 3119 1820 3175 inllciari

140 3215 375 3280 «potest.
410 3209 477 3264 Si
510 3214 706 3263 tamen
738 3210 889 3266 notis
918 3208 1229 3272 chronicis,
1280 3226 1429 3280 quas
1475 3208 1569 3263 ille
1616 3214 1821 3264 auctor

1958 617 2084 676 loco
2118 623 2250 693 post
2278 619 2602 678 Romanam
2624 620 2941 682 Ecclesiam
2972 622 3475 682 honoriﬁcandam
3506 625 3606 695 de-

1958 709 2156 777 crevit,
2190 714 2403 767 etutse
2426 712 2622 768 fideles
2651 713 2720 767 de
2752 713 3358 786 quibuscunquelocis
3387 714 3608 773 ibidem

1957 797 2187 869 sepeliri
2222 799 2478 856 facerent
2501 801 2809 874 diligenter
2840 804 3085 859 monuit.
3122 804 3188 859 Et
3216 811 3355 860 tunc
3389 806 3608 863 consti-

1954 890 2148 941 tutum
2180 893 2267 942 est
2291 889 2362 944 ab
2394 889 2519 960 ipso
2543 891 3135 964 Gotofredoepiscopo
3156 897 3238 958 ut,
3271 892 3329 947 in
3352 910 3608 952 comme-

1956 976 2279 1031 moratione
2310 995 2376 1033 ac
2408 980 2778 1034 veneratione
2810 981 3204 1053 processionis
3235 980 3606 1054 hujusmodi,

1954 1062 2203 1137 singulis
2235 1067 2404 1121 annis
2437 1084 2469 1122 a
2499 1066 2651 1122 clero
2685 1073 2741 1122 et
2773 1068 2985 1140 populo
3017 1069 3125 1125 hac
3156 1068 3324 1125 diein
3355 1069 3605 1127 circuitu

1952 1152 2117 1208 dicta:
2148 1154 2401 1210 ecclesiae
2432 1157 2726 1227 processio
2758 1156 3039 1213 solemnis
3062 1159 3182 1229 ﬁat,
3215 1163 3272 1214 et
3297 1158 3605 1215 duodecim

1951 1257 2237 1313 pauperes
2267 1244 2624 1301 reficiantur.

1950 1329 2221 1387 CCLXIX.
2254 1334 2408 1405 Apud
2464 1336 3047 1404 Montempessulanum
3101 1338 3216 1404 agit
3246 1337 3604 1393 de'electione

2462 1408 2700 1478 βρίθει)ρὶ
2727 1408 3083 1464 Parisiensis.

2018 1492 2184 1564 Apud
2218 1493 2879 1567 Montempessulanum,
2902 1512 3030 1567 quis
3061 1496 3200 1552 urbs
3217 1495 3389 1552 hodie
3412 1497 3607 1571 Maga-

1947 1578 2204 1638 lonensis
2235 1583 2491 1657 episcopi
2524 1585 2690 1640 sedes
2737 1589 2845 1652 est,
2881 1585 3136 1656 pontifex
3173 1591 3414 1658 rogante
3469 1604 3602 1659 rege

1948 1668 2211 1743 Philippo
2243 1672 2313 1727 de
2343 1672 2621 1728 electione
2652 1672 2947 1729 Guillelmi
2980 1673 3037 1728 in
3072 1674 3408 1746 episcopum
3435 1674 3603 1729 Pari-

1945 1757 2197 1815 siensem
2232 1759 2573 1833 inquisivit:
2609 1762 2825 1834 quippe
2843 1763 2941 1834 qui
2968 1761 3268 1818 nonnullis
3298 1762 3445 1817 obid
3471 1762 3602 1820 ﬁdei

1945 1846 2132 1903 dubiae
2163 1849 2490 1906 habebatur
2519 1852 2672 1923 quod
2708 1850 3060 1907 Guillclmus
3094 1851 3192 1907 ille
3218 1851 3439 1908 electus
3465 1856 3601 1907 Ber-

1866 1916 1911 1981 Β
1941 1937 2139 2006 tradas,
2173 1956 2351 2011 quam
2376 1916 2703 2013 Philippus,
2731 1958 2906 1997 uxore
2937 1941 3265 2012 repudiata,
3286 1939 3396 1997 sibi
3430 1956 3603 2013 copu-

1945 2025 2180 2095 laverat,
2213 2028 2393 2084 frater
2423 2036 2595 2096 esset,
2630 2046 2695 2085 ac
2730 2028 2969 2101 proinde
3013 2028 3175 2085 locus
3232 2034 3359 2085 erat
3406 2029 3599 2102 suspi-

1941 2115 2110 2171 candi
2144 2134 2215 2172 ne
2245 2135 2278 2172 a
2307 2118 2460 2175 clero
2492 2118 2801 2174 Parisiensi
2823 2119 3014 2174 favore
3031 2117 3227 2190 aliquo
3261 2122 3361 2173 aut
3385 2117 3599 2175 timore

1940 2204 2198 2262 humano
2230 2206 2324 2262 ille
2356 2207 2685 2279 postulatus
2741 2207 2972 2263 fuisset.
3030 2208 3172 2263 Rem
3204 2206 3262 2262 in
3321 2207 3596 2279 partibus

1939 2295 2548 2351 examinandamlvoni
2573 2295 2910 2352 Carnotcnsi
2932 2294 3351 2367 episcopo,viro
3369 2294 3594 2369 integro

1939 2386 1993 2436 et
2025 2382 2095 2437 ab
2127 2384 2285 2438 omni
2345 2383 2677 2439 adulatione
2710 2382 2874 2439 valde
2922 2382 3133 2448 alieno,
3183 2382 3283 2453 qui
3343 2386 3487 2437 tunc
3532 2383 3591 2437 in

1940 2471 2202 2527 Romana
2231 2471 2391 2528 curia
2416 2474 2774 2540 versabatur,
2822 2471 3118 2528 commisit
3167 2471 3461 2538 Urbanus,
3510 2471 3592 2528 ita

1939 2566 1999 2616 ut
2033 2561 2080 2617 si
2114 2580 2345 2617 omnem
2380 2563 2651 2618 Simonis:
2672 2561 3413 2633 suspicioncmjuramento
3435 2577 3592 2616 amo-

1935 2650 2453 2707 lirenturcanonici
2482 2650 2857 2720 Parisienscs,
2877 2648 3225 2707 Guillelmus
3257 2666 3290 2704 a
3320 2648 3586 2705 Richerio

1933 2741 2249 2797 Senonensi
2280 2758 2386 2796 suo
2417 2740 2605 2812 ipsius
2620 2738 3063 2811 metropolitano
3086 2737 3342 2794 ordinari
3364 2740 3582 2810 posset,

1934 2829 2162 2885 indulta
2191 2822 2241 2885 ci
2276 2829 2381 2885 huc
2413 2829 2601 2885 solum
2631 2828 2951 2894 occasione,
2986 2826 3146 2900 pallii
3171 2827 3372 2883 utendi
3405 2825 3583 2882 licen-

1933 2918 2034 2983 tia,
2068 2936 2191 2990 qua:
2224 2918 2273 2974 ei
2308 2918 2363 2973 in
2412 2918 2657 2973 concilio
2706 2916 3079 2982 Arvernensi,
3132 2917 3203 2972 ob
3234 2916 3582 2988 denegatam
3646 2924 3655 2928 ’

1934 3007 2161 3083 Hugoni
2198 3004 2817 3081 Lugdunensiprimali
2847 3004 3583 3073 obcdiontiam,interdicta

1934 3094 2140 3150 fuerat.
2173 3097 2237 3151 Et
2267 3096 2500 3167 quidem
2529 3112 2661 3151 cum
2694 3097 2826 3149 dato
2858 3098 3223 3150 sacramento
3255 3092 3447 3149 clerici
3479 3093 3583 3149 Pa-

1931 3183 2208 3241 risienses
2248 3185 2587 3240 electionem
2621 3202 2653 3238 a
2697 3182 2909 3254 seipsis
2955 3182 3163 3236 factam
3210 3186 3579 3254 purgassent,

163 3268 405 3369 profert,
438 3303 601 3353 stare
656 3296 923 3363 velimus,
956 3301 1014 3353 et
1052 3268 1227 3353 certe
1260 3268 1444 3353 multo
1504 3298 1732 3354 facilius
1764 3298 1819 3352 in
1852 3285 1894 3351 C
1935 3273 2283 3329 δυίῙῙθῙωυδ
2313 3279 2446 3328 ante
2482 3273 2692 3327 reatum
2731 3270 2922 3369 5.8m“.
2962 3268 3273 3368 Remigii,“
3317 3269 3582 3369 ξξίθξιίξτίο

162 3387 528 3461 assignando
557 3403 713 3442 anno
729 3403 907 3458 quam
938 3387 998 3442 in
1015 3386 1168 3442 notis
1180 3386 1471 3443 chronicis
1485 3387 1822 3454 referendis,

168 3493 317 3546 quas
348 3475 482 3548 ipse
515 3492 627 3531 non
658 3475 887 3531 videtur
923 3477 1300 3548 excogitasse,
1334 3475 1453 3530 fulli
1506 3475 1730 3547 potuit;
1767 3474 1821 3529 id

167 3568 234 3620 ab
269 3566 517 3622 Urbano
546 3565 873 3637 praestitum
907 3564 1089 3621 fuisse
1119 3564 1227 3620 hoc
1260 3581 1412 3620 anno
1445 3566 1585 3619 1096
1639 3564 1823 3618 multo

168 3653 555 3711 verisimilius
576 3659 683 3719 est,
716 3671 850 3710 cum
883 3653 1106 3710 scilicet
1148 3653 1205 3708 in
1241 3653 1463 3709 Italiam
1500 3654 1820 3725 repedaret.

170 3745 261 3801 Hic
292 3760 518 3815 nempe
564 3749 769 3799 auctor
806 3745 887 3798 ait
943 3743 1279 3815 pontiﬁcem
1338 3744 1395 3797 in
1426 3742 1820 3815 apostolorum

169 3833 475 3907 pervigilio
522 3832 887 3906 Magalonam
945 3832 1273 3899 advenisse,
1323 3848 1389 3887 ac
1437 3832 1693 3887 secunda
1731 3832 1822 3886 sui

166 3924 459 3978 adventus
489 3921 603 3984 die,
638 3938 757 3993 quae
791 3922 1075 3977 Dominica
1102 3924 1240 3985 erat,
1281 3920 1532 3976 insulam
1587 3920 1821 3975 benedi-

167 4011 317 4067 xisse
339 4028 362 4072 ;
388 4027 524 4082 quas
555 4010 819 4081 quidem,
848 4014 999 4065 notas
1056 4026 1426 4082 nequaquam
1478 4026 1629 4064 anno
1663 4008 1820 4075 1095,

169 4102 411 4154 omnino
442 4113 582 4152 vero
607 4097 767 4164 4096,
812 4098 1183 4154 conveniunt.
1237 4098 1353 4153 Hoc
1402 4097 1618 4169 quippe
1647 4114 1820 4162 anno,

168 4187 288 4244 dies
316 4188 397 4242 29
425 4185 612 4249 Junii,
646 4187 864 4242 sanctis
877 4186 1045 4241 Petro
1066 4191 1123 4241 et
1145 4185 1321 4242 Paulo
1339 4203 1524 4252 sacra,
1549 4186 1609 4239 in
1634 4185 1826 4240 Domi-

170 4276 362 4332 nicam
402 4275 718 4331 incidebat.
753 4275 862 4330 Sed
889 4276 1099 4331 referre
1105 4275 1569 4345 juvatintegrum
1588 4272 1825 4328 Arualdi

170 4365 388 4429 locum,
421 4364 482 4418 in
512 4379 628 4435 quo
648 4364 848 4419 omnia
866 4363 1078 4419 Urbani
1104 4364 1253 4435 apud
1276 4363 1641 4435 Magalonam
1665 4367 1829 4435 gesta

172 4454 377 4524 paucis
408 4453 605 4508 verbis
636 4457 1030 4524 repraesentat.
1066 4476 1093 4501 ‹‹
1127 4458 1316 4512 Anno.
1345 4452 1554 4525 inquit,
1581 4452 1738 4517 1096,
1768 4451 1825 4505 in

169 4541 372 4613 vigilia
404 4539 803 4611 apostolorum
840 4541 987 4596 Petri
1015 4546 1072 4596 et
1090 4540 1271 4608 Pauli,
1294 4540 1561 4597 Urbanus
1583 4557 1734 4611 papa
1760 4539 1825 4604 ll,

170 4632 267 4702 qui
298 4631 375 4686 ad
411 4629 736 4685 visitandas
766 4635 823 4685 et
852 4630 1283 4685 confirmandus
1313 4628 1511 4687 GHllltB
1552 4616 1828 4683 eR‘Jesias
1860 4649 1905 4712 Ι)

171 4717 772 4791 Alpestransierat,ad
790 4735 984 4790 preces
1007 4718 1299 4774 Gotofredi
1316 4717 1571 4790 episcopi
1592 4716 1829 4771 intravit

170 4807 568 4880 Magalonam,
600 4807 800 4878 ibique
816 4807 975 4863 stetit
1006 4825 1107 4879 per
1134 4807 1399 4879 quinque
1421 4807 1566 4873 dies;
1600 4810 1655 4861 et
1688 4809 1827 4859 tunc

173 4896 438 4952 secunda
464 4896 562 4950 die
618 4895 902 4951 adventus
960 4896 1051 4951 sui
1105 4895 1325 4951 scilicet
1357 4896 1453 4950 die
1502 4894 1825 4956 Dominica,

171 4990 527 5057 congregato
558 4984 741 5040 totius
770 5000 917 5055 pene
975 4983 1406 5054 Magaloneusis
1454 4984 1828 5055 episcOpatus

172 5073 328 5130 clero
357 5079 419 5130 et
450 5072 688 5145 populo,
747 5087 1018 5129 sermone
1071 5074 1242 5141 facto,
1291 5072 1704 5128 assistentibus
1736 5090 1825 5127 ar-

171 5161 566 5234 chiepiscopis
596 5161 808 5217 Pisano
857 5166 916 5216 et
945 5162 1392 5229 Tarraconensi,
1448 5178 1515 5217 ac
1539 5158 1828 5232 episcopis

169 5250 511 5314 Albanensi,
540 5249 834 5321 Signensi,
886 5250 1267 5306 Nemausensi
1303 5255 1361 5305 et
1408 5247 1824 5314 Magalonensi,

172 5340 567 5410 pmsentibus
640 5340 851 5393 comite
917 5339 1444 5404 bubstantionensi,
1506 5336 1826 5393 Guillermo

170 5426 1403 5499 Montispessulanidomino,conﬂuentibus
1428 5426 1690 5497 undique
1712 5430 1825 5481 tor-

167 5534 243 5575 re
257 5516 772 5582 nobilibus,totam
787 5516 1040 5573 insulam
1060 5516 1529 5589 Magalonensem
1549 5515 1829 5571 solemni-

162 5606 633 5664 tercousecravit
647 5605 1062 5663 etomnibusin
1076 5624 1144 5662 ea
1157 5605 1399 5678 sepultis
1411 5604 1827 5677 etsepeliendis

165 5692 606 5750 absolutionem
621 5693 885 5749 omnium
899 5691 1246 5749 delictorum
1262 5693 1630 5763 concessit,et
1644 5691 1830 5747 multa

1935 3364 2238 3419 ordinatus
2261 3361 2387 3417 fuit.
2424 3362 2485 3417 Id
2520 3364 2718 3416 narrat
2747 3360 2870 3431 ipse
2906 3360 2997 3413 Ivo
3030 3358 3087 3411 in
3138 3355 3400 3429 epistolis
3429 3357 3499 3412 50
3529 3361 3587 3412 et

1931 3453 2021 3518 54,
2047 3453 2145 3524 qui
2171 3452 2295 3524 jam
2316 3455 2449 3506 ante
2470 3450 2615 3504 illud
2636 3454 2869 3520 tempus
2891 3448 2947 3503 in
2978 3446 3241 3519 ejusdem
3269 3444 3434 3502 electi
3458 3461 3586 3517 gra-

1936 3542 2076 3597 tiam
2113 3542 2447 3613 scripserat,
2481 3538 2650 3612 epist.
2688 3539 2778 3604 43,
2810 3537 2964 3609 quod
2999 3535 3115 3603 ille,
3149 3539 3351 3607 utpote
3389 3534 3448 3591 in
3480 3535 3582 3591 Ec-

1935 3629 2112 3685 clesia
2141 3627 2475 3685 Carnotcnsi
2525 3626 2838 3693 enutritus,
2886 3626 3064 3697 probe
3112 3624 3161 3680 ci
3196 3627 3369 3680 notus
3409 3624 3585 3681 esset.

1934 3720 2035 3775 Hic
2070 3737 2238 3791 porro
2270 3719 2575 3774 observare
2597 3717 2764 3786 juvat
2788 3732 2965 3788 quam
2998 3714 3268 3770 Urbanus
3301 3712 3586 3770 sollicitus

1933 3810 2212 3865 fueritne
2255 3808 2314 3863 in
2375 3805 2845 3863 ordinationibus
2894 3803 3299 3875 episcoporum
3359 3802 3582 3875 aliquid

1933 3898 2155 3956 sinistri
2186 3898 2518 3969 obreperet:
2554 3894 2659 3949 bas
2699 3893 2854 3949 enim
2888 3894 2960 3947 ob
2990 3892 3047 3947 id
3082 3892 3271 3946 solum
3314 3890 3588 3947 adhibuit

1934 3987 2233 4044 cautiones
2262 3984 2752 4058 vigilantissimus
2784 3979 3059 4054 pontifex,
3113 3984 3177 4035 ut
3207 3978 3295 4034 vel
3348 3996 3582 4035 omnem

1935 4076 2071 4132 mali
2104 4075 2355 4147 speciem
2387 4074 2458 4128 ab
2490 4072 2598 4127 hac
2629 4070 2909 4126 electione
2939 4067 3294 4125 amoliretur.

1933 4181 2170 4240 CCLXX.
2204 4180 2459 4236 Nemausi
2510 4178 2805 4231 concilium
2860 4176 3097 4230 celebrat
3158 4174 3427 4231 Urbanus.
3485 4174 3579 4228 Ec-

1964 4255 2229 4317 ,elesiam
2290 4250 2661 4306 cathedrulcm
2739 4250 3034 4303 consecrat.
3114 4246 3206 4301 Lis
3277 4246 3586 4317 episcopum

2008 4326 2205 4380 Tolosa:
2233 4325 2376 4378 inter
2405 4325 2453 4376 ct
2483 4321 2770 4374 mnmzvi'cos
2817 4322 2876 4373 S.
2909 4318 3220 4373 Saturnini.
3283 4316 3587 4385 I’rivi!egia

2004 4403 2061 4451 S.
2094 4395 2392 4450 Saturnini
2423 4393 2759 4461 conﬁrmata.
2794 4392 3132 4457 Iv‘iginrenses
3180 4390 3326 4443 inter
3358 4395 3409 4442 et
3443 4388 3585 4461 Con;

2006 4468 2225 4523 Hienses
2272 4458 2656 4520 corztrnversia.
2713 4461 3022 4533 Bai/mundi
3085 4462 3252 4514 ressio
3316 4461 3483 4533 [astri

2009 4539 2227 4609 hyidio.
2263 4531 2991 4609 Iiiviputlensismonasterii
3010 4533 3147 4609 jura
3188 4538 3426 4609 servata.
3456 4531 3583 4585 Pri-

2008 4602 2186 4665 mitias
2246 4602 2624 4675 Lugdunensis
2672 4606 2914 4676 episcopo
2971 4602 3587 4676 assertusagGuiberlus

2008 4683 2175 4737 abbas
2203 4672 2713 4735 Αηιείὲειὀιιονεηδί.ς“
2740 4672 3030 4748 depositus.
3055 4674 3293 4748 {insciti
3339 4672 3586 4748 Bellona-1

2007 4754 2188 4827 (ηιειιδὶδΔ
2209 4752 2370 4806 electi
2411 4766 2572 4804 causa
2599 4743 2881 4827 suspensa.
2912 4746 2995 4827 A_n_
3042 4746 3333 4827 Pbilippps
3359 4760 3476 4826 trra:
3508 4743 3590 4827 ibi

2006 4824 2324 4895 depositus?
2380 4821 2655 4895 IM-inacbi
2692 4814 3011 4873 'rindicati.
3100 4814 3464 4885 Pririlegium
3532 4814 3583 4868 S.

2009 4896 2232 4950 Martini
2260 4912 2291 4948 (ι
2321 4894 2565 4963 Campis.

2011 4985 2251 5039 Ineunte
2304 4996 2505 5036 mense
2556 4977 2713 5033 Julio
2773 4978 3043 5034 Urbanus
3102 4971 3404 5033 Nemausi.
3464 4988 3591 5041 qua:

1941 5072 2154 5129 nobilis
2201 5076 2290 5126 est
2345 5066 2741 5125 Narbonensis
2800 5064 3108 5137 provinciis
3167 5060 3392 5125 civitas,
3455 5075 3592 5113 con-

1941 5160 2140 5215 cilium
2168 5159 2395 5221 habuit,
2453 5156 2607 5226 quod
2641 5157 2711 5211 ab
2742 5172 2809 5210 eo
2858 5154 3115 5226 primum
3174 5147 3468 5206 Arelatem
3502 5146 3590 5202 in-

1938 5250 2157 5303 dictum
2221 5247 2400 5302 fuisse
2432 5262 2499 5299 ex
2556 5244 2820 5315 ejusdem
2885 5239 3175 5313 pontificis
3233 5236 3483 5310 epistola
3521 5236 3593 5292 ad

1939 5337 2275 5393 Ricberium
2302 5336 2698 5389 Senonensem
2734 5331 2905 5386 modo
2938 5328 3175 5384 laudata
3215 5328 3337 5399 jam
3394 5327 3594 5382 obser-

1934 5428 2222 5481 vavimus.
2254 5424 2315 5478 1n
2349 5440 2414 5479 eo
2458 5419 2703 5477 concilio
2734 5416 3016 5473 nonnulla
3048 5435 3175 5489 quas
3207 5417 3267 5471 in
3300 5416 3595 5487 prioribus

1937 5514 2176 5587 synodis
2210 5517 2430 5569 statuta
2454 5511 2702 5573 fuerant,
2733 5507 3078 5562 confirmata
3096 5507 3274 5571 fuere,
3312 5503 3598 5559 nonnulla
3632 5518 3643 5525 ‘

1938 5604 2110 5660 etiam
2144 5604 2216 5658 de
2246 5617 2391 5657 novo
2425 5598 2669 5659 sancite,
2698 5613 2825 5667 quae
2849 5595 3026 5650 simul
3046 5594 3334 5651 sexdecim
3356 5591 3596 5649 canoni-

1938 5694 2048 5750 bus
2082 5693 2141 5747 in
2159 5690 2410 5762 vulgatis
2429 5684 2810 5743 conciliorum
2830 5684 3186 5741 editionibus
3207 5699 3337 5738 com
3349 5680 3596 5753 prehen-
