3998 6158
381 348 501 420 211

1706 354 1775 425 Β.
1824 361 2119 428 ΗΠΒΑΝΙ
2162 358 2216 424 ll
2263 359 2505 424 ΡΑΡΑΞ.

3662 359 3790 434 212

386 487 629 559 duntur,
661 494 723 550 at
752 491 879 567 ejus
909 493 1051 552 Acta
1097 490 1413 569 perierunt.
1475 498 1661 563 Quare
1708 500 1775 553 ut
1803 496 2025 571 aliquid
2057 502 2111 571 Α
2141 492 2335 553 Sancti
2394 492 2715 565 Saturnini,
2772 494 3097 570 Utrumque
3150 509 3255 553 suo
3314 490 3437 553 loco
3486 495 3786 552 referetur.

383 585 594 655 praeter
626 589 979 641 memoratos
1009 603 1281 653 canones,
1315 587 1415 659 qui
1466 604 1598 643 cum
1634 587 1765 642 aliis
1810 587 2028 643 Urbani

383 669 649 727 conciliis
680 670 819 728 olim
850 674 1167 740 dabuntur,
1202 675 1294 729 hic
1320 675 1719 741 exhibeamus,
1746 677 1914 746 juvat
1933 676 2028 731 hic

381 773 452 816 ea
480 758 691 815 referre
723 761 921 832 quzein
941 764 1117 818 variis
1149 763 1407 835 antiquis
1423 764 1900 820 monumentisde
1922 765 2030 820 hac

383 848 604 923 synodo
635 850 885 921 reperire
910 849 1093 906 licuit.
1144 852 1212 906 Et
1244 852 1431 924 primo
1474 854 1712 925 quidem
1762 852 2029 908 nonnulli

383 941 761 996 recensentur
788 940 1078 995 antistites
1108 957 1177 996 ex
1205 941 1298 996 his
1330 941 1430 1014 qui
1462 942 1842 997 Nemausensi
1894 959 2028 997 con-

384 1027 517 1085 cilio
546 1027 957 1096 interfuerunt,
978 1028 1035 1084 in
1054 1029 1255 1085 charta
1278 1030 1603 1103 Raymundi
1636 1029 1886 1099 comitis,
1914 1047 2033 1102 qua

384 1115 1357 1191 monasterioSanctiEgidiivallem
1375 1119 1706 1175 Flavianam
1730 1119 2034 1175 conﬁrma-

384 1206 487 1261 vit.
523 1205 567 1262 Ii
599 1210 739 1262 sunt
767 1207 1200 1279 metropolitani
1231 1208 1470 1263 omnino
1495 1225 1613 1268 sex.
1664 1208 2033 1263 Daimbertus

385 1295 676 1361 Pisarum,
709 1298 874 1369 Hugo
907 1297 1197 1368 Lugduni,
1230 1299 1473 1352 Amatus
1500 1296 1846 1370 Burdigalae,
1896 1297 2031 1352 Ber-

386 1384 531 1441 nard
543 1401 610 1440 us
639 1384 844 1453 Toleti,
880 1386 1110 1459 quitres
1131 1386 1461 1458 apostolicae
1476 1387 1631 1442 sedis
1648 1385 1821 1459 legati
1846 1390 2031 1454 erant,

388 1472 556 1547 Huge
586 1473 933 1531 Bisuntinus
954 1479 1011 1531 et
1032 1475 1217 1531 Guido
1229 1474 1577 1531 Viennensis
1591 1474 2030 1546 archiepiscopi:

388 1561 647 1636 episcOpi
680 1564 941 1636 quinque
990 1564 1234 1631 scilicet,
1296 1565 1608 1621 Gauterius
1663 1563 2033 1628 Albanensis,

388 1651 585 1708 Bruno
616 1651 940 1725 Signcnsis.
987 1652 1321 1709 Gotofridus
1373 1652 1823 1727 Magalenensis,
1871 1653 2034 1723 Hugo

384 1738 762 1811 (Humbaldus)
790 1741 1316 1798 Antissiodorensis
1326 1746 1382 1797 et
1394 1742 1652 1797 Bertram
1663 1759 1772 1797 nus
1786 1741 2034 1796 Nemau-

385 1828 599 1896 sensis;
631 1830 958 1887 cardinales
989 1848 1103 1886 non
1121 1831 1379 1904 episcopi
1412 1830 1692 1903 quinque,
1714 1832 1864 1885 inter
1884 1846 2033 1901 quos

384 1922 510 1975 erat
541 1917 865 1976 Richardus
892 1921 1073 1976 abbas
1106 1919 1508 1977 Massiliensis.
1542 1920 1813 1976 Chartam
1838 1919 2028 1991 ipsam

385 2022 456 2064 ex
486 2006 1129 2082 SpicilegioAcheriano
1152 2009 1828 2082 ubiintegriorhabetur,
1853 2024 2029 2080 quam

383 2095 446 2153 in
479 2095 739 2154 conciliis
773 2098 1121 2163 Labbeanis,
1153 2098 1336 2154 habes
1368 2099 1425 2153 in
1456 2098 1807 2170 Appendice.
1857 2097 2030 2152 Porro

383 2188 505 2243 tres
536 2186 714 2243 etiam
735 2184 881 2242 alios
910 2186 1213 2258 episcopos
1236 2187 1544 2259 Hispanos,
1569 2186 1791 2242 scilicet
1821 2191 2030 2241 Beren-

382 2274 617 2348 garium
648 2275 1164 2344 Tarraconensem,
1182 2275 1540 2331 Bernardum
1569 2276 2028 2340 Gerundensem,

384 2367 443 2420 et
468 2362 777 2420 Artaldum
806 2362 1187 2430 Helenensem
1214 2382 1227 2429 ;
1260 2370 1318 2419 et
1347 2364 1587 2421 totidem
1632 2365 1894 2430 abbates,
1927 2363 2024 2419 Pe-

382 2456 543 2510 trum
591 2454 1007 2523 Coxanensem,
1058 2453 1436 2510 Benedictum
1486 2453 1925 2510 Balneelensem
1974 2458 2034 2508 et

383 2541 746 2599 Bernardum
760 2541 1210 2615 Rivipollensem
1237 2544 1305 2599 ad
1320 2544 1584 2599 eamdem
1599 2544 1886 2616 synodum
1900 2560 2032 2599 con-

382 2630 1045 2688 venissescribitPetrus
1075 2633 1146 2687 de
1159 2632 1353 2688 Marca
1382 2631 1441 2687 in
1475 2633 1668 2688 Mai-ca
1697 2632 2031 2704 Hispanica,

384 2720 494 2779 col.
528 2722 633 2776 472
661 2724 717 2776 et
746 2736 814 2776 ex
842 2736 908 2777 eo
941 2720 1255 2776 cardinalis
1275 2720 1550 2793 Aguirius
1579 2725 1697 2777 tem
1733 2722 1807 2777 ΙΙΙ
1840 2721 2034 2776 Conci-

380 2809 597 2867 liorum
627 2808 936 2884 Hispania.
969 2813 1038 2865 At
1067 2808 1265 2882 plures
1282 2826 1351 2865 ex
1376 2809 1566 2882 ipsius
1596 2810 1809 2865 Urbani
1844 2809 2031 2881 diplo-

382 2904 539 2958 mete
565 2898 625 2956 in
672 2916 851 2957 causa
892 2898 1149 2972 episcopi
1198 2899 1468 2955 Tolosani
1516 2905 1572 2955 et
1613 2899 2029 2955 canenicerum

384 2990 445 3048 S.
479 2988 782 3046 Saturnini
815 2989 950 3045 dato
978 2988 1286 3045 habemus.
1307 2988 1452 3044 Nam
1471 2988 1793 3060 ibi,przeter
1806 2993 2028 3062 septem

384 3076 866 3149 metrepolitanes
896 3092 1075 3149 supra
1105 3081 1478 3143 memoratos,
1525 3075 1621 3131 alii
1656 3080 1773 3132 tres
1804 3076 2028 3133 archie-

386 3164 635 3240 piscopi,
691 3181 901 3238 nempe
951 3163 1237 3221 Radulfus
1296 3164 1674 3233 Turonensis,
1726 3165 2030 3222 Gibelinus

384 3253 1281 3322 Arelatensis,etEbredunensis
1311 3254 1709 3323 nominantur,
1734 3270 1881 3327 quos
1899 3272 2030 3310 cum
2064 3240 2107 3307 C

387 3346 650 3419 episcopis
682 3352 732 3401 et
759 3344 1046 3400 abbatibus
1079 3344 1147 3398 86
1192 3342 1381 3399 eidem
1432 3342 1675 3399 concilio
1722 3348 2037 3415 praesentes

390 3436 575 3492 fuisse
605 3438 854 3491 testatur
883 3434 1162 3505 pontitex.
1208 3433 1471 3487 Aliorum
1521 3431 1759 3488 nomina
1807 3449 1874 3487 ex
1903 3431 2035 3488 aliis

384 3522 805 3590 monumentis,
829 3538 1079 3593 quorum
1096 3521 1514 3593 nonnullaque:
1545 3526 1865 3594 supersunt
1885 3522 2035 3577 infra

384 3612 783 3679 laudabimus,
842 3610 965 3666 erui
1028 3614 1319 3681 poterunt.
1379 3609 1540 3664 Certe
1579 3609 1825 3681 exempli
1856 3626 2036 3666 causa

383 3719 580 3770 nemo,
614 3705 679 3757 ut
710 3700 947 3773 quidem
993 3698 1138 3754 mihi
1195 3698 1447 3764 videtur,
1510 3698 1746 3769 negabit
1799 3698 2030 3753 Ivonem

382 3794 775 3850 Carnetenum
803 3788 993 3845 eidem
1023 3785 1267 3843 concilio
1298 3785 1653 3852 interfuisse,
1687 3786 1783 3857 qui
1838 3787 2030 3858 seipse

374 3886 524 3941 teste
554 3881 612 3936 in
633 3876 898 3952 epistolis
923 3875 1480 3949 superiuslaudatis,
1515 3875 1869 3947 colloquium
1890 3881 2029 3931 tunc

373 3969 656 4044 temporis
687 3986 821 4026 cum
854 3966 1086 4023 Urbane
1103 3965 1309 4022 habuit
1328 3964 1481 4038 apud
1502 3965 2024 4036 Montempessula-

373 4078 518 4120 num
544 4061 617 4117 de
668 4057 950 4117 electione
1005 4053 1301 4111 Guillelmi
1334 4055 1393 4109 in
1453 4052 1841 4110 Parisiensem
1901 4054 2021 4126 epi-

372 4166 637 4224 scepum.

443 4241 566 4306 Quo
598 4242 793 4295 autem
825 4236 917 4291 die
946 4232 1247 4305 incoeperit
1278 4231 1366 4287 vel
1398 4231 1667 4287 absoluta
1715 4231 1890 4287 fuerit
1922 4231 2020 4288 illa

370 4329 655 4404 synodus,
686 4342 878 4394 nemo,
911 4323 1068 4395 quod
1101 4322 1338 4394 quidem
1362 4320 1566 4387 sciam,
1601 4320 1816 4376 diserte
1847 4321 2021 4377 adno-

370 4416 531 4475 tavit.
564 4417 635 4471 At
653 4412 986 4487 pontiﬁcem
1009 4415 1171 4468 sexta
1198 4410 1293 4465 die
1312 4409 1531 4465 mensis
1560 4408 1697 4464 Julii
1719 4409 1836 4479 jam
1861 4411 2019 4482 apud

370 4507 731 4563 Nemausum
760 4500 1053 4558 exstitisse
1101 4516 1170 4554 ex
1201 4497 1539 4554 domesticis
1586 4497 1841 4554 ecclesiae
1890 4500 2018 4569 ejus

370 4594 536 4652 urbis
562 4589 914 4649 cathedralis
944 4586 1353 4645 instrumentis
1383 4586 1687 4650 discimus,
1710 4586 1767 4642 in
1799 4588 2015 4660 quibus
2047 4607 2092 4670 D

367 4700 498 4743 eam
528 4680 836 4739 ecclesiam
856 4678 1111 4750 hacipsa
1124 4677 1217 4732 die
1247 4677 1318 4732 ab
1351 4676 1581 4732 Urbano
1612 4680 2011 4732 consecratam

364 4773 548 4831 fuisse
565 4768 1130 4844 legitur,astantibus
1143 4763 1544 4838 compluribus
1562 4764 2014 4838 archiepiscopis

363 4868 423 4921 et
444 4859 762 4935 episcopis,
803 4874 937 4914 cum
997 4854 1626 4926 cemiteRaymunde.
1683 4853 1848 4908 Forte
1904 4853 2011 4908 hac

364 4951 734 5010 solemnitate
760 4943 1271 5020 synodusinitium
1299 4942 1517 5015 accepit
1538 4960 1550 5003 ;
1571 4946 1724 4997 certe
1752 4959 1829 4997 vn
1850 4941 2008 5011 Idus,

361 5041 420 5098 id
454 5045 540 5097 est
567 5039 661 5095 die
689 5039 723 5094 8
749 5034 893 5093 Julii
924 5034 983 5089 in
1024 5050 1093 5088 ea
1123 5037 1317 5087 actum
1371 5036 1460 5085 est
1488 5031 1559 5085 de
1616 5030 2009 5086 controversia

363 5148 491 5203 quae
523 5121 1393 5197 interepiscopum'l‘olosanum
1408 5124 1464 5173 et
1476 5118 1789 5173 canonicos
1811 5118 2007 5173 Sancti

361 5215 659 5275 Saturnini
682 5212 1036 5284 jamdudum
1066 5210 1417 5275 vertebatur,
1452 5223 1718 5278 quaeque,
1754 5214 1816 5261 ut
1845 5212 2016 5262 testa-

363 5313 464 5364 tur
492 5305 618 5377 ipse
631 5302 887 5376 pontifex
908 5301 963 5355 in
999 5295 1694 5372 superiuslaudatabulla
1715 5296 1806 5350 die
1823 5312 1857 5352 v
1880 5297 2016 5352 ldus

363 5394 630 5468 ejusdem
664 5390 883 5447 mensis
916 5396 1045 5462 post
1092 5388 1282 5443 varias
1326 5385 1731 5440 altercationes
1774 5386 2015 5441 definita

364 5483 493 5541 fuit.
555 5482 762 5536 Totam
818 5496 951 5534 vero
995 5478 1173 5549 hujus
1229 5474 1629 5530 controversiae
1677 5475 1885 5529 seriem
1919 5473 2013 5528 hic

363 5586 650 5655 exponere
683 5569 1047 5640 superﬂuum
1064 5571 1238 5633 esset,
1255 5582 1386 5619 cum
1404 5563 1687 5617 habeatur
1710 5561 2012 5616 inlaudato

363 5651 575 5718 Urbani
609 5656 947 5730 diplomate,
982 5662 1035 5712 et
1068 5656 1123 5710 in
1145 5653 1257 5709 alia
1280 5654 1404 5725 ejus
1424 5651 1582 5707 bulla
1605 5652 1673 5706 ad
1700 5651 2012 5706 canonicos
2060 5672 2064 5676 ~

2136 588 2417 641 Caeterum
2446 585 2662 641 Urbani
2679 586 2901 657 judicio
2924 602 3072 659 aegre
3089 585 3459 642 consensisse
3476 583 3790 642 canonicos

2138 673 2395 730 ecclesun
2427 675 2630 730 cathed
2643 675 2778 731 ralis
2809 675 3107 731 Tolosanae
3140 679 3299 749 patet
3339 691 3408 731 ex
3436 674 3614 730 veteri
3656 673 3791 731 illo-

2140 780 2271 818 rum
2302 763 2372 818 de
2405 764 2604 818 eadem
2643 781 2701 819 re
2752 765 3163 827 instrumento.
3227 764 3381 836 quod
3431 763 3707 826 Catellus,
3736 767 3795 819 et

2140 856 2271 924 post
2300 868 2431 907 eum
2468 852 2904 908 Labbeustomo
2935 854 2979 908 Χ
3010 852 3394 908 Conciliorum
3420 852 3672 917 edidere,
3693 851 3789 907 ubi

2139 939 2424 995 Calixtum
2459 942 2507 995 ll
2543 940 2897 1013 pontificem,
2941 941 3039 1013 qui
3092 942 3473 997 Nemausensi
3524 941 3789 1008 concilio,

2140 1032 2265 1084 tum
2300 1028 2774 1101 archiepiscopus
2805 1028 3177 1095 Viennensis,
3211 1029 3572 1095 interfuerat,
3615 1030 3789 1085 indu-

2141 1122 2282 1173 cunt
2337 1116 2417 1172 ita
2490 1135 2558 1173 ea
2607 1119 3030 1174 disserentem:
3108 1121 3229 1188 Ego
3289 1120 3349 1174 in
3403 1120 3631 1175 concilio
3686 1121 3789 1175 Ne-

2139 1209 2443 1261 mausensis
2501 1208 2557 1262 in
2592 1223 2694 1278 quo
2745 1207 2999 1263 dominus
3042 1208 3290 1265 Urbanus
3348 1224 3495 1280 papa
3536 1210 3791 1281 praefuit,

2140 1313 2265 1350 cum
2296 1296 2484 1351 multis
2509 1297 2639 1351 aliis
2671 1298 2923 1368 interfui,
2974 1298 3160 1369 ibique
3213 1298 3435 1353 clericos
3475 1298 3664 1353 Sancti
3690 1298 3791 1353 Sa-

2144 1386 2360 1439 turnini
2387 1385 2675 1440 dominum
2699 1402 2903 1457 papam
2933 1385 3377 1457 interpellantem
3400 1385 3591 1442 audivi
3606 1404 3624 1445 .·
3656 1403 3791 1457 qua-

2143 1481 2300 1528 tenus
2328 1477 2584 1545 quartam
2606 1483 2825 1545 partem
2880 1475 3222 1531 oblationum
3269 1476 3465 1531 altaris
3508 1475 3652 1530 beati
3691 1476 3794 1530 Sa-

2143 1563 2359 1617 turnini
2383 1564 2626 1635 episcopo
2684 1566 2893 1628 lsarno,
2956 1570 3049 1636 qui
3078 1566 3209 1619 tunc
3264 1564 3519 1635 temporis
3575 1580 3694 1619 eam
3734 1565 3797 1618 in

2141 1651 2386 1706 dominio
2416 1668 2515 1707 suo
2543 1653 2780 1719 tenebat,
2842 1654 3107 1724 auferret,
3139 1655 3189 1708 et
3242 1653 3350 1707 sibi
3378 1652 3566 1712 daret;
3618 1656 3668 1708 et
3697 1652 3795 1707 do-

2142 1741 2325 1794 minus
2350 1758 2497 1812 papa
2520 1743 2875 1812 petitionibus
2902 1758 3091 1797 eorum
3108 1741 3462 1797 condescendi
3488 1740 3793 1807 videbatur,

2144 1830 2340 1900 quibus
2364 1832 2640 1901 episcopus
2671 1830 2891 1885 Isarnus
2915 1831 3349 1899 magnanimitcr
3376 1830 3793 1897 resistebat,etc,

2137 1921 2284 1972 Tum
2316 1919 2687 1991 subjungunt
2717 1919 3041 1975 Guidonem
3078 1918 3271 1991 ipsum
3306 1935 3440 1973 cum
3474 1918 3649 1973 fratre
3685 1935 3795 1973 suo

2139 2005 2575 2080 archiepiscopo
2632 2010 2960 2072 Briassensi,
3022 2007 3335 2080 legendum
3404 2009 3793 2071 Bisontinensi,

2140 2096 2324 2151 lsarni
2357 2101 2551 2168 partes
2581 2097 2810 2170 egregie
2842 2097 2901 2152 in
2936 2097 3064 2170 ipsa
3078 2097 3300 2169 synodo
3324 2095 3797 2163 sustinuisse,ita

2142 2188 2206 2241 ut
2234 2184 2388 2241 idem
2423 2187 2659 2244 Isarnus
2689 2187 2923 2243 nonnisi
2956 2192 3087 2259 post
3112 2185 3447 2242 absolutum
3479 2185 3794 2242 concilium

2143 2274 2356 2330 Urbani
2378 2275 2603 2346 judicio
2634 2275 3018 2344 consenserit,
3044 2275 3332 2348 promisso
3363 2274 3412 2330 ei
3447 2275 3601 2347 quod
3632 2275 3794 2331 decc-

2139 2364 2303 2419 clesia
2336 2364 2522 2419 Sancti
2543 2364 2838 2420 Saturnini
2867 2380 3077 2435 semper
3094 2381 3218 2419 eum
3239 2366 3355 2419 suis
3382 2365 3585 2419 victum
3630 2364 3796 2420 habe-

2140 2455 2239 2519 ret,
2273 2453 2411 2524 quod
2440 2456 2490 2509 et
2510 2454 2641 2509 dum
2670 2456 2811 2509 vixit
2830 2453 3040 2509 habuit.
3076 2453 3356 2509 Fateatur
3384 2457 3579 2509 tamen
3614 2454 3795 2509 iidem

2141 2540 2402 2596 canonici
2420 2542 2811 2613 quod,rursus
2823 2542 3155 2597 examinata
3176 2542 3552 2613 postmodum
3570 2542 3628 2596 in
3643 2560 3787 2615 prae-

2141 2630 2332 2685 sentia
2364 2630 2676 2702 ipsiusmet
2702 2630 2905 2687 Calixti
2939 2632 3051 2687 ista
3081 2630 3495 2697 controversia,
3545 2631 3795 2687 ecclesia

2140 2718 2491 2775 cathedralis
2550 2725 2680 2792 post
2734 2719 2927 2775 varias
2985 2719 3449 2776 concertationes
3506 2736 3575 2774 ea
3632 2720 3702 2776 de
3731 2737 3797 2775 re

2141 2806 2344 2863 multis
2371 2809 2428 2863 in
2457 2808 2599 2865 locis
2629 2808 2861 2865 habitas
2892 2806 3037 2863 nihil
3069 2808 3330 2865 obtinere
3360 2809 3708 2882 potuerit.At
3731 2808 3791 2864 id

2142 2895 2504 2969 negligentiae
2536 2897 2815 2970 episcopi,
2850 2898 2951 2971 qui
2984 2902 3124 2953 tunc
3175 2897 3444 2954 Ecclesiae
3494 2897 3798 2954 Tolosana:

2140 2991 2399 3057 praeerat,
2428 2987 2806 3043 tribuendum
2835 3004 2962 3044 esse
2994 2991 3344 3044 asseverant.
3400 2987 3511 3043 Sed
3556 2988 3627 3043 ad
3653 3004 3791 3043 con-

2138 3074 2341 3131 cilium
2376 3080 2757 3133 revertamur.

2216 3200 2279 3256 In
2310 3217 2376 3257 eo
2406 3202 2749 3257 conﬁrmata
2765 3207 2904 3257 sunt
2917 3203 3113 3257 omnia
3129 3201 3426 3274 privilegia
3440 3185 3495 3256 et
3508 3202 3647 3271 jura
3658 3219 3792 3274 qua:

2145 3287 2414 3344 Urbanus
2443 3295 2499 3345 et
2528 3291 2911 3363 Raymundus
2937 3307 3133 3346 eomes
3152 3290 3339 3347 eidem
3373 3288 3567 3345 Sancti
3588 3290 3795 3346 Satur-

2146 3376 2269 3432 nini
2299 3378 2557 3434 ecclesize
2590 3379 2649 3434 in
2679 3380 2807 3450 ejus
2837 3379 3202 3435 dedicatione
3227 3377 3606 3435 indulserant.
3627 3380 3792 3445 Quod

2145 3482 2260 3521 non
2294 3468 2483 3522 solum
2516 3485 2582 3523 ex
2614 3468 2930 3539 pontiﬁciis
2955 3467 3156 3534 bullis,
3191 3468 3289 3523 sed
3323 3467 3499 3523 etiam
3549 3483 3618 3521 ex
3661 3467 3797 3523 aliis

2140 3555 2437 3612 veteribus
2492 3555 2902 3612 instrumentis
2960 3561 3205 3613 constat.
3263 3560 3413 3611 Duas
3469 3572 3538 3611 ea
3602 3556 3675 3611 de
3730 3573 3798 3611 re

2142 3642 2377 3699 chartas
2406 3644 2640 3700 exhibet
2669 3644 2923 3700 Catellus
2954 3645 3011 3699 in
3034 3644 3287 3701 Historia
3316 3643 3597 3700 comitum
3628 3645 3798 3700 Tolo-

2140 3748 2439 3801 sanorum,
2476 3733 2533 3787 in
2562 3750 2813 3805 quarum
2854 3732 3030 3805 priori
3082 3733 3438 3789 Bertrandus
3481 3750 3675 3790 comes
3708 3732 3793 3789 sic

2138 3821 2418 3888 decernit,
2452 3838 2584 3894 pag.
2620 3822 2758 3877 153:
2795 3821 3109 3877 Ecclesiam
3143 3820 3337 3877 Sancti
3389 3820 3688 3876 Saturnini
3724 3822 3794 3875 ti-

2137 3911 2322 3967 beram
2369 3912 2434 3965 ab
2477 3911 2729 3967 omnibus
2776 3915 2977 3978 statuo,
3026 3913 3165 3966 sicut
3224 3910 3417 3965 melius
3473 3911 3628 3965 illam
3656 3912 3791 3982 fecit

2134 4002 2365 4057 liberam
2393 4017 2535 4072 papa
2599 4002 2846 4057 Urbanus
2895 4016 3015 4055 cum
3073 4001 3190 4054 suis
3233 4001 3518 4070 episcopis,
3547 4000 3610 4068 ﬁet
3629 4004 3793 4071 pater

2132 4106 2284 4147 meus
2318 4090 2671 4160 Raymundus
2700 4106 2875 4144 comes
2906 4091 2964 4144 in
3021 4090 3426 4144 consecratione
3482 4090 3653 4160 ipsius
3699 4106 3786 4143 ee-

2129 4180 2330 4245 ctesiée,
2362 4182 2412 4234 et
2437 4180 2495 4233 in
2522 4180 2754 4233 concilio
2783 4180 3158 4233 Nemausensi.
3195 4177 3350 4232 Idem
3374 4177 3634 4233 omnime
3674 4177 3783 4233 ha-

2130 4269 2247 4336 bet,
2279 4284 2409 4340 pag.
2445 4268 2572 4333 463,
2605 4265 2943 4323 Willelmus
2990 4281 3188 4321 comes
3248 4265 3604 4321 Pictavensis
3645 4283 3785 4321 cum

2130 4372 2306 4411 uxore
2339 4372 2445 4411 sua
2461 4355 2772 4427 Philippia,
2796 4354 2853 4408 in
2877 4354 3059 4410 altera
3072 4353 3296 4410 charta.
3327 4371 3454 4424 quae
3471 4370 3623 4409 anno
3648 4354 3792 4409 l098

2126 4445 2263 4500 data
2293 4450 2402 4500 est.

2197 4558 2295 4615 Die
2316 4556 2644 4621 vuldus,id
2676 4553 3197 4623 est9,Juliiactum
3232 4562 3321 4613 est
3350 4556 3407 4612 in
3440 4555 3771 4613 conciliode

2122 4646 2513 4704 controversia
2541 4646 2693 4701 inter
2735 4645 3100 4717 Figiaeenses
3152 4650 3208 4700 et
3237 4644 3607 4701 Concheuses
3653 4661 3782 4700 mo-

2122 4736 2340 4792 nachos
2398 4734 2700 4791 occasione
2756 4733 3183 4802 conjunctionis
3242 4733 3407 4789 factae
3460 4733 3773 4790 amborum

2123 4824 2610 4881 monasteriorum
2633 4822 2743 4879 sub
2774 4823 2947 4879 unico
2989 4823 3199 4880 abbate
3248 4827 3426 4891 mota,
3477 4839 3603 4894 qua:
3636 4822 3782 4878 unio

2120 4913 2440 4969 multorum
2472 4911 2849 4968 dissidiorum
2883 4912 3044 4984 origo
3084 4912 3290 4966 fuerat.
3325 4911 3471 4977 Quid
3504 4927 3573 4967 ea
3613 4911 3684 4966 de
3718 4928 3784 4967 re

2117 5003 2190 5059 ab
2224 5002 2453 5058 Urbano
2504 5001 2795 5056 sancitum
2854 4999 2913 5055 in
2946 4998 3189 5055 concilio
3248 4999 3443 5065 fuerit,
3507 4998 3780 5056 dicemus

2117 5093 2287 5153 infra,
2325 5092 2420 5146 ubi
2456 5090 2666 5158 dcejus
2694 5088 2973 5159 rescripto
2999 5089 3152 5160 apud
3180 5086 3404 5143 Vallem
3440 5087 3781 5144 Flavianam

2124 5200 2190 5237 ea
2222 5180 2525 5235 occasione
2556 5178 2691 5231 dato
2721 5176 3009 5247 agendum
3043 5176 3171 5231 erit.

2194 5296 2292 5351 Dic
2328 5296 2392 5348 12
2419 5292 2559 5349 Julii
2590 5291 2866 5347 laudatus
2896 5307 3092 5348 comes
3124 5292 3529 5365 Raymundus,
3580 5306 3781 5346 coram

2123 5383 2395 5458 pontifice
2407 5386 2461 5436 et
2477 5380 2744 5436 universo
2759 5379 3004 5435 concilio
3016 5379 3241 5436 Vallem
3260 5375 3628 5444 'Flavianam,
3642 5395 3783 5435 cum

2123 5472 2398 5529 omnibus
2428 5469 2751 5523 honoribus
2773 5472 2829 5523 et
2847 5470 3551 5540 consuetudinibus,quas
3577 5468 3632 5522 in
3649 5467 3786 5539 ipsa

2130 5560 2269 5616 Villa
2302 5558 2573 5613 Flaviana
2603 5560 2651 5611 et
2682 5558 3006 5613 eatrinsccis
3035 5563 3149 5613 tam
3170 5560 3316 5630 juste
3363 5573 3531 5629 quam
3577 5558 3787 5626 injuste

2122 5653 2364 5717 tenerat,
2398 5645 2621 5702 Odiloni
2657 5646 2852 5702 abbati
2886 5652 2943 5701 et
2974 5645 3325 5703 monasterio
3356 5644 3547 5702 Sancti
3586 5644 3778 5715 Egidii
