4000 6176
194 373 327 442 913

1818 378 2000 446 VITA
2014 420 2026 438 .

3504 352 3624 431 2η

206 510 461 587 dimisit,
492 516 583 577 uti
611 522 771 595 patet
798 535 868 579 ex
897 520 1160 595 ejusdem
1192 519 1425 580 comitis
1441 520 1855 586 instrumento,
1886 515 1945 584 Α
1984 527 2167 576 eausa
2185 518 2306 576 haec
2328 519 2818 595 Gerardoinjuria
2846 513 3008 579 illata
3029 519 3222 588 fuerit,
3248 532 3355 574 nec
3384 510 3463 568 ibi
3519 518 3624 564 nec

206 614 265 665 et
290 609 522 668 Urbani
552 610 717 669 bulla
739 610 885 669 illud
918 613 1340 671 conﬁrmantis.
1411 646 1417 657 -

272 699 505 757 Eodem
537 701 654 759 fere
685 703 861 759 modo
886 702 1168 760 satisfecit
1193 702 1578 775 Berengarius
1598 698 1868 759 Tarraco-

204 790 417 847 nensis
450 791 706 848 antistes
743 792 1036 849 Bernardo
1092 793 1290 850 abbati
1339 791 1738 865 Rivipullensi,
1766 792 1865 864 qui

200 879 500 936 adversus
537 880 881 953 episcopum
908 880 1175 954 querelas
1206 883 1275 939 ad
1309 881 1622 938 concilium
1654 879 1872 937 detule-

202 976 315 1037 rat,
330 970 498 1042 quod
516 970 763 1043 insuper
776 970 994 1027 habitis
1007 971 1166 1028 sedis
1187 971 1518 1045 apostolicae
1529 969 1868 1044 privilegiis,

200 1058 498 1115 ecclesias
537 1058 928 1132 Rivipullensi
961 1060 1319 1117 monasterio
1366 1060 1660 1132 subjectae
1688 1059 1871 1114 inter-

202 1147 486 1204 dixisset.
521 1147 913 1221 Berengarius
944 1149 1161 1222 quippe
1192 1149 1302 1207 hoc
1346 1166 1407 1207 se
1436 1149 1621 1205 inscio
1652 1149 1871 1204 factum

198 1236 395 1292 fuisse
444 1236 787 1293 declaravit.
828 1237 994 1294 Forte
1024 1237 1080 1293 id
1115 1238 1372 1294 fecerant
1427 1255 1493 1294 eo
1541 1236 1873 1292 inconsulto

201 1325 407 1381 clerici
441 1324 863 1393 Ausonienses,
897 1326 957 1382 in
991 1343 1241 1399 quorum
1283 1326 1538 1397 dioecesi,
1569 1325 1739 1382 hodie
1768 1325 1872 1380 Vi-

198 1415 395 1481 censi,
432 1431 567 1487 quae
597 1416 1020 1472 Tarraconensi
1051 1415 1310 1472 ecclesiae
1342 1420 1484 1472 tunc
1534 1416 1700 1471 unita
1728 1419 1871 1482 erat,

1973 597 2043 666 in
2076 610 2208 670 aliis
2237 610 2500 687 epistolis
2519 615 2563 668 t.
2579 615 2629 668 V
2649 610 3095 669 Baluzianorum
3119 606 3624 667 Miscellaneorum

1978 702 2153 759 editis
2170 719 2424 775 usquam
2448 702 2812 775 exprimitur.
2835 700 3252 757 Malbranchus
3282 698 3381 766 ait,
3409 695 3627 753 librorx

1976 792 2057 848 De
2072 790 2335 863 Morinis,
2351 809 2477 864 cap.
2514 792 2571 857 7,
2586 791 2907 848 Gerardum
2930 789 3273 847 deSimonia
3289 790 3627 843 accusatum

1977 880 2183 945 fuisse,
2219 896 2285 935 ac
2343 879 2515 935 etiam
2571 879 2902 935 convictum
2947 878 3101 951 quod
3135 875 3400 948 pecunia,
3434 876 3534 932 sed
3562 890 3628 930 eo

1977 967 2182 1029 inscio.
2218 968 2290 1024 ad
2323 967 2757 1040 procurandum
2790 967 2839 1022 ei
2872 967 3034 1022 hunc
3065 965 3466 1038 episc0patum
3492 964 3633 1019 data

1979 1057 2174 1114 fuerit.
2192 1061 2334 1114 Rem
2358 1056 2618 1130 apertius
2633 1056 2870 1128 exponit
2894 1060 3096 1111 auctor
3113 1054 3256 1109 Vitae
3286 1053 3439 1109 beati
3452 1053 3628 1109 Joan-

1980 1146 2093 1213 nis,
2110 1148 2209 1220 qui
2231 1146 2486 1202 Gerardo
2510 1146 2568 1201 in
2589 1163 2657 1202 ea
2678 1146 2815 1201 sede
2839 1144 3141 1200 successit.
3167 1142 3271 1199 Hic
3303 1158 3512 1213 nempe
3530 1170 3535 1175 ι
3553 1140 3633 1196 ait

1981 1236 2302 1292 Gerardum
2337 1253 2371 1290 a
2391 1234 2550 1291 clero
2582 1235 2818 1307 quidem
2845 1234 3093 1290 electum
3123 1237 3182 1288 et
3212 1249 3246 1287 a
3277 1230 3490 1304 pepulo
3540 1247 3631 1285 ex-

1984 1326 2227 1397 petitum
2285 1324 2503 1392 t‘uisse;
2547 1325 2647 1379 sed
2704 1324 2858 1395 regis
2906 1339 3217 1378 assensum
3266 1337 3333 1377 eo
3390 1320 3629 1393 quidem

1982 1413 2191 1479 inscio,
2210 1415 2472 1487 pactione
2491 1411 2749 1485 pecunia
2769 1414 3071 1482 obtentum
3096 1411 3295 1473 fuisse,
3322 1426 3499 1482 quam
3533 1408 3628 1481 pe-

200 1504 394 1560 situm
429 1509 525 1560 est
572 1502 969 1576 Rivipullense
1002 1505 1446 1562 monasterium.
1481 1508 1671 1572 Quare
1732 1504 1876 1561 satis
1985 1504 2219 1559 cuniam
2249 1504 2540 1559 Gerardus
2573 1507 2773 1575 postea
2802 1502 3020 1557 solvere
3052 1506 3287 1556 coactus
3325 1500 3533 1554 fuerat.
3571 1498 3630 1553 Id

198 1592 313 1649 fuit
335 1593 622 1666 episcopo
644 1592 905 1666 polliceri
936 1609 1064 1650 sese
1087 1595 1159 1651 de
1183 1598 1390 1650 caetero
1416 1593 1717 1667 privilegia
1739 1610 1874 1665 apo-
1985 1591 2185 1664 procul
2214 1592 2392 1647 dubio
2419 1591 2784 1665 ignoraverat
2811 1589 3123 1663 Gregorius
3150 1589 3270 1651 VII,
3298 1587 3398 1660 qui
3427 1587 3531 1642 lib.
3567 1605 3629 1651 η,

198 1679 421 1738 stolica
436 1680 690 1737 ﬁdeliter
712 1682 1167 1738 custoditurum.
1189 1682 1249 1739 Id
1271 1682 1879 1739 narratillust.Petrus
1985 1680 2155 1753 epist.
2183 1682 2207 1736 1
2235 1681 2484 1737 Roberto
2505 1680 2786 1737 Flandriae
2818 1678 3014 1737 comiti
3037 1678 3358 1735 Gerardum
3377 1677 3635 1733 canonice

200 1770 276 1827 de
294 1769 505 1826 Marca
530 1769 683 1826 libro
712 1789 766 1827 IV
788 1770 991 1827 Μαι-σεε
1026 1771 1377 1844 Hispanicae,
1413 1776 1465 1828 et
1494 1789 1563 1828 ex
1592 1788 1659 1828 eo
1690 1770 1877 1827 cardi-
1986 1771 2214 1827 electum
2258 1779 2309 1826 et
2336 1786 2437 1842 per
2493 1771 2691 1826 ostium
2745 1770 2804 1824 in
2864 1767 3011 1824 ovile
3054 1766 3267 1823 Christi
3301 1766 3635 1840 ingressum

204 1858 367 1960 nalis
398 1858 685 1960 nguirius
713 1864 877 1916 temo
909 1861 983 1916 IIl
1016 1860 1413 1917 Conciliorum
1462 1860 1773 1933 Hispaniae.
1807 1862 1879 1916 At
1906 1894 1955 1960 Β
1989 1860 2440 1916 commendavit.
2466 1860 2538 1916 Ut
2562 1864 2625 1916 ut
2644 1860 2743 1926 sit;
2757 1875 2995 1916 causam
3028 1858 3156 1958 ejus
3185 1855 3452 1960 episcopi.
3467 1855 3637 1957 judi-

204 1946 384 2021 plura
412 1946 714 2004 habentur
743 1948 800 2004 in
822 1949 998 2006 veteri
1023 1949 1290 2021 ejusdem
1312 1950 1420 2006 loci
1448 1949 1724 2019 Historia,
1750 1965 1877 2021 quae
1907 1943 1954 1960 ”
1989 1953 2118 2005 catu
2153 1948 2453 2005 difficilem
2477 1948 2657 2003 fuisse
2682 1948 3021 2005 exlaudatis
3042 1945 3307 2020 epistolis
3324 1943 3635 2017 colligitur,
3737 1999 3745 2005 _

205 2037 372 2093 edita
402 2042 497 2093 est
548 2039 606 2093 in
664 2038 1000 2110 Appendice
1051 2039 1319 2111 ejusdem
1352 2039 1560 2095 Marcia
1609 2039 1880 2110 Hispan.,
1988 2054 2055 2093 ex
2086 2036 2302 2110 quibus
2334 2052 2544 2109 nempe
2581 2040 2740 2109 patet
2786 2037 3114 2093 Gerardum
3155 2035 3223 2090 ab
3255 2034 3408 2091 omni
3435 2034 3636 2105 episeo-

1984 2128 2107 2199 pali
2129 2128 2310 2199 ofﬁcio
2339 2143 2663 2198 suspensum
2702 2124 2965 2197 quidem,
2999 2123 3100 2179 sed
3141 2140 3257 2179 non
3305 2125 3640 2178 exauctora-

1990 2220 2117 2271 tum
2151 2214 2531 2271 fuisse.Unde
2550 2214 2677 2287 ipse
2703 2214 3044 2269 Lambertus
3064 2210 3460 2267 Atrebatensis
3486 2227 3638 2265 anno

1991 2303 2256 2376 sequenti
2287 2304 2416 2374 ejus
2433 2319 2670 2358 causam
2692 2299 2951 2374 pontifici
2977 2299 3390 2356 commendare
3412 2298 3635 2353 veritus

1992 2408 2106 2448 non
2140 2395 2247 2457 est,
2271 2395 2336 2447 ut
2355 2391 2513 2447 infra
2541 2390 2888 2446 videbimus.

2063 2480 2324 2537 Similem
2358 2481 2536 2536 ferme
2565 2483 2780 2536 sortem
2813 2495 2879 2534 eo
2910 2477 2970 2533 in
3001 2474 3247 2533 concilio
3272 2475 3482 2531 habuit
3522 2476 3636 2531 An-

207 2142 382 2182 num.
438 2127 529 2182 Η.
562 2126 949 2199 Berengarius
1009 2127 1244 2201 quippe,
1279 2132 1345 2184 ut
1402 2127 1483 2184 ibi
1539 2127 1775 2196 dicitur,
1810 2142 1881 2181 ne

206 2214 356 2289 quid
390 2213 589 2272 simile
636 2215 696 2271 in
729 2219 1030 2288 posterum
1089 2221 1500 2281 attentaretur,
1543 2214 1879 2273 monasterii

201 2302 525 2377 privilegia
579 2303 848 2368 laudavit,
898 2306 1267 2362 corroboravit
1323 2315 1375 2362 et
1418 2307 1647 2378 propria
1710 2321 1883 2359 manu.

204 2392 484 2463 ﬁrmavit,
526 2391 679 2449 facta
707 2409 777 2449 ea
805 2392 877 2449 de
903 2409 963 2449 re
993 2392 1217 2450 charta.
1251 2398 1320 2449 Et
1351 2394 1528 2467 paulo
1564 2398 1697 2467 post
1726 2394 1883 2449 idem

206 2481 406 2537 abbas
435 2480 773 2537 Bernardus
803 2480 1107 2538 Urbanum
1136 2483 1206 2539 ad
1242 2482 1669 2539 monasterium
1689 2480 1883 2538 Sancti

207 2568 407 2640 Egidii
431 2574 674 2626 secutus
698 2569 880 2628 fuisse
906 2571 1261 2637 dicitur,ubi
1296 2572 1531 2646 insigne
1567 2572 1639 2628 ab
1670 2588 1735 2627 eo
1764 2569 1884 2643 pri-

206 2657 504 2731 vilegium
525 2658 798 2727 obtinuit,
824 2676 939 2733 quo
969 2660 1168 2717 omnia
1199 2661 1328 2734 ejus
1345 2662 1488 2732 jura
1511 2665 1567 2718 et
1588 2662 1741 2718 bona
1755 2678 1889 2718 con-

1995 2568 2122 2627 selli
2145 2568 2564 2646 Bellovacensis
2582 2566 2744 2625 electi
2783 2583 3125 2639 causa,quaa
3145 2564 3227 2620 ibi
3259 2564 3477 2639 agitata
3508 2564 3636 2636 qui-

1995 2658 2264 2727 dem,sed
2289 2659 2535 2715 minime
2558 2656 2797 2714 deﬁnita
2828 2654 3247 2722 fuit.Quamvis
3260 2654 3415 2710 enim
3445 2652 3636 2719 multi,

218 2746 257 2802 ﬂ
270 2750 573 2803 rmantur.

200 2843 207 2847 '
290 2836 673 2908 Conquestus
722 2837 898 2893 etiam
968 2842 1055 2894 est
1113 2837 1172 2893 in
1223 2839 1444 2913 synodo
1501 2841 1884 2896 Nemausensi

218 2924 394 2999 Hugo
419 2924 695 2998 Lugduni
728 2926 971 2983 antistes
1000 2928 1282 2985 adversus
1342 2928 1677 2985 Richerium
1709 2934 1883 2985 Seno-

225 3028 479 3070 nensem
501 3014 1035 3087 metropolitanum,
1052 3017 1148 3089 qui
1170 3017 1434 3073 nondum
1462 3018 1673 3073 adduci
1691 3023 1888 3090 potue-

224 3105 319 3158 rat
340 3106 428 3169 ut,
436 3102 608 3174 juxta
624 3102 1001 3161 ccnciliorum
1026 3106 1408 3162 Arvernensis
1440 3110 1497 3162 et
1527 3107 1885 3163 Turonensis

224 3190 488 3256 decreta,
510 3192 833 3264 primatum
857 3192 1125 3250 Ecclesia:
1150 3194 1560 3268 Lugdunensis
1579 3212 1885 3268 cognosce-

224 3284 417 3346 ret,et
438 3261 680 3353 quidem
720 3280 1102 3339 conﬁrmatus
1133 3261 1345 3339 iterum
1380 3283 1487 3338 fuit
1517 3261 1745 3357 Hugoni
1780 3283 1890 3356 pri-
1919 3261 1963 3329 (ἶ

221 3374 428 3424 matus
459 3367 521 3424 in
545 3367 655 3425 hac
685 3371 929 3443 synodo,
956 3371 1058 3427 sed
1091 3388 1394 3444 nunquam
1428 3371 1477 3428 ei
1511 3389 1637 3429 sese
1684 3373 1886 3429 Ricbe-

219 3456 350 3513 rius
368 3456 644 3529 subjecit,
663 3458 763 3532 qui
783 3477 851 3515 ea
870 3459 942 3516 de
968 3476 1147 3516 causa
1172 3460 1519 3517 interdictus
1553 3460 1727 3534 paulo
1759 3466 1891 3534 post

218 3561 253 3601 e
283 3545 436 3601 vivis
467 3547 739 3614 excessit,
765 3552 831 3603 ut
857 3563 927 3604 ex
957 3547 1174 3604 Urbani
1208 3548 1398 3622 ipsius
1430 3548 1712 3622 rescripto
1735 3566 1888 3606 anno

226 3635 367 3688 1099
397 3633 537 3691 dato
562 3633 837 3709 colligere
866 3635 1029 3692 licet.
1360 3682 1369 3693 .

302 3722 367 3778 In
388 3723 593 3779 eodem
613 3723 857 3780 concilio
871 3725 1188 3782 Guibertus
1204 3726 1399 3783 Sancti
1417 3724 1684 3783 Germani
1700 3724 1892 3784 Antis-

224 3809 558 3867 siodorensi
590 3812 774 3868 abbas
804 3813 878 3869 ab
907 3813 1238 3870 Humbaldo
1270 3815 1536 3885 ejusdem
1571 3813 1734 3870 urbis
1763 3815 1889 3887 epi-

222 3915 413 3972 scopo
435 3898 731 3957 citatusob
744 3901 905 3958 varia
915 3902 1162 3959 crimina
1175 3919 1302 3975 quae
1317 3902 1367 3957 ei
1391 3902 1888 3976 impingebantur,

224 3988 361 4044 loco
382 3988 585 4044 cedere
607 3994 847 4047 coactus
864 3994 982 4060 est;
1016 3992 1144 4063 ejus
1164 3990 1441 4047 baculum
1474 3991 1742 4048 Urbanus
1770 3991 1890 4064 epi-

225 4092 412 4149 scopo
439 4075 698 4145 tradidit,
721 4093 788 4135 eo
810 4083 981 4150 pacto
1002 4084 1069 4135 ut
1088 4079 1227 4135 huic
1250 4080 1603 4136 monasterio
1634 4078 1890 4152 aliquem

220 4164 432 4221 eCasa
478 4165 602 4234 Dei,
637 4171 744 4222 aut
799 4168 1002 4240 Maiori
1058 4168 1432 4234 Monasterio,
1465 4174 1567 4225 aut
1616 4167 1891 4225 Cluniaco

225 4253 591 4310 monachum
623 4255 961 4327 praeﬁceret,
983 4257 1080 4329 qui
1113 4257 1171 4313 in
1201 4255 1325 4313 loco
1384 4263 1502 4313 tam
1539 4259 1773 4317 illustri.
1807 4257 1889 4313 sic

226 4347 291 4399 et
312 4342 523 4399 merito
544 4342 782 4416 quidem
800 4344 1151 4418 appellatur,
1165 4345 1537 4417 disciplinam
1562 4346 1886 4419 regularem

230 4437 567 4488 restaurare
584 4431 881 4489 niteretur.
900 4434 960 4489 Id
981 4434 1173 4490 fusius
1190 4438 1392 4489 narrat
1415 4434 1601 4490 Guido
1624 4435 1887 4505 ejusdem

231 4519 345 4577 loci
380 4520 563 4576 abbas
585 4519 645 4575 in
675 4521 859 4594 gestis
881 4526 1317 4579 antecessorum
1353 4539 1595 4579 suorum
1654 4527 1810 4579 tomo
1870 4528 1887 4576 ι

1977 2747 2147 2805 .inter
2165 2765 2315 2822 quos
2335 2751 2459 2804 erat
2475 2747 2641 2821 Hugo
2666 2744 2936 2819 Lugduni
2973 2744 3238 2812 antistes,
3274 2759 3378 2817 pro
3408 2740 3641 2798 Ansello

1994 2837 2436 2903 intercederent,
2452 2835 2637 2893 noluit
2655 2840 2851 2891 tamen
2876 2833 3135 2908 pontifex
3155 2833 3283 2905 ejus
3304 2831 3642 2889 electionem

1996 2926 2318 2999 approbare
2343 2944 2356 2994 ;
2383 2925 2481 2982 sed
2508 2941 2612 2981 nec
2639 2942 2767 2980 eam
2796 2922 3062 2989 irritavit,
3093 2925 3157 2976 ut
3188 2938 3255 2977 ex
3286 2921 3476 2977 lvonis
3522 2919 3643 2993 epi-

1996 3014 2145 3071 stola
2170 3017 2243 3071 55
2270 3014 2584 3086 colligitur,
2620 3015 2677 3069 in
2710 3030 2827 3084 qua
2856 3011 3158 3067 Urbanum
3204 3009 3549 3066 adhortatur
3578 3013 3646 3064 ut

1992 3103 2227 3159 Ansello
2258 3104 2443 3159 favere
2476 3106 2695 3175 pergat,
2730 3103 3150 3171 succurratque
3170 3097 3440 3154 Ecclesiae
3470 3097 3647 3153 Bello-

1993 3192 2226 3249 vacensi
2257 3193 2415 3248 hunc
2446 3190 2728 3247 ambienti
2760 3207 2825 3244 ac
2851 3192 3089 3261 propter
3115 3188 3243 3258 ejus
3260 3187 3647 3243 ordinationis

1999 3281 2448 3354 suspensionem
2482 3278 2714 3351 magnis
2758 3277 2948 3332 turbis
2981 3276 3231 3349 agitatae,
3256 3280 3358 3330 aut
3386 3291 3509 3330 rem
3543 3292 3647 3346 per

2000 3369 2261 3442 seipsum
2289 3368 2664 3429 absolvendo.
2689 3370 2785 3423 aut
2808 3369 2962 3421 certe
2988 3364 3378 3437 permittendo
3408 3363 3643 3434 ejusju-

1998 3458 2219 3515 dicium
2250 3456 2696 3531 metropolitano
2730 3453 3070 3525 caeterisque
3101 3451 3409 3525 provinciae
3430 3452 3648 3524 episco-

1998 3549 2111 3621 pis.
2127 3548 2206 3603 De
2224 3547 2423 3604 eodem
2438 3544 2711 3602 Anselmo
2729 3541 3245 3616 scripsitUrbanus
3258 3541 3328 3597 ad
3342 3540 3645 3614 Hugonem
3744 3552 3751 3567 ‘

2075 3636 2169 3692 ist.
2202 3638 2327 3692 200.

1997 3638 2439 3782 eplssitéﬁggnico
2469 3721 2837 3780 Malleacensi
2864 3721 3037 3777 fidem
3073 3720 3416 3787 habeamus,
3434 3717 3651 3791 Philip-

2000 3832 2111 3889 pus
2133 3832 2232 3871 rex
2250 3816 2604 3871 Francorum
2620 3812 2754 3867 eoin
2779 3809 3023 3866 concilio
3049 3810 3120 3866 ab
3135 3807 3649 3865 UrbanoEcclesiaa

1999 3904 2406 3960 reconciliatus
2455 3907 2561 3959 est.
2616 3902 2733 3956 Nec
2789 3899 3066 3955 dissentit
3130 3897 3456 3964 Bertoldus,
3516 3898 3653 3952 licet

1999 3992 2192 4049 locum
2224 3988 2441 4048 nbi'id
2476 3991 2693 4046 factum
2748 3987 2922 4043 fuerit
2951 4003 3065 4042 non
3099 3986 3409 4057 exprimat,
3437 3984 3560 4040 haec
3589 3985 3649 4039 in
3748 4000 3759 4005 '

1999 4080 2287 4137 Chronico
2321 4078 2584 4133 scribens
2617 4094 2629 4131 :
2676 4076 2967 4146 Philippus
3016 4090 3118 4129 rea:
3161 4072 3491 4138 Galliarum,
3511 4074 3654 4143 jam-

1998 4169 2206 4224 dudum
2225 4184 2326 4240 pro
2349 4166 2621 4222 adulterio
2649 4164 3149 4219 excommunicatus
3188 4160 3407 4216 tandem
3433 4159 3651 4215 domino

1994 4257 2315 4330 papze,dum
2347 4255 2522 4311 adhuc
2553 4256 2609 4309 in
2630 4253 2826 4309 Galliis
2851 4258 3178 4315 moraretur,
3201 4251 3336 4305 satis
3367 4250 3652 4304 humiliter

2000 4346 2112 4421 [ad]
2125 4346 2552 4419 satisfactionem
2566 4360 2659 4398 ven
2668 4344 2730 4398 it:
2746 4346 2795 4397 et
2807 4341 3057 4412 abjurata
3071 4340 3141 4395 ad
3154 4340 3332 4395 altera
3344 4341 3400 4394 in
3413 4340 3653 4410 gratiam

1999 4444 2238 4508 receptus
2275 4439 2370 4501 est,
2396 4450 2560 4505 seque
2608 4434 2669 4487 in
2724 4431 3009 4486 servitium
3051 4429 3270 4485 domino
3322 4441 3480 4500 papae
3516 4429 3650 4483 satis

1993 4528 2314 4597 promptum
2342 4522 2609 4579 exhibuit.
2648 4520 2725 4575 Ex
2756 4518 2972 4590 quibus
2997 4517 3187 4573 verbis
3218 4514 3485 4572 nonnulli
3510 4515 3648 4571 infe-

230 4607 604 4665 Bibliotbecaa
630 4609 1168 4685 Labbeanm.Atque
1183 4628 1248 4666 ea
1274 4611 1504 4667 occasio
1532 4611 1642 4666 fuit
1657 4611 1886 4667 Clunia-
1921 4630 1970 4696 Β
2002 4617 2137 4669 runt
2157 4611 2489 4685 Philippum
2508 4609 2783 4665 Nemausi
2817 4607 3036 4696 synodo
3068 4605 3646 4696 praesentemfuisse,

229 4713 440 4753 censes
465 4698 525 4753 in
546 4696 656 4753 hoc
678 4701 1101 4755 monasterium
1132 4699 1470 4767 inducendi,
1498 4699 1892 4772 uticolligitur
1922 4692 1957 4696 _
2001 4702 2153 4775 quod
2188 4706 2405 4765 tamen,
2443 4697 2751 4754 silentibus
2783 4695 3143 4763 auctoribus,
3176 4692 3493 4751 verisimile
3529 4711 3646 4748 non

226 4799 299 4841 ex
321 4783 540 4841 Urbani
563 4786 865 4859 rescripto,
883 4788 954 4843 de
975 4805 1089 4862 quo
1116 4787 1364 4844 inferius
1388 4789 1675 4845 dicemus.
1697 4789 1884 4845 Aliam

227 4889 475 4929 causam
499 4873 792 4947 insignem
825 4875 884 4931 in
907 4876 1111 4932 eadem
1142 4877 1366 4950 synodo
1398 4877 1680 4950 agitatam
1713 4878 1888 4934 disci-

225 4976 365 5018 mus
388 4979 458 5018 ex
487 4963 734 5035 epistola
747 4964 1046 5021 Lamberti
1077 4965 1338 5038 episcopi
1371 4966 1781 5022 Atrebatensis
1817 4968 1887 5023 ad

226 5049 573 5108 Paschalem
594 5052 645 5108 II
668 5069 904 5126 papam,
923 5054 983 5108 in
1014 5070 1134 5125 qua
1162 5053 1245 5110 ait
1275 5054 1602 5111 Gerardum
1638 5054 1890 5111 Morino-

231 5155 366 5196 rum
383 5139 730 5213 episcopum
764 5143 824 5197 in
853 5142 1073 5198 Nemau
1088 5142 1242 5198 sensi
1279 5143 1501 5216 synodo
1517 5145 1585 5199 ab
1599 5146 1754 5200 omni
1776 5147 1890 5217 epi-

230 5229 440 5301 scopali
467 5229 648 5300 ofﬁcio
704 5247 1031 5302 suspensum
1061 5249 1094 5287 (ι
1140 5231 1308 5288 beatae
1337 5234 1621 5290 memoriae
1681 5234 1892 5290 Urbano

230 5318 429 5390 fuisse.
456 5318 526 5373 Et
553 5319 793 5392 quidem
825 5320 1130 5377 Manasses
1164 5321 1480 5377 Remorum
1513 5321 1897 5396 archiepisco-

230 5422 350 5479 pus
378 5405 569 5462 eidem
590 5409 892 5467 Lamberto
916 5408 1174 5482 scripsit,
1200 5412 1264 5465 ut
1293 5408 1343 5465 ei
1376 5426 1579 5465 curam
1639 5410 1896 5467 Morino-

228 5509 366 5551 rum
382 5493 645 5552 ecclesia;
670 5497 742 5552 ad
770 5513 854 5563 se,
878 5496 1096 5569 inquit,
1126 5496 1458 5554 devolutam
1482 5499 1893 5566 committeret,

226 5583 387 5657 quod
413 5585 749 5658 exsequendi
805 5585 983 5658 ofﬁcii
1032 5586 1126 5641 sui
1176 5590 1415 5657 potestas
1458 5586 1716 5643 Gerardo
1768 5590 1896 5661 ejus

1997 4794 2107 4856 est,
2130 4789 2381 4846 maxime
2412 4805 2543 4843 cum
2577 4788 2706 4859 ejus
2738 4784 2973 4841 nomine
3003 4784 3099 4839 Ivo
3118 4783 3327 4839 adierit
3347 4783 3647 4839 Urbanum

1999 4884 2172 4952 atque
2203 4895 2336 4935 cum
2368 4894 2434 4933 eo
2457 4876 2615 4949 apud
2645 4871 3289 4944 Montempessulanum
3322 4876 3463 4926 tunc
3481 4870 3650 4927 collo-

1999 4972 2172 5025 cutus
2222 4965 2413 5022 fuerit.
2450 4965 2571 5020 lmo
2627 4962 2932 5034 Philippus
2973 4964 3106 5015 ante
3158 4959 3296 5015 anni
3350 4959 3648 5030 sequentis

2002 5056 2170 5112 initio
2202 5072 2319 5111 non
2366 5053 2596 5109 videtur
2617 5050 2782 5124 plene
2829 5049 3014 5105 fuisse
3043 5046 3279 5103 Eclesiae
3314 5046 3647 5102 reconcilia-

2001 5150 2119 5212 tus,
2156 5144 2237 5199 uti
2272 5146 2431 5215 patet
2462 5158 2529 5197 ex
2586 5139 2899 5213 ipsiusmet
2947 5134 3241 5210 pontiﬁcis
3299 5132 3545 5206 epistola
3576 5134 3646 5189 ad

2003 5234 2331 5289 Manassem
2360 5231 3071 5297 Remensemcaeterosque
3085 5222 3336 5279 Francia:
3348 5221 3650 5296 episcopos

2004 5338 2071 5377 ea
2089 5319 2392 5377 occasione
2424 5318 2579 5385 data,
2610 5330 2736 5388 quae
2768 5316 2828 5370 in
2859 5313 3207 5370 Collectione
3237 5310 3492 5368 dabitur.
3549 5312 3650 5369 His

2004 5409 2152 5465 adde
2173 5425 2456 5465 canonem
2492 5408 2560 5463 10
2588 5405 2768 5476 hujus
2799 5402 3025 5460 concilii
3056 5406 3258 5458 contra
3293 5401 3651 5458 adulterinas

2006 5498 2262 5571 nuptias,
2296 5497 2397 5571 qui
2447 5494 2789 5567 Philippum
2848 5496 3086 5565 tangere
3116 5491 3362 5547 videtur.
3399 5491 3652 5548 Fabulae

2004 5592 2203 5644 narrat
2226 5585 2543 5643 canonicus
2572 5581 3011 5638 Turonensisin
3046 5580 3369 5647 Chronicis,
3404 5597 3534 5636 cum
3570 5580 3653 5635 ait

233 5672 502 5728 Ecclesiae
536 5673 832 5747 episeopo,
858 5691 969 5731 non
1001 5678 1137 5731 esset
1165 5689 1439 5730 concessa.
1467 5678 1591 5743 Qua
1622 5679 1815 5731 autem
1834 5677 1905 5732 de
2008 5674 2345 5748 Philippum
2376 5692 2441 5729 ea
2461 5670 2763 5730 occasione
2790 5669 3059 5726 amisisse
3092 5686 3296 5726 omnes
3344 5668 3507 5740 regni
3557 5665 3648 5721 sui
