3998 6158
366 310 492 393 Βίβ

1672 318 1739 383 Β.
1788 313 2084 384 URBANI
2127 314 2180 381 ΙΙ
2223 317 2473 382 ΡΑΡιΕ.

3656 309 3777 380 218

356 452 812 526 .episcopatuum
835 450 1243 521 eli~ctiones,a:
1265 454 1600 512 electionem
1635 456 2006 527 Andegavcn-
2039 457 2094 521 Α
2125 453 2280 509 sticae
2303 452 2612 509 abbatissa:
2635 452 2696 509 in
2726 449 2965 510 dimccsi
2994 446 3345 521 Trevirensi,
3376 448 3531 524 quod
3562 450 3769 510 lauda-

366 540 451 599 sis
468 541 726 615 episcopi
756 542 953 600 comiti
986 540 1221 601 Fulconi
1254 550 1379 600 tum
1411 543 1684 600 collatam
1716 544 1918 601 fuisse.

439 631 860 689 Monachorum
919 634 1097 688 etiam
1148 638 1340 704 partes
1391 634 1846 705 monasticazque
1886 633 2016 689 vitae

368 719 711 793 dignitatem
735 720 1254 777 etsanctimoniam
1268 722 1495 792 egregie
1511 723 1592 779 tui
1604 722 1644 778 ti
1662 725 1799 777 sunt
1820 722 2018 777 Patres

368 809 785 869 Nemausensis
810 809 1039 865 concilii
1071 809 1351 865 adversus
1382 827 1581 865 eorum
1625 810 2011 873 aemulatores,

374 898 474 971 qui
504 898 663 970 ipsos
692 901 978 955 temerario
1008 916 1167 969 ausu,
1202 904 1268 955 ut
1296 899 1695 971 antiquiorum
1753 900 2015 971 exemplo

377 987 562 1058 aiunt,
581 1005 615 1045 a
634 986 999 1044 clericalibus
1023 988 1420 1045 functionibus
1443 1005 1637 1044 arcere
1660 989 2015 1045 nitebantur.

378 1076 442 1133 Id
468 1076 696 1133 duobus
739 1076 1113 1149 potissimum
1154 1076 1477 1133 canonibus
1527 1078 1854 1150 praestitum
1909 1082 2017 1135 est.

379 1166 509 1225 Hac
541 1166 613 1222 de
641 1166 887 1223 concilio
918 1166 1322 1221 Nemausensi.

450 1254 716 1311 Solutum
739 1259 883 1321 erat,
899 1259 962 1310 ut
985 1254 1212 1310 videtur
1234 1255 1419 1328 pridie
1446 1256 1579 1311 ldus
1598 1256 1763 1320 Julii,
1786 1274 1904 1329 qua
1930 1257 2022 1312 die

379 1342 649 1400 Urbanus
701 1343 1123 1401 monasterium
1181 1344 1379 1399 Sancti
1435 1344 1669 1400 Martini
1710 1363 1742 1400 a
1787 1345 2021 1417 Campis

379 1449 558 1506 prope
578 1433 831 1489 Parisios
862 1433 1049 1488 ordini
1082 1432 1449 1489 Cluniacensi
1482 1435 1751 1499 asseruit,
1778 1436 2023 1507 ejusque

379 1522 802 1595 possessiones,
819 1539 965 1594 quas
978 1521 1321 1593 singillatim
1339 1528 1617 1586 recenset,
1634 1523 2022 1587 conﬁrmavit,

380 1611 607 1669 indulto
638 1628 705 1667 ea
724 1612 794 1667 de
816 1628 875 1666 re
898 1610 1195 1683 privilegio
1219 1612 1374 1682 quod
1400 1611 1627 1683 llugoui
1655 1611 2021 1667 Cluniacensi

383 1701 580 1756 abbati
603 1700 950 1772 inscriptum
982 1705 1090 1756 est.

384 1806 647 1891 CCLXX},
670 1808 917 1891 Urbanus
942 1806 1175 1891 bands.
1205 1808 1502 1891 dig-illium.
1534 1808 2025 1891 Eizasnprwreptum
2060 1826 2105 1891 Β

450 1894 552 1950 pro
581 1880 817 1950 Figiaco.
854 1879 1214 1949 Prim'leglum
1241 1879 1629 1949 Rivipullense.
1663 1879 2026 1948 Privilegium

457 1950 830 2009 Balneolense.

457 2056 575 2113 Hac
590 2057 717 2129 ipsa
739 2056 831 2114 die
848 2063 950 2111 aut
969 2061 1121 2113 certe
1136 2056 1422 2128 sequenti,
1442 2057 1732 2114 Nemauso
1756 2074 2028 2130 egressus

385 2145 663 2219 pontifex,
696 2144 926 2201 divertit
955 2146 1026 2201 ad
1065 2150 1343 2202 Sanctum
1392 2145 1686 2218 zEgidium
1747 2148 1807 2202 in
1866 2145 2028 2202 Valle

386 2234 678 2303 Flaviana,
698 2234 892 2306 ibique
912 2251 980 2290 ea
1011 2252 1137 2306 quae
1154 2234 1213 2290 in
1240 2235 1458 2307 synodo
1482 2234 1867 2291 Nemausensi
1889 2252 2027 2291 san-

385 2324 499 2380 cita
528 2323 760 2379 fuerant
789 2324 858 2379 de
889 2324 1283 2379 controversia
1332 2323 1490 2379 inter
1540 2323 1912 2396 Figiacenses
1972 2329 2031 2379 et

386 2411 755 2469 Conchenses
774 2411 1093 2468 monachos
1114 2412 1396 2484 rescripto
1418 2412 1802 2478 conﬁrmavit,
1818 2414 1950 2468 dato
1969 2412 2028 2467 in

386 2499 516 2573 ipso
548 2500 903 2557 monasterio
927 2500 1125 2557 Sancti
1143 2500 1352 2572 {Egidii
1378 2501 1576 2556 Idibus
1596 2501 1759 2568 Julii,
1785 2504 1939 2574 quod
1964 2519 2032 2558 ex

386 2589 565 2645 veteri
598 2589 941 2645 membrana
969 2589 1153 2645 edidit
1181 2592 1377 2645 noster
1395 2590 1654 2645 Joannes
1679 2590 2031 2646 Mabilonius

391 2677 532 2734 Sam.
558 2678 633 2734 ΙΙΙ
675 2678 914 2744 Bened.,
949 2682 1113 2749 parte
1146 2695 1208 2743 II,
1234 2694 1366 2750 pag.
1389 2679 1512 2742 448,
1542 2679 1638 2732 ubi
1672 2678 1884 2751 legitur
1911 2685 2029 2734 sta-

388 2768 584 2823 tutum
607 2765 788 2821 fuisse
811 2770 874 2821 ut
895 2771 1139 2837 uterque
1163 2764 1328 2821 locus
1353 2767 1680 2837 proprium,
1704 2784 1828 2833 seu,
1864 2772 1928 2823 ut
1950 2766 2029 2823 ibi

389 2851 652 2926 loquitur
680 2852 956 2925 pantifex,
986 2853 1327 2909 cardinalcm
1356 2854 1624 2909 abbatem
1659 2854 1917 2924 haberet,
1951 2856 2034 2910 ita

388 2945 585 3000 tamen
608 2946 674 2998 ut
694 2941 1011 3014 Figiacum,
1037 2942 1193 3013 quod
1213 2941 1622 2998 Cluniacenses
1653 2944 2023 3015 repetierant,

390 3031 501 3087 sub
530 3047 671 3087 cura
698 3034 756 3086 et
785 3029 1114 3102 provisione
1144 3030 1543 3087 Cluniacensis
1569 3032 1799 3088 abbatis
1840 3049 2032 3088 rema-

390 3123 568 3176 neret.
587 3121 658 3174 At
678 3118 737 3174 in
758 3117 870 3174 alio
892 3118 1245 3191 apographo,
1267 3119 1421 3190 quod
1453 3137 1523 3174 ex
1561 3120 1793 3176 archivo
1840 3122 2028 3194 Figia-

2122 544 2249 598 tum
2281 541 2391 598 fuit
2443 542 2500 598 in
2551 543 2909 614 placilatz‘one
2932 558 3032 598 an.
3060 542 3200 598 1128
3250 541 3404 597 inter
3442 542 3774 598 Lanzonem

2126 632 2395 688 abbatem
2412 633 2607 687 Sancti
2636 631 2933 687 Michaelis
2963 631 3037 686 ad
3070 632 3291 689 Mosam
3322 635 3380 688 et
3409 631 3775 687 Harduidem

2126 722 2485 776 abbatissam
2517 721 2825 787 Juviniaci,
2860 737 2891 775 a
2926 720 3154 777 Baluzio
3184 721 3341 780 edita
3367 727 3526 778 tomo
3559 722 3637 777 IV
3667 720 3773 778 Mi-

2128 810 2390 878 scellan.,
2436 828 2503 866 ex
2538 828 2653 883 qua
2710 809 3004 882 colligitur
3032 810 3391 866 Harduidem
3424 827 3577 866 anno
3634 812 3774 867 1124

2128 897 2371 954 electam
2391 899 2571 955 fuisse
2601 899 2800 954 decem
2831 905 2889 954 et
2918 904 3044 954 octo
3072 898 3244 954 annis
3274 904 3407 970 post
3433 898 3774 971 Walburgis

2131 995 2397 1053 mortem,
2433 1006 2559 1060 quae
2611 988 2855 1060 proinde
2911 1004 3063 1043 anno
3112 988 3250 1044 1106
3280 987 3496 1045 obiisse
3525 989 3778 1045 dicenda

2132 1084 2239 1134 est.

2201 1167 2478 1239 Sequenti
2502 1167 2596 1222 die
2618 1167 2885 1223 Urbanus
2908 1166 3100 1222 adhuc
3128 1166 3186 1223 in
3205 1168 3561 1223 monasterio
3574 1168 3772 1224 Sancti

2129 1257 2341 1329 zEgidii
2396 1257 2757 1322 versabatur,
2790 1257 2871 1311 uti
2930 1255 3151 1311 indicat
3200 1257 3329 1327 ejus
3357 1256 3618 1328 diploma
3672 1275 3775 1329 pro

2132 1345 2373 1403 ecclesia
2414 1345 2607 1401 Sancti
2655 1345 2974 1414 Saturnini,
3008 1345 3067 1400 in
3100 1361 3215 1418 quo
3246 1346 3501 1418 pontifex
3533 1363 3773 1402 causam

2132 1436 2283 1491 inter
2328 1435 2639 1491 canonicos
2670 1436 2798 1506 ejus
2829 1435 3086 1490 ecclesiae
3117 1439 3174 1491 et
3229 1435 3497 1492 Isarnum
3550 1435 3777 1492 Tolosae

2130 1525 2492 1597 episcopum,
2517 1524 2575 1578 in
2606 1523 2850 1579 concilio
2881 1523 3287 1592 Nemausensi,
3310 1525 3394 1580 uti
3427 1541 3607 1597 supra
3634 1525 3776 1580 dixi-

2136 1630 2288 1676 mus,
2322 1612 2598 1685 agitatam
2630 1612 2760 1668 fuse
2789 1613 3044 1685 exponit.

2132 1719 2429 1794 CCLXX'I.
2464 1719 3143 1794 Arenioneoliuddatum
3202 1720 3269 1775 ab
3333 1721 3547 1777 Urbano
3600 1723 3777 1794 prwi-

2207 1793 2427 1859 legium.
2455 1793 2585 1847 Item
2610 1808 2711 1862 pro
2739 1792 2792 1845 S.
2825 1792 3062 1860 Afgidio.
3108 1793 3239 1848 Item
3288 1808 3390 1862 pro
3448 1792 3780 1848 monasterio

2204 1866 2263 1987 ᾗ.
2280 1863 2533 1989 illudnec.
2552 1862 2844 1918 Avemonis
2875 1863 3102 1919 ecclesia
3128 1865 3407 1919 canonicis
3428 1864 3780 1934 regularibus

2243 1951 2276 1988 a
2304 1951 2355 1988 α.
3382 1978 3387 1983 ,

2243 1951 2355 1988 am.

2208 2040 2422 2095 Eadem
2453 2040 2632 2095 ferme
2659 2040 2866 2112 repetit
2896 2040 2953 2095 in
2987 2039 3148 2096 bulla
3176 2041 3248 2097 ad
3280 2043 3591 2099 canonicos
3618 2044 3778 2115 ejus-

2136 2129 2267 2185 dem
2296 2128 2549 2185 ecclesiae
2571 2135 2705 2201 post
2723 2129 2872 2185 duos
2885 2130 3010 2185 dies
3024 2130 3161 2185 data
3180 2132 3335 2203 apud
3355 2133 3778 2189 monasterium

2138 2218 2351 2274 Montis
2372 2217 2804 2287 Andaonis,seu
2847 2217 3039 2274 Sencti
3060 2220 3302 2275 Andreae
3324 2221 3503 2277 situm
3553 2222 3612 2277 in
3645 2222 3784 2278 sub-

2140 2307 2725 2374 urbioAvenionensi,
2745 2307 2895 2378 quod
2924 2306 3093 2364 hodie
3110 2307 3416 2364 Villanova
3430 2309 3780 2383 appellatur.
3866 2344 3881 2353 ι

2139 2397 2263 2463 Qua
2283 2396 2456 2451 etiam
2478 2396 2606 2468 ipsa
2625 2395 2738 2457 die.
2763 2396 2982 2452 scilicet
3003 2398 3072 2450 22
3097 2395 3263 2465 Julii,
3287 2398 3653 2455 confirmavit
3683 2400 3784 2456 do-

2140 2485 2430 2540 nationem
2454 2483 2622 2540 vallis
2669 2484 2947 2539 Flavianae
2980 2501 3016 2540 a
3044 2486 3389 2557 Raymundo
3422 2488 3635 2543 comite
3662 2505 3788 2543 mo-

2142 2570 2395 2626 nasterio
2424 2570 2617 2625 Sancti
2650 2570 2859 2642 Egidii
2894 2571 3105 2626 factam
3138 2572 3195 2628 in
3225 2573 3472 2631 concilio
3532 2576 3786 2630 Nemau-

2140 2658 2417 2729 sensi,uti
2450 2676 2555 2715 suo
2594 2658 2720 2714 loco
2742 2658 3022 2716 diximus.
3049 2660 3129 2716 Ne
3158 2678 3292 2718 vero
3327 2662 3451 2735 ipse
3476 2680 3615 2737 erga
3642 2681 3783 2721 suos

2141 2747 2402 2820 hospites
2429 2745 2694 2820 ingratus
2724 2748 3033 2818 videretur,
3067 2749 3161 2805 die
3186 2751 3452 2823 sequenti
3489 2757 3785 2809 monaste-

2143 2836 2295 2891 rium
2325 2836 2521 2892 Sancti
2555 2837 2818 2905 Andreaa,
2840 2836 2896 2892 in
2925 2854 3039 2909 quo
3064 2841 3204 2893 tunc
3225 2839 3474 2912 degebat
3504 2842 3612 2896 sub
3643 2858 3786 2913 apo-

2142 2924 2349 2980 stolica
2365 2925 2610 2980 tuitione
2633 2924 2891 2998 suscepit
2915 2943 2982 2981 ac
3003 2926 3320 3001 privilegiis
3344 2929 3611 2997 munivit,
3644 2930 3784 2986 data

2140 3030 2208 3069 ea
2236 3014 2307 3069 de
2337 3030 2396 3069 re
2426 3012 2587 3069 bulla
2616 3014 2779 3069 Petro
2831 3015 3026 3071 abbati
3068 3015 3372 3089 inscripta.
3404 3018 3582 3073 Aiunt
3609 3025 3777 3074 Sam-

2144 3102 2436 3157 marthani
2462 3108 2620 3158 tomo
2653 3108 2672 3157 Ι
2700 3101 2895 3158 Galliae
2927 3102 3267 3161 Christianae
3299 3122 3369 3161 ex
3392 3108 3627 3178 publicis
3676 3112 3782 3164 Ec-

387 3190 1249 3279 censidescriptumnobiscum
1272 3190 2031 3267 communicavitvirclaris.
2063 3190 2106 3258 α
2142 3193 2319 3247 είθδίκ
2349 3191 2766 3248 Ανθηίοηθηδίε
2794 3193 2998 3248 tabulis
3022 3193 3286 3265 eJUSdem
3311 3194 3473 3249 urbis
3494 3195 3787 3267 PPinCiPa‘

386 3296 719 3370 Stephanus
732 3295 1025 3364 Baluzius,
1042 3297 1436 3369 praetermissa
1453 3298 1682 3353 abbatis
1699 3297 2034 3355 Cluniacen-

383 3386 485 3443 sis-
523 3385 835 3452 mentione,
868 3384 1177 3440 deﬁnitum
1205 3384 1266 3440 in
1308 3385 1550 3441 concilio
1608 3385 1825 3441 dicitur
1853 3385 2034 3443 fuisse

384 3478 448 3529 ut
473 3478 789 3545 utrumque
821 3473 1244 3529 monasterium
1276 3473 1508 3528 sisteret
1536 3474 1647 3528 sub
1682 3475 1897 3545 proprii
1940 3475 2031 3530 sui

382 3561 614 3618 abbatis
644 3578 805 3616 cura.
840 3561 974 3617 Utra
1004 3565 1200 3616 autem
1226 3560 1396 3616 lectio
1428 3561 1505 3616 sit
1532 3562 1889 3633 praeferenda
1932 3563 2029 3620 alii

384 3650 666 3717 viderint;
691 3654 750 3705 at
764 3654 985 3705 certum
1005 3654 1094 3704 est
1113 3648 1449 3721 Figiacense
1472 3650 1895 3707 monasterium
1920 3652 2028 3707 sub

385 3737 755 3795 Cluniacensi
786 3737 986 3793 ordine
1016 3754 1414 3808 perseverasse
1446 3754 1632 3808 usque
1664 3739 1735 3793 ad
1750 3739 2029 3796 saeculum

384 3844 500 3896 xw,
534 3844 650 3900 quo
702 3828 829 3899 ejus
885 3825 994 3882 loci
1054 3826 1349 3895 monachi,
1382 3826 1625 3896 abjcctis
1668 3826 1934 3894 cucullis,
1967 3828 2026 3884 in

384 3914 691 3973 saculares
707 3915 1017 3972 canonicos
1049 3914 1258 3970 mutati
1289 3920 1445 3970 sunt.
1481 3915 1850 3988 Rescriptum
1882 3916 2027 3973 illud

381 4022 517 4062 cum
541 4004 857 4063 lectionum
889 4004 1267 4060 varietatibus
1298 4004 1446 4059 inter
1478 4003 1694 4060 Urbani
1745 4005 2023 4076 epistolas

380 4094 638 4153 dabitur.

449 4184 551 4240 Die
573 4201 689 4239 xvu
711 4181 1002 4239 Kalendas
1029 4182 1298 4255 Augusti,
1324 4180 1627 4237 occasione
1663 4198 1863 4237 eorum
1896 4200 2023 4254 quae

379 4272 658 4327 adversus
691 4270 1107 4340 Riyipullensis
1147 4270 1489 4326 monasterii
1540 4269 1814 4326 ecclesias
1873 4271 2025 4327 facta

378 4359 717 4424 fuerant,uti
734 4358 906 4432 paulo
922 4364 1096 4414 antea
1110 4357 1745 4425 dicebamus,Urbanus
1757 4359 2021 4428 ejusdem

376 4447 716 4503 monasterii
768 4446 1089 4519 privilegia,
1121 4445 1424 4502 recensitis
1466 4446 1641 4501 etiam
1674 4446 2016 4519 singulatim

2143 3280 2258 3337 lem
2291 3279 2595 3336 ecclesiam
2626 3282 2697 3336 ab
2731 3280 2960 3336 Urbano
2994 3282 3042 3338 II
3074 3282 3369 3340 canonicis
3416 3282 3788 3356 regularibus

2142 3368 2419 3424 traditam
2456 3368 2656 3435 fuisse,
2689 3386 2756 3424 ac
2788 3369 2939 3425 inter
2970 3369 3100 3425 illos
3126 3371 3435 3427 Alfonsum
3477 3373 3783 3446 Aragoniaa

2142 3458 2471 3530 regem,qui
2499 3460 2637 3512 tunc
2668 3457 2979 3529 provinciae
3018 3464 3387 3533 comes'erat,
3408 3461 3785 3516 annumerari

2142 3544 2584 3618 voluisse;quod
2604 3544 2851 3602 inficiari
2889 3545 3240 3611 nolimus,at
3261 3548 3455 3619 quaid
3483 3548 3787 3605 occasione

2141 3633 2358 3693 factum
2384 3633 2557 3689 fuerit
2579 3650 2691 3690 non
2716 3635 2994 3702 referunt,
3018 3652 3123 3692 nec
3149 3641 3312 3693 vacat
3339 3636 3617 3694 divinare.

2336 3738 2665 3795 CCLXXIII.
2689 3741 2772 3795 An
2789 3742 3043 3812 pontifex
3070 3743 3340 3799 Arelatem
3367 3744 3588 3800 adierit.

2210 3828 2374 3883 Haud
2399 3830 2587 3900 magis
2607 3827 2791 3900 liquet
2811 3845 2882 3883 an
2908 3846 3165 3901 unquam
3189 3830 3340 3886 idem
3362 3832 3616 3902 pontifex
3644 3833 3786 3887 Are-

2135 3914 2312 3971 latem
2342 3916 2571 3986 adierit,
2605 3917 2706 3971 ubi
2736 3920 2932 3973 tamen
2960 3933 2995 3972 a
3025 3918 3290 3975 Gibelino
3320 3920 3585 3991 ejusdem
3617 3921 3783 3975 urbis

2135 4004 2591 4077 archiepiscopo,
2611 4005 2710 4077 qui
2745 4012 2867 4061 tum
2895 4005 2954 4061 in
2988 4006 3283 4078 pontificio
3316 4007 3597 4065 comitatu
3628 4014 3775 4074 erat,

2135 4108 2269 4148 cum
2299 4110 2329 4148 e
2356 4092 2535 4148 Gallis
2557 4093 2615 4149 in
2641 4092 2865 4150 Italiam
2886 4094 3120 4162 rediret,
3149 4096 3458 4169 magniﬁco
3489 4102 3777 4168 apparatu

2132 4187 2406 4252 exceptus
2437 4182 2617 4238 fuisse
2646 4182 2878 4238 dicitur.
2917 4183 3032 4240 Hoc
3063 4184 3297 4256 quidem
3330 4184 3595 4241 nonnulli
3638 4202 3775 4242 cum

2133 4270 2303 4326 Saxio
2325 4275 2381 4325 et
2412 4270 2882 4327 Sammarthanis
2902 4272 3186 4338 scribunt,
3208 4273 3320 4329 ‘sed
3358 4291 3470 4329 non
3503 4291 3572 4329 ex
3599 4274 3779 4331 certis

2132 4359 2547 4414 monumentis.
2565 4363 2716 4415 certe
2741 4359 2901 4416 nulla
2920 4361 3157 4417 omnino
3188 4363 3248 4417 in
3279 4362 3408 4433 ejus
3467 4362 3542 4419 rei
3573 4363 3782 4419 conﬁr-

2130 4447 2447 4502 mationem
2473 4449 2681 4503 ferunt.
2703 4448 2945 4504 Constat
2965 4449 3202 4521 quidem
3227 4467 3294 4506 ex
3313 4451 3621 4522 ipsiusmet
3635 4468 3778 4523 pon-

378 4536 506 4607 ejus
528 4535 1020 4607 possessionibus,
1042 4533 1291 4589 firmavit
1310 4532 1527 4605 insigni
1550 4532 1732 4603 bulla,
1748 4534 1807 4589 in
1823 4552 2021 4590 mona-
2057 4555 2098 4620 ι)
2128 4534 2703 4608 tiﬁcisepistolajam
2731 4553 2846 4592 non
2870 4536 3050 4593 semel
3073 4537 3313 4596 laudata
3333 4540 3404 4594 ad
3440 4539 3775 4596 Ricberium

377 4624 554 4681 sterio
568 4624 625 4680 S.
644 4622 853 4696 [Egidii
866 4623 1020 4679 data.
1035 4623 1339 4689 Postridie,
1358 4622 1511 4677 idem
1526 4622 1794 4679 Urbanus
1818 4641 2017 4680 mona-

375 4712 621 4769 sterium
676 4711 1052 4768 Balneolense
1104 4710 1420 4783 apostolico
1478 4711 1800 4785 privilegio,
1863 4713 2017 4784 quod

373 4800 684 4857 Benedicto
714 4800 909 4857 abbati
940 4801 1285 4872 inscriptum
1325 4806 1433 4866 est,
1466 4799 1686 4855 ibidem
1746 4801 2013 4855 munivit.

373 4890 547 4946 Porro
569 4890 725 4946 istud
750 4888 1142 4962 privilegium,
1167 4889 1320 4943 sicut
1349 4893 1406 4943 et
1453 4889 1807 4960 prmcedens,
1833 4881 2013 4944 illust.

371 4978 575 5035 Petrus
598 4980 667 5036 de
680 4978 1034 5035 Marcalibro
1052 4996 1108 5033 1v
1123 4978 1326 5032 Marsae
1358 4976 1682 5047 Hispanica:
1706 4977 1778 5031 ad
1795 4994 2015 5033 annum

371 5068 507 5124 1097
539 5067 759 5124 retulit.
794 5068 905 5124 Sed
962 5073 1110 5123 nota:
1166 5065 1291 5119 alia;
1350 5064 1791 5136 chronologicaa,
1820 5082 2016 5121 rerum

363 5162 661 5230 gestarum
691 5157 871 5212 series
892 5160 949 5211 et
970 5154 1204 5210 locusin
1231 5154 1495 5225 quodata
1520 5160 1773 5218 fuerunt,
1806 5154 2016 5209 invicte

366 5247 618 5318 probant
643 5261 711 5300 ea
766 5244 838 5299 ad
882 5261 1102 5299 annum
1160 5244 1297 5297 1096
1327 5242 1648 5296 revocanda
1698 5259 1845 5306 esse,
1885 5242 2017 5298 licet

370 5333 508 5389 1097
538 5332 1066 5404 praeferunt,juxta
1117 5329 1407 5387 calculum
1448 5328 1747 5395 Pisanum,
1782 5347 1917 5402 quo,
1952 5337 2017 5388 ut

352 5424 481 5494 jam
509 5437 625 5476 non
654 5419 1301 5487 semelobservavimus,
1325 5417 1463 5474 anni
1491 5416 1725 5473 initium
1756 5435 1790 5474 a
1810 5419 2015 5476 Martio

363 5499 721 5581 praecedente
748 5508 1094 5564 desumitur.

432 5595 534 5651 Dic
552 5613 643 5651 xxv
668 5595 1052 5669 Kal.Augusti
1074 5596 1303 5668 insigne
1326 5593 1694 5667 privilegium
1719 5597 2012 5653 concessit

363 5682 642 5757 Galburgi
671 5702 771 5741 seu
796 5683 1502 5757 WalburgiJuvintaccnsi
1528 5683 1751 5739 Sancta:
1776 5685 2012 5742 Schola-

2129 4629 2186 4679 et
2206 4624 2351 4680 alios
2386 4624 2690 4697 episcopos
2727 4624 3078 4695 Gallicanos,
3103 4628 3391 4699 synodum
3424 4644 3551 4683 eam
3586 4627 3643 4682 in
3675 4645 3779 4684 ur-

2128 4714 2261 4769 bem
2302 4714 2373 4768 ab
2431 4730 2498 4768 eo
2530 4712 2808 4768 indictam
2841 4713 3042 4770 fuisse.
3073 4717 3145 4770 At
3174 4715 3333 4770 haud
3362 4715 3560 4771 minus
3590 4714 3779 4788 liquet

2127 4816 2256 4856 eam
2288 4801 2576 4873 synodum
2606 4800 2686 4857 ibi
2716 4818 2831 4857 non
2866 4802 3048 4858 fuisse
3078 4803 3450 4872 celebratam,
3471 4804 3626 4875 quod
3641 4803 3777 4875 qui-

2127 4889 2259 4944 dem
2283 4888 2614 4946 conﬁrmari
2639 4894 2828 4962 potest
2844 4907 2913 4946 ex
2942 4891 3131 4948 Ivonis
3159 4891 3405 4964 epistola
3431 4892 3504 4949 56
3533 4909 3778 4965 κερου-

2128 4978 2318 5033 dentis
2344 4978 2607 5051 Philippo
2630 4979 2751 5051 regi
2773 4980 3151 5051 conquerenti
3172 4982 3454 5038 adversus
3467 4980 3774 5053 Hugonem

2126 5066 2600 5137 Lugdunensem,
2621 5066 2773 5137 quod
2800 5072 2930 5136 post
2952 5066 3067 5122 duo
3090 5066 3199 5122 hoc
3227 5084 3381 5123 anno
3402 5066 3461 5122 in
3485 5065 3775 5123 Galliisab

2128 5154 2252 5225 ipso
2286 5156 2557 5227 pontiﬁce
2591 5154 2787 5208 habita
2820 5155 3089 5225 concilia,
3123 5155 3182 5211 id
3214 5161 3305 5212 est
3349 5156 3684 5211 Turonense
3713 5159 3777 5210 et

2126 5244 2544 5306 Nemausense,
2587 5243 2846 5306 tertium,
2885 5242 3152 5301 videlicet
3182 5249 3316 5318 post
3340 5243 3558 5300 Urbani
3584 5243 3774 5301 disce-

2127 5349 2257 5387 sum
2290 5335 2682 5386 convocasset.
2717 5330 2879 5386 Unde
2929 5333 3240 5405 conjicitur
3290 5334 3581 5407 synodum
3641 5348 3773 5404 quae

2123 5419 2412 5475 Arelatem
2440 5420 2512 5474 ab
2550 5417 2781 5474 Urbano
2812 5428 3127 5478 convocata
3156 5423 3364 5489 fuerat,
3398 5422 3548 5477 hanc
3577 5420 3774 5493 ipsam

2124 5525 2254 5565 esse
2288 5523 2465 5578 quam
2490 5507 2643 5561 idem
2664 5507 2921 5577 pontifex
2937 5509 3215 5566 Nemausi
3237 5509 3566 5567 celebravit.
3602 5509 3770 5566 Haud

2122 5602 2317 5651 tamen
2341 5596 2510 5667 plane
2536 5594 2781 5651 inliciari
2821 5596 3096 5654 nolumus
3124 5597 3423 5655 Urbanum
3455 5597 3771 5664 Arelatem,

2122 5704 2155 5741 a
2183 5702 2296 5757 qua
2323 5686 2465 5741 urbe
2497 5688 2632 5740 tunc
2663 5683 2817 5740 haud
2849 5686 3049 5756 procul
3082 5687 3299 5756 aberat,
3332 5686 3618 5743 invisisse.
