3998 6158
393 335 517 404 iii)

1690 336 1761 404 Β.
1805 338 2106 405 URBANI
2147 335 2203 405 ῙΙ
2246 341 2494 408 ΡΑΡᾸΞ.

3685 333 3807 403 ΞΞΟ

397 479 455 535 et
482 473 789 535 Novariam
815 473 875 534 in
907 474 1121 535 ducatu
1152 472 1589 545 Mediolanensi,
1618 489 1784 550 prope
1814 474 2046 549 Papiam
2071 475 2127 545 Α
2156 494 2495 556 compressa
2523 482 2647 539 erat
2674 475 2982 556 protervis,
2997 474 3436 553 peregrinorum
3472 474 3541 533 ad
3573 474 3805 532 Vatica-

394 567 712 624 solemniter
737 567 1368 640 celebravit,multosque
1389 568 1661 641 episcopos
1686 575 1737 623 et
1761 568 2044 640 principes

398 659 461 713 in
487 673 584 713 suo
611 659 875 713 comitatu
901 656 1111 712 habuit.

471 745 647 802 Paulo
678 749 828 817 post,
873 743 930 799 id
974 747 1064 799 est
1108 760 1206 798 vm
1234 742 1357 799 Kal.
1409 743 1695 809 Octobris,
1744 761 1813 800 ex
1867 744 2044 799 veteri

396 834 659 907 catalogo
689 833 840 905 apud
876 831 1169 887 Mabillon.
1200 833 1404 889 tomoI
1437 833 1620 889 Musei
1652 831 1834 889 Italici
1866 833 2041 897 edito,

395 922 674 980 Arnulfus
722 919 1034 976 Mediolani
1081 922 1328 978 antistes
1372 923 1623 979 excessit
1667 938 1698 978 e
1748 923 1888 989 vita,
1949 923 2041 978 cui

388 1011 707 1068 Anselmus
734 1009 806 1065 de
836 1008 975 1064 Buiz
1004 1010 1361 1066 substitutus
1391 1008 1603 1066 stolam
1644 1027 1747 1066 seu
1799 1008 2042 1084 pallium

393 1096 886 1171 archiepiscopale
903 1114 1002 1171 per
1022 1099 1259 1167 legatum
1276 1100 1490 1155 domini
1507 1116 1662 1172 papae
1676 1100 1785 1156 sibi
1804 1098 2046 1157 delatam

392 1188 594 1257 induit,
627 1192 693 1243 ut
715 1192 916 1244 narrat
944 1187 1264 1245 Laudulfus
1314 1190 1385 1244 de
1431 1194 1640 1245 Sancto
1680 1188 1857 1245 Paulo
1889 1189 2041 1260 apud

392 1276 745 1334 Puricellum
776 1281 833 1333 et
862 1276 1170 1351 Ugheilum
1206 1282 1365 1334 temo
1398 1278 1468 1332 IV
1502 1277 1676 1333 Italiae
1707 1295 1901 1333 sacrae.
1934 1278 2040 1333 Ve-

392 1384 523 1423 reor
548 1370 744 1422 tamen
779 1383 849 1421 ne
873 1366 995 1422 haec
1024 1365 1185 1438 pallii
1219 1383 1318 1439 per
1348 1366 1605 1439 legatum
1636 1365 1849 1422 delatio
1870 1367 1941 1422 ad
1967 1367 2045 1422 al-

390 1461 581 1512 terum
611 1454 975 1521 Anselmum,
1011 1456 1081 1509 de
1106 1471 1223 1527 quo
1249 1456 1508 1511 diximus
1539 1456 1606 1510 ad
1652 1472 1871 1510 annum
1907 1457 2045 1511 1093

391 1545 717 1602 revocanda
741 1544 911 1616 sit,ut
939 1560 1007 1600 ex
1037 1544 1322 1600 Pandulfo
1354 1544 1411 1599 in
1443 1543 1660 1600 Urbani
1686 1543 1818 1598 Vita
1847 1543 1926 1600 ibi
1948 1545 2045 1599 ob-

393 1634 777 1691 servavimus.

481 1721 810 1778 CCLXXIX.
846 1722 1129 1779 Cremona:
1152 1723 1509 1794 privilegium
1536 1722 1627 1778 dat
1657 1723 1712 1777 S.
1748 1723 1956 1778 Basolo.

466 1810 655 1868 Pridie
684 1810 842 1876 ldus,
872 1827 974 1866 seu
1005 1811 1096 1866 die
1136 1812 1196 1866 14
1226 1809 1514 1878 Octobris,
1557 1810 1851 1866 Cremona:
1900 1827 2041 1883 pon-

392 1901 612 1956 tificem
625 1899 985 1972 hospitatum
1011 1900 1191 1956 fuisse
1214 1897 1550 1972 colligimus
1562 1917 1630 1955 ex
1648 1899 1807 1955 bulla
1826 1899 2045 1955 ibidem

393 2004 673 2054 concessa
703 1989 1058 2043 monasterio
1086 1988 1281 2044 Sancti
1303 1988 1493 2045 Basoli
1512 1989 1573 2044 in
1592 2006 1731 2062 agro
1752 1987 2044 2045 Remensi.

391 2076 513 2134 Etsi
529 2076 687 2134 enim
700 2093 923 2133 annum
948 2077 1084 2132 1098
1109 2078 1167 2132 in
1195 2076 1374 2133 veteri
1402 2077 1925 2150 apographo,quod
1955 2076 2047 2133 usi

393 2165 1085 2241 mimus,prasferat,hanc
1116 2171 1311 2223 tamen
1345 2166 1417 2222 ad
1451 2169 1793 2239 praesentem
1825 2182 2046 2222 annum

392 2254 594 2312 referri
621 2254 831 2311 debere
861 2254 1234 2328 persuadent,
1266 2258 1475 2328 preter
1499 2254 1760 2311 locorum
1789 2255 2047 2311 circum-

392 2344 670 2401 stantiam
702 2358 905 2400 omnes
954 2348 1102 2401 notae
1149 2343 1572 2418 chronologicaa
1622 2344 1702 2401 ibi
1743 2345 2045 2417 appositae.

394 2433 458 2490 In
489 2449 578 2501 ea,
604 2431 758 2489 sicut
784 2436 841 2489 et
870 2431 929 2487 in
961 2433 1366 2505 praesenti,pro
1394 2433 1703 2505 Scriptura;
1733 2433 2045 2501 sententia,

392 2521 517 2578 hec
544 2522 722 2577 verba
751 2521 1083 2577 referuntur
1110 2521 1437 2578 intersertis
1465 2522 1762 2587 crucibus,
1794 2524 2045 2592 legimus,

393 2611 701 2681 ﬁrmamus,
730 2613 918 2665 sancte
968 2610 1174 2678 Basole,
1207 2626 1336 2682 quae
1389 2610 1532 2666 forte
1580 2610 1839 2683 pontifex
1881 2610 2050 2666 adbi-

394 2696 590 2754 buerit
636 2697 709 2754 ob
754 2697 1113 2771 singularem
1162 2698 1293 2768 eius
1341 2698 1613 2754 affectum
1663 2698 1722 2755 in
1770 2702 2045 2755 Sanctum

396 2785 695 2851 Basolum,
739 2786 795 2841 in
845 2786 1018 2857 cujus
1063 2786 1405 2843 monasterii
1453 2786 1667 2843 vicinia
1718 2792 1894 2845 natus
1950 2793 2052 2845 aut

399 2879 555 2932 certe
583 2875 867 2931 educatus
897 2875 1105 2931 fuerat.
1136 2876 1218 2931 Ea
1250 2891 1462 2949 nempe
1480 2876 1745 2935 advocati
1768 2878 1898 2949 ejus
1921 2894 2050 2933 mo-

397 2963 639 3021 nasterii
670 2962 983 3020 saeculares
1000 2964 1234 3036 penitus
1259 2965 1754 3039 abrogantur;qui
1786 2965 2047 3038 quidem,

397 3052 446 3111 si
478 3052 749 3110 Urbanus
774 3069 843 3110 ex
870 3052 1384 3110 Castilionensium
1416 3054 1789 3110 dominorum
1830 3054 2054 3110 familia

397 3142 593 3208 fuerit,
624 3142 719 3198 sui
751 3142 940 3215 ipsius
968 3142 1304 3199 consobrini
1327 3147 1512 3199 erant.

526 3230 833 3289 DCLXXX.
865 3232 1052 3287 Latini
1079 3231 1543 3359 episctgtjii‘iirwcis
1570 3232 1633 3287 in
1663 3232 1922 3288 Calabria

1071 3319 1139 3358 su
1175 3320 1199 3358 ,ς
1271 3320 1305 3357 u
1333 3321 1372 3359 ι.

1071 3319 1372 3359 εαυδιιιαιῑ.

469 3392 573 3448 His
602 3390 967 3464 temporibus
999 3395 1229 3448 mortuo
1258 3391 1415 3465 apud
1464 3391 1707 3449 Calabro
1746 3392 2049 3449 Theodoro

397 3479 787 3552 Squillacensi
819 3479 1115 3551 episcopo,
1142 3480 1429 3553 Rogerius
1462 3497 1657 3537 comes
1690 3480 1749 3536 in
1783 3481 2049 3537 animum

398 3568 513 3625 sibi
526 3566 760 3624 in‘duxit
783 3567 891 3622 hac
912 3567 969 3623 in
990 3566 1499 3635 ecclesimomissis
1512 3568 1782 3636 Graecis,e
1798 3585 2050 3641 quorum

395 3661 571 3730 gente
602 3654 847 3711 ultimus
878 3655 993 3710 fuit
1017 3656 1359 3713 Theodorus
1388 3657 1730 3730 episcopum
1754 3657 2050 3724 Latinum,

398 3744 544 3817 quia
589 3741 776 3799 multo
834 3742 1031 3816 plures
1088 3744 1300 3813 Latini,
1361 3744 1584 3801 scilicet
1640 3745 2049 3814 Northmanni,

398 3849 579 3906 quam
608 3832 811 3902 Graeci,
836 3836 966 3888 tum
998 3832 1079 3888 ibi
1111 3832 1478 3909 habitabant,
1510 3834 1838 3891 instituere.
1889 3835 2051 3901 Quod

396 3926 456 3980 et
500 3922 693 3995 reipsa
746 3921 1036 3994 praestitit,
1069 3921 1528 3978 assentientibus
1580 3923 1713 3979 aliis
1761 3923 2053 3996 episcopis

397 4010 640 4076 Latinis,
675 4026 823 4083 quos
853 4027 921 4066 ea
950 4011 1021 4066 de
1051 4028 1230 4067 causa
1257 4028 1288 4067 e
1327 4010 1527 4068 Sicilia
1569 4012 1966 4079 advocaverat,
1998 4016 2056 4068 et

398 4099 773 4173 potissimum
805 4100 1031 4156 Saxone
1050 4117 1153 4156 seu
1176 4100 1430 4157 Sassone
1459 4102 1805 4157 Cassanensi
1829 4102 2052 4173 cpisco-

398 4186 599 4260 po,qui
632 4186 847 4243 Urbani
871 4187 932 4243 in
954 4188 1219 4245 Calabria
1243 4192 1369 4245 erat
1394 4189 1930 4246 vicarius.Joannes
1954 4194 2055 4244 ita-

396 4291 511 4345 que
540 4274 741 4330 statim
776 4290 807 4329 e
836 4276 1055 4331 decano
1079 4276 1354 4331 Militensi
1373 4276 1511 4332 huic
1534 4276 1803 4335 Ecclesiae
1828 4278 2057 4348 praefec-

396 4367 496 4419 tus
516 4367 623 4425 est.
658 4363 744 4417 uti
770 4362 984 4436 legitur
1008 4365 1063 4418 in
1088 4364 1315 4437 Rogerii
1339 4364 1541 4420 charta
1562 4382 1738 4436 quam
1776 4364 2055 4437 Ughellus

398 4456 558 4507 tome
584 4451 655 4507 1X
687 4450 867 4507 Italia:
900 4469 1076 4508 sacris
1108 4469 1242 4526 pag.
1273 4454 1374 4509 591
1400 4453 1741 4510 edidit.Hisc
1761 4454 1962 4509 omnia
1981 4457 2054 4510 ab

398 4538 630 4596 Urbano
660 4540 1007 4596 conﬁrmata
1045 4541 1226 4606 fuere,
1255 4542 1357 4613 qui
1407 4542 1587 4599 etiam
1637 4559 1705 4599 ea
1750 4543 2056 4599 occasione

398 4627 551 4685 hanc
579 4627 900 4686 Ecclesium
933 4629 1207 4685 Romanae
1255 4630 1404 4699 sedi,
1432 4632 1656 4688 omisso
1702 4648 2055 4704 quocunque

399 4716 865 4791 metropolitano,
898 4718 1162 4791 proxime
1209 4719 1480 4789 subjecit,
1513 4722 1596 4776 uti
1644 4737 1714 4777 ex
1758 4720 2055 4781 Paschalis

399 4804 563 4864 bulla
590 4804 806 4863 ibidem
840 4823 971 4881 pag.
1002 4807 1109 4863 597
1140 4807 1325 4863 relata
1354 4807 1739 4882 intelligimus
1781 4826 1919 4866 nam
1949 4808 2055 4866 Ur-

399 4894 538 4951 bani
552 4912 623 4959 ea
642 4895 712 4952 de
742 4911 804 4953 re
827 4895 1088 4969 diploma
1101 4894 1388 4953 amissum
1411 4902 1519 4953 est.

473 5002 797 5060 CCLXXXI.
833 5008 985 5061 Luae
1016 5004 1295 5062 Urbanum
1322 5007 1687 5077 crucesignati
1717 5006 1980 5061 invisum.

473 5094 616 5148 Cum
646 5109 780 5149 vero
810 5092 937 5166 ipse
957 5094 1167 5150 Lucam
1190 5092 1411 5149 Tusciae
1438 5094 1646 5150 urbem
1674 5094 2051 5166 pervenisset,

402 5195 538 5236 eum
564 5179 678 5235 huc
691 5181 882 5237 adiere
895 5181 1182 5237 Robertus
1203 5181 2055 5253 NorthmanniwetStephanus

404 5265 706 5324 Blesarum
738 5270 1108 5342 comites,qui
1136 5287 1239 5343 per
1268 5269 1493 5326 lialiam
1525 5271 1596 5326 ad
1627 5286 1853 5327 sacram
1883 5286 2054 5342 expe-

403 5353 684 5411 ditionem
715 5359 1121 5430 properabant.
1155 5359 1272 5415 Hoc
1311 5358 1497 5416 secuti
1548 5358 1884 5432 complures
1931 5358 2051 5427 alii,

406 5446 473 5499 ut
504 5448 704 5507 narrat
732 5445 1095 5517 Fulcherius,
1128 5447 1231 5519 qui
1261 5452 1319 5503 et
1347 5448 1474 5521 ipse
1503 5463 1572 5503 ex
1602 5447 1722 5504 illis
1767 5452 1912 5515 erat,
1959 5465 2053 5504 ac-

404 5535 569 5603 cepta
599 5533 891 5603 pontificis
922 5535 1557 5604 benedictione,statim
1591 5538 1836 5595 Romam
1859 5554 2052 5611 perre-

402 5626 632 5681 xerunt.
667 5623 736 5677 At
766 5623 1113 5694 Guibcrtini,
1146 5642 1399 5697 quorum
1431 5631 1571 5685 tunc
1614 5628 1875 5686 nondum
1907 5628 2054 5684 bene

2152 588 2289 628 nam
2344 571 2651 629 basilicam
2710 567 3112 633 accedentium
3170 565 3411 624 donaria
3473 564 3803 639 rapiebant,

2151 660 2360 717 occisis
2388 662 2561 718 etiam
2595 658 2898 717 nonnullis
2929 674 3077 731 quos
3108 657 3340 713 Urbano
3366 654 3806 713 sciebantaddi-

2152 756 2277 807 ctos
2306 767 2454 807 esse.
2484 751 2699 807 Verum
2747 748 2833 804 illi
2878 746 3194 805 latrunculi
3243 749 3378 818 post
3423 743 3717 817 pontificis
3744 744 3804 798 in

2152 837 2363 894 Urbem
2398 838 2710 895 adventum
2734 836 2892 893 brevi
2920 835 3100 910 fugati
3125 834 3514 906 dissipatique
3543 831 3802 888 fuerunt.

2399 926 2759 983 CCLXXXII.
2795 927 3011 982 Urbano
3040 924 3222 980 obviat
3249 922 3555 979 Mathildis.

2222 1016 2423 1072 Eidem
2445 1032 2477 1073 e
2498 1015 2687 1073 Gallia
2701 1014 2966 1071 redeunti
2989 1014 3217 1069 obviam
3235 1011 3412 1068 ivisse
3440 1009 3803 1066 comitissam

2153 1105 2491 1162 Matbildem
2524 1105 2693 1162 testis
2722 1108 2811 1160 est
2839 1102 3137 1168 Domnizo,
3172 1101 3274 1174 qui
3304 1101 3435 1169 ejus
3463 1098 3714 1156 reditum
3745 1098 3806 1153 in

2152 1194 2382 1250 Italiam
2412 1199 2469 1251 et
2499 1194 2558 1251 in
2600 1194 2811 1249 Urbem
2853 1193 3171 1248 adventum
3223 1189 3491 1247 barbaris
3541 1186 3809 1244 versibus

2153 1283 2455 1354 expressit.
2508 1280 2782 1355 Sigonius
2834 1278 2981 1335 libro
3031 1295 3088 1334 ix
3138 1277 3218 1333 De
3268 1293 3445 1349 regno
3492 1274 3691 1339 Italia,
3727 1274 3811 1329 ait

2154 1370 2453 1425 Urbanum
2475 1386 2508 1423 a
2528 1367 2809 1424 Mathilde
2837 1366 3180 1438 ceterisque
3200 1365 3259 1420 in
3283 1361 3630 1420 Lombardia
3651 1378 3811 1418 sum-

2154 1458 2270 1514 mis
2300 1457 2623 1513 honoribus
2652 1455 2947 1512 excultum
2984 1454 3230 1509 Romam
3253 1453 3569 1509 adiissc.At
3595 1450 3813 1507 Bertol-

2153 1547 2268 1602 dus
2306 1547 2436 1619 ejus
2486 1546 2545 1601 in
2592 1546 2798 1601 urbem
2847 1544 3101 1600 reditum
3157 1540 3459 1614 triumpho
3489 1543 3809 1612 comparat,

2154 1651 2376 1691 annum
2417 1634 2549 1689 1097
2578 1649 2684 1705 pro
2709 1648 2871 1687 more
2902 1647 3008 1688 suo
3057 1649 3092 1687 a
3133 1630 3440 1687 Natalibus
3479 1628 3693 1686 Christi
3720 1628 3811 1683 in-

2153 1724 2373 1780 choans
2403 1722 2497 1779 his
2524 1721 2718 1778 verbis
2750 1739 2764 1777 :
2799 1721 3060 1776 Dominus
3084 1736 3234 1791 papa
3253 1718 3476 1774 tandem
3502 1717 3574 1773 ad
3603 1720 3813 1788 aposto-

2154 1814 2320 1868 licam
2346 1811 2528 1868 sedem
2554 1828 2676 1865 cum
2708 1825 2915 1881 magna
2964 1809 3148 1877 glnria
3175 1812 3229 1864 et
3255 1807 3499 1879 tripudio
3544 1821 3810 1871 reversus,

2153 1903 2507 1958 Nativitatem
2562 1900 2781 1954 Domini
2829 1899 3013 1954 Bonus
3073 1913 3200 1952 cum
3259 1898 3399 1952 suis.
3437 1893 3815 1951 cardinalibus

2154 1991 2543 2061 gloriosissime
2588 1988 2913 2050 celebravit;
2962 1988 3166 2059 quippe
3214 1989 3327 2041 tota
3386 1987 3633 2042 Romana
3679 1984 3817 2038 urbe

2154 2095 2291 2153 pene
2311 2079 2422 2135 sibi
2447 2079 2760 2150 subjugata,
2788 2081 2996 2149 praeter
3022 2077 3226 2131 turrim
3264 2075 3584 2141 Crescentii,
3616 2076 3682 2130 in
3705 2089 3817 2144 qua

2155 2168 2331 2225 adhuc
2350 2167 2645 2223 latitabant
2666 2164 3350 2221 Guibertini.Guibertum
3375 2162 3570 2235 ipsum
3595 2177 3628 2217 a
3649 2161 3818 2236 plebe

2157 2257 2392 2331 pulsum
2426 2256 2608 2312 fuisse
2637 2255 2795 2311 canit
2816 2253 3293 2325 Domnizo,cujus
3323 2268 3392 2307 ea
3421 2252 3493 2307 de
3524 2266 3584 2306 re
3603 2265 3814 2307 versus

2157 2345 2374 2401 videsis
2402 2344 2461 2400 in
2494 2342 2850 2417 Appendice.
2883 2340 3223 2398 Mathildem
3243 2357 3403 2407 vero,
3426 2339 3581 2413 quod
3612 2342 3815 2395 tamen

2158 2450 2273 2490 non
2304 2432 2482 2489 habet
2502 2430 2600 2488 ille
2621 2431 3094 2497 auctor,Romam
3115 2445 3304 2502 usque
3316 2429 3613 2485 Urbanum
3633 2427 3819 2484 comi-

2156 2527 2339 2580 tatam
2372 2522 2555 2578 t‘uisse
2584 2537 2653 2576 ex
2682 2520 2995 2593 ipsiusmet
3024 2518 3317 2592 pontificis
3333 2517 3581 2591 epistola
3602 2517 3675 2573 ad
3698 2517 3818 2573 Hn-

2156 2627 2370 2685 gonem
2401 2610 2856 2683 Lugdunensem
2885 2612 3019 2682 post
3048 2606 3283 2679 aliquod
3316 2611 3553 2680 tempus
3573 2606 3815 2677 scripta,

2157 2699 2350 2773 colligi
2382 2702 2595 2772 potest,
2623 2697 2684 2753 in
2716 2713 2833 2770 qua
2861 2713 3070 2769 nempe
3117 2696 3241 2752 hac
3292 2695 3570 2769 leguntur
3596 2712 3611 2751 :
3642 2696 3820 2767 Usque

2156 2790 2228 2845 ad
2272 2790 2467 2847 Urbem
2510 2804 2636 2844 cum
2662 2788 2942 2844 comitissa
2972 2787 3035 2842 Μ.
3066 2786 3290 2858 paciﬁce
3318 2787 3587 2851 venimus,
3621 2784 3822 2840 Urbem

2158 2879 2539 2935 honestissime
2565 2893 2690 2932 cum
2706 2875 3129 2948 praecedentium
3147 2876 3445 2947 stipatione
3490 2874 3830 2945 frequentis-

2157 2970 2302 3023 sima
2352 2968 2724 3023 inti-vivimus.
2758 2966 2828 3020 Et
2876 2964 3115 3038 quidem
3171 2962 3514 3019 Fulcberius
3570 2966 3829 3018 testatur

2157 3056 2495 3130 pontificem
2526 3054 2795 3126 ejusdem
2817 3052 3131 3110 comitissaz
3162 3050 3378 3108 auxilio
3402 3050 3824 3122 Urbem,quam

2159 3146 2352 3203 adhuc
2383 3142 2708 3201 Guibertini
2738 3143 3037 3209 tenebant,
3064 3146 3628 3213 temperasse,quam
3650 3138 3823 3210 Sigo-

2158 3235 2313 3301 nius,
2342 3232 2469 3289 loco
2497 3233 2617 3304 iam
2649 3231 2906 3299 laudato,
2946 3247 2980 3285 a
3008 3230 3288 3287 Guibsrto
3315 3232 3680 3300 occupatam,
3714 3227 3823 3282 sed

2157 3325 2230 3381 ab
2261 3322 2497 3380 Urbano
2521 3321 2568 3377 II
2597 3322 2994 3393 expugnatam
3022 3319 3206 3375 fuisse
3231 3317 3425 3383 refert,
3450 3316 3825 3389 pseudoperi-

2158 3412 2313 3469 tifice
2341 3411 2403 3467 in
2433 3425 2626 3466 arcem
2678 3408 2984 3482 compulso
3033 3407 3250 3464 auxilio
3294 3421 3518 3473 eorum,
3552 3420 3703 3477 quos
3745 3406 3822 3462 ad

2159 3516 2387 3558 sacram
2432 3498 2858 3572 expeditionem
2907 3497 3171 3569 pontifex
3215 3495 3594 3551 animav‘e'rat.
3658 3494 3821 3549 Idem

2158 3590 2381 3645 habent
2410 3586 2599 3644 caeteri
2628 3589 2899 3642 auctores
2927 3601 3062 3641 cum
3087 3582 3521 3655 Fulcberio,qui
3544 3582 3823 3638 observat

2163 3679 2447 3737 Urbanum
2474 3692 2536 3732 eo
2564 3675 2692 3749 ipso
2722 3690 2890 3743 anno,
2929 3689 3036 3747 quo
3087 3675 3292 3729 Franci
3338 3672 3661 3729 Jerusalem
3686 3672 3828 3725 ituri

2157 3784 2257 3842 per
2302 3769 2528 3823 Romam
2573 3765 2939 3831 transierunt,
2986 3766 3154 3820 totam
3204 3764 3428 3819 omnino
3472 3760 3828 3832 apostolicam

2156 3863 2482 3931 potestatem
2505 3854 2757 3924 adeptum
2783 3869 2914 3909 esse.
2945 3852 3200 3907 Tantum
3231 3851 3385 3907 enim
3419 3848 3603 3906 fuisse
3623 3863 3828 3904 nume-

2162 3962 2295 4001 rum
2327 3943 2661 4016 principum
2710 3946 2768 3997 et
2819 3940 3080 3997 militum
3131 3940 3231 4013 qui
3283 3939 3529 3995 Romam
3570 3952 3829 3995 couinno

2163 4032 2437 4090 adierunt
2460 4034 2714 4086 testatur
2736 4030 3028 4086 Robertus
3059 4028 3208 4084 libro
3239 4044 3281 4084 η
3306 4026 3571 4084 Historia
3592 4026 3829 4084 Jeroso-

2162 4121 2483 4194 lymitane,
2503 4123 2571 4174 ut
2592 4135 2662 4174 ex
2692 4118 2786 4174 bis
2811 4117 2983 4174 multi
3013 4122 3177 4173 extra
3205 4117 3412 4172 urbem
3443 4129 3580 4171 cum
3610 4115 3828 4171 domus

2164 4226 2277 4265 non
2309 4206 2923 4274 sufficerent,tentoria
2950 4207 3130 4280 figere
3158 4206 3340 4261 coacti
3374 4204 3617 4260 fuerint:
3657 4203 3826 4260 Certe

2164 4298 2484 4355 Robertum
2516 4295 2957 4351 Northmannize
2986 4295 3195 4351 ducem
3227 4300 3283 4350 et
3314 4295 3575 4351 Odonem
3600 4291 3829 4367 episco-

2165 4403 2306 4460 pum
2338 4384 2802 4457 Bajocassimum
2836 4385 3031 4440 Romae
3048 4400 3182 4440 cum
3203 4384 3434 4440 Urbano
3462 4380 3822 4453 colloquium

2163 4479 2303 4532 tunc
2332 4475 2612 4531 habuisse
2639 4474 2807 4530 testis
2834 4477 2927 4529 est
2946 4473 3119 4528 etiam
3145 4472 3269 4544 ipse
3284 4470 3593 4528 Ordericus
3612 4468 3825 4524 Vitalis

2087 4581 2133 4647 ι)
2163 4564 2313 4621 libro
2362 4581 2420 4630 x,
2453 4579 2603 4636 quos
2650 4564 2769 4635 ejus
2811 4566 3068 4635 percepta
3116 4561 3486 4617 benedictione
3522 4561 3585 4615 in
3622 4559 3826 4647 Apulia

2162 4655 2426 4709 hiemasse
2455 4651 2676 4709 scribit.
2709 4655 2788 4708 De
2818 4650 2912 4707 bis
2946 4649 3198 4723 aliisque
3245 4647 3570 4722 peregrinis
3616 4646 3824 4703 eadem

2163 4742 2407 4800 omnino
2434 4743 2694 4823 _narrant
2741 4738 2840 4795 alii
2897 4755 3127 4811 quoque
3179 4742 3470 4807 auctores,
3504 4751 3652 4808 quos
3689 4738 3830 4807 post

2163 4830 2399 4887 visitata
2457 4830 2729 4885 Romanis
2783 4828 2950 4884 urbis
2999 4827 3128 4884 loca
3182 4844 3350 4883 sacra
3395 4823 3823 4882 monasterium

2165 4920 2343 4976 etiam
2370 4918 2690 4975 Casinense
2722 4917 2938 4973 adiisse
2967 4916 3172 4973 scribit
3202 4917 3407 4973 Petrus
3436 4914 3729 4971 Diaconus
3756 4912 3822 4967 in

2163 5008 2447 5065 Chronico
2477 5006 2776 5064 Casinensi
2806 5005 2956 5062 libro
2984 5022 3061 5073 IV,
3095 5021 3224 5078 cap.
3268 5023 3330 5073 ιι,
3382 5008 3448 5059 ut
3493 5018 3558 5059 se
3593 5012 3824 5073 suaque

2163 5101 2367 5153 sancto
2399 5096 2551 5153 Patri
2569 5095 3157 5166 Bsnedicto,ejusque
3186 5093 3610 5149 monachorum
3633 5089 3825 5162 preci-

2162 5186 2276 5242 bus
2306 5183 2802 5241 commendarent.

2384 5271 2757 5329 CGLXXXIII.
2788 5271 3013 5328 Henrici
3036 5272 3380 5329 miserabilis
3406 5276 3598 5327 status.

2235 5362 2399 5417 Haud
2418 5360 2607 5433 magis
2623 5375 2902 5432 prospera
2931 5366 3099 5417 erant
3114 5361 3172 5417 in
3197 5359 3363 5416 Italia
3386 5357 3616 5416 Henrici
3636 5372 3823 5430 quam

2162 5450 2291 5521 ejus
2321 5447 2839 5522 pseudopontiﬁcis
2869 5451 3122 5523 negotia,
3157 5449 3259 5522 qui
3288 5445 3528 5520 quidem
3578 5446 3826 5502 absente

2162 5538 2393 5595 Urbano
2423 5537 2711 5610 Nogeram
2738 5537 3068 5607 obsederat,
3119 5537 3223 5594 sed
3270 5537 3512 5603 frustra,
3544 5538 3610 5590 ut
3643 5533 3829 5591 habet

2163 5627 2461 5695 Domnizo,
2491 5626 2589 5700 qui
2620 5625 2772 5684 hanc
2815 5627 3178 5685 obsidionem
3213 5624 3510 5682 describit.
3545 5622 3826 5680 Mathildis
