4000 6176
6 3084 9 3273 l

160 352 291 426 194

1786 360 1843 426 ν

1957 394 1993 424 ι.
3472 362 3593 432 ΞΞΞ

171 512 313 554 vero
340 508 493 570 quae,
518 495 698 555 verba
718 502 862 557 sunt
888 494 1163 567 Bertoldi,
1214 512 1357 573 pene
1400 496 1518 558 sola
1571 513 1696 557 cum
1721 498 1836 556 suis
1864 504 1919 575 Α
1948 495 2297 555 CCLXXXV.
2346 498 2645 557 Daimberti
2692 502 2931 587 episcopi
2964 501 3289 563 Senonensis
3317 504 3592 564 ordinatio

175 594 364 644 conm
394 589 701 646 Henﬁcum
728 598 783 646 et
808 589 1231 647 hmresiarcham
1256 588 1575 647 Guibertum
1609 588 1833 662 compli-

173 692 366 749 mque
394 693 593 743 eorum
608 679 731 750 jam
759 681 1039 752 septennia
1049 686 1397 753 pugnaverat
1412 698 1436 745 ;
1453 680 1691 736 tandem
1723 680 1831 737 hoc

174 782 332 822 anno
360 765 807 839 imperatorem,
838 767 1039 841 procul
1069 768 1249 827 dubio
1282 773 1371 825 tot
1414 773 1835 842 tantorumque

172 853 627 927 hominum,qui
646 855 859 913 Urbani
874 857 1108 914 hortatu
1138 858 1208 913 ad
1224 874 1419 915 sacras
1438 858 1834 931 expeditiones

176 943 603 1016 properabant,
623 944 877 1001 adventu
896 945 955 1001 in
973 945 1197 1003 Italiam
1219 948 1579 1015 exterritum,
1604 963 1840 1021 recupe-

176 1030 323 1087 ratis
352 1031 489 1088 suis
520 1032 714 1099 bonis,
758 1034 991 1106 penitus
1037 1051 1068 1090 e
1093 1035 1470 1108 Longobardia
1503 1038 1758 1108 fugavit;
1787 1040 1837 1092 et

174 1121 271 1178 ille
295 1138 439 1177 eum
480 1124 678 1194 paucis
726 1124 1081 1180 Ratisbonam
1108 1128 1328 1182 veniens
1355 1129 1524 1182 totam
1552 1126 1633 1181 ibi
1658 1127 1838 1197 exegit

169 1214 454 1279 atatem,
479 1216 535 1268 et
564 1214 714 1268 circa
750 1215 991 1269 castrum
1046 1215 1379 1285 Nuremberg
1432 1217 1568 1271 satis
1619 1216 1838 1287 private

168 1304 429 1355 moratus
453 1301 685 1357 tandem
714 1303 998 1358 Nemetum
1014 1305 1290 1375 migravit,
1321 1304 1519 1360 ibidem
1562 1305 1693 1360 satis
1716 1306 1836 1377 pri-

174 1393 295 1444 vate
320 1388 435 1445 diu
462 1395 735 1447 moratur.

214 1521 609 1579 CCLXXXIV.
654 1524 903 1581 Urbanus
930 1525 1224 1582 concilium
1254 1527 1515 1583 Laterani
1534 1528 1788 1583 celebrat.

241 1656 403 1712 Cum
435 1656 641 1729 itaque
670 1657 942 1714 Urbanus
984 1660 1179 1715 Romae.
1226 1660 1580 1733 praevaleret,
1618 1660 1742 1732 ubi,
1777 1666 1842 1715 ut

176 1747 301 1820 ipse
334 1745 555 1803 scribit
590 1747 666 1803 ad
724 1747 1026 1821 Hugonem
1080 1750 1553 1823 Lugdunensem,
1602 1751 1837 1819 honeste,

178 1843 289 1892 tate
316 1838 378 1890 et
407 1836 681 1893 alacriter
704 1837 1063 1901 versabatur,
1086 1839 1276 1895 visum
1308 1844 1399 1895 est
1427 1840 1499 1907 ei,
1533 1842 1605 1895 ad
1630 1839 1838 1895 Urbem

179 1923 287 1981 sibi
320 1924 849 1998 magismagieque
865 1927 1411 1998 asserendum,ejus
1438 1931 1642 1984 civeset
1661 1931 1840 1997 regio-

178 2030 268 2069 nes
294 2029 499 2070 omnes
525 2016 887 2070 sacramentis
914 2032 1022 2072 suo
1046 2016 1239 2074 officio
1268 2018 1629 2087 adstringere.
1678 2019 1843 2074 Certe

174 2103 293 2173 jam
331 2103 575 2175 abipso
605 2104 743 2160 anni
800 2105 938 2159 1097
994 2103 1163 2161 initio
1211 2106 1586 2163 Lateranensi
1627 2106 1843 2179 palatio

178 2192 547 2265 potiebatur,
572 2196 639 2248 ut
665 2197 824 2266 patet
853 2210 921 2249 ex
948 2195 1078 2265 ejus
1103 2193 1265 2250 bulla
1286 2196 1356 2251 ad
1390 2199 1690 2269 Hugonem
1713 2194 1842 2250 Clu-

176 2280 529 2337 niacensem
556 2281 827 2339 abbatem
857 2282 984 2340 data
1026 2285 1285 2339 Laterani
1311 2300 1348 2341 v
1396 2283 1519 2340 ldus
1562 2286 1841 2351 Januarii,

176 2369 496 2425 indictione
522 2386 576 2435 v,
608 2369 671 2424 in
700 2385 818 2441 qua
832 2369 1135 2445 privilegia
1146 2375 1206 2427 et
1227 2371 1631 2443 possessiones
1648 2388 1849 2429 mona-

176 2457 345 2513 sterii
374 2456 788 2515 Cluniacensis
818 2474 885 2513 ac
913 2457 1175 2515 locorum
1208 2460 1259 2514 ei
1291 2458 1662 2516 subditorum
1706 2476 1845 2515 con-

178 2546 449 2601 ﬁrmavit
466 2546 591 2618 :qui
605 2551 807 2619 utpote
820 2547 1314 2621 vigilantissimus
1326 2549 1584 2621 pontifex
1603 2566 1845 2606 suarum

181 2650 387 2691 rerum
421 2634 872 2708 prosperitatem
904 2636 976 2692 ad
1009 2636 1277 2694 Ecclesiae
1307 2639 1681 2694 commodum
1700 2639 1846 2694 refe-

186 2739 353 2790 rens,
381 2722 702 2781 concilium
733 2724 932 2781 statim
964 2725 1319 2795 convocavit,
1344 2727 1545 2799 procul
1574 2726 1754 2783 dubio
1786 2732 1849 2783 ut

189 2829 259 2870 ea
286 2829 426 2886 quae
458 2812 525 2868 in
550 2812 868 2871 Gallicanis
897 2815 1139 2887 synodis
1157 2815 1477 2871 constituta
1504 2816 1753 2880 fuerant,
1785 2816 1845 2871 in

190 2900 429 2958 Italiam
461 2916 694 2973 quoque
709 2908 1076 2976 propagaret.
1112 2904 1274 2960 Istud
1306 2904 1564 2974 generale
1591 2903 1850 2978 appellat

193 2988 638 3063 Sigoniuslibro
668 3007 724 3047 ιι
737 2990 817 3046 De
845 3006 1022 3064 regno
1038 2991 1232 3061 Italiae,
1253 2993 1490 3049 cuiOtto
1514 2992 1846 3065 Frisingen-

193 3078 275 3135 sis
305 3083 369 3135 et
396 3077 499 3134 alii
531 3082 797 3137 auctores
848 3081 1238 3138 consentiunt.
1299 3083 1430 3156 Ipse
1484 3082 1741 3155 pontifex
1786 3081 1847 3138 in

193 3166 449 3241 epistola
471 3183 606 3224 mox
634 3167 987 3226 laudata-ad
1045 3170 1348 3244 Hugonem
1395 3172 1848 3245 Lugdunensem

1871 1881 1919 1946 B

2671 572 2868 631 dilata.

2011 669 2241 726 Mortuo
2271 674 2466 727 autem
2498 671 2607 728 sub
2641 671 2817 729 tinem
2830 672 3166 732 Decembris
3187 678 3586 748 praecedentis,

1941 758 2143 829 utjam
2175 759 2631 829 observavimus,
2657 760 2926 819 Richerio
2947 764 3270 822 Senonensi
3299 766 3587 841 archiepi-

1942 862 2137 920 scopo,
2189 848 2563 905 Daimhertus
2612 848 2672 904 in
2729 851 2856 921 ejus
2903 850 3095 908 locum
3146 855 3434 913 substitue
3464 863 3590 925 est;

1941 936 2043 994 sed
2074 953 2210 993 cum
2240 936 2356 1005 ille,
2375 937 2465 994 sui
2487 938 2812 995 decessoris
2832 941 3078 1015 vestigia
3097 948 3356 1010 secutus,
3378 946 3597 1018 prima-

1942 1025 2029 1081 tui
2059 1026 2467 1099 Lugdunensis
2484 1026 2748 1083 Ecclesite
2766 1028 2976 1100 subjici
2994 1030 3190 1099 nollet,
3214 1032 3380 1106 Hugo
3398 1035 3594 1092 archi-

1943 1115 2256 1186 episcopus
2285 1115 2616 1172 intercessit
2644 1133 2714 1172 ne
2735 1117 2807 1173 ab
2833 1117 3594 1193 episcOpiscomprovincia-
3618 1136 3623 1139 ‘

1943 1203 2102 1261 libus
2133 1204 2524 1260 ordinaretur.
2556 1206 2680 1270 Qua
2710 1207 3013 1263 occasione
3057 1212 3153 1265 Ivo
3208 1211 3591 1283 Carnotenus,

1946 1293 2110 1364 quia
2164 1294 2516 1361 Daimberto,
2576 1299 2642 1350 ut
2688 1312 2821 1353 eum
2879 1303 3265 1367 consecraret,
3315 1300 3597 1358 invitatus

1947 1382 2157 1449 fuerat,
2183 1382 2484 1439 Urbanum
2515 1384 2653 1456 quid
2690 1386 2839 1441 facto
2887 1402 3035 1457 opus
3066 1392 3242 1456 esset,
3299 1391 3599 1449 consuluit

1948 1470 2193 1543 epistola
2226 1473 2347 1527 165.
2380 1472 2442 1527 In
2471 1488 2539 1528 ea
2566 1477 2806 1530 excusat
2825 1491 2888 1531 se
2923 1478 3016 1531 Ivo
3046 1478 3197 1548 apud
3233 1479 3598 1550 pontificem,

1950 1561 2101 1634 qu'od
2118 1564 2247 1632 post
2260 1577 2437 1618 suum
2464 1563 2536 1618 ab
2552 1562 2682 1633 ejus
2693 1563 2973 1621 comitatu
2989 1565 3313 1624 discessum
3334 1570 3595 1627 nondum

1948 1649 2212 1707 licuisset
2239 1651 2309 1706 ad
2324 1667 2459 1707 eum
2474 1652 2789 1720 redire,aut
2805 1652 3009 1710 saltem
3027 1670 3129 1726 per
3148 1658 3386 1715 nuntios
3401 1658 3599 1732 ipsum

1950 1739 2226 1807 salutare;
2257 1746 2386 1795 tum
2417 1742 2467 1796 ei
2518 1743 2892 1799 commendat
2935 1743 3321 1803 Parisiensem
3372 1747 3598 1823 episco-

1954 1845 2091 1900 pum
2126 1828 2368 1884 Romam
2404 1830 2749 1903 profectum,
2799 1832 2892 1888 cui
2924 1833 3109 1890 abbas
3158 1835 3597 1905 Latiniacensis,

1952 1918 2063 1974 sub
2092 1918 2287 1990 specie
2314 1919 2443 1976 novi
2468 1919 2749 1994 privilegii
2771 1938 2806 1977 a
2835 1923 3107 1995 pontifice
3128 1924 3442 1998 impetrati,
3466 1928 3601 1984 obe-

1952 2007 2232 2063 dientiam
2263 2008 2608 2080 denegabat.
2642 2010 2808 2066 Certe
2834 2028 2955 2084 prie
2986 2014 3261 2070 manibus
3314 2014 3602 2075 habemus

1953 2095 2318 2170 privilegium
2351 2096 2497 2153 illud
2530 2098 2952 2171 Latiniacense,
2985 2102 3161 2174 quod,
3192 2121 3327 2160 cum
3356 2106 3418 2161 in
3456 2123 3600 2179 apo-

1951 2184 2174 2257 grapho
2203 2184 2423 2241 nullam
2456 2186 2671 2243 habeat
2698 2188 3032 2245 chronicam
3055 2194 3275 2259 notam,
3308 2193 3423 2250 huc
3439 2210 3601 2251 revo-

1952 2274 2072 2330 cari
2103 2291 2275 2346 posse
2305 2291 2373 2329 ex
2404 2275 2512 2330 hac
2547 2276 2736 2331 Ivonis
2766 2277 3014 2349 epistola
3049 2295 3381 2352 censemus,
3427 2286 3601 2354 atque

1954 2364 2097 2419 adeo
2129 2363 2185 2418 in
2214 2363 2546 2436 Appendice
2558 2381 2591 2419 a
2611 2364 2780 2421 nobis
2792 2365 3207 2424 exhibendum.
3221 2369 3397 2426 Porro
3410 2370 3601 2428 lvonis

1954 2450 2261 2525 epistolam
2310 2452 2478 2509 initio
2507 2452 2689 2526 hujus
2746 2454 2883 2510 anni
2925 2456 3202 2529 scriptam
3254 2457 3437 2515 fuisse
3465 2458 3603 2516 inde

1955 2539 2287 2611 colligimus
2300 2540 2454 2612 quod
2469 2542 2729 2598 nondum
2750 2546 2892 2599 tunc
2904 2545 3138 2616 quando
3159 2544 3321 2601 illam
3344 2547 3599 2620 scripsit,

1954 2628 2222 2685 audierat
2240 2630 2381 2703 quid
2394 2629 2625 2687 Urbano
2642 2631 2887 2687 Romam
2906 2632 3249 2706 ingredienti
3272 2634 3599 2706 accidisset,

1955 2722 2023 2795 ut
2051 2718 2178 2790 ipse
2206 2722 2462 2775 testatur
2487 2718 2580 2777 his
2610 2720 2803 2777 verbis
2833 2738 2846 2777 :
2884 2726 2962 2778 De
2986 2739 3118 2794 pace
3152 2727 3361 2782 sanctae
3408 2726 3602 2782 Roma-

1954 2823 2042 2863 mre
2083 2808 2342 2866 Ecclesiae
2389 2815 2441 2865 et
2486 2817 2659 2865 vestra
2710 2812 3069 2883 prosperitate
3095 2814 3181 2869 det
3236 2814 3394 2870 nobis
3420 2815 3603 2870 Domi-

1956 2913 2064 2952 nus
2091 2896 2289 2953 audire
2318 2898 2459 2969 quod
2486 2903 2756 2971 optamus.

1956 3000 2332 3060 CCLXXXVI.
2395 3003 2663 3061 Gerardus
2718 3007 2881 3134 aptis“?
2929 3006 3261 3065 Morinorum
3289 3009 3467 3065 sedem
3511 3008 3605 3066 di-

2690 3092 2770 3133 mi
2868 3119 2880 3133 .
3573 3103 3576 3107 ν

2690 3092 2880 3134 mimi.
3573 3103 3576 3107 ν

2029 3162 2193 3220 Circa
2220 3164 2423 3219 eadem
2454 3168 2720 3236 tempora
2767 3181 2903 3220 cum
2938 3166 3299 3224 Morinorum
3347 3169 3602 3227 Ecclesia

194 3255 345 3313 hanc
373 3254 571 3328 ipsam
601 3256 870 3328 synodum
898 3244 1841 3317 ιαιρναηὶεοιεηιηίιενίεειερναωηι
1874 3244 1917 3312 C
1954 3250 2130 3307 variis
2160 3251 2349 3307 turbis
2379 3249 2717 3325 agitaretur,
2750 3254 2909 3325 quod
2942 3255 3237 3311 Gerardus
3270 3257 3398 3328 ejus
3444 3259 3604 3316 sedis

196 3345 379 3401 fuisse
404 3348 672 3401 testatur.
706 3346 883 3403 Porro
897 3348 1009 3404 etsi
1042 3347 1237 3404 nullas
1267 3349 1535 3421 praeferat
1547 3348 1846 3406 chronolo-

192 3435 303 3508 εἰῶ
332 3437 507 3491 notas
526 3433 647 3490 haec
674 3434 941 3507 epistola,
976 3435 1165 3508 ipsam
1214 3441 1411 3494 tamen
1472 3438 1653 3510 hujus
1707 3436 1847 3493 anni

190 3522 362 3579 initio
392 3522 857 3597 consignandam
873 3539 1002 3581 esse
1014 3541 1083 3580 ex
1106 3542 1172 3582 eo
1206 3525 1844 3600 facilecolligiturquod

191 3610 251 3667 in
278 3627 353 3667 ea
383 3609 605 3667 mentio
635 3609 741 3665 ﬁat
772 3610 1087 3668 Daimherti
1118 3629 1319 3669 recens
1349 3612 1514 3669 electi
1547 3613 1607 3669 in
1656 3612 1845 3668 archi-

193 3700 543 3773 episcopum
574 3699 994 3767 Senonensem,
1014 3716 1188 3772 quem
1202 3700 1313 3758 hoc
1343 3719 1496 3758 anno
1518 3702 1845 3758 intrantein

192 3787 455 3847 Ricberii
484 3787 681 3845 locum
720 3788 1108 3845 substitutum
1157 3790 1340 3847 fuisse
1387 3793 1638 3847 constat.
1686 3790 1845 3846 Idem

190 3878 597 3952 probatcausa
608 3876 1037 3934 Lemovicensis
1048 3876 1213 3935 electi
1244 3878 1323 3933 ibi
1348 3883 1693 3948 memorata;
1710 3896 1846 3935 nam

190 3967 374 4040 paulo
388 3970 522 4044 post
534 3965 884 4023 Guillelmus
899 3967 1212 4039 episcopus
1223 3966 1529 4023 ordinatus
1556 3972 1664 4023 est.
1684 3968 1867 4024 Certe-

188 4053 452 4129 insignis
481 4058 573 4111 est
599 4053 866 4127 epistola,
900 4058 1101 4127 utpote
1146 4072 1274 4127 quae
1320 4054 1509 4110 multa
1539 4060 1598 4112 et
1652 4057 1849 4130 gravia

188 4145 497 4201 variarum
527 4142 727 4200 Gallia:
758 4142 1135 4201 ecclesiarum
1157 4144 1388 4217 negotia
1416 4142 1845 4216 complectitur,

188 4238 253 4292 et
276 4232 500 4289 Urbani
530 4231 589 4288 in
636 4233 941 4288 servandis
998 4231 1266 4289 Ecclesiae
1323 4232 1545 4305 regulis
1585 4233 1847 4289 studium

190 4322 425 4397 probat.
460 4321 587 4377 Haec
616 4320 757 4378 olim
788 4320 1025 4377 dabitur
1051 4338 1120 4379 ex
1151 4337 1261 4377 ms.
1296 4320 1611 4378 Baluziano
1631 4322 1850 4378 descri-

190 4415 315 4485 pta.
344 4410 523 4467 Porro
552 4411 661 4467 etsi
692 4427 763 4467 ex
792 4410 966 4469 dictis
996 4414 1221 4467 certum
1251 4410 1520 4466 videatur
1550 4410 1849 4467 Urbanum

188 4500 356 4557 haud
371 4497 557 4555 multo
586 4503 906 4572 postsuum
937 4499 998 4554 in
1028 4500 1229 4557 urbem
1263 4499 1514 4555 reditum
1536 4499 1849 4556 concilium

192 4588 365 4646 istud
394 4587 552 4660 apud
583 4588 934 4645 Lateranum
958 4587 1305 4655 celebrasse,
1338 4587 1433 4643 vix
1462 4593 1657 4643 tamen
1681 4587 1849 4661 quid-

190 4693 383 4751 quam
411 4693 481 4733 ex
508 4677 638 4749 ejus
652 4676 815 4735 Actis
845 4676 1205 4734 autdecretis
1227 4693 1537 4750 superesse
1553 4677 1853 4733 fatendum

188 4770 307 4834 est,
340 4765 497 4839 quod
529 4764 678 4823 forte
710 4765 857 4822 nihil
888 4766 1017 4825 novi
1048 4765 1128 4822 ibi
1168 4766 1462 4823 sancitum
1495 4765 1689 4822 fuerit.
1722 4767 1847 4821 Huc

190 4854 393 4914 solum
406 4855 657 4912 revocari
672 4870 845 4928 posse
856 4855 1185 4926 censemus(
1193 4854 1415 4911 nullam
1444 4854 1659 4927 quippe
1671 4854 1846 4911 aliam

190 4944 470 5002 Urbanus
528 4944 818 5016 synodum
865 4943 1135 5001 Laterani
1195 4944 1421 5017 habuit)
1450 4943 1847 5017 fragmentum

190 5030 461 5107 epistola:
484 5032 563 5089 ad
576 5030 965 5091 Gothfredum
995 5032 1466 5104 Magalonensem
1484 5033 1847 5105 episcopum,

189 5123 256 5179 in
288 5138 410 5194 quo
430 5121 691 5194 pontifex
719 5121 949 5190 statuit,
983 5123 1156 5193 juxta
1200 5122 1355 5194 quod
1388 5123 1449 5177 in
1495 5123 1854 5179 Lateranensi

189 5211 432 5270 contritio
456 5212 919 5283 promulgaverat,
953 5228 1070 5284 qua
1099 5212 1324 5266 ratione
1361 5210 1683 5267 dividendae
1733 5211 1852 5267 sint

189 5301 577 5371 eleemcsynie
607 5305 973 5358 mortuorum
1007 5299 1181 5375 quiin
1215 5300 1589 5356 monasteriis
1619 5299 1849 5372 sepeliri

190 5389 692 5447 desideraverant.
726 5388 877 5446 Illud
910 5392 1220 5455 statutum,
1253 5387 1408 5461 quod
1438 5388 1499 5444 in
1548 5388 1851 5446 nonnullis

188 5475 633 5550 exemplaribus
653 5484 788 5550 post
815 5494 1099 5536 canonem
1118 5479 1187 5533 12
1199 5479 1419 5547 Questa,
1451 5479 1606 5550 apud
1630 5477 1852 5535 Gratia-

191 5584 339 5627 num
375 5566 463 5631 13,
495 5582 552 5639 q.
584 5571 621 5623 2
650 5566 920 5637 habetur,
952 5567 1105 5625 inter
1152 5564 1297 5622 alias
1326 5566 1542 5622 Urbani
1575 5565 1850 5638 epistolas

194 5676 367 5720 num.
401 5655 509 5711 240
537 5657 886 5727 proferetur.

1954 3339 2265 3413 episcopus
2296 3340 2352 3395 in
2386 3339 2634 3395 concilio
2663 3340 3070 3409 Nemausensi,
3103 3346 3170 3398 ut
3216 3343 3496 3411 diximus,
3528 3347 3602 3402 ab

1954 3428 2145 3485 ofﬁcio
2168 3445 2497 3502 suspensus
2536 3427 2763 3495 fuisset,
2812 3430 3157 3488 Lambertus
3204 3433 3604 3492 Atrebatensis

1956 3516 2221 3587 antistes,
2255 3517 2347 3572 cui
2400 3518 2702 3575 Manasses
2751 3517 3239 3593 metropolitanus
3286 3521 3604 3581 Remorum

1955 3606 2087 3677 ejus
2114 3604 2372 3663 ecclesia:
2418 3623 2618 3686 curam
2680 3608 3211 3677 commendaverat,
3260 3610 3319 3666 in
3366 3612 3606 3671 Gerardi

1954 3695 2201 3769 gratiam
2237 3696 2470 3753 Urbano
2500 3696 2756 3769 scripsit.
2800 3697 2952 3762 Quid
3001 3700 3369 3773 responderit
3414 3703 3606 3776 ponti-

1954 3786 2047 3840 fex
2100 3784 2461 3858 ignoramus.
2520 3787 2594 3841 At
2641 3784 2935 3843 Gerardus
2990 3791 3077 3843 tot
3132 3790 3280 3846 forte
3310 3806 3603 3848 morarum

1956 3877 2260 3946 pertaesus,
2281 3878 2339 3930 et
2368 3874 2545 3947 quod,
2571 3891 2834 3931 accusare
2859 3891 2932 3943 se,
2955 3880 3021 3931 ut
3048 3876 3225 3933 habet
3242 3884 3446 3936 auctor
3461 3880 3606 3937 Vitis

1954 3962 2202 4018 Joannis
2231 3963 2361 4034 ejus
2384 3963 2761 4033 successoris,
2796 3963 3005 4020 saltem
3023 3981 3093 4021 ex
3124 3967 3285 4022 omni
3315 3972 3479 4039 parte
3496 3985 3608 4026 non.

1950 4054 2151 4123 posset,
2185 4050 2521 4123 episcopatu
2578 4044 2771 4118 cessit,
2824 4056 2889 4107 ut
2940 4053 3115 4109 refert
3159 4053 3255 4110 ille
3303 4059 3506 4112 auctor
3550 4061 3608 4113 et

1957 4144 2088 4211 post
2116 4154 2250 4194 eum
2270 4137 2664 4203 Malbrancus,
2681 4139 2928 4211 atquein
2945 4142 3367 4198 monasterium
3391 4144 3605 4201 Montis

1955 4228 2149 4283 Sancti
2182 4226 2348 4299 Eligii
2382 4243 2559 4300 prope
2588 4228 2893 4284 Atrebatas
2923 4245 2984 4284 se
3015 4231 3251 4305 recepit,
3296 4232 3418 4298 ubi,
3466 4235 3604 4291 sub-

1959 4317 2165 4374 stituto
2190 4316 2237 4372 ei
2273 4315 2446 4390 paulo
2478 4320 2697 4390 postea,
2732 4317 2819 4372 uti
2852 4317 3005 4374 infra
3032 4320 3320 4389 dicemus,
3359 4322 3603 4390 Joanne,

1960 4404 2251 4479 reliquum
2285 4405 2411 4461 vitae
2444 4423 2562 4461 suae
2592 4408 2654 4462 in
2681 4423 2813 4478 pace
2842 4406 2980 4481 egit,
3014 4408 3304 4466 Lamberti
3341 4428 3409 4467 ea
3446 4412 3517 4468 de
3547 4428 3609 4470 rc

1958 4494 2265 4567 epistolam
2299 4494 2606 4551 deﬁciente
2652 4495 2870 4551 Urbani
2920 4512 3202 4569 responso
3246 4499 3516 4557 exhibere
3545 4501 3605 4557 in

1884 4609 1931 4674 υ
1960 4583 2297 4674 Appendice
2325 4583 2517 4674 visum
2534 4586 2643 4639 est.
2668 4583 2865 4640 Eidem
2880 4585 3134 4642 Gerardo
3152 4592 3321 4645 antea
3336 4588 3606 4646 Urbanus

1964 4671 2345 4743 rescripserat
2373 4671 2655 4728 adversus
2682 4687 2974 4729 canonum
3007 4680 3456 4750 contemptores,
3504 4679 3606 4734 sed

1957 4759 2148 4819 solum
2179 4763 2447 4832 superest
2471 4760 2601 4832 ejus
2624 4760 2880 4833 epistola
2895 4760 3287 4837 fragmentum
3309 4766 3463 4839 apud
3486 4766 3609 4824 Ivo-

1955 4865 2113 4907 nem.

1958 4954 2357 5013 CCLXXXVII.
2417 4956 2725 5034 Pontiﬁcis-
2748 4958 2971 5029 affectas
2996 4958 3076 5034 _i_n
3117 4960 3428 5027 monachos,
3475 4977 3606 5034 quos

2469 5026 2541 5081 ad
2558 5026 2864 5098 dignitates
2892 5027 3085 5084 evehit.

2034 5124 2222 5195 Hujus
2251 5126 2389 5179 anni
2402 5122 2591 5194 initio,
2606 5128 2873 5180 autcerte
2886 5125 2995 5180 sub
3012 5124 3388 5198 praecedentis
3402 5124 3603 5199 finem,

1959 5231 2095 5269 nam
2131 5214 2270 5267 1096
2299 5212 2528 5284 praefert
2556 5211 2878 5268 Chronicon
2909 5214 3158 5268 Cavense
3183 5229 3293 5268 ms.
3325 5214 3606 5273 ecclesiam

1960 5303 2152 5359 Sancti
2180 5301 2349 5356 Pauli
2374 5300 2523 5357 dedit
2569 5301 2818 5359 Urbanus
2866 5318 3013 5373 papa
3046 5305 3206 5358 Petro
3254 5302 3441 5359 abbati
3466 5304 3604 5361 San-

1958 5395 2057 5448 ciae
2088 5391 2369 5447 Trinitatis
2410 5389 2477 5446 de
2507 5390 2668 5446 Cava.
2726 5389 2891 5446 Haud
2951 5389 3219 5460 dubium,
3261 5396 3328 5448 ut
3374 5391 3435 5448 in
3481 5398 3602 5451 tam

1959 5478 2167 5536 celebri
2201 5478 2328 5535 loco
2376 5477 2703 5551 regularem
2762 5477 3134 5551 disciplinam
3184 5480 3462 5550 ﬁrmaret,
3505 5488 3607 5539 aut

1959 5569 2105 5625 forte
2164 5567 2536 5641 aliquantum
2569 5572 2975 5640 tepescentem'
3021 5573 3395 5627 restauraret.
3447 5570 3603 5628 Nihil

1959 5657 2115 5713 enim
2147 5657 2449 5714 omittebat
2462 5655 2773 5729 religiosus
2790 5657 3143 5730 pontifex,ut'
3158 5659 3215 5715 in
3235 5659 3602 5716 monasteriis
