3998 6158
1643 332 1713 397 Β.
1761 330 2055 397 URBANI
2099 330 2155 398 II
2197 332 2450 399 ΡᾹΡΑΞ.

3634 324 3757 398 224

337 465 1079 546 potissimumBenediotini
1092 468 1317 528 ordinis
1328 466 1541 544 regulae
1561 467 1886 527 observatio
1898 484 1986 525 ae-

2107 470 2250 530 bano
2280 470 2408 545 ipso
2440 471 2497 527 in
2521 466 2746 529 Italiam
2778 470 3075 541 reductus;
3102 468 3199 528 ille
3226 485 3361 527 vero
3385 468 3486 543 qui
3519 466 3592 525 ab
3615 468 3762 525 Ead-

338 563 540 619 curata
564 564 913 633 servaretur,
933 558 1087 636 quod
1102 557 1351 635 probant
1380 558 1550 616 varie
1571 556 1700 630 ejus
1719 554 1911 629 bullae,
1929 557 1987 615 in

337 652 632 726 quibuseo
653 650 1239 724 potissimumanimo
1264 666 1326 705 se
1358 646 1663 722 privilegia
1696 650 1985 704 monaste-

338 739 1045 813 riisindulgeredrolarat.
1066 737 1434 804 utmonachi,
1461 735 1885 794 aswcularibus
1900 754 1987 792 rc-

336 828 885 895 busetcurisliberi,
913 827 1316 883 ferventiusad
1331 825 1591 883 cmlestia
1620 826 1984 882 anhelarent.

270 938 275 941 ‘
337 919 567 980 Sciebat
605 916 819 990 quippe
832 915 1122 988 ejusmodi
1140 915 1268 972 loca
1281 932 1468 980 sacra,
1488 914 1988 971 cumamonachis

336 1007 572 1064 boniset
583 1006 698 1079 piis
728 1005 1153 1073 inhabitantur,
1188 1004 1504 1061 esseveluti
1518 1003 1835 1060 seminaria
1865 1019 1989 1058 ma-

336 1112 585 1171 gnorum
599 1095 877 1164 virorum,
910 1094 1007 1166 qui
1028 1092 1294 1150 Ecclesiae
1328 1091 1847 1168 laborantiauxilio
1861 1107 1988 1147 esse

335 1189 593 1259 possent.
628 1185 697 1240 Et
710 1183 948 1257 quidem
965 1183 1020 1237 id
1039 1182 1289 1237 maxime
1317 1180 1653 1238 attendebat
1667 1184 1749 1247 ut,
1775 1180 1823 1236 si
1844 1180 1988 1235 forte

335 1273 547 1331 alicubi
560 1269 1066 1343 lateretejusmodi
1081 1269 1296 1341 aliquis
1312 1268 1800 1335 monachus,eum
1815 1269 1992 1324 adEc-

335 1361 855 1436 clesiaadignitates
871 1361 1250 1433 promoveret.
1284 1358 1417 1414 Jam
1446 1356 1764 1414 nonnullos
1796 1373 1865 1412 ex
1893 1356 1987 1412 his

332 1450 727 1518 laudavimus,
745 1450 841 1505 sed
882 1449 995 1505 duo
1026 1447 1195 1503 nobis
1225 1447 1513 1520 praecipue
1543 1450 1861 1502 occurrunt
1890 1445 1987 1501 hic

335 1540 697 1599 memorandi
722 1557 735 1595 :
760 1538 1030 1594 Albertus
1052 1553 1263 1609 nempe
1287 1537 1410 1608 qui,
1426 1539 1489 1591 ut
1511 1534 1790 1609 Ughellus
1814 1536 1989 1590 refert

336 1636 495 1687 tomo
525 1629 626 1685 VII
657 1627 831 1684 Italiae
866 1643 1065 1697 sacrm,
1098 1626 1207 1682 hoc
1224 1642 1377 1682 anno
1394 1641 1462 1681 ex
1484 1624 1767 1681 monacho
1789 1623 1985 1679 Sancti

335 1718 533 1779 Savini
563 1718 635 1774 de
663 1715 957 1773 Placentia
971 1714 1274 1788 presbyter
1303 1712 1635 1779 cardinalis,
1661 1729 1727 1768 ac
1750 1712 1986 1768 tandem

333 1805 811 1881 archiepiscopus
834 1803 1179 1909 Sipontinae
1220 1804 1410 1859 tactus
1434 1806 1542 1900 est,
1568 1802 1712 1857 alter
1736 1801 1844 1909 fpit
1857 1817 1985 1855 san-
2020 1844 2068 1909 Β

336 1900 466 1955 ctus
496 1894 851 1959 Bernardus,
884 1910 952 1949 ex
984 1891 1332 1947 Ubertorum
1365 1890 1588 1946 familia
1619 1888 1831 1946 nobilis
1863 1889 1989 1945 Flo-

336 1985 623 2055 rentinus,
655 1999 830 2056 quem
864 1979 1046 2037 semel
1101 1984 1158 2036 et
1190 1979 1403 2036 iterum
1454 1979 1723 2035 Urbanus
1773 1979 1989 2033 frustra

336 2090 463 2131 com
473 2073 782 2142 monitum,
798 2070 1033 2126 tandem
1059 2069 1340 2125 adhibitis
1355 2085 1459 2125 oen
1468 2085 1533 2124 su
1544 2068 1625 2123 ris
1636 2066 1989 2124 ecclesiasti-

336 2164 441 2233 cis,
474 2167 541 2220 ut
568 2161 626 2217 in
685 2162 816 2233 ejus
855 2159 991 2214 Vita
1043 2158 1278 2231 legitur,
1311 2158 1384 2214 ad
1441 2173 1503 2214 se
1532 2156 1726 2214 venire
1779 2156 1990 2228 coegit,

337 2268 591 2325 eumque
620 2251 731 2307 hoc
760 2249 937 2306 etiam
992 2247 1119 2320 ipso
1180 2264 1334 2303 anno
1383 2246 1787 2319 presbyterum
1836 2244 1991 2302 tituli

336 2340 522 2401 sancti
553 2337 910 2413 Chrysogoni
944 2334 1302 2393 cardinalem
1333 2335 1567 2391 creavit.
1614 2332 1815 2390 Multis
1858 2334 1990 2390 fun-

335 2434 469 2487 ctus
524 2426 942 2503 legationibus,
1002 2443 1137 2482 cum
1170 2426 1389 2485 Parma
1440 2424 1753 2497 episcopus
1801 2422 1990 2480 factus

336 2519 566 2584 fuisset,
599 2515 904 2575 miraculis
930 2518 990 2570 et
1019 2513 1330 2570 sanctitate
1352 2511 1601 2568 illustris
1631 2528 1700 2567 ex
1737 2511 1846 2567 hac
1877 2510 1993 2567 vita

337 2606 608 2681 migravit
640 2607 751 2663 sub
777 2602 1073 2663 Paschalis
1104 2602 1150 2657 II
1185 2600 1547 2675 pontificatu.
1577 2601 1678 2657 His
1720 2601 1838 2656 duo
1892 2599 1992 2656 alii

338 2694 580 2767 adjungi
615 2698 884 2767 possunt;
918 2690 1072 2760 Milo,
1125 2706 1193 2747 ex
1236 2690 1523 2746 monacho
1568 2689 1765 2746 Sancti
1796 2688 1990 2745 Albini

336 2782 791 2856 Andegavensis,
823 2781 893 2837 de
922 2796 1041 2853 quo
1064 2781 1190 2851 jam
1223 2778 1503 2847 diximus,
1534 2779 1633 2851 qui
1661 2779 1816 2835 circa
1835 2778 1992 2836 hunc

336 2888 562 2928 annum
590 2871 662 2926 ab
694 2867 936 2943 Ughello
957 2867 1478 2923 diciturBernardo
1496 2866 1849 2923 Praenestino
1868 2867 1991 2938 epi-

339 2976 515 3035 scopo
545 2957 901 3015 substitutus
951 2956 1131 3013 fuisse
1178 2959 1382 3012 contra
1427 2955 1730 3029 Hugonem
1778 2954 1991 3011 Album

341 3044 943 3122 pseudocardinalem,
965 3045 1256 3114 famosum
1271 3043 1801 3112 schismaticum,et
1814 3044 1991 3099 Joan-

339 3153 444 3197 nes
475 3134 852 3202 Marticanus,
886 3150 1060 3206 quem
1086 3133 1161 3189 ab
1182 3132 1414 3189 Urbano
1444 3131 1844 3189 Tusculanum
1869 3131 1988 3206 epi-

2100 575 2259 618 mero
2290 558 2584 630 laudatur,
2616 576 2796 618 causa
2823 556 2997 618 studii
3016 556 3328 617 litterarum
3356 555 3417 615 in
3448 556 3758 616 Franciam

2097 651 2325 707 venisse
2355 650 2589 719 dicitur,
2622 662 2691 706 ac
2722 650 2881 707 fama
2935 648 3197 707 Anselmi
3248 651 3552 722 permotus
3590 645 3758 704 Becci

2100 739 2483 795 monasticam
2516 739 2693 795 vitam
2755 740 3107 812 suscepisse,
3163 739 3320 795 unde
3376 741 3512 810 post
3536 734 3763 809 aliquot

2099 845 2284 885 annos
2315 829 2387 884 ab
2418 828 2650 885 Urbano
2681 827 3002 884 accersitus
3031 829 3240 897 fuerat,
3277 830 3340 881 ul
3368 842 3503 882 eum
3553 841 3757 880 mona-

2099 917 2273 974 sterio
2302 916 2568 973 Telesino
2596 917 2932 989 praeficeret.
2968 915 3153 984 Certe,
3190 932 3255 971 ex
3284 914 3381 970 his
3413 918 3572 987 patet
3608 911 3760 968 nihil

2099 1006 2371 1062 omisisse
2403 1006 2704 1062 Urbanum
2736 1011 2801 1062 ut
2827 1006 2981 1062 viros
3004 1004 3308 1079 religiosos
3330 1005 3403 1059 ad
3427 1020 3489 1060 se
3512 1019 3581 1058 ex
3596 1000 3760 1057 omni

2097 1100 2260 1168 parte
2287 1099 2627 1163 accerseret,
2659 1112 2912 1168 quorum
2943 1110 3116 1168 Opera
3148 1094 3206 1150 in
3249 1091 3618 1148 difﬁcillimis
3649 1108 3752 1147 ne-

2096 1184 2271 1257 gotiis
2305 1188 2582 1254 uteretur,
2617 1201 2734 1256 qua
2756 1185 2827 1239 de
2858 1200 2938 1247 re,
2958 1187 3021 1238 ut
3042 1185 3169 1256 jam
3203 1178 3757 1247 observavimus,ad

2097 1273 2293 1346 ipsum
2320 1273 2663 1330 Anselmum
2692 1278 2817 1329 tum
2848 1272 3013 1330 Becci
3035 1271 3304 1327 abbatem
3330 1268 3663 1341 scripserat,
3692 1273 3760 1323 ut

2098 1362 2145 1417 si
2179 1360 2435 1435 aliquem
2467 1362 2848 1435 ejusmodiin
2881 1379 2991 1418 sua
3010 1359 3462 1434 congregatione
3493 1356 3755 1424 haberet,

2096 1468 2230 1509 eum
2263 1456 2361 1507 aut
2393 1451 2708 1508 adduceret
2738 1468 2960 1520 secum,
2995 1456 3096 1506 aut
3126 1456 3301 1514 certe,
3327 1448 3374 1502 si
3412 1448 3537 1520 ipse
3560 1446 3757 1502 venire

2098 1557 2209 1595 non
2244 1545 2461 1612 posset,
2486 1540 2557 1595 ad
2591 1557 2652 1596 se
2684 1539 2961 1596 mitteret.
2996 1539 3152 1595 Idem
3208 1532 3466 1609 pontifex
3512 1533 3761 1607 epistola

2100 1631 2167 1685 48
2195 1630 2483 1686 Joannem
2517 1629 2856 1702 quemdam,
2883 1646 2952 1684 ex
2981 1627 3190 1683 clerico
3208 1626 3470 1681 Romano
3499 1622 3757 1680 ecclesiae

2098 1717 2624 1795 monachumBecci
2643 1717 2750 1773 fact
2765 1734 2862 1773 um
2882 1716 3106 1790 repetit.
3124 1713 3383 1787 Denique
3432 1712 3758 1771 Eadmerus

2099 1808 2159 1863 in
2191 1807 2324 1863 Vita
2353 1806 2539 1864 sancti
2572 1806 2831 1863 Anselmi
2867 1805 3073 1862 laudat
3091 1805 3324 1861 Petrum
3340 1800 3521 1858 alium
3552 1818 3758 1857 mona-

2104 1896 2281 1952 chum
2311 1895 2775 1963 Cluniacensem,
2806 1909 3028 1965 magna:
3048 1893 3396 1949 auctoritatis
3411 1890 3623 1959 virum,
3656 1891 3760 1963 qui

2101 1984 2315 2043 Urbani
2350 2002 2417 2040 ac
2448 1989 2649 2058 postea
2676 1982 2974 2039 Paschalis
3005 1982 3351 2055 pontiﬁcum
3396 1979 3759 2035 camerarius

2101 2073 2308 2130 fuerat.
2342 2073 2508 2130 Hunc
2539 2071 2826 2141 nonnulli,
2858 2071 2960 2128 sed
3016 2069 3331 2140 immerito,
3378 2068 3761 2141 suspicantur

2098 2162 2285 2219 fuisse
2315 2166 2553 2218 Petrum
2586 2160 2895 2225 celebrem,
2925 2165 3129 2234 postea
3156 2160 3429 2216 abbatem
3466 2154 3757 2223 Cluniaci,

2099 2250 2504 2308 Venerabilem
2537 2251 2782 2306 dictum.
2818 2250 2872 2306 Is
2902 2264 3112 2322 nempe
3144 2265 3298 2304 anno
3345 2247 3482 2303 1092
3506 2248 3632 2318 jam
3665 2261 3758 2302 se-

2100 2341 2273 2398 dente
2305 2339 2538 2399 Urbano
2573 2344 2746 2395 natus
2778 2342 2887 2394 est.

2351 2428 2772 2485 CCLXXXVIII.
2811 2427 3118 2484 Concilium
3148 2426 3501 2483 Santonense.

2173 2516 2461 2574 Interhzee
2486 2519 2730 2574 Amatus
2748 2514 3189 2591 Burdigalensis
3210 2516 3687 2587 archiepiscopus
3698 2515 3760 2569 et

2099 2607 2329 2679 legatus
2349 2605 2508 2663 sedis
2534 2604 2872 2679 apostolicae
2902 2622 2958 2661 γι
2988 2604 3183 2661 Nonas
3214 2604 3409 2660 Martii
3439 2602 3755 2659 concilium

2104 2696 2260 2770 apud
2291 2696 2581 2753 Santonas
2611 2693 2946 2762 celebravit,
2980 2711 3015 2751 a
3064 2693 3293 2750 Labbeo
3345 2696 3403 2749 et
3432 2691 3565 2749 aliis
3601 2706 3757 2747 anno

2101 2785 2450 2859 praecedenti
2484 2784 2914 2858 consignatum,
2946 2784 3102 2856 quod
3134 2781 3328 2856 reipsa
3377 2776 3757 2841 indictionem

2102 2891 2159 2931 ιν
2182 2878 2240 2931 et
2266 2890 2491 2929 annum
2524 2874 2664 2929 1096
2685 2873 2743 2928 in
2773 2872 2975 2929 charta
3007 2870 3446 2939 Vindocinensi;
3472 2870 3628 2927 unde
3650 2867 3757 2924 ba-

2102 2963 2293 3030 betur,
2348 2962 2619 3020 exhibeat
2674 2962 2827 3034 (Vid.
2885 2961 3079 3018 Anecd.
3114 2961 3263 3017 Thes.
3297 2966 3339 3016 t.
3372 2960 3462 3027 IV,
3496 2974 3554 3033 p.
3605 2959 3756 3031 423).

2099 3054 2192 3119 At,
2226 3056 2291 3108 ut
2320 3056 2384 3107 ut
2413 3050 2587 3107 fuerit
2613 3051 2686 3107 de
2716 3049 3053 3119 indictione,
3085 3066 3214 3123 quas
3233 3048 3622 3105 biomendosa
3641 3050 3753 3114 est,

2102 3142 2153 3198 si
2185 3139 2387 3197 nullus
2415 3140 2651 3196 errorin
2681 3151 2902 3196 annum
2920 3138 3239 3212 irrepserit,
3262 3137 3641 3211 repetendum
3662 3140 3756 3192 est

338 3242 582 3301 scopum
615 3228 875 3280 creatum
908 3222 1091 3279 fuisse
1120 3220 1609 3294 Ughellustradit.
1633 3221 1689 3277 Is
1709 3220 1991 3293 forteipse
2021 3211 2065 3279 C
2102 3231 2162 3286 in
2194 3246 2262 3287 ea
2289 3229 2512 3297 charta,
2546 3229 2700 3285 sicut
2729 3229 2954 3301 passim
2985 3211 3107 3284 ﬁeri
3140 3224 3305 3295 solet,
3335 3228 3466 3298 ejus
3515 3224 3753 3282 initium

340 3318 429 3374 est
456 3315 712 3371 Joannes
725 3310 1252 3383 monachus,quem
1266 3310 1433 3382 Hugo
1460 3308 1916 3367 Flaviniacensis
1931 3310 1988 3364 in

341 3403 626 3461 Chronico
654 3403 957 3457 memorat.
1003 3398 1106 3455 Hic
1134 3402 1354 3466 tamen,
1403 3398 1452 3454 si
1484 3398 1710 3456 sincera
1755 3398 1833 3455 sit
1861 3399 1991 3471 ejus

340 3490 595 3549 auctoris
626 3488 905 3557 narratio,
919 3487 1221 3561 aliquanto
1231 3492 1365 3560 post
1380 3488 1536 3544 hunc
1566 3488 1992 3545 annumfactus

341 3585 431 3637 est
459 3578 789 3653 episcopus,
808 3593 943 3633 nam
954 3577 1031 3632 ab
1062 3575 1313 3646 Urbano,
1329 3593 1507 3635 cume
1528 3576 1732 3633 Galliis
1746 3577 1992 3633 Romam

341 3667 573 3735 rediret,
605 3682 805 3723 secum
820 3665 1110 3722 adductus
1126 3663 1363 3733 dicitur,
1385 3670 1444 3721 et
1460 3664 1720 3737 primum
1734 3666 1990 3732 abbatia,

339 3760 468 3813 tum
498 3755 833 3829 episcopatu
867 3753 1139 3813 donatus.
1173 3755 1257 3809 En
1286 3754 1417 3827 ipsa
1461 3754 1725 3828 Hugonis
1779 3754 1991 3811 verba:

340 3845 495 3901 Anno
524 3844 926 3901 Incarnationis
962 3844 1267 3900 Dominicae
1295 3843 1456 3912 118i,
1504 3845 1737 3901 Joannes
1791 3844 1989 3900 Tuscu-

344 3935 506 3991 lanus
542 3935 823 4006 episcopus
854 3950 887 3988 a
910 3949 1060 4008 papa
1088 3934 1148 3988 in
1201 3932 1460 4004 Angliam
1507 3933 1709 3988 missus
1755 3934 1833 3988 est
1875 3949 1999 4005 pro-

335 4034 460 4098 pter
480 4040 701 4083 censum
730 4023 786 4081 S.
820 4024 989 4079 Petri.
1024 4023 1123 4080 Hic
1168 4024 1464 4078 canonicus
1507 4021 1694 4078 Sancti
1745 4023 1998 4092 Quintilii

341 4111 740 4169 Bellovacensis
791 4110 1062 4182 regularis
1111 4111 1453 4183 professione
1522 4110 1749 4178 violata,
1807 4109 1999 4167 habitu

342 4200 597 4271 deposito,
631 4197 702 4256 ad
719 4200 987 4256 saeculum
998 4198 1161 4256 rediit
1179 4215 1201 4262 ;
1228 4203 1416 4256 etcum
1442 4200 1835 4271 improperium
1852 4202 2000 4272 ferre

344 4289 613 4360 nequiret,
644 4289 801 4343 Becci
828 4287 1125 4343 monachus
1180 4290 1378 4360 factm,
1425 4304 1552 4343 cum
1598 4297 1734 4346 esset
1775 4290 2001 4345 natione

345 4377 640 4444 Romanus,
666 4391 813 4447 papa
855 4375 1070 4433 Urbane
1124 4374 1194 4432 ad
1226 4375 1431 4432 Gallias
1462 4378 1707 4433 veniente
1752 4378 2001 4448 familia-

345 4467 566 4522 ritatem
586 4464 701 4535 ejus
730 4464 955 4537 adeptus
984 4467 1081 4529 est,
1142 4464 1471 4536 Romamque
1517 4464 1790 4534 reductus,
1833 4470 1885 4522 et
1908 4465 1999 4523 de-

2102 3317 2431 3376 aPascbali
2489 3318 2819 3375 festivitate.
2863 3319 3024 3373 Certe
3081 3333 3299 3373 annum
3350 3316 3488 3371 i097
3537 3314 3757 3370 diserte

2102 3406 2335 3481 praefert
2365 3406 2823 3464 instrumentum
2854 3404 3020 3462 Silva
3043 3404 3379 3478 Majoris,in
3411 3420 3478 3459 eo
3507 3400 3754 3460 concilio

2102 3498 2345 3563 factum,
2402 3513 2507 3570 pro
2569 3494 2934 3552 restitutione
2996 3502 3162 3552 terrm
3215 3493 3283 3550 de
3337 3494 3532 3550 Docria
3590 3499 3644 3547 et
3688 3489 3756 3546 de

2104 3585 2258 3641 Tosco
2287 3601 2465 3658 quam
2498 3581 2817 3640 Achelmus
2845 3584 3110 3657 ejusdem
3166 3582 3275 3639 loci
3307 3582 3489 3638 abbas
3539 3580 3758 3636 ibidem

2104 3672 2457 3746 impetravit.
2516 3671 2642 3728 Non
2701 3670 2975 3729 dissentit
3031 3668 3299 3727 Chronici
3357 3663 3759 3725 Malleacensis

2107 3766 2333 3829 auctor,
2364 3759 2484 3834 qui,
2522 3758 2658 3817 licet
2684 3760 2757 3817 ad
2788 3759 3169 3816 annum4096
3184 3756 3335 3813 hanc
3364 3756 3657 3831 synodum
3675 3768 3763 3809 re-

2105 3854 2292 3916 vocat,
2326 3864 2458 3906 eam
2510 3854 2707 3906 tamen
2739 3847 2972 3905 nonnisi
3032 3848 3143 3905 sub
3170 3847 3350 3902 ﬁnem
3398 3845 3579 3917 hujus
3618 3841 3759 3899 anni

2105 3939 2278 4010 locat,
2308 3942 2443 4011 post
2500 3939 2791 3995 recensita
2845 3937 3069 3994 scilicet
3100 3935 3288 3993 multa
3340 3933 3460 3990 alia
3502 3948 3632 4006 qua
3662 3946 3766 4005 per

2107 4031 2297 4084 totum
2331 4027 2461 4100 ejus
2490 4027 2802 4083 decursum
2838 4025 3225 4099 contigerant.
3258 4024 3383 4080 Uno
3410 4021 3607 4088 verbo,
3635 4036 3763 4078 om-

2110 4115 2247 4173 nino
2280 4119 2506 4172 certum
2537 4120 2627 4171 est
2656 4114 2808 4172 hanc
2832 4115 3122 4188 synodum
3150 4128 3354 4169 mense
3384 4109 3593 4168 Martio
3621 4106 3765 4165 anni

2111 4204 2249 4260 1096
2279 4203 2630 4261 celebratam
2663 4221 2780 4260 non
2839 4204 3042 4260 fuisse.
3095 4203 3260 4259 Tunc
3308 4200 3465 4257 enim
3491 4200 3760 4263 Amatus,

2111 4292 2213 4366 qui
2241 4292 2293 4349 ei
2324 4292 2657 4365 praefuissse
2683 4293 2917 4359 dicitur,
2950 4291 3104 4364 apud
3136 4291 3426 4346 Santonas
3468 4303 3600 4343 esse
3646 4301 3762 4341 non

2109 4380 2318 4455 potuit,
2353 4384 2551 4454 utpote
2569 4380 2673 4454 qui
2701 4398 2767 4438 eo
2788 4385 3053 4453 tempore
3066 4381 3124 4435 in
3158 4376 3453 4453 pontiﬁcis
3482 4373 3766 4432 comitatu

2109 4469 2428 4545 aegrotabat
2449 4470 2607 4542 apud
2655 4471 2940 4537 Turonos,
2994 4468 3090 4524 ubi
3152 4466 3466 4523 concilium
3525 4463 3597 4519 ab
3637 4461 3767 4535 ipso

344 4554 531 4627 functo
553 4554 821 4608 Lauicano
851 4554 1119 4643 episcopo,
1149 4570 1274 4609 cum
1280 4554 1402 4625 jam
1430 4554 1497 4609 de
1526 4554 1745 4612 abbutia
1763 4556 2001 4627 quadam
2033 4577 2080 4643 ι)
2111 4558 2343 4615 Urbano
2393 4557 2816 4626 celebrabatur,
2847 4562 2912 4613 ut
2934 4557 3131 4613 videre
3159 4562 3249 4613 est
3276 4555 3335 4610 in
3358 4555 3758 4611 instrumento

346 4650 667 4699 muneratus
712 4645 868 4711 esset,
908 4641 974 4698 de
1032 4641 1219 4700 abbale
1250 4644 1311 4697 in
1364 4644 1676 4717 episcopum
1719 4653 1999 4716 promotus
2033 4639 2067 4643 ”
2107 4645 2495 4704 dedicationis
2523 4645 2779 4703 basilicae
2808 4645 3045 4719 Majoris
3073 4643 3428 4712 Monasterii,
3448 4646 3506 4700 et
3532 4657 3602 4698 ex
3629 4639 3767 4697 aliis

346 4736 444 4788 est.
478 4731 537 4787 Si
568 4747 701 4803 vero
734 4730 781 4787 is
808 4731 933 4804 ipse
963 4730 1041 4787 sit
1069 4732 1325 4789 Joannes
1356 4732 1540 4789 abbas
1569 4733 1768 4789 Sancti
1800 4733 2000 4791 Salva-

348 4820 494 4877 toris
524 4837 701 4893 prope
727 4819 1056 4877 Telesinam
1089 4820 1316 4890 urbem,
1350 4821 1505 4894 apud
1534 4839 1709 4895 quem
1762 4827 2003 4880 sanctus

350 4909 666 4966 Anselmus
699 4908 949 4978 divertit,
1013 4914 1077 4971 ut
1104 4927 1259 4968 anno
1316 4912 1587 4985 sequenti
1636 4930 1706 4968 ex
1737 4912 2003 4970 Eadmeri

349 4999 500 5056 libro
531 5000 583 5054 Ιῐ
610 4999 899 5057 Novorum
915 4998 1199 5069 dicemus,
1214 4999 1307 5057 vix
1322 5000 1437 5058 dici
1456 5004 1646 5074 potest
1675 5002 1746 5057 ab
1771 5002 2002 5059 Urbano

352 5088 544 5145 factus
576 5087 755 5146 fuisse
782 5089 1112 5163 episcopus,
1146 5106 1279 5146 cum
1316 5089 1375 5146 id
1418 5090 1759 5158 Eadmerus,
1794 5096 1860 5147 ut
1875 5091 2001 5164 qui-

354 5176 487 5237 dem
513 5177 797 5249 conjicere
827 5182 935 5245 est,
971 5177 1213 5234 reticere
1232 5194 1345 5233 non
1378 5177 2006 5236 dobuisset.Nonnulla

355 5271 548 5327 autem
580 5271 879 5325 momenta
909 5267 1207 5334 eumdem,
1239 5266 1354 5322 alia
1374 5266 1631 5323 diversos
1654 5268 1835 5323 fuisse
1857 5269 2006 5340 ejus-

355 5356 489 5410 dem
522 5353 777 5409 nominis
804 5354 961 5410 viros
992 5355 1239 5427 probare
1255 5354 1546 5411 videntur.
1571 5355 1735 5413 Certe
1762 5360 2005 5430 uterque

356 5445 631 5501 Romanus
658 5445 782 5501 erat
806 5459 1018 5514 genere,
1051 5447 1108 5499 et
1137 5443 1301 5501 Becci
1318 5443 1667 5512 monachus,
1690 5445 2004 5518 etquidem

358 5530 691 5614 unoeodem
706 5533 967 5604 tempore
979 5533 1090 5588 sub
1121 5531 1638 5592 abbateAnselmo.
1659 5535 1733 5594 At
1751 5534 2007 5593 Joannes

360 5619 643 5694 Hugon‘s,
675 5619 992 5677 canonicus
1020 5620 1445 5680 Bellovacéhsis
1476 5621 1682 5692 fuerat,
1714 5625 1875 5694 etab
1907 5624 2006 5683 Ur-

2113 4734 2516 4793 monumentis
2535 4734 2882 4791 indubitatis
2894 4738 3141 4791 constat.
3154 4733 3246 4790 Dei
3257 4734 3368 4789 nde
3386 4728 3772 4804 Raymuudus

2111 4822 2451 4881 Ausciensis
2468 4822 2965 4897 archiepiscopus,
2981 4822 3082 4896 qui
3094 4821 3282 4878 eidem
3295 4819 3517 4895 synodo
3527 4818 3772 4875 Sancto-

2111 4912 2280 4971 nensi
2310 4911 2649 4969 interfuisse
2694 4912 2930 4980 dicitur,
2991 4911 3253 4969 nondum
3302 4923 3505 4966 mense
3561 4903 3773 4963 Martio

2111 5002 2247 5059 anni
2282 5000 2420 5059 1096
2446 5001 2517 5058 ad
2552 5000 2703 5057 hanc
2734 4999 3037 5058 ecclesiam
3070 5004 3375 5075 promotus
3397 4990 3770 5062 ﬂuentisono

2116 5091 2255 5147 1097
2285 5108 2319 5148 a
2342 5090 2618 5164 pontiﬁce
2652 5088 2828 5164 pallio
2861 5091 3134 5149 donatus.
3182 5088 3406 5145 Deinde
3450 5083 3771 5145 Marbodus

2115 5196 2270 5235 unus
2301 5179 2481 5236 etiam
2512 5196 2581 5236 ex
2609 5178 2881 5234 Patribus
2907 5178 3375 5235 Santonensibus
3405 5176 3466 5231 in
3485 5175 3613 5247 ipso
3631 5187 3772 5229 con-

2114 5267 2247 5325 cilio
2272 5266 2596 5324 Turonensi
2630 5267 2701 5322 ab
2733 5265 2966 5323 Urbano
2996 5267 3110 5323 fuit
3128 5270 3547 5330 consecratus;
3578 5260 3773 5317 eidem

2115 5356 2337 5429 synodo
2368 5354 2636 5410 interfuit
2680 5353 3049 5413 Hildebertus
3096 5355 3411 5430 episcopus
3454 5356 3775 5408 Oenomaus

2116 5445 2340 5511 nensis,
2370 5443 2472 5517 qui
2501 5442 2728 5501 Jobello
2759 5460 2912 5501 anno
2946 5446 3107 5513 1098,
3141 5461 3197 5501 IX
3228 5443 3352 5500 Kal.
3376 5438 3627 5515 Augusti
3669 5437 3774 5494 ἀοι

2116 5534 2315 5590 functo
2345 5532 2649 5601 successit,
2682 5537 2750 5590 ut
2770 5532 2991 5590 habent
3015 5535 3144 5608 ejus
3157 5532 3417 5590 ecclesiae
3431 5533 3593 5597 Acta,
3611 5529 3775 5584 temo

2115 5622 2191 5681 III
2220 5621 2478 5679 Analect.
2514 5621 2835 5692 Mabillon.,
2888 5639 3020 5696 pag.
3052 5623 3177 5679 302.
3234 5622 3315 5679 Ex
3346 5637 3462 5694 quo
3517 5616 3665 5683 loco,
3718 5614 3772 5672 si
