4000 6176
24 5069 32 5310 l

217 284 342 350 825
1833 289 1883 352 ν

2002 305 2045 355 t.
3531 301 3648 362 226

222 419 512 476 mendum
545 434 663 477 non
695 415 1040 495 obrepserit,
1068 421 1190 480 haec
1239 424 1502 496 synodus
1547 441 1700 483 anno
1751 426 1889 481 1098
1917 429 1973 494 Α
1999 431 2369 499 perendino-ns
2398 445 2508 487 non
2538 431 2727 488 multis
2755 429 2944 496 diebus
2975 447 3099 487 cum
3127 433 3388 504 episcopis
3417 436 3469 486 et
3500 432 3650 487 baro—

221 508 630 582 consignanda
659 511 798 577 erit;
830 511 987 582 quod
1020 527 1150 568 vero
1199 523 1322 568 rem
1375 512 1614 569 omnino
1644 514 1878 583 evincit,

220 597 372 652 hanc
412 593 574 654 anno
616 593 758 653 4096
802 599 1064 656 habitam
1115 617 1232 656 non
1282 601 1484 670 fuisse,
1520 602 1650 674 ipsa
1681 602 1884 659 charta

219 681 704 755 Vindocinensis,
733 688 888 743 unde
919 689 1274 761 praecipuam
1305 690 1433 762 ejus
1466 691 1737 747 notitiam
1779 691 1882 746 ha-

217 775 459 842 bemus,
495 775 684 830 multa
713 781 972 832 recenset
1027 793 1132 849 per
1180 777 1330 834 hanc
1380 780 1668 852 synodum
1712 775 1882 845 facta,

219 859 350 936 qua
382 870 588 920 tamen
636 879 836 922 mense
883 865 1034 921 Maio
1081 871 1139 922 et
1184 867 1572 938 sequentibus
1602 869 1671 923 ad
1706 869 1882 923 finem

221 967 416 1024 usque
450 953 591 1010 anni
627 953 764 1009 1096
791 955 1106 1027 contigisse
1137 961 1446 1012 memorat.
1483 955 1565 1012 Ex
1612 973 1680 1013 ea
1709 955 1883 1012 disci-

220 1055 358 1096 mus
390 1041 468 1097 43
495 1047 618 1099 tam
647 1043 952 1116 episcOpos
975 1059 1152 1116 quam
1185 1045 1427 1101 abbates
1451 1046 1525 1102 ad
1555 1045 1664 1102 hoc
1689 1044 1884 1102 conci-

214 1127 370 1186 lium
405 1131 704 1188 Santones
730 1133 1091 1202 convenisse,
1117 1132 1270 1188 inter
1297 1138 1686 1206 quos,praater
1709 1141 1885 1188 Ama-

215 1224 522 1290 tum,octo
542 1220 801 1292 episwpi
819 1221 954 1276 huic
972 1221 1363 1277 instrumento
1385 1221 1884 1295 subscripserunt,

216 1326 358 1364 cum
389 1309 589 1365 tribus
619 1310 928 1366 abbatibus
961 1310 1244 1370 Gaufrido.
1273 1309 1665 1379 Malleacensi,
1701 1313 1882 1366 Guar-

221 1399 392 1454 nerio
423 1401 626 1454 Sancti
661 1392 952 1469 Maxentii,
1005 1405 1062 1456 et
1104 1401 1358 1456 Goli‘rido
1411 1399 1754 1468 Vindocini;
1789 1399 1888 1455 alii

219 1489 344 1544 duo
375 1488 626 1544 abbates
661 1487 1132 1545 memoranturin
1157 1490 1547 1545 instrumento
1569 1489 1888 1545 concordiae

223 1593 358 1649 qua
393 1581 538 1632 tunc
567 1577 720 1632 inter
746 1579 1170 1650 Angeriacense
1195 1585 1251 1633 et
1281 1580 1620 1634 Carrot‘snse
1657 1593 1889 1634 monas-

218 1666 376 1721 teria
407 1665 631 1722 ibidem
663 1667 806 1720 inita
832 1672 942 1733 est,
974 1683 1182 1740 nempe
1208 1665 1410 1722 Petrus
1441 1667 1744 1733 Carroti,et
1772 1674 1888 1721 An-

221 1747 462 1810 sculfus
494 1756 820 1827 Augei-iaci.
853 1757 911 1812 In
943 1757 1045 1812 illa
1075 1762 1268 1812 autem
1304 1756 1524 1829 synodo
1566 1758 1892 1828 imperatum

223 1849 402 1910 esgut
428 1843 610 1900 habet
625 1845 977 1900 Chronicum
1010 1845 1666 1913 Malleacense,omm‘bus
1683 1845 1892 1915 vigiliis

223 1932 606 2003 apostolorum
625 1934 899 2005 jejunare.
929 1933 1150 1990 Ibidem
1184 1939 1378 1990 actum
1428 1935 1500 1989 de
1547 1934 1706 2006 gravi
1754 1950 1889 1990 con-

221 2021 538 2089 troversia,
573 2038 699 2094 quas
727 2024 877 2078 inter
909 2022 1227 2079 monachos
1255 2023 1680 2079 Nantouienses
1711 2029 1767 2078 et
1796 2039 1890 2077 ca-

222 2113 476 2167 nonicos
508 2111 700 2167 Sancti
735 2111 1005 2166 Emiliani
1035 2112 1388 2178 vertebatur,
1417 2117 1480 2166 ut
1510 2111 1796 2168 discimus
1824 2128 1894 2168 ex

221 2215 364 2255 eoru
375 2201 577 2256 mdem
591 2201 938 2256 canonicoru
950 2216 1004 2254 m
1021 2200 1269 2274 epistola
1285 2201 1357 2256 ad
1375 2199 1679 2256 Urbanum
1703 2192 1891 2272 ponti-

221 2289 399 2345 ficem
431 2305 510 2345 ea
533 2289 605 2344 de
636 2305 696 2345 re
727 2291 964 2361 scripta,
999 2289 1057 2343 in
1091 2305 1207 2360 qua
1239 2294 1360 2344 tam
1387 2289 1588 2361 gravia
1633 2290 1894 2344 facinora

221 2375 735 2435 Nantonien'sibus
789 2377 1092 2434 monachis
1143 2379 1476 2450 imponunt,
1510 2382 1575 2432 ut
1612 2379 1703 2432 vix
1734 2378 1891 2432 credi

222 2468 464 2538 possint
489 2485 524 2522 a
551 2467 692 2523 viris
726 2467 1012 2540 religiosis
1043 2466 1303 2522 admissa
1334 2466 1665 2522 t’uisse.Has
1693 2471 1888 2520 tamen

223 2557 481 2622 litteras,
533 2557 836 2613 deficiente
885 2556 1101 2612 Urbani
1153 2573 1457 2628 responso,
1505 2555 1780 2610 dabimus
1832 2556 1890 2610 in

228 2645 593 2718 Appendice.
869 2634 871 2636 ’

311 2723 686 2791 CCLXXXIX.
717 2734 1128 2806 Glannafolium
1179 2734 1374 2789 Casino
1403 2734 1803 2804 conﬁrmatum.

301 2824 526 2881 Eodem
561 2837 762 2879 mense
795 2821 1002 2878 Martio
1029 2823 1350 2878 Terracina:
1381 2821 1606 2877 bullam
1639 2822 1801 2876 dedit
1833 2821 1888 2875 in

230 2915 488 2986 gratiam
521 2913 861 2968 monasterii
909 2911 1266 2982 Casinensis,
1300 2911 1562 2967 Oderisio
1606 2911 1805 2966 abbati
1835 2915 1892 2966 et

229 3001 518 3059 cardinali
551 3002 853 3072 inscripta,
886 3001 978 3055 cui
1012 3000 1432 3055 monasterium
1470 2999 1667 3054 Sancti
1702 2998 1888 3054 Mauri

231 3091 728 3158 Glannafoliense,
766 3091 848 3144 uti
881 3090 938 3144 in
970 3088 1214 3145 concilio
1245 3085 1571 3144 Turonensi
1603 3092 1888 3144 statutum

231 3171 447 3249 fuerat,
480 3198 516 3237 ει
544 3179 978 3236 Fossatensium
999 3182 1146 3251 jugo
1176 3177 1486 3234 liberatum
1519 3178 1795 3232 restituit.

467 3260 667 3326 GCXC.
703 3269 952 3326 Urbanus
979 3271 1241 3339 Capuam,
1272 3273 1404 3333 eto.,
1440 3267 1654 3321 invisit.

303 3361 371 3416 In
401 3373 472 3415 eo
501 3359 728 3424 itinere,
757 3358 839 3412 uti
873 3357 1156 3428 conjicere
1187 3364 1294 3422 est,
1320 3356 1578 3427 pontifex
1606 3355 1891 3427 Capuam,

229 3453 410 3521 cujus
439 3453 580 3504 tunc
605 3448 914 3520 episcOpus
947 3451 1072 3501 erat
1100 3443 1344 3510 Sennes,
1364 3444 1586 3514 invisit,
1621 3444 1892 3512 ubi,teste

230 3521 636 3612 Ugh‘ello,octo
653 3536 777 3592 dies
795 3539 902 3590 hoc
916 3552 1067 3590 anno
1100 3533 1456 3605 transegisse
1486 3531 1892 3588 dicitur.Certe

229 3629 330 3683 vix
358 3625 609 3682 inﬁciari
625 3629 813 3698 potest
831 3623 1128 3678 Urbanum
1148 3627 1284 3676 tunc
1297 3622 1688 3676 Beneventum
1708 3636 1892 3691 usque

231 3714 647 3772 accessisse.ld
673 3714 953 3786 probatur
980 3729 1049 3766 ex
1080 3713 1208 3782 ejus
1243 3704 1522 3781 rescripto
1552 3709 1624 3764 ad
1655 3710 1890 3764 Petrum

231 3805 708 3879 Aragonensium
767 3809 823 3858 et
879 3799 1420 3872 Pampilonensium
1480 3815 1697 3871 regem,
1757 3798 1892 3854 dato

233 3897 538 3950 Beneventi
587 3910 640 3950 IV
681 3893 860 3947 Nonas
891 3892 1102 3957 Martii,
1137 3890 1292 3961 quod
1343 3889 1415 3944 ad
1464 3888 1621 3958 hunc
1669 3901 1890 3942 annum

233 3984 498 4040 revocari
530 3981 856 4038 necessario
905 3981 1096 4034 debet.
1133 3984 1338 4032 L'atum
1390 3976 1605 4049 quippe
1644 3980 1733 4031 est
1762 3980 1894 4047 post

236 4089 466 4130 annum
501 4071 637 4129 1094
668 4087 782 4142 quo
812 4068 1060 4124 Saucius
1092 4067 1244 4123 Petri
1294 4067 1448 4137 regis
1499 4069 1662 4138 pater
1691 4075 1894 4120 mense

234 4164 418 4221 Junio
431 4162 646 4233 sagitta
659 4156 1030 4216 confossusin
1047 4155 1284 4210 Oscensi
1318 4153 1622 4210 obsidione
1642 4153 1891 4220 interiit;

235 4269 346 4308 nec
379 4249 636 4307 revocari
666 4251 858 4320 potest
888 4247 957 4300 ad
991 4245 1139 4300 duos
1169 4259 1354 4299 annos
1385 4247 1696 4312 sequentes
1746 4259 1893 4314 quos

235 4340 499 4416 pontifex
523 4341 584 4395 in
613 4337 819 4393 'luscia
869 4342 926 4392 et
972 4334 1030 4389 in
1077 4332 1391 4411 Gallicano
1427 4333 1634 4386 itinere
1683 4332 1890 4403 exegit,

235 4443 344 4487 nec
375 4430 552 4486 etiam
583 4428 654 4483 ad
687 4443 869 4482 annos
903 4423 1040 4479 1098
1070 4428 1126 4478 et
1163 4421 1330 4488 1099;
1370 4437 1505 4476 nam
1553 4437 1620 4476 eo
1670 4436 1891 4486 mense,

1991 517 2155 573 nibus
2183 518 2248 574 de
2276 521 2368 574 via
2395 520 2854 591 Jerosolymitana
2884 521 3135 576 habuisse
3172 535 3460 576 commune
3487 521 3653 576 cotto-

1991 609 2204 678 quium.
2255 607 2372 662 Hac
2419 607 2722 664 occasione
2770 625 2917 665 usus
2965 607 3312 681 Raynull’us,
3349 608 3449 678 qui
3507 613 3651 665 tunc

1993 694 2314 750 'l‘heatinus
2341 696 2652 768 episcopus
2679 701 2821 762 erat,
2854 698 3358 753 confirmationem
3387 713 3422 752 a
3455 697 3646 770 ponti-

1996 783 2102 838 ﬁce
2134 785 2356 856 accepit
2389 784 2708 840 multarum
2738 783 2997 841 ecclesias
3027 801 3145 841 suis
3178 786 3642 858 possessionum,

1995 889 2122 944 qum
2153 872 2204 928 ei
2236 889 2422 945 nuper
2452 873 2733 929 restitutas
2783 879 2887 928 aut
2934 874 3159 930 donatis
3192 876 3444 941 fuerant,
3493 873 3650 941 dato,

1994 962 2080 1016 uti
2111 960 2356 1016 inferius
2388 961 2747 1028 dicemus,ea
2779 963 2848 1017 de
2879 979 2939 1016 re
2971 963 3439 1033 rescripto.Tunc
3470 964 3649 1019 etiam

1993 1050 2275 1121 temporis
2308 1050 2689 1106 Grimoardus
2721 1049 3104 1106 Piscariensis
3136 1067 3236 1107 seu
3270 1058 3424 1106 Cassa
3450 1053 3652 1107 Aurem

1997 1138 2338 1194 monasterii
2389 1137 2628 1195 electus.
2660 1137 2863 1206 abbas,
2917 1139 3092 1194 variis
3140 1139 3578 1195 calamitatibus
3619 1151 3654 1194 a

1994 1227 2204 1283 vicinis
2234 1227 2654 1284 Northma'nnis
2704 1225 2953 1298 aliisque
2999 1228 3138 1284 viris
3188 1228 3647 1300 praepotentibus

1998 1315 2261 1382 alfectus,
2296 1333 2428 1370 cum
2481 1334 2584 1372 nec
2639 1317 2709 1372 ad
2764 1317 3171 1387 imperatorem
3204 1322 3405 1372 contra
3439 1305 3537 1372 Eos
3565 1333 3652 1372 re-

1998 1419 2250 1471 currere,
2286 1421 2472 1476 neque
2504 1407 2658 1476 apud
2689 1403 2870 1460 alium
2906 1421 3262 1477 quemquam
3309 1406 3650 1478 confugium

1999 1492 2213 1548 habere
2243 1500 2457 1566 posset,
2483 1495 2554 1548 ad
2589 1494 2884 1549 Urbanum
2921 1495 3225 1562 accessit,a
3255 1511 3370 1566 quo
3402 1494 3656 1567 benigne

2001 1588 2653 1655 acceptus,receptoque
2675 1600 2742 1638 ex
2762 1585 2889 1654 ejus
2919 1599 3096 1638 manu
3124 1584 3328 1639 baculo
3353 1583 3654 1656 pastorali,

2000 1687 2134 1725 cum
2167 1671 2450 1727 hactenus
2485 1689 2586 1744 pro
2615 1675 2762 1743 pedo
2796 1673 2972 1743 hujus
3004 1672 3114 1727 loci
3151 1673 3396 1728 abbates
3427 1677 3654 1745 sceptro

2003 1759 2158 1832 regio
2189 1760 2280 1815 usi
2312 1761 2659 1832 fuissent,ab
2692 1775 2758 1816 eo
2790 1761 2846 1816 in
2880 1762 3152 1816 abbatem
3185 1761 3525 1817 benedictus
3547 1765 3654 1828 est;

2002 1855 2058 1904 et
2088 1849 2222 1904 inde
2253 1849 2372 1904 haec
2405 1850 2794 1920 abbatia,quaa
2825 1850 2937 1904 huc
2962 1867 3146 1922 usque
3177 1851 3285 1906 soli
3317 1849 3658 1923 imperatori

2000 1944 2288 2008 paruerat,
2323 1939 2433 1994 sub
2464 1939 2793 2011 apostolica
2845 1940 3000 1994 sedis
3050 1940 3315 2004 tuitione,
3351 1940 3434 1994 uti
3480 1939 3658 1996 refert

2007 2027 2317 2091 Berardus,
2372 2043 2499 2082 esse
2530 2030 2722 2099 cmpit.
2757 2028 2872 2082 Hac
2905 2028 3206 2084 occasione
3238 2029 3297 2083 in
3323 2028 3660 2084 authentico

2000 2130 2110 2167 ms.
2145 2115 2270 2169 cod.
2303 2117 2429 2184 ejus
2475 2113 2762 2181 chronici,
2811 2117 2910 2186 qui
2960 2116 3014 2169 in
3070 2115 3428 2171 Bibliotheca
3479 2116 3662 2188 Regia

2002 2202 2175 2256 modo
2206 2208 2559 2268 asservatur,
2595 2209 3044 2275 repraesentatur
3075 2203 3344 2258 Urbanus
3378 2201 3660 2260 Grimoal-

1999 2291 2072 2344 do
2105 2290 2301 2344 abbati
2341 2291 2554 2362 pedum
2587 2292 2911 2364 porrigens,
2944 2308 3196 2362 eumque
3227 2293 3532 2362 alloquens
3565 2290 3660 2347 his
3737 2363 3744 2368 ἢ

2000 2379 2231 2434 duobus
2260 2379 2526 2435 versibus
2562 2395 2575 2435 :

2002 2469 2238 2524 Caesaris
2269 2468 2332 2524 ob
2361 2471 2629 2540 sceptrum
2661 2469 2915 2524 baculum
2959 2469 3064 2523 tibi
3110 2470 3337 2540 porrigo
3375 2467 3658 2536 dextrum,

2063 2558 2175 2624 Quo
2209 2559 2340 2613 bene
2368 2559 2445 2612 sis
2475 2559 2644 2628 fretus
2675 2576 2692 2612 :
2719 2559 2844 2630 plus
2877 2560 3099 2614 Caesare
3127 2557 3224 2613 dat
3250 2557 3352 2613 tibi
3383 2557 3599 2613 Petrus.

1983 2745 1987 2750 .
2069 2663 2327 2720 CCXCll.
2355 2663 2730 2735 Crucesignati
2756 2681 2826 2750 ex
2851 2666 3002 2750 omni
3031 2663 3188 2734 'gente
3219 2666 3280 2720 in
3311 2663 3585 2720 Orientem

2711 2737 2946 2791 solvunt.

2070 2828 2353 2880 Caeterum
2388 2823 2652 2896 plerique
2683 2841 2750 2880 ex
2783 2823 3070 2879 militibus
3119 2824 3486 2880 diversarum
3522 2839 3660 2897 gen-

1999 2911 2171 2978 tium,
2207 2912 2308 2984 qui
2339 2913 2409 2967 ad
2445 2929 2672 2968 sacram
2703 2913 3126 2984 expeditionem
3162 2913 3401 2984 proiecti
3423 2929 3526 2984 per
3549 2912 3654 2966 Ita-

1987 2999 2140 3055 liam
2160 3001 2268 3056 iter
2289 3007 2834 3073 susceperant,tunc
2855 3003 3132 3072 temporis
3157 3001 3216 3054 in
3238 3001 3312 3056 iis
3342 3000 3657 3056 maritimis

2001 3089 2338 3162 regionibus
2369 3107 2515 3160 quas
2548 3089 2823 3144 visitabat
2854 3088 3122 3144 Urbanus
3154 3089 3558 3158 versabantUr,
3592 3103 3661 3143 ex

1921 3159 1963 3225 Ο
2003 3159 2217 3249 quibus
2251 3159 2540 3234 Robertus
2570 3178 3033 3242 Northmanniae,
3067 3183 3124 3232 et
3155 3177 3489 3248 Stephanus
3536 3175 3654 3232 Ble-

2001 3268 2194 3322 scnsis
2224 3268 2468 3322 comites
2498 3282 2631 3321 cum
2665 3267 2788 3320 suis
2821 3264 3108 3320 militibus
3150 3271 3208 3320 et
3250 3264 3434 3335 copiis
3482 3263 3656 3335 paulo

2000 3359 2155 3427 post,
2190 3372 2400 3427 nempe
2451 3356 2544 3410 die
2591 3353 2784 3409 Nonas
2828 3352 3045 3425 Aprilis
3098 3351 3392 3406 Brundisii
3424 3368 3455 3407 e
3485 3355 3656 3424 portu

2003 3443 2319 3500 solverunt.
2367 3443 2666 3499 Urbanum
2725 3459 2859 3497 cum
2918 3442 2992 3496 iis
3050 3440 3342 3512 proficisci
3397 3439 3656 3496 voluisse

2002 3533 2211 3588 asserit
2241 3532 2676 3595 Ciaconius,sed
2712 3547 2745 3586 a
2770 3529 3082 3586 Catholicis
3115 3533 3376 3584 retentus
3415 3535 3522 3597 est,
3555 3529 3666 3600 qui

2003 3621 2280 3677 nolebant
2309 3620 2625 3677 Ecclesium
2659 3619 2982 3694 Romanam
3024 3622 3110 3673 tot
3157 3618 3348 3674 turbis
3381 3617 3661 3691 agitatam

2004 3716 2234 3782 pastore
2262 3711 2521 3765 destitui.
2555 3709 2990 3765 Concurrebant
3019 3725 3152 3763 vero
3184 3725 3249 3762 eo
3281 3713 3544 3780 tempore
3591 3724 3668 3762 ex

2003 3799 2162 3855 omni
2190 3799 2418 3870 Europa
2451 3799 2521 3853 ad
2554 3797 2952 3870 expeditiones
2981 3796 3110 3850 illas
3143 3795 3434 3866 principes
3477 3800 3533 3850 et
3562 3813 3665 3867 po-

2003 3887 2147 3960 puli,
2197 3887 2552 3941 Francorum
2602 3884 2888 3956 exemplo,
2935 3889 2991 3939 et
3034 3883 3248 3938 Urbani
3303 3883 3659 3937 adhortatio-

2003 3975 2202 4039 nibus,
2237 3979 2336 4028 aut
2366 3979 2518 4027 certe
2550 3973 2678 4042 ejus
2709 3973 2789 4026 rei
2820 3971 2975 4026 fama
3003 3969 3248 4025 incitati.
3283 3970 3562 4025 Observat
3591 3985 3662 4025 ea

2002 4063 2304 4119 occasione
2335 4062 2537 4116 Petrus
2569 4060 2861 4116 Diaconus
2895 4059 2953 4113 in
2997 4058 3284 4112 Chronica
3330 4056 3656 4124 Casinensi,

2003 4151 2157 4222 quod
2181 4151 2306 4222 jam
2341 4154 2473 4205 ante
2504 4165 2638 4204 eum
2670 4149 2957 4203 Robertus
2991 4147 3138 4201 libro
3159 4146 3478 4202 uilistoriae
3498 4147 3660 4202 Jero-

2003 4239 2364 4312 solymitanm
2396 4255 2462 4294 ac
2493 4237 2589 4293 alii
2623 4244 2889 4292 auctores
2941 4235 3244 4292 domestici
3275 4235 3654 4308 scripserant,

2003 4328 2413 4386 Boamundum
2446 4334 2502 4382 et
2530 4326 2678 4382 alios
2710 4326 2767 4380 in
2800 4325 3028 4397 Apulia,
3053 4323 3322 4380 Calabria
3350 4330 3406 4380 et
3437 4323 3657 4390 Sicilia,

2003 4417 2357 4474 intermissis
2388 4415 2519 4471 aliis
2551 4414 2740 4482 bellis,
2789 4421 2890 4470 aut
2937 4414 3063 4468 suis
3112 4413 3363 4485 propriis
3407 4413 3658 4486 negotiis

236 4526 491 4592 utroque
515 4517 616 4573 illo
637 4533 791 4572 anno
815 4514 1084 4570 Urbanus
1106 4512 1298 4566 Romae
1322 4515 1586 4565 versatus
1607 4508 1894 4565 est.Solus
1928 4525 1972 4589 Β
2004 4506 2284 4572 dimissis,
2317 4522 2444 4560 sese
2477 4521 2652 4559 sacrae
2678 4503 3066 4575 expeoitionis
3098 4501 3386 4558 militibus
3407 4501 3509 4574 qui
3553 4518 3660 4574 per

231 4610 436 4682 itaque
468 4611 738 4679 superest
762 4620 952 4658 annus
985 4617 1237 4674 priesens
1268 4599 1359 4656 cui
1393 4598 1500 4653 hoc
1543 4598 1894 4669 rescriptum

233 4695 572 4770 consignari
601 4693 808 4767 possit.
844 4693 906 4748 In
939 4708 1004 4748 eo
1038 4689 1293 4762 pontifex
1323 4687 1636 4742 Ecclesium
1667 4685 1894 4758 Pampi-

232 4787 531 4843 lonensim
562 4783 814 4839 multum
847 4780 966 4854 regi
997 4778 1337 4848 ceterisque
1363 4793 1562 4832 eorum
1588 4775 1889 4846 regionum

235 4876 513 4946 ﬁdelibus
535 4871 926 4945 commendat.

447 4961 669 5018 CCXCJ
703 4960 1127 5032 Expeditionem
1145 4955 1416 5028 praedicat
1450 4953 1682 5009 Theatz.

311 5056 582 5111 Fortasse
610 5051 719 5120 hoc
751 5050 862 5105 iter
890 5050 1230 5119 susceperat
1271 5043 1562 5108 Urbanus,
1594 5047 1658 5095 ut
1707 5041 1890 5112 Rogo.

232 5147 392 5201 rium
418 5141 639 5214 Apuliae
667 5140 874 5196 ducem
897 5135 1232 5192 conveniret
1251 5137 1374 5200 ;aut
1397 5135 1552 5187 certe
1575 5129 1680 5185 has
1699 5135 1894 5201 partes

229 5234 541 5297 invisebat,
575 5234 640 5285 ut
664 5223 1162 5300 quemadmodum
1195 5221 1252 5276 in
1287 5220 1418 5276 aliis
1451 5216 1896 5291 regionibus,ita

224 5324 408 5381 etiam
440 5321 559 5377 illic
589 5333 818 5374 sacram
844 5313 1270 5387 expeditionem
1306 5306 1892 5382 promulgaret,quod

222 5415 472 5469 innuero
502 5409 729 5465 videtur
758 5403 1046 5461 Berardus
1078 5397 1226 5457 libro
1251 5417 1312 5456 ιιι
1362 5396 1633 5455 Chronici
1678 5395 1892 5450 Casau-

225 5501 444 5560 riensis
479 5497 704 5555 tomoV
725 5481 1149 5569 Spicilegii,ubi
1182 5489 1452 5546 Urbanus
1483 5485 1634 5541 hanc
1666 5481 1896 5556 expedi-

222 5595 447 5658 tionem
473 5588 791 5672 przdiram
822 5586 1063 5646 Thietum
1091 5579 1409 5642 accessisse
1443 5574 1682 5649 dicitur,
1712 5572 1895 5653 ibique

2007 4595 2234 4650 Italiam
2253 4594 2582 4649 transibant
2599 4592 3140 4663 adjunxisse.Plura
3159 4591 3334 4646 habet
3350 4592 3663 4647 Ordericus

1999 4683 2226 4748 Vitalis,
2261 4681 2360 4753 qui
2392 4680 2610 4753 Anglos
2655 4681 2856 4747 etiam,
2893 4680 3183 4736 Brittones
3231 4679 3573 4746 Wascones,
3606 4683 3664 4734 et

1999 4770 2160 4843 ipsos
2192 4770 2251 4825 in
2283 4775 2542 4824 extrema
2565 4768 2844 4838 Hispania
2875 4767 3290 4834 Gallicios,huc
3319 4767 3666 4824 convenisse

2000 4860 2228 4924 scribit;
2263 4859 2416 4912 sicut
2447 4862 2504 4912 et
2532 4874 2600 4911 ex
2631 4856 2802 4911 Italia
2825 4857 3362 4923 Venetos,Pisanos,
3393 4855 3654 4911 Januen-

2000 4946 2390 5018 ses,aliosque
2421 4946 2521 5016 qui
2555 4944 2960 5000 Mediterranei
2993 4945 3174 5000 maris
3206 4951 3308 4999 aut
3335 4943 3545 4999 Oceani
3569 4941 3663 4999 lit-

1999 5043 2127 5092 tora
2157 5033 2686 5106 incolebant.Nulia
2715 5034 2897 5088 ferme
2929 5033 3069 5088 urbs
3099 5036 3188 5088 est
3217 5033 3276 5085 in
3310 5031 3494 5098 Italia,
3531 5049 3660 5103 quas

2003 5126 2074 5182 ad
2107 5125 2162 5180 id
2196 5123 2410 5179 milites
2431 5140 2494 5178 se
2524 5122 2930 5194 suppeditasse
2954 5138 3067 5176 non
3091 5119 3660 5193 glorietur.Quatuor

1999 5213 2406 5288 Apuliensium
2437 5212 2622 5268 millia
2653 5212 2762 5267 sub
2795 5210 3088 5265 Tancredo
3113 5209 3280 5275 duce,
3315 5213 3373 5263 et
3410 5207 3656 5280 triginta

2003 5301 2520 5375 Langobardorum
2551 5305 2608 5356 et
2639 5297 3163 5355 Mediolanensium
3215 5296 3420 5353 itidem
3472 5296 3659 5354 millia

2003 5393 2111 5446 sub
2143 5390 2484 5446 Boamundo
2511 5388 2794 5443 militasse
2826 5385 3082 5441 afﬁrmat
3112 5385 3265 5441 idem
3284 5384 3657 5442 auctorlibro

2001 5497 2078 5547 xx,
2113 5480 2209 5536 ubi
2243 5477 2519 5552 prazclara
2549 5476 2788 5532 omnino
2819 5474 2996 5530 habet
3027 5474 3096 5530 de
3145 5474 3253 5530 hac
3296 5474 3658 5548 expeditione

2001 5573 2058 5631 et
2088 5569 2159 5630 de
2190 5567 2262 5630 iis
2283 5567 2384 5650 qui
2407 5566 2491 5629 illi
2513 5580 2727 5628 nomen
2745 5563 3032 5628 dederunt
3046 5564 3442 5644 ;oonsentiunt
3461 5565 3608 5622 cete
3637 5562 3648 5574 °
