4000 6176
351 274 468 333 2T7

1652 268 1726 333 Β.
1774 267 2065 332 URBANI
2113 268 2166 330 II
2210 271 2459 332 ΡΑΡᾹΞ.

341 421 545 462 eorum
576 408 904 476 temporum
938 402 1270 478 scriptores.
1299 404 1549 477 Legendi
1577 419 1645 457 ea
1674 403 1744 458 de
1775 418 1838 458 re
1868 399 1995 457 Ful-
2026 401 2081 469 Α
2112 402 2172 457 in
2200 406 2418 476 Sagana
2465 408 2516 461 et
2562 404 2799 460 borarii:
2847 402 3099 473 ﬂuminis
3137 402 3353 472 Saltim;
3389 418 3568 475 quam
3599 402 3765 459 litem

341 493 505 550 conis
534 493 841 565 cujusdam
872 496 1052 565 poetae
1085 494 1212 564 ejus
1240 493 1426 549 aetatis
1455 508 1679 556 versus,
1703 491 1801 563 qui
1836 495 1994 547 tomo

340 582 417 639 III
457 580 693 639 Chesnii
747 580 1014 638 Historia
1066 583 1420 638 Francorum
1469 579 1824 652 scriptorum
1855 576 1993 635 e‘diti

339 678 498 729 sunt.
531 672 597 728 In
624 670 696 728 iis
725 670 842 738 ille,
875 670 1030 726 sicut
1079 672 1136 727 et
1180 669 1279 725 alii
1310 669 1534 743 passim
1564 674 1853 736 auctores,
1883 668 1993 724 hos

338 761 516 819 etiam
547 759 751 816 laudat
778 757 881 830 qui
911 757 1024 814 alia
1044 757 1139 813 via
1152 774 1254 830 per
1273 758 1647 815 Germaniam
1669 773 1992 830 perrexere.

338 848 645 907 Bertcldus
674 846 1048 903 commendat
1066 846 1346 905 comitem
1366 847 1746 903 Harduanum
1769 846 1841 902 de
1868 846 1992 902 Ale-

335 939 587 1005 mannis,
633 939 692 992 et
737 935 1010 991 Ottonem
1058 935 1577 1010 Strasburgensem
1625 935 1990 1008 episcopum,

335 1027 470 1083 licet
497 1022 961 1095 schismaticum,
990 1024 1142 1096 quod
1196 1040 1331 1080 cum
1377 1022 1602 1080 ceteris
1652 1022 1800 1079 hanc
1836 1022 1991 1079 viam

335 1114 550 1171 inierit.
581 1113 637 1170 ls
666 1115 756 1168 est
786 1111 930 1185 ipse,
962 1111 1076 1168 nisi
1108 1111 1300 1178 fallor,
1332 1112 1434 1185 qui
1482 1128 1552 1168 ex
1604 1112 1809 1168 eodem
1856 1115 1990 1168 Ber-

336 1203 515 1271 toldo,
560 1197 643 1259 ut‘
674 1218 857 1275 supra
906 1201 1184 1269 diximus,
1217 1201 1450 1258 Urbano
1498 1217 1654 1257 anno
1703 1200 1991 1274 superiori

335 1290 744 1350 reconciliatus
774 1293 882 1346 est.
916 1289 1174 1347 Celebris
1217 1293 1307 1347 est
1349 1289 1527 1345 etiam
1577 1288 1649 1345 ob
1681 1288 1833 1345 hanc
1863 1305 1988 1344 rem

334 1381 565 1438 Ulricus
609 1378 922 1453 episcopus
970 1378 1288 1447 Curiensis,
1339 1377 1460 1451 qui,
1510 1377 1713 1434 relicta
1744 1376 1988 1434 Geroldo

334 1468 623 1528 monacho
648 1467 983 1524 Fabariensi
1015 1484 1133 1524 sua:
1164 1467 1433 1523 dicecesis
1478 1483 1638 1534 cura,
1671 1481 1806 1523 cum
1857 1464 1989 1522 aliis

335 1559 539 1616 multis
570 1557 641 1614 ad
673 1555 836 1613 illam
866 1555 1295 1628 expeditionem
1326 1555 1625 1628 profectus
1655 1558 1763 1611 est.

333 1661 713 1722 CGXCIlI-IV.
746 1663 924 1719 Romae
949 1677 1050 1734 pro
1073 1662 1467 1731 cruccsignalis
1505 1661 1699 1717 scribit
1739 1658 1988 1717 Urbanus

489 1735 682 1791 Alexio
710 1735 1050 1805 imperatori.
1082 1734 1386 1805 Privilcgia
1416 1734 1613 1789 Casini
1640 1739 1823 1802 auget.

403 1825 551 1882 Cum
568 1838 700 1878 vero
723 1821 830 1879 has
850 1814 1591 1894 expeditiones,instigante
1610 1819 1986 1892 potissimum

333 1912 534 1971 Alexio
562 1908 1207 1982 Constantinopolitano
1238 1907 1986 1982 imperatore,promulgas-

333 2006 423 2060 set
450 1999 741 2067 Urbanus,
773 1998 965 2054 visum
997 2001 1086 2054 est
1131 1997 1183 2054 ei
1232 1998 1303 2053 de
1349 1996 1503 2054 felici
1546 1998 1675 2069 ejus
1704 2011 1981 2052 successu

331 2091 607 2157 scribere,
632 2092 699 2144 ut
727 2086 948 2145 scilicet
976 2085 1414 2160 crucesignatos
1443 2085 1495 2142 ei
1526 2084 1980 2142 commendaret.

330 2185 407 2236 At
434 2195 599 2252 spem
629 2175 1095 2235 Christianorum
1120 2174 1321 2231 fefellit
1342 2173 1666 2247 versipellis
1687 2173 1785 2230 ille
1806 2173 1985 2245 impc-

331 2272 490 2326 rator
521 2284 535 2324 :
566 2267 781 2323 veritus
811 2265 1026 2337 quippe
1057 2280 1129 2320 nc
1155 2281 1190 2320 a
1221 2268 1384 2320 tanta
1412 2262 1719 2319 hominum
1760 2265 1981 2318 extero-

329 2374 462 2416 rum
481 2354 859 2412 multitudine
896 2352 1595 2426 opprimeretur,insidias
1623 2352 1707 2407 eis
1724 2349 1982 2407 occultas

330 2445 574 2520 paravit,
606 2447 665 2499 et
693 2442 1001 2499 subductis
1032 2442 1255 2515 passim
1285 2458 1417 2514 qua
1439 2440 1511 2497 ad
1545 2441 1759 2496 victum
1785 2456 1978 2496 neces-

327 2533 484 2592 saria
512 2537 679 2589 erant
708 2530 1014 2601 subsidiis,
1042 2530 1102 2586 in
1134 2545 1315 2586 causa
1342 2528 1454 2585 fuit
1500 2534 1567 2585 ut
1612 2527 1782 2585 multi
1813 2526 1980 2583 exiis

328 2621 625 2697 perierint.
650 2618 827 2676 Paulo
852 2623 1050 2675 tamen
1084 2624 1286 2691 postea
1315 2618 1653 2674 societatem
1677 2633 1810 2672 cum
1833 2616 1978 2688 ipsis

326 2717 649 2781 utcumque
681 2707 869 2773 inivit,
901 2711 1213 2780 postquam
1246 2706 1320 2776 ei,
1353 2711 1417 2762 ut
1445 2706 1622 2763 refert
1652 2722 1978 2779 anonymus

327 2795 1001 2865 Barensis,securitatem
1034 2795 1105 2852 de
1125 2811 1232 2852 suo
1257 2793 1420 2851 illius
1449 2811 1625 2868 regno
1654 2795 1980 2851 Constantia

326 2888 522 2963 nopoli
556 2887 846 2943 fecissent.
880 2884 1066 2941 Multa
1094 2884 1332 2940 demum
1363 2884 1448 2941 eis
1470 2883 1715 2941 contulit
1742 2883 1979 2952 dona,et

325 2977 559 3050 navigia
585 2972 1359 3049 suppeditavit,quibuscum
1374 2974 1429 3028 in
1446 2972 1768 3029 infidelium
1790 2977 1995 3041 terras.

324 3068 715 3141 penetrarent.
746 3066 933 3135 Atque
975 3062 1096 3117 haec
1143 3062 1307 3118 fuere
1348 3061 1707 3118 famosamm
1738 3059 1973 3117 illarum

2104 498 2454 565 prosccutus
2482 483 2689 550 fuerat
2718 492 2780 548 in
2825 493 2989 550 curia
3034 492 3269 550 comitis
3316 491 3771 550 Matisconensis

2106 580 2272 655 Hugo
2318 580 2577 639 Cluniaci
2625 580 2918 640 cellarius.
2970 584 3046 639 At
3090 598 3224 643 cum
3271 580 3768 639 Trenorchienses

2105 670 2266 727 nullo
2301 670 2528 742 judicio
2577 669 2914 744 aequiscere
2959 668 3194 739 vellent,
3228 686 3320 727 res
3355 670 3426 727 ad
3460 669 3767 727 Urbanum

2103 757 2297 817 delata
2325 763 2433 828 est,
2469 759 2571 829 qui
2597 758 2798 817 statim
2833 759 3061 835 Hugoni
3116 756 3490 831 Lugdunensi
3536 756 3766 815 archie-

2103 850 2341 924 piscopo
2372 848 2678 921 rescripsit
2706 852 2774 929 ut
2802 848 2970 905 Petro
2998 846 3447 905 Trcnorchiensi
3496 848 3559 904 in
3583 847 3767 903 cathe-

2101 940 2203 996 dra
2239 938 2509 997 abbatiali
2550 937 2737 995 sedere
2782 937 3181 1006 interdiceret,
3226 934 3766 995 donecsatisfecis-

2101 1035 2191 1087 set
2218 1025 2833 1087 Cluniacensibus.Cui
2869 1026 3145 1083 mandato
3175 1024 3271 1081 hic
3295 1024 3535 1087 tandem
3563 1022 3768 1096 paruit

2100 1135 2256 1175 anno
2287 1117 2449 1186 4097,
2483 1114 2801 1172 indictione
2824 1131 2880 1181 v,
2911 1112 3299 1171 ordinationis
3350 1112 3615 1186 I-lugonis
3663 1104 3761 1182 49,

2099 1214 2168 1264 ut
2213 1206 2391 1263 habet
2435 1209 2601 1262 vetus
2650 1203 3112 1261 instrumentum
3135 1218 3206 1259 ex
3233 1218 3347 1275 quo
3384 1201 3508 1259 haec
3537 1199 3763 1263 descri-

2100 1312 2349 1370 psimus.

2257 1383 2531 1441 CCXCVI.
2567 1382 2932 1453 Privilcgium
2962 1382 3203 1440 ecclesiae
3228 1380 3600 1438 Arvernensis.

2171 1474 2329 1530 Idem
2360 1471 2615 1546 pontifex
2646 1470 2739 1528 die
2768 1473 2835 1526 18
2865 1468 3087 1543 Aprilis.
3110 1468 3325 1543 insigni
3348 1468 3511 1527 bulla
3539 1467 3756 1524 confir—

2097 1563 2279 1619 mavit
2323 1561 2524 1617 omnia
2568 1558 2873 1633 privilegia
2919 1575 2986 1617 ac
3030 1557 3434 1630 possessiones
3478 1554 3756 1617 Ecclesiae

2094 1651 2510 1719 Arvernensis;
2545 1648 2869 1720 statuitque
2919 1652 2985 1703 ut
3031 1648 3161 1720 ejus
3208 1645 3480 1704 Ecclesia
3506 1645 3759 1703 antistes

2097 1741 2157 1797 in
2188 1738 2554 1797 ordinatione
2602 1735 3031 1810 metropolitani
3081 1735 3463 1795 Bituricensis
3492 1735 3753 1809 primum

2095 1828 2291 1886 locum
2322 1826 2630 1885 obtineret.
3342 1842 3361 1857 ··

2200 1916 2500 1974 CCXCVII.
2527 1920 2676 1972 Bona
2712 1916 2988 1971 Thcatinaz
3016 1914 3269 1970 Ecclesia
3299 1914 3637 1984 conﬁrmata.

2163 2006 2437 2078 Sequenti
2470 2004 2563 2061 die
2592 2002 2831 2076 scripsit
2858 2004 3013 2060 idem
3043 2002 3302 2075 pontifex
3330 2001 3403 2061 ad
3434 2000 3655 2057 clerum
3686 2003 3749 2057 et
3840 2038 3847 2042 ι

2092 2111 2359 2168 proceres
2390 2093 2702 2151 comitatus
2729 2092 3020 2160 Thcatini,
3044 2092 3115 2148 de
3145 2091 3240 2151 his
3270 2106 3397 2163 quae
3424 2104 3619 2151 coram
3642 2104 3748 2162 po-

2092 2184 2403 2255 situs,cum
2429 2181 2634 2238 Theati
2667 2197 2869 2237 mense
2899 2179 3108 2236 Martio
3139 2179 3401 2252 proxime
3430 2177 3633 2251 elapso
3652 2194 3747 2235 es-

2091 2276 2199 2337 set,
2222 2271 2621 2328 constituerat.
2655 2269 3046 2341 Rescriptum,
3078 2285 3181 2325 seu
3212 2268 3409 2341 potius
3436 2267 3565 2339 ejus
3588 2267 3746 2342 frag-

2090 2364 2356 2416 mentum
2379 2358 2611 2415 exhibet
2639 2355 3048 2437 Ughellus,sed
3069 2356 3311 2413 omnino
3340 2354 3652 2425 mutilum;
3684 2359 3748 2411 at

2089 2448 2257 2507 facile
2286 2446 2546 2521 suppleri
2585 2450 2775 2519 potest
2804 2462 2873 2501 ex
2920 2443 3085 2501 bulla
3124 2443 3430 2501 Paschalis
3461 2444 3530 2511 ll,
3562 2460 3743 2517 quam

2090 2538 2245 2594 idem
2267 2541 2469 2594 auctor
2491 2535 2667 2591 refert
2682 2537 2842 2590 tomo
2858 2535 2932 2589 Vl
2955 2532 3012 2588 in
3030 2533 3293 2607 catalogo
3320 2531 3744 2591 Theatinorum

2086 2626 2519 2699 episcoporum,
2551 2622 2611 2680 in
2644 2639 2761 2696 qua
2788 2639 2859 2678 ex
2909 2623 3115 2680 Urbani
3148 2623 3350 2694 scripto
3398 2620 3742 2695 singillatim

2088 2719 2349 2773 recenset
2376 2714 2567 2773 varias
2596 2712 2999 2786 possessiones
3048 2729 3084 2769 a
3129 2708 3443 2768 comitibus
3492 2710 3743 2768 Roberto

2084 2809 2143 2863 et
2181 2803 2462 2861 Tassione
2506 2803 2636 2875 ejus
2686 2801 2863 2857 fratre
2911 2800 3217 2857 restitutas
3241 2803 3344 2857 aut
3371 2800 3559 2867 datas,
3593 2814 3742 2873 quas

2091 2893 2373 2968 Raynult‘o
2403 2891 2761 2964 episcopo,et
2786 2892 2915 2963 ejus
2943 2889 3212 2947 Ecclesia
3242 2905 3377 2946 cum
3406 2888 3538 2946 aliis
3566 2888 3642 2945 ab
3671 2904 3741 2946 eo

2085 2982 2393 3056 acquisitis
2424 2980 2694 3037 Urbanus
2724 2979 3187 3036 conﬁrmaverat.

2352 3068 2684 3126 CCXCVIII.
2718 3067 3010 3140 Philippus
3039 3083 3144 3123 rex
3162 3067 3465 3127 absolutus.

320 3136 758 3229 expeditionum
791 3150 976 3216 initia,
1008 3166 1139 3223 quas
1168 3166 1272 3224 per
1316 3154 1403 3206 tot
1444 3167 1731 3206 annorum
1782 3150 1973 3224 spatia
2000 3136 2043 3204 C
2153 3160 2231 3216 Eo
2259 3163 2523 3231 tempore
2555 3136 3134 3229 nuntiugailhilippo
3164 3154 3483 3213 Galliarum
3504 3170 3636 3228 rege
3658 3156 3731 3211 ad

320 3243 475 3300 inter
500 3243 692 3299 varias
723 3242 989 3297 fortunas
1019 3239 1361 3295 continuata
1390 3240 1663 3308 deinceps
1710 3239 1965 3297 fuerunt.

317 3335 391 3390 At
415 3333 486 3389 de
514 3347 717 3389 earum
749 3329 1051 3387 eventibus
1084 3329 1272 3385 fusius
1305 3345 1479 3402 agere
1504 3346 1619 3385 non
1651 3334 1741 3384 est
1784 3329 1965 3385 nostri

318 3418 851 3492 instituti.Legendi
886 3423 1173 3486 auctores,
1209 3420 1274 3473 ut
1307 3418 1435 3489 jam
1478 3434 1592 3473 non
1631 3417 1811 3474 semel
1839 3435 1969 3474 mo-

318 3510 581 3577 nuimus,
613 3508 713 3580 qui
762 3506 940 3563 simul
990 3506 1103 3563 sub
1148 3504 1317 3562 titulo
1367 3506 1676 3563 Gestorum
1731 3506 1831 3563 Dei
1868 3523 1970 3579 per

318 3599 572 3654 Francos
603 3595 743 3653 editi
775 3598 932 3651 sunt.
1810 3650 1819 3665 ι

390 3686 677 3742 Reversus
716 3686 933 3749 autem,
975 3687 1040 3738 ut
1092 3683 1265 3739 modo
1312 3683 1674 3751 dicebamus,
1724 3684 1967 3740 Romam

318 3773 589 3832 Urbanus
620 3773 701 3828 ibi
732 3771 1021 3844 insignem
1054 3771 1277 3828 bullam
1309 3771 1573 3829 Oderisio
1602 3770 1885 3827 cardinali
1913 3777 1971 3829 et

317 3863 517 3921 abbati
544 3861 842 3919 Casinensi
876 3860 1188 3929 concessit,
1220 3861 1279 3916 in
1310 3878 1428 3934 qua
1474 3877 1622 3917 nova
1668 3860 1972 3934 privilegia

317 3951 671 4013 monasterio
705 3950 1005 4008 Casinensi
1036 3949 1240 4006 multis
1278 3951 1406 4021 jam
1458 3954 1629 4006 antea
1675 3950 1969 4008 concessis

316 4041 611 4113 adjecit,et
627 4039 1031 4114 possessiones
1043 4036 1544 4111 ejus,singillatim
1563 4042 1628 4093 ut
1646 4037 1967 4111 plurimum

316 4127 990 4198 recensitas,confirmat.
1023 4127 1155 4184 Haec
1182 4125 1398 4199 partim
1419 4128 1547 4200 jam
1578 4127 1735 4184 edita
1754 4128 1814 4184 in
1836 4126 1971 4184 Bul-

313 4217 461 4275 lario
490 4217 816 4284 Casinensi,
839 4233 907 4273 ex
938 4215 1230 4272 chartario
1261 4214 1414 4271 Petri
1450 4215 1704 4284 Diaconi,
1728 4215 1884 4289 quod
1908 4215 1967 4272 in

313 4307 668 4364 bibliotheca
690 4304 973 4379 principis
986 4303 1274 4377 Pamphili
1304 4302 1807 4376 habetur,integra
1828 4303 1968 4359 olim

314 4394 470 4451 inter
501 4392 716 4450 Urbani
747 4389 1026 4465 epistolas
1055 4392 1399 4465 proferetur.
1433 4391 1581 4448 Data
1608 4395 1696 4448 est
1728 4392 1834 4448 hoc
1865 4409 1966 4448 an-

320 4501 397 4539 no
426 4500 481 4539 vn
512 4481 639 4537 Kal.
662 4479 899 4555 Aprilis.

553 4570 797 4626 CCXUV.
815 4570 1139 4626 Cluniacum
1160 4572 1394 4642 protegit
1427 4569 1694 4627 Urbanus.

370 4660 579 4716 Mense
610 4659 739 4732 ipso
767 4657 950 4732 Aprili
979 4658 1237 4731 pontifex
1260 4656 1732 4717 Cluniacensium
1765 4676 1962 4714 mona-

313 4749 579 4819 chorum,
612 4765 762 4821 quos
791 4746 1055 4803 nonnulli
1096 4747 1539 4820 perturbabant,
1572 4747 1961 4818 patrocinium

311 4838 592 4911 suscepit,
621 4838 756 4894 dato
784 4834 1063 4909 rescripto
1095 4836 1165 4892 ad
1201 4835 1502 4909 Hugonem
1536 4836 1962 4908 abbatem,quo

312 4927 520 4985 statuit
578 4933 662 4996 ut,
709 4927 941 4984 etiamsi
991 4924 1299 4981 interdicta
1344 4923 1472 4981 loca
1518 4923 1709 4979 vicina
1742 4929 1959 4992 essent,

312 5015 609 5073 autetiam
641 5017 919 5073 dicaceses
950 5015 1186 5088 integra:
1212 5014 1272 5069 in
1303 5013 1523 5086 quibus
1551 5012 1961 5068 Cluniacenses

311 5107 553 5179 degunt,
584 5105 732 5179 ipsis
763 5105 963 5162 liceret
992 5103 1196 5177 junuis
1242 5099 1494 5159 occlusis
1536 5100 1734 5157 divina
1776 5099 1966 5156 officia

312 5209 611 5267 peragere.

382 5282 713 5340 Emerserat
759 5282 964 5339 eodem
1016 5285 1280 5353 tempore
1330 5278 1523 5352 gravis
1570 5279 1966 5336 controversia

309 5371 463 5429 inter
489 5372 728 5429 eosdem
776 5369 1190 5427 Cluniacenses
1221 5371 1278 5425 et
1308 5367 1540 5424 Petrum
1588 5365 1858 5424 abbatem
1909 5372 1967 5426 et

312 5460 630 5518 monachos
670 5457 1180 5515 Trenorchienses.
1238 5456 1681 5515 Contendebant
1726 5456 1965 5516 Clunia-

310 5566 514 5624 censes
542 5550 614 5611 ab
645 5546 777 5609 istis
806 5546 1025 5625 injuste
1045 5540 1391 5626 usurpatam
1421 5544 1603 5605 fuisse
1621 5548 1966 5622 piscaturam

2078 3247 2381 3304 Urbanum
2411 3245 2634 3302 missus
2664 3244 2908 3300 Romam
2939 3243 3191 3311 advenit,
3225 3242 3326 3316 qui
3357 3243 3490 3300 dato
3533 3258 3726 3301 sacra-

2076 3341 2273 3393 mento
2304 3333 2619 3391 affirmavit
2668 3348 2864 3406 regem
2913 3332 2988 3388 ad
3035 3332 3399 3400 Bertradam,
3429 3347 3608 3405 quam
3629 3331 3730 3403 ju-

2075 3426 2246 3483 bente
2274 3424 2548 3498 pontifice
2577 3421 2900 3489 dimiserat,
2935 3437 3240 3494 nunquam
3267 3420 3526 3477 rediisse.
3540 3421 3731 3485 Quare

2076 3514 2349 3571 Urbanus
2380 3510 2698 3569 Gallicanis
2729 3510 3042 3584 episcopis,
3064 3526 3132 3566 ac
3154 3507 3443 3583 praecipue
3471 3508 3730 3571 Manassi

2077 3601 2347 3660 Remensi
2379 3599 2834 3672 archiepiscopo,
2860 3598 2931 3654 ad
2962 3615 3139 3670 quem
3167 3596 3546 3671 potissimum
3566 3595 3732 3671 regni

2077 3692 2350 3751 diadema
2376 3687 2722 3761 pertinebat,
2755 3686 3013 3759 scripsit,
3048 3703 3241 3760 regem
3266 3686 3338 3743 ab
3369 3685 3530 3743 omni
3552 3685 3729 3742 inter-

2076 3779 2229 3837 dicto
2259 3794 2388 3835 esse
2418 3775 2790 3845 absolutum;
2823 3780 2999 3849 atque
3020 3776 3163 3832 adeo
3184 3792 3357 3848 posse
3386 3774 3471 3830 uti
3496 3790 3731 3841 corona,

2077 3885 2182 3943 pro
2208 3866 2442 3923 illorum
2474 3872 2807 3938 temporum
2839 3881 3020 3931 more,
3053 3864 3111 3919 in
3144 3861 3377 3937 magnis
3398 3862 3732 3919 solemnita-

2077 3957 2255 4014 tibus.
2279 3955 2409 4012 Haec
2438 3952 2837 4028 epistola,qua3
2869 3954 2929 4009 in
2960 3953 3271 4026 Spicilegio
3302 3951 3579 4010 chronica
3599 3958 3738 4008 nota

2076 4044 2330 4113 carebat,
2362 4059 2466 4100 vm
2496 4043 2615 4098 Kal.
2650 4043 2800 4109 Maii,
2836 4041 3241 4099 Laleranidata
3264 4041 3483 4096 dicitur
3510 4040 3570 4096 in
3603 4056 3736 4097 nos-

2075 4139 2164 4192 tro
2196 4134 2323 4191 cod.
2356 4150 2469 4189 ms.
3212 4190 3227 4201 ο

2398 4220 2670 4279 CCXCIX.
2706 4221 2762 4278 S.
2793 4220 3030 4277 Orienlii
3047 4221 3183 4291 jura
3205 4224 3409 4276 tuetur.

2148 4310 2326 4367 Paulo
2359 4320 2510 4383 post,
2538 4310 2593 4365 id
2629 4315 2719 4367 est
2750 4308 2919 4366 tertio
2950 4308 3074 4365 Kal.
3115 4309 3298 4380 hujus
3349 4306 3592 4377 mensis,
3625 4305 3734 4363 Ur-

2076 4400 2268 4457 banus
2300 4396 2772 4471 Raymundo,qui
2795 4397 2905 4453 hoc
2928 4414 3081 4452 anno
3112 4395 3493 4453 Ausciensem
3516 4398 3732 4452 metro-

1998 4506 2044 4570 Π
2078 4487 2256 4561 polim
2290 4488 2601 4561 regendam
2635 4489 2990 4557 susceperat,
3023 4485 3260 4558 scripsit
3308 4490 3374 4541 ut
3422 4483 3732 4541 audaciam

2076 4578 2341 4650 ejusdem
2401 4574 2669 4633 Ecclesiae
2728 4575 3071 4631 clericorum
3129 4574 3367 4647 reprimi
3421 4575 3733 4649 satageret,

2072 4666 2169 4739 qui
2201 4669 2404 4721 contra
2434 4664 2644 4721 Leonis
2675 4679 2858 4736 papae,
2892 4667 2949 4719 et
2979 4663 3071 4719 sui
3103 4664 3281 4719 etiam
3310 4661 3499 4735 ipsius
3534 4662 3733 4718 decre-

2073 4751 2626 4824 tum,cmmeterium
2649 4751 2871 4808 Sanctii
2901 4752 3121 4808 Orienti
3150 4749 3526 4808 violaverant.

2596 4842 2741 4898 CCC.
2780 4842 3023 4899 Udalrici
3048 4858 3212 4898 mors.

2140 4933 2258 4988 Sub
2291 4932 2467 4987 finem
2499 4930 2765 4987 Octobris
2798 4929 3104 4986 Udalricus
3152 4924 3370 4997 comes,
3422 4926 3640 4984 Urbani
3672 4928 3729 4985 in

2071 5020 2383 5079 Germania
2412 5020 2668 5093 partium
2701 5023 3103 5092 propugnator
3147 5017 3490 5084 acerrimus,
3523 5035 3554 5073 e
3583 5015 3729 5073 vivis

2072 5107 2350 5177 excessit;
2381 5106 2481 5180 qui
2530 5123 2586 5162 v1
2634 5104 3027 5162 Kalendarum
3055 5105 3470 5189 Novembrium
3510 5104 3605 5160 die
3633 5118 3725 5160 se-

2071 5197 2276 5269 pultus
2303 5200 2394 5252 est
2421 5194 2578 5267 apud
2619 5193 3135 5267 Brigantiam,ubi,
3167 5197 3315 5250 teste
3354 5190 3724 5260 Bertoldo,ad

2072 5286 2231 5342 hunc
2261 5299 2505 5349 annum,
2532 5280 2854 5339 monachos
2883 5280 3236 5339 instituerat.

2206 5373 2374 5451 CCCI.
2406 5371 2767 5427 Narbonensis
2798 5370 3057 5429 Ecclesiae
3075 5372 3212 5445 jura
3241 5370 3584 5442 conﬁrmala.

2148 5461 2427 5518 Defuncto
2475 5458 2649 5515 etiam
2683 5458 2791 5515 hoc
2831 5476 2984 5517 anno
3033 5460 3472 5534 archiepiscopo
3502 5457 3727 5516 Narbo-

2074 5549 2263 5623 nensi,
2296 5548 2563 5612 Urbanus
2594 5550 3006 5625 Bertrandum,
3038 5566 3214 5628 quem
3242 5553 3415 5613 antea
3443 5550 3570 5627 ipse
3611 5548 3729 5613 Ne-
