4000 6176
118 309 246 396 229

1747 304 1957 371 VlTA.

3439 311 3559 372 230

121 441 330 497 mansi
365 443 711 522 episcopum
744 447 1198 512 consecraverat,
1230 445 1301 501 ad
1335 444 1480 501 hanc
1516 450 1798 517 metropo-
1830 447 1882 511 Α
1917 442 2008 497 ille
2059 445 2126 498 ad
2180 445 2373 502 sedem
2407 447 2784 518 apostolicam
2836 446 3168 521 appellavit,
3199 464 3262 504 ac
3313 447 3557 503 Romam

113 530 227 585 lim
263 529 556 588 electione
595 533 1174 606 comprovincialium
1213 534 1642 607 episcoporum,
1675 537 1787 590 exi-

111 623 289 688 gente
310 622 643 678 necessitate
680 621 1006 688 transtulit,
1039 623 1194 696 quod
1227 623 1372 679 nulli
1419 639 1479 679 se
1523 623 1796 695 deinceps

111 708 568 780 permissurum
601 713 872 767 testatur.
907 710 968 766 Id
1009 729 1076 766 ex
1114 712 1241 783 ejus
1273 710 1590 784 diplomate
1621 711 1795 767 disci-

115 814 282 864 mus,
319 814 443 870 quo
465 799 585 872 jpsi
622 799 943 856 Bertrando
970 798 1427 872 metropolitana
1459 801 1795 857 Narbonen-

115 885 199 942 sis
235 886 520 942 Ecclesia:
543 889 704 959 jura,
731 892 788 944 et
819 890 945 961 ejus
972 907 1030 944 1n
1059 890 1394 962 Aquensem
1427 888 1796 961 metropolim

115 975 458 1048 primatum
489 977 876 1034 conﬁrmavit.
909 977 1125 1035 Datum
1155 978 1372 1034 dicitur
1404 977 1667 1035 Laterani
1695 996 1796 1035 VIII

115 1065 258 1120 Idus
289 1063 672 1133 Novembris,
705 1068 862 1140 quod
897 1068 1024 1140 jam
1073 1069 1147 1122 ab
1193 1066 1597 1124 illustrissimo
1628 1067 1797 1124 Petro

115 1154 187 1208 de
232 1156 440 1210 Harsa
473 1153 532 1210 in
573 1156 908 1228 Appendice
957 1157 1029 1212 ad
1063 1154 1281 1211 librum
1315 1156 1396 1211 De
1445 1157 1797 1229 primatibus

115 1243 350 1299 editum
386 1248 499 1299 est.
534 1245 632 1299 Isti
678 1244 792 1300 alia
837 1246 954 1301 duo
985 1245 1267 1318 rescripta
1295 1262 1365 1301 ex
1393 1245 1602 1301 iisdem
1633 1246 1796 1301 codi-

113 1333 289 1387 cibus
325 1333 794 1406 subjungentur,
827 1352 952 1407 quae
993 1335 1063 1389 ad
1109 1335 1375 1390 eamdem
1428 1333 1794 1406 metropolim

114 1421 446 1492 pertinent,
500 1427 555 1478 et
615 1422 809 1479 nullas
873 1425 1186 1496 prazfernnt
1242 1423 1547 1480 chronicas
1604 1427 1792 1480 notas.

115 1510 461 1583 Utrumque
488 1512 770 1569 adversus
791 1517 1124 1584 Aquensem
1148 1512 1679 1586 archiepiscopum,
1695 1513 1794 1586 qui

114 1599 497 1656 Narbonensi
521 1601 758 1674 primati
783 1601 1022 1658 obedire
1045 1602 1426 1668 detrectabat,
1451 1602 1652 1657 datum
1677 1609 1793 1670 est;

115 1706 307 1744 unum
333 1691 455 1761 ipsi
479 1690 763 1762 Aqucnsi,
790 1691 1043 1748 alterum
1067 1691 1292 1764 Ilugoni
1319 1691 1697 1763 bugdunensi
1720 1691 1798 1745 vi-

117 1777 274 1834 cario
307 1779 483 1835 sedis
513 1778 849 1852 apostolicae
883 1780 1256 1852 inscriptum.

323 1867 536 1924 CCCII.
571 1869 937 1940 Privilegz'um
965 1869 1223 1926 Ecclesiae
1254 1870 1595 1925 Verulensz's.

183 1955 272 2012 Ad
309 1956 478 2013 idem
507 1974 741 2030 quoque
790 1963 1022 2030 tempus
1070 1958 1457 2014 revocandum
1499 1963 1586 2014 est
1612 1957 1794 2014 Veru-

116 2043 284 2102 lense
337 2045 742 2119 privilegium,
797 2047 948 2119 quod
1002 2047 1273 2103 Urbanus
1329 2048 1548 2114 Albani,
1582 2048 1628 2104 si
1681 2065 1794 2102 non

117 2134 270 2190 fallit
305 2135 446 2206 ejus
478 2135 813 2208 exemplum
845 2136 919 2192 ab
952 2134 1193 2208 Ughello
1231 2137 1475 2201 editum,
1509 2136 1614 2191 hoc
1645 2152 1798 2192 anno

116 2230 174 2279 et
203 2223 468 2296 quidem
500 2224 822 2292 desinente,
851 2223 932 2280 uti
981 2228 1191 2298 probat
1219 2224 1457 2281 indictio
1509 2229 1671 2282 sexta
1716 2225 1796 2280 ibi

116 2312 428 2386 apposita,
459 2312 700 2370 Alberto
742 2313 1010 2385 ejusdem
1055 2313 1323 2371 Ecclesia:
1354 2315 1628 2387 episcoPO
1659 2331 1794 2370 con-

117 2402 318 2458 cessit.
347 2401 518 2458 Certe
547 2401 684 2458 huic
715 2402 1014 2476 privilegio
1045 2403 1205 2458 sicut
1233 2408 1290 2460 et
1316 2403 1702 2472 Narbonensi,
1726 2404 1797 2459 de

115 2507 227 2562 quo
271 2506 534 2546 numero
581 2491 928 2563 praecedenti
973 2491 1250 2560 diximus,
1283 2493 1626 2565 Lanfrancus
1655 2494 1796 2548 vices

115 2596 314 2651 gerens
384 2580 711 2635 cancellarii
783 2579 1168 2653 subscripsit,
1229 2581 1386 2636 unde
1451 2580 1797 2652 conjicimus

119 2675 454 2740 utrumque
484 2669 686 2724 eodem
711 2669 892 2725 ferme
921 2673 1206 2741 tempore,
1233 2687 1443 2742 nempe
1465 2670 1618 2726 circa
1640 2687 1797 2726 men-

123 2772 246 2812 sem
267 2755 688 2823 Novembrem,
713 2755 952 2814 absente
969 2760 1071 2812 aut
1091 2763 1405 2829 aegrotante
1425 2758 1646 2814 Joanne
1669 2775 1799 2813 can-

127 2843 392 2912 cellario,
421 2843 604 2900 fuisse
634 2845 1051 2917 conscriptum.

229 2950 475 3007 CCCIII.
507 2953 767 3008 Robertus
796 2953 961 3008 abbas
993 2955 1346 3023 Remigianus
1376 2955 1444 3009 ab
1476 2954 1688 3011 Urbano

779 3040 874 3078 con
880 3024 1150 3100 ﬁrmatus.

199 3111 323 3167 Hoc
354 3112 486 3184 ipso
518 3111 691 3168 etiam
725 3129 899 3182 anno,
933 3117 998 3168 ut
1030 3112 1244 3170 diserte
1289 3113 1464 3170 habet
1508 3117 1675 3170 vetus
1706 3114 1794 3168 in-

1905 533 2107 604 petivit
2136 552 2304 589 suam
2355 552 2594 592 causam
2645 538 3017 594 defensurus.
3051 539 3122 593 Et
3168 538 3426 610 quidem,
3460 536 3558 593 illo

1905 620 2124 688 audito,
2160 623 2419 694 pontifex
2466 642 2533 680 ea
2583 642 2710 698 quae
2765 631 2890 681 tum
2942 643 2976 680 a
3027 625 3338 694 Bernardo,
3369 630 3494 681 tum
3527 643 3561 680 a

1905 708 2132 765 concilii
2169 711 2472 769 Remensis
2519 714 2792 771 Patribus
2824 715 2975 770 facta
3025 717 3254 770 fuerant
3285 715 3556 782 rescidit;

1904 815 2172 854 asserens
2205 801 2580 871 monachum,
2606 802 2804 858 statim
2855 807 3028 875 atque
3077 803 3316 860 alterius
3356 821 3556 859 mona-

1905 885 2063 940 sterii
2097 888 2278 944 abbas
2321 890 2508 946 factus
2554 895 2664 956 est,
2694 894 3096 963 emancipatam
3142 907 3289 959 esse,
3323 909 3428 948 nec
3458 893 3557 947 de-

1905 973 2040 1030 bere
2072 977 2328 1050 amplius
2361 979 2574 1052 prioris
2622 979 2962 1039 monasterii
2993 981 3189 1035 abbati
3233 981 3556 1052 subjacere.

1906 1063 2034 1120 Haec
2065 1067 2260 1121 omnia
2288 1084 2353 1124 ex
2400 1068 2635 1124 laudato
2687 1069 3078 1126 instrumento
3109 1074 3167 1124 et
3211 1070 3402 1126 tribus
3431 1070 3559 1142 epi-

1906 1151 2070 1208 stolis
2099 1170 2167 1210 ea
2197 1155 2268 1210 de
2301 1173 2358 1211 re
2391 1157 2625 1229 scriptis
2673 1157 2977 1212 discimus.
3014 1157 3274 1214 Primum
3322 1157 3561 1230 scripsit

1905 1240 2248 1299 Lambertus
2270 1245 2674 1302 Atrebatensis
2694 1247 3006 1319 episcOpus
3036 1247 3108 1302 ad
3144 1246 3464 1314 Urbanum,
3497 1246 3557 1302 in

1905 1347 2022 1401 qua
2051 1331 2230 1403 hujus
2254 1334 2446 1390 omnis
2469 1335 2684 1408 negotii
2713 1335 2994 1392 rationem
3027 1337 3076 1391 ei
3113 1335 3332 1404 reddit;
3357 1352 3560 1392 secun-

1905 1419 1978 1473 da
1995 1423 2082 1475 est
2104 1421 2292 1494 ipsius
2314 1423 2606 1494 pontiﬁcis
2624 1423 2852 1482 concilii
2875 1424 3224 1488 sententiam
3243 1424 3556 1494 irritantis;

1903 1508 2074 1563 tertia
2105 1510 2359 1584 denique
2391 1513 2622 1569 Roberti
2657 1515 2727 1568 ad
2781 1513 3176 1580 Lambertum,
3211 1518 3274 1569 ut
3319 1529 3452 1569 eum
3485 1515 3556 1569 ad
3649 1513 3652 1516 ’

1905 1613 2024 1652 suae
2057 1614 2268 1665 causae,
2305 1618 2479 1672 quam
2514 1601 2772 1674 pontifex
2803 1603 3010 1658 bonam
3038 1602 3423 1674 judicaverat,
3457 1619 3556 1674 pa-

1909 1687 2218 1743 trocinium
2270 1691 2712 1762 suscipiendum
2764 1691 3053 1747 invitaret.
3086 1691 3202 1748 Has
3241 1707 3445 1747 omnes
3499 1691 3558 1746 in

1903 1776 2232 1847 Appendice
2264 1780 2477 1834 referre
2508 1779 2696 1834 visum
2743 1785 2850 1836 est.
2876 1781 3050 1836 Porro
3079 1781 3150 1835 ad
3183 1780 3334 1844 hanc
3380 1780 3559 1836 etiam

1907 1867 2380 1932 controversiam,
2437 1868 2486 1923 si
2548 1874 2700 1924 recte
2749 1869 2973 1940 judico,
3034 1869 3288 1925 revocari
3346 1868 3562 1924 debent

1907 1951 2152 2009 Baldrici
2206 1955 2610 2029 Burguliensis
2660 1957 2888 2013 abbatis
2927 1975 3128 2014 versus
3176 1957 3249 2014 ad
3298 1958 3559 2014 Odonem

1906 2041 2230 2099 Ostiensem
2265 2046 2602 2118 episcopum
2637 2052 2696 2102 et
2736 2046 3091 2103 cardinalem
3122 2052 3281 2104 torno
3313 2047 3384 2103 ιν
3412 2047 3560 2103 Che-

1907 2131 2018 2185 snii
2057 2131 2199 2186 llist.
2242 2134 2595 2190 Francorum
2628 2136 2787 2200 editi,
2821 2136 3037 2208 quibus
3084 2135 3134 2193 ei
3186 2137 3562 2192 commendat

1907 2236 2145 2275 causam
2177 2221 2406 2279 abbatis
2453 2223 2798 2296 Remigiani,
2834 2241 3028 2297 quem,
3063 2225 3172 2282 etsi
3213 2242 3248 2280 a
3286 2225 3560 2298 pontiﬁce

1907 2309 2345 2376 conﬁrmatum,
2373 2311 2688 2370 Remorum
2721 2312 3194 2385 archiepiscopus
3218 2329 3249 2370 e
3271 2319 3561 2370 monaste-

1907 2396 1990 2452 rio
2029 2396 2347 2470 expulerat.
2369 2399 2530 2456 Certe
2574 2418 2688 2456 non
2719 2401 2948 2457 videtur
2977 2401 3262 2459 Robertus
3293 2418 3557 2474 unquam

1905 2485 1961 2540 in
1999 2503 2166 2541 suam
2198 2486 2543 2559 dignitatem
2567 2489 2873 2546 restitutus
2896 2491 3106 2556 fuisse;
3131 2489 3231 2561 qui
3258 2491 3403 2546 forte
3433 2506 3561 2562 per-
3598 2547 3602 2550 ,

1907 2579 2081 2630 ῑεεευε
2120 2575 2193 2631 ob
2235 2576 2340 2633 has
2400 2578 2603 2634 turbas
2663 2578 2996 2636 Burchardo
3056 2577 3249 2634 locum
3301 2579 3458 2646 fecit,
3490 2595 3556 2635 ac

1904 2663 2460 2737 Jerosolymitanum
2496 2667 2603 2722 iter
2642 2667 2919 2738 suscepit,
2949 2668 3118 2739 cuius
3163 2671 3220 2724 et
3251 2684 3430 2724 sacras
3459 2685 3554 2724 ex-
3627 2677 3638 2686 ‘

1905 2751 2217 2824 peditionis
2263 2755 2599 2824 Historiam,
2635 2756 2694 2811 in
2743 2755 2890 2812 cella
2939 2755 3283 2828 Remigiana
3327 2757 3556 2814 Senuco

1905 2833 2058 2888 dicta
2079 2832 2135 2888 in
2159 2834 2462 2890 Franciam
2487 2852 2752 2892 reversus
2775 2842 2977 2906 postea
2998 2835 3364 2910 conscripsit.
3386 2839 3554 2894 Auno

1904 2926 2099 2978 tamen
2133 2924 2264 2978 1111
2302 2924 2358 2978 in
2391 2924 2636 2980 concilio
2683 2924 3028 2993 Pictavensi,
3065 2930 3128 2982 ut
3165 2924 3342 2982 habet
3388 2926 3555 3000 Hugo

1906 3008 2356 3068 Flaviniacensis
2400 3012 2458 3068 in
2489 3012 2793 3078 Chronico,
2827 3031 3033 3069 rursus
3064 3014 3135 3069 de
3181 3015 3299 3086 ejus
3348 3016 3556 3086 injuste

1903 3100 2220 3170 expulsione
2257 3105 2307 3156 et
2354 3101 2552 3156 illicita
2580 3101 2891 3156 Burchardi
2916 3102 3301 3158 substitutione
3341 3106 3552 3160 tracta-

130 3204 535 3256 strumentum
566 3202 721 3272 quod
755 3219 823 3257 ex
852 3218 963 3257 ms.
990 3202 1374 3258 Mauriaccnsi
1409 3201 1715 3266 habemus,
1740 3207 1789 3258 et

1907 3190 2023 3242 tum
2047 3193 2156 3250 est;
2187 3189 2308 3256 sed,
2344 3187 2477 3244 licet
2521 3191 2648 3262 ejus
2675 3193 2938 3262 promotio
2967 3191 3284 3247 authentica
3303 3200 3355 3247 et
3391 3209 3553 3250 cano-

127 3305 192 3350 ex
220 3287 521 3346 tabulario
571 3290 1092 3347 archimonasterii
1139 3291 1464 3364 Remigiani
1503 3291 1653 3362 apud
1692 3291 1798 3347 Re-

126 3395 252 3434 mos
279 3378 439 3434 eruit
469 3377 542 3434 cl.
572 3378 867 3434 memoria:
891 3380 1147 3452 Cangius
1180 3379 1240 3434 in
1264 3379 1559 3436 Glossario
1591 3379 1798 3436 Latino

124 3466 372 3528 editum,
387 3465 661 3523 Urbanus
678 3485 708 3522 e
726 3466 940 3522 Galliis
963 3467 1207 3523 Romam
1228 3467 1799 3544 reversusjudicium

127 3554 256 3610 tulit
280 3555 346 3610 in
365 3555 604 3611 Roberti
624 3557 889 3627 ejusdem
917 3556 1260 3611 monasterii
1280 3556 1508 3612 abbatis
1525 3555 1796 3629 gratiam,

127 3645 412 3700 adversus
441 3643 804 3700 Bernardum
851 3645 1088 3716 Majoris
1132 3644 1466 3702 Monasterii
1502 3645 1794 3712 abbatem.

127 3731 421 3788 Robertus
443 3732 682 3803 Majoris
717 3733 1051 3788 Monasterii
1084 3733 1409 3790 monachus
1440 3733 1498 3788 in
1523 3734 1795 3789 abbatem

127 3838 156 3876 a
186 3821 560 3893 Remigianis
594 3821 647 3876 in
683 3821 914 3877 Henrici
946 3821 1140 3878 locum
1175 3827 1308 3879 ante
1358 3823 1584 3896 aliquot
1613 3838 1800 3878 annos

126 3909 440 3982 expetitus,
472 3927 540 3965 ea
575 3911 902 3967 conditione
926 3912 1273 3968 aBernardo
1311 3928 1625 3968 concessus
1671 3912 1797 3966 fue-

128 4003 228 4066 rat,
255 4003 344 4065 ut,
371 3998 424 4053 si
456 3998 771 4070 aliquando
801 3998 895 4056 ille
926 4000 1306 4071 professionis
1335 4018 1454 4056 sua:
1477 4001 1801 4075 .immemrl'

127 4092 330 4143 contra
362 4087 628 4160 regulam
683 4089 1004 4160 quidquam
1041 4094 1261 4162 ageret,
1286 4089 1626 4145 correctioni
1675 4090 1794 4147 Ma-

123 4176 268 4246 joris
292 4175 640 4231 Monasterii
671 4177 900 4232 abbatis
931 4177 1303 4234 subderetur.
1333 4179 1446 4234 Res
1477 4178 1558 4234 ita
1587 4179 1794 4235 evenit.

131 4265 420 4320 Robertus
444 4280 652 4336 nempe
671 4265 1063 4331 factusabbas
1083 4265 1534 4322 Claromontano
1551 4267 1794 4324 concilio

131 4370 263 4408 cum
305 4353 535 4408 caeteris
569 4353 851 4421 interfuit,
887 4370 951 4408 ac
1003 4359 1224 4426 postea,
1251 4355 1386 4426 jure
1435 4372 1508 4411 an
1559 4357 1773 4428 injuria

135 4445 427 4498 incertum
479 4441 622 4496 mihi
670 4447 778 4508 est,
814 4441 962 4498 male
993 4443 1143 4514 apud
1180 4443 1539 4499 Bernardum
1588 4438 1794 4530 audiit:

1905 3277 2052 3344 nica,
2099 3276 2377 3334 introitus
2423 3279 2720 3349 legitimus,
2753 3283 2811 3334 et
2851 3281 3182 3335 conversatio
3228 3283 3415 3336 sancta
3466 3281 3552 3335 in-

1903 3371 2077 3419 venta
2097 3367 2363 3433 fuissent,
2398 3365 2803 3434 nihilominus,
2828 3384 2983 3431 cum,
3007 3368 3310 3423 occasione
3330 3367 3554 3424 littera-

1906 3471 2036 3508 rum
2069 3454 2521 3528 apostolicarum
2552 3472 2676 3528 quae
2709 3455 3010 3511 nonnullis
3039 3455 3229 3512 dubia:
3261 3456 3393 3513 ﬁdei
3424 3473 3554 3514 esse

1903 3544 2268 3610 videbantur,
2284 3544 2659 3602 difﬁcultates
2681 3544 2905 3618 aliquot
2929 3545 3328 3614 emersissent,
3351 3561 3555 3602 earum

1905 3633 2170 3690 examine
2201 3635 2270 3689 ad
2303 3636 2502 3691 sedem
2526 3634 2902 3708 apostolicam
2929 3635 3196 3705 remisso,
3221 3652 3312 3692 res
3341 3635 3556 3694 infecta

1905 3724 2218 3791 remansit;
2251 3723 2626 3782 Burchardus
2652 3729 2849 3780 tamen
2875 3725 3046 3797 paulo
3078 3729 3213 3798 post
3240 3724 3435 3782 locum
3466 3741 3554 3782 ce-

1906 3811 2042 3868 dere
2071 3818 2306 3870 coactus
2326 3819 2434 3882 est,
2457 3815 2559 3871 sed
2592 3831 2706 3869 non
2741 3814 2866 3869 ideo
2898 3814 3206 3870 restitutus
3234 3819 3323 3870 est
3345 3815 3556 3874 Rober-

1906 3907 2019 3956 tus.
2054 3901 2199 3958 Nam
2229 3902 2340 3959 hoc
2387 3903 2514 3976 ipso
2543 3920 2696 3958 anno
2727 3903 3042 3958 Azcnarius
3089 3918 3158 3958 ex
3205 3902 3553 3960 Trimolien-

1905 3990 2058 4044 sium
2091 3991 2464 4048 dominorum
2515 3991 2693 4048 nobili
2739 3990 2960 4046 familia
3007 3990 3192 4046 factus
3238 3995 3329 4046 est
3371 3991 3554 4049 abbas

1907 4081 2305 4153 Remigianus,
2341 4081 2422 4136 uti
2457 4081 2737 4137 Marlotus
2779 4080 2836 4134 in
2879 4078 3216 4150 metropolis
3246 4079 3555 4138 Remensis

1904 4169 2162 4226 Historia
2190 4187 2259 4226 ex
2288 4169 2460 4225 variis
2490 4169 2708 4225 chartis
2740 4167 3144 4241 colligit.Quiu
3176 4171 3235 4223 et
3265 4167 3553 4225 Robertus

1904 4259 2081 4314 etiam
2112 4259 2463 4314 Senucensis
2493 4257 2648 4314 cella:
2681 4257 3210 4323 administratione,
3243 4273 3370 4329 quae
3395 4256 3448 4313 ei
3478 4257 3552 4313 ad

1903 4349 2082 4404 vitam
2139 4347 2578 4420 transigendam
2638 4347 2866 4403 indulta
2921 4349 3127 4412 fuerat,
3177 4344 3556 4418 postmodum

1905 4437 2164 4510 privatus
2194 4441 2301 4506 est,
2339 4440 2400 4491 ut
2434 4435 2586 4491 idem
2621 4441 2822 4491 auctor
2860 4435 3066 4507 probat
3095 4433 3315 4491 Callisti
3345 4435 3554 4491 rescri-

131 4531 253 4599 qui,
277 4535 343 4585 ut
375 4531 498 4602 ipse
529 4531 778 4594 dicebat,
813 4531 1131 4586 inordinata
1177 4539 1230 4585 et
1275 4533 1607 4602 irregularia
1639 4535 1708 4590 ab
1732 4523 1793 4591 e6
1823 4556 1870 4620 Ι)
1907 4527 2195 4620 pt0.quod
2230 4532 2318 4582 est
2356 4527 2558 4582 datum
2583 4524 2866 4620 Laterani,
2891 4542 3025 4580 xvm
3051 4523 3340 4620 Kalendaf
3367 4524 3552 4620 lanii,

131 4621 302 4674 multa
363 4619 487 4689 ﬁeri
542 4624 862 4691 acceperat.
901 4620 1217 4675 Robertum
1280 4621 1476 4692 itaque
1535 4622 1788 4693 primum

134 4708 344 4763 litteris
378 4708 626 4773 monuit,
652 4723 785 4763 cum
820 4707 961 4763 nihil
1013 4709 1274 4780 responsi
1309 4710 1612 4782 acciperet,
1637 4712 1792 4769 diem

130 4812 225 4866 per
254 4795 479 4852 idoneas
501 4811 759 4867 personas
789 4796 838 4851 ei
872 4797 1035 4864 dixit,
1061 4801 1125 4852 ut
1167 4798 1240 4852 ad
1275 4797 1464 4870 Majus
1501 4800 1789 4858 Monaste-

135 4886 288 4942 rium
320 4883 559 4954 veniret,
580 4887 646 4940 de
669 4903 769 4940 sua
802 4888 914 4942 vita
944 4890 996 4942 et
1020 4888 1428 4942 con-versatione
1461 4888 1514 4942 in
1539 4889 1792 4961 capitulo

141 4973 424 5030 rationem
445 4974 800 5030 redditurus.
817 4975 950 5038 Qum
968 4992 1122 5043 cum,
1141 4976 1595 5047 insuperhabitis
1615 4981 1789 5036 etiam

135 5061 555 5136 archiepiscopi
611 5065 704 5121 sui
764 5065 1035 5132 monitis,
1098 5064 1281 5120 nihilo
1335 5064 1433 5121 ille
1491 5068 1789 5138 penderet,

135 5151 681 5210 excommunicatus
711 5170 746 5209 a
785 5152 1080 5210 Bernardo
1111 5153 1242 5221 fuit,
1275 5159 1328 5210 et
1359 5153 1512 5211 hanc
1555 5162 1790 5213 senten-

137 5242 276 5297 tiam
322 5239 625 5299 Manasses
673 5241 1157 5315 metropolitanus
1208 5245 1265 5298 et
1311 5243 1500 5300 caeteri
1549 5245 1790 5319 Belgicae

138 5329 444 5402 provinciae
475 5331 732 5404 episcopi
769 5335 828 5390 et
857 5332 1096 5388 abbates
1128 5331 1187 5388 in
1227 5331 1472 5389 concilio
1505 5334 1658 5407 apud
1689 5336 1792 5391 Re-

139 5435 261 5473 mos
320 5420 764 5487 conﬁrmarunt,
816 5423 1286 5492 censueruntque
1342 5421 1657 5480 Robertum
1715 5426 1788 5481 ad

139 5508 404 5563 abbatem
431 5524 606 5565 suum
630 5508 844 5566 remitti
867 5509 1096 5575 debere,
1123 5510 1278 5581 quod
1306 5511 1434 5584 ejus
1465 5512 1788 5589 disciplina;

138 5597 304 5656 etiam
335 5601 477 5658 tunc
509 5614 576 5657 ex
625 5597 803 5676 priori
851 5601 982 5656 voto
1027 5598 1332 5672 subjectus
1363 5607 1538 5664 esset.
1571 5603 1786 5666 Verum

1902 4618 2259 4689 proindeque
2293 4621 2421 4687 post
2453 4632 2672 4670 annum
2699 4615 2837 4669 1120
2865 4631 2980 4686 quo
3007 4614 3263 4686 primum
3295 4613 3555 4670 Calixtus

1901 4706 2146 4762 Romam
2179 4721 2381 4760 mense
2409 4704 2583 4758 Junio
2611 4702 2862 4758 advenit.

2246 4837 2469 4892 CCClV.
2507 4837 2812 4891 Concilium
2843 4835 3201 4892 Gerundanse.

1971 4974 2088 5027 Sub
2119 4972 2408 5028 currentis
2441 4970 2575 5025 anni
2611 4971 2807 5037 ﬁnem,
2845 4971 2900 5025 id
2949 4973 3038 5024 cst
3085 4968 3286 5024 Idibus
3319 4968 3556 5024 Decem-

1899 5063 2043 5130 bris,
2077 5061 2407 5117 Bernardus
2449 5059 2633 5115 'I‘oleti
2684 5060 2949 5125 antistes,
2983 5057 3083 5128 qui
3139 5057 3198 5110 in
3255 5055 3554 5126 Hispaniis

1901 5129 2117 5208 ﬁrbani
2138 5151 2386 5206 vicarius
2409 5153 2557 5218 erat,
2580 5147 2893 5204 concilium
2920 5144 3130 5202 habuit
3151 5143 3308 5216 apud
3327 5143 3550 5200 Gerun-

1899 5241 2057 5310 dam,
2085 5240 2170 5296 uti
2200 5239 2261 5295 in
2294 5240 2484 5295 Marca
2507 5237 2841 5310 Hispanica,
2866 5240 2923 5292 et
2952 5235 3012 5290 in
3044 5230 3392 5289 Collectione
3413 5247 3551 5288 con-

1899 5329 2166 5386 ciliorum
2201 5327 2512 5386 cardinalis
2556 5326 2779 5401 Aguirii
2828 5322 3152 5398 legitur,ad
3199 5322 3550 5378 corroboran-

1897 5421 2025 5477 dam
2051 5419 2432 5476 ecclesiastica:
2469 5418 2736 5474 libertatis
2765 5415 3109 5486 dignitatem.
3135 5409 3280 5468 Huic
3331 5412 3571 5486 synodo.

1897 5514 2108 5586 praeter
2155 5508 2518 5566 Bernardum
2565 5505 2878 5563 interfuere
2927 5501 3383 5560 Tarraconensis
3430 5519 3553 5560 me-

1897 5599 2306 5680 tropolitanus,
2337 5595 2640 5668 Rotensis,
2665 5591 3112 5654 Barcinonensis
3141 5593 3198 5650 et
3221 5591 3554 5664 Gerunden-
