3998 6158
393 328 508 390 231

1697 333 1768 395 Β.
1816 327 2112 395 URBANI
2154 326 2209 393 II
2254 330 2507 393 ΡΑΡᾸΞ.

3691 323 3813 387 232

392 465 476 520 sis
505 464 784 537 episcopi,
818 478 882 522 ac
927 466 1075 524 forte
1119 467 1215 523 alii
1267 484 1517 541 quorum
1564 466 1846 522 memoria
1894 465 2045 521 exci-
2075 466 2125 535 Α
2160 464 2320 521 aliud
2352 463 2430 521 sit
2461 481 2493 519 a
2526 462 2811 520 Chronico
2836 458 3260 529 Cameracensi,
3290 459 3443 532 quod
3476 475 3676 515 omnes
3708 475 3812 515 no-

401 553 507 610 dit.

568 640 1183 726 CCCV.~Baldricus_ﬁt
1220 645 1495 726 episcopus
1532 645 1781 700 Noviomi
1821 648 1870 698 ct

1131 731 1340 771 emaci.

467 826 529 876 In
555 820 762 876 Galliis
818 819 1076 876 Ecclesia
1132 820 1554 888 Noviomensis,
1584 837 1714 893 qua:
1765 825 1887 878 toto
1938 822 2048 878 hoc

394 924 546 965 anno
588 908 763 964 variis
816 904 1034 979 agitata
1076 909 1269 965 turbis
1319 909 1527 973 fuerat.
1559 927 1758 982 pacem
1810 898 2043 983 recepit.

389 997 521 1054 Jam
557 997 791 1070 quidem
826 995 898 1050 ah
929 996 1108 1068 hujus
1140 998 1279 1053 anni
1309 998 1543 1054 exordio
1575 999 1634 1055 iu
1668 999 1859 1055 locum
1895 1001 2045 1056 Rab-

389 1085 521 1140 bodi
554 1084 808 1139 defuncti
860 1085 1156 1141 Baldricus
1194 1101 1225 1141 e
1266 1092 1502 1143 cantore
1551 1087 1869 1144 Morinensi
1916 1091 2045 1158 ejus

385 1171 658 1229 Ecclesia
683 1173 996 1246 episcopus
1035 1173 1254 1230 electus
1300 1176 1508 1243 fuerat,
1540 1175 1782 1249 diesque
1813 1177 1884 1232 ad
1916 1179 2045 1250 ejus

385 1260 885 1316 consecrationem
929 1267 1133 1317 octava
1182 1262 1548 1319 Pentecostes
1580 1280 1613 1319 a
1643 1265 1910 1320 Manasse
1938 1266 2046 1321 Re-

387 1350 577 1405 mensi
610 1350 1054 1421 metropolitano
1087 1351 1275 1407 fuerat
1312 1351 1554 1420 indicta,
1585 1358 1651 1407 ut
1680 1369 1749 1408 ex
1778 1354 2043 1424 ejusdem

386 1437 812 1511 archiepiscopi
844 1437 1054 1494 litteris
1084 1439 1154 1494 ad
1189 1440 1563 1497 Lambertum
1603 1442 2042 1498 Atrebatensem

388 1530 565 1598 patet.
609 1527 847 1594 Verum,
912 1528 1409 1585 intercedentibus
1456 1528 1774 1596 nonnullis,
1827 1532 1923 1603 qui
1974 1548 2044 1586 ex

386 1614 599 1671 Urbani
619 1616 826 1671 nescio
858 1615 1075 1688 quibus
1107 1615 1317 1673 litteris
1357 1619 1747 1675 autumabant
1775 1636 1843 1675 ea
1872 1635 2041 1675 occa-

383 1702 547 1758 sidne
569 1703 932 1758 reddendum
959 1721 1089 1761 csse
1111 1705 1607 1772 Tornacensibus,
1626 1712 1692 1761 ut
1709 1708 2043 1764 Atrebaten-

383 1790 549 1846 sibus
580 1790 874 1846 indultum
924 1793 1130 1859 fuerat,
1165 1797 1470 1867 proprium
1516 1795 1875 1868 episcopum,
1910 1796 2039 1852 Bal-

386 1878 565 1936 derici
596 1879 884 1936 ordinatio
907 1883 976 1936 ad
1001 1890 1340 1953 sequentem
1370 1902 1592 1941 annum
1615 1885 1797 1941 dilata
1825 1886 1952 1941 fuit.
1974 1886 2044 1942 Et

381 1967 621 2038 quidem
652 1984 768 2023 non
801 1973 926 2024 erat
954 1970 1176 2045 absque
1219 1972 1423 2045 aliquo
1474 1973 1853 2029 fundamento
1887 1980 2045 2030 mota

350 2054 485 2131 .illa
533 2055 873 2113 difﬁcultas.
907 2058 1365 2117 Tornacensium
1401 2062 1620 2134 quippe
1666 2062 1869 2119 civitas
1912 2069 2045 2119 ante

384 2160 561 2199 suam
592 2145 823 2202 ruinam
874 2148 1181 2219 proprium
1213 2148 1499 2205 habuerat
1545 2149 1905 2224 episcopum,
1940 2170 2046 2209 nec

383 2232 495 2288 nisi
530 2233 863 2305 provisoriaa
912 2235 1319 2293 Noviomensis
1368 2240 1648 2295 antistitis
1697 2257 1846 2295 curae
1885 2258 2042 2297 com-

382 2322 567 2377 missa
627 2323 810 2378 tuisse
861 2323 1195 2393 videbatur;
1250 2325 1460 2381 deinde
1520 2325 1641 2382 hac
1688 2329 1831 2384 urbs
1888 2329 2042 2384 haud

383 2409 584 2465 minus
612 2410 809 2482 ampla
838 2417 940 2467 aut
971 2411 1256 2485 populosa
1293 2419 1440 2481 erat,
1470 2406 1648 2488 quam
1678 2418 2042 2483 Atrebatum,

380 2497 495 2564 cui,
529 2503 737 2570 agente
782 2499 1037 2565 Urbano,
1071 2503 1346 2574 proprius
1391 2503 1708 2576 episcopus
1739 2506 2045 2561 restitutus

379 2586 571 2641 fuerat
604 2604 617 2643 :
647 2591 706 2642 et
737 2588 974 2660 quidem
1008 2588 1159 2645 hanc
1200 2607 1371 2647 suam
1403 2608 1535 2648 esse
1565 2592 1756 2664 ipsius
1787 2600 2043 2650 mentem

349 2671 710 2730 'declarasse
758 2676 1063 2733 videbatur
1107 2677 1233 2751 ipse
1283 2680 1561 2753 pontifex,
1602 2682 1663 2736 in
1710 2683 1921 2740 litteris
1970 2684 2041 2739 ad

382 2761 817 2831 Noviomenses,
847 2765 944 2820 ubi
989 2782 1057 2821 ea
1101 2771 1331 2823 tantum
1364 2769 1672 2843 privilegia
1698 2771 2042 2828 Noviomen-

378 2850 545 2907 sibus
575 2850 866 2925 episcopis
897 2855 1292 2921 confirmarat,
1316 2872 1443 2929 quis
1470 2876 1503 2913 a
1531 2857 1814 2931 legitimis
1848 2864 2041 2933 ponti-

381 2939 593 2995 ficibus
626 2940 854 2997 indulta
903 2942 1149 2999 fuerant.
1182 2945 1370 3009 Quare
1399 2945 1593 3003 visum
1645 2954 1736 3004 est
1769 2950 2043 3007 ltemensi

379 3026 817 3102 archiepiscopo
862 3028 1197 3088 Baldricum
1246 3032 1444 3106 ipsum
1493 3035 1742 3092 electum
1798 3040 2040 3095 Romam

388 3117 641 3184 mittere,
666 3122 730 3173 ut
760 3118 883 3192 ipse
916 3120 1180 3177 Ecclesiae
1203 3139 1322 3179 sua)
1354 3140 1589 3179 causam
1623 3142 1817 3182 coram
1849 3130 2041 3199 ponti-

2157 558 2316 610 runt.

2240 641 2465 699 CCCVI.
2504 643 2753 699 Urbanus
2779 642 2958 698 Romae
2989 641 3151 714 degit,
3191 640 3438 711 fugiente
3467 635 3736 694 Guiberto.

2228 733 2496 788 Dominus
2548 746 2713 804 papa,
2765 731 2850 786 uti
2901 730 3076 785 habet
3124 727 3427 785 Bertoldus
3468 726 3541 783 ad
3589 742 3812 783 annum

2158 822 2318 886 1008,
2347 814 2521 891 quem
2554 836 2656 891 pro
2687 835 2794 875 suo
2827 835 2985 874 more
3016 835 3049 874 a
3080 816 3389 873 Nativitate
3408 815 3619 872 Christi
3651 816 3808 871 ordi-

2155 914 2271 975 tur,
2308 911 2486 966 Roma:
2512 909 2766 966 Natalem
2794 910 3015 965 Domini
3052 908 3373 976 celebravit,
3403 908 3813 975 maximamque

2149 1015 2340 1070 pacem
2367 1001 2425 1054 in
2456 1000 2577 1071 ipsa
2605 998 2739 1054 urbe
2766 1003 2822 1053 et
2849 999 2965 1069 ejus
3012 997 3213 1067 ﬁnibus
3253 996 3566 1068 ﬁrmissime
3594 1007 3807 1065 compo-

2153 1090 2298 1150 suit;
2328 1087 2636 1160 ibidemque
2666 1086 2985 1151 Paschalem
3022 1086 3422 1141 solemnitatem
3457 1099 3583 1138 cum
3608 1097 3811 1152 magna

2152 1178 2337 1248 gloria
2367 1176 2555 1231 itidem
2604 1175 3006 1231 solemnizavit.
3061 1172 3233 1228 Addit
3263 1171 3417 1227 idem
3449 1174 3651 1227 auctor
3677 1167 3815 1251 Cui-

2154 1267 2387 1321 hertum
2437 1264 3016 1337 pseudopontiticem,
3056 1265 3184 1318 tum
3235 1261 3295 1317 in
3344 1260 3626 1316 Ravenna
3672 1274 3810 1331 paro

2151 1354 2332 1421 tibus,
2365 1370 2482 1426 quo
2526 1370 2609 1419 se,
2658 1357 2722 1407 ut
2770 1352 2927 1408 canit
2978 1350 3276 1418 Domnizo,
3307 1349 3649 1406 adveniente
3695 1346 3811 1404 Ro-

2153 1459 2309 1498 mam
2361 1441 2594 1498 Urbano
2654 1444 2967 1511 receperat,
3003 1461 3030 1489 ‹‹
3065 1438 3489 1505 demorantem,
3536 1435 3812 1493 amisisse

2153 1530 2541 1587 munitionem
2573 1528 2891 1602 quamdam
2936 1544 3117 1600 supra
3165 1527 3408 1591 Padum,
3441 1525 3676 1581 nomine
3704 1526 3810 1582 Ar-

2150 1624 2393 1690 gentum,
2427 1621 2485 1674 in
2525 1636 2641 1690 qua
2673 1617 2990 1674 maximam
3023 1632 3257 1687 semper
3285 1631 3450 1687 spem
3499 1612 3808 1684 habuerat,

2150 1709 2305 1781 quod
2337 1726 2404 1763 ex
2452 1724 2520 1763 ea
2566 1707 2692 1763 suis
2725 1705 2891 1763 facile
2939 1709 3097 1761 esset
3143 1707 3514 1759 transeuntes
3560 1699 3811 1758 distrin-

2072 1836 2118 1901 Β
2150 1813 2300 1870 gere.
2330 1821 2356 1847 »ι
2379 1797 2650 1870 Sigonius
2708 1800 2900 1850 tamen
2961 1794 3165 1850 scribit
3220 1790 3563 1849 Guibertum
3624 1791 3811 1847 Roma

2153 1886 2301 1941 clam
2335 1885 2599 1957 elapsum
2654 1881 2863 1939 Albam
2897 1883 3221 1938 Marsorum
3251 1885 3391 1935 tunc
3436 1879 3715 1952 temporis
3746 1894 3810 1936 se

2152 1976 2461 2047 recepisse,
2481 1974 2580 2029 ubi
2619 1973 2855 2027 firmum
2902 1970 3242 2042 praesidium
3273 1967 3543 2025 habebat.
3576 1969 3648 2024 At
3676 1967 3813 2024 ubi-

2152 2081 2383 2135 cunque
2429 2063 2690 2118 locorum
2737 2061 2912 2117 fuerit
2951 2058 3285 2127 Guibertus,
3319 2061 3543 2114 certum
3591 2060 3699 2125 est,
3744 2059 3814 2112 ut

2152 2138 2353 2209 narrat
2381 2152 2699 2207 Eadmerus
2733 2149 2880 2205 libro
2909 2166 2947 2204 ιι
2971 2148 3263 2204 Novorum
3295 2148 3394 2218 qui
3427 2153 3483 2202 et
3513 2146 3639 2218 ipse
3664 2145 3814 2217 peri-

2152 2240 2353 2297 culum
2371 2239 2514 2295 illud
2535 2239 2725 2295 fuerat
2740 2243 3035 2310 expertus,
3050 2253 3185 2292 cum
3207 2241 3348 2291 tunc
3366 2236 3550 2291 Roma
3566 2232 3810 2307 pulsum

2153 2332 2304 2386 omni
2332 2330 2608 2401 religiosae
2635 2342 2880 2398 persona:
2908 2328 3135 2381 Romam
3158 2327 3366 2397 petenti
3387 2338 3814 2395 persesuosque

2154 2434 2503 2491 quocunque
2531 2415 2760 2472 valebat
2790 2415 2961 2471 modo
3000 2414 3236 2469 insidias
3277 2413 3559 2469 struxisse
3584 2429 3599 2467 :
3629 2411 3806 2478 unde,

2154 2507 2347 2579 inquit
2380 2507 2533 2562 idem
2565 2510 2789 2571 auctor,
2816 2502 3041 2576 quidam
3069 2503 3327 2573 episcopi,
3362 2500 3620 2557 monachi
3647 2510 3696 2555 et
3724 2517 3813 2556 re-

2153 2596 2336 2666 ligiosi
2363 2595 2551 2650 clerici
2578 2610 2641 2649 ea
2670 2595 2926 2649 sa’viente
2952 2594 3328 2663 persecutione
3362 2591 3531 2662 capti,
3559 2588 3807 2661 spoliati,

2150 2685 2443 2754 multisque
2469 2682 2813 2738 contumeliis
2841 2682 3026 2753 affecti
3048 2681 3232 2735 necati
3257 2682 3406 2734 sunt.
3440 2678 3584 2734 Huic
3613 2678 3715 2744 rei,
3742 2683 3813 2735 ut

2152 2773 2475 2827 Eadmerus
2520 2769 2915 2843 prosequitur,
2964 2768 3209 2824 homines
3261 2766 3635 2839 potissimum
3669 2765 3827 2833 Λισο,

2151 2862 2400 2917 mannici
2446 2863 2587 2931 regis
2630 2857 3059 2915 intendebant:
3098 2855 3257 2911 unde
3306 2855 3603 2928 colligitur
3649 2852 3810 2912 haud

2153 2951 2351 3007 minus
2380 2950 2441 3006 in
2473 2948 2784 3006 Germania
2829 2963 3009 3019 quam
3042 2948 3102 3002 in
3135 2946 3265 3002 istis
3313 2944 3491 3001 Italia
3538 2943 3811 3017 partibus

2152 3039 2382 3096 saevisse
2413 3039 2571 3094 illam
2608 3037 3101 3111 persecutionem;
3137 3052 3243 3091 nec
3282 3034 3554 3091 dissentit
3583 3032 3807 3089 Bertol-

2151 3131 2281 3195 dus,
2308 3128 2407 3199 qui
2441 3128 2710 3183 observat
2751 3126 3126 3196 Manegoldum
3172 3123 3547 3197 praepositum
3574 3121 3805 3177 Marha-

380 3204 487 3260 fice
508 3211 723 3278 ageret.
742 3209 813 3262 At
837 3206 1105 3265 Urbanus
1128 3212 1325 3268 nescio
1350 3230 1497 3285 quas
1528 3216 1600 3269 ch
1634 3233 1862 3283 causas,
1890 3218 2035 3275 forte
2066 3201 2109 3268 (ἶ
2149 3235 2381 3274 censem
2410 3215 2620 3273 Urbani
2648 3217 2948 3289 egregium
2971 3215 3335 3271 defensorem
3358 3216 3499 3266 tunc
3520 3209 3805 3281 temporis

378 3292 452 3348 ob
477 3308 682 3366 graves
709 3293 938 3352 labores
969 3314 1116 3368 quos
1139 3301 1443 3356 occasione
1465 3302 1855 3360 restitutionis
1888 3309 2046 3364 Atre-

378 3381 639 3440 batensis
682 3383 947 3441 Ecclesiae
994 3387 1276 3444 devorare
1323 3396 1561 3446 coactus
1592 3392 1803 3460 fuerat,
1840 3402 2043 3466 pertae-

378 3486 500 3537 sus,
536 3471 683 3526 nihil
714 3488 782 3529 ea
813 3474 936 3529 vice
984 3477 1335 3533 mutandum
1385 3495 1513 3536 esse
1562 3480 1747 3548 duxit,
1783 3484 1918 3539 dato
1948 3503 2038 3541 re-

378 3558 601 3629 scripto
629 3560 956 3630 provisorio
988 3562 1060 3617 ad
1109 3563 1436 3621 Manassem
1470 3567 1816 3625 ltemensem
1849 3574 2046 3629 archi-

378 3644 741 3717 episcopum,
769 3652 835 3703 ut
880 3650 1179 3705 secundum
1225 3653 1395 3708 Deum
1425 3655 1653 3711 meliori
1684 3675 1799 3729 quo
1850 3677 2022 3732 posse

378 3731 553 3821 modo
582 3734 807 3821 vacanti
848 3738 1210 3806 jamdudum
1261 3739 1524 3798 Ecclesiae
1556 3750 1664 3800 hac
1694 3722 1817 3803 vice
1850 3722 2047 3821 .provif'

377 3818 558 3875 deret.
586 3818 688 3876 Ille
718 3837 855 3878 vero
887 3824 1034 3880 nihil
1082 3832 1414 3897 cunctatus,
1436 3830 1802 3890 Dominicam
1853 3818 2044 3909 proxi:

380 3924 538 3964 mam
568 3917 699 3982 post
727 3911 1091 3985 Theophaniae
1121 3916 1335 3972 festum
1361 3920 1432 3974 ad
1465 3920 1715 3978 Baldrici
1741 3903 2048 3986 consecra:

379 3996 601 4086 tionem
630 4000 829 4056 statim
861 4000 1103 4071 indixit;
1138 4004 1293 4061 datis
1325 4023 1393 4062 ea
1424 4008 1495 4064 de
1527 4027 1587 4065 re
1631 4009 1861 4080 litteris,
1896 4031 2043 4086 quas

385 4082 659 4142 Baluzius
688 4105 825 4145 cum
864 4090 999 4146 aliis
1030 4098 1287 4165 quatuor
1319 4097 1585 4167 ejusdem
1619 4082 1948 4173 argumenti
1975 4121 2045 4160 ex

381 4174 510 4229 cod.
556 4175 851 4234 Lamberti
902 4179 1089 4236 edidit
1134 4188 1293 4239 tomo
1320 4183 1368 4238 V
1399 4185 1929 4246 Miscellaneorum.
1964 4193 2044 4249 Ex

384 4261 479 4317 his
509 4261 673 4320 illam
705 4281 834 4336 quis
859 4266 1073 4324 Urbani
1097 4277 1188 4326 est
1213 4274 1285 4328 ad
1314 4272 1494 4343 huius
1516 4277 1652 4331 anni
1676 4277 1852 4334 tinem
1888 4298 2042 4336 revo-

378 4349 634 4441 caudam
660 4366 793 4441 esse
820 4370 888 4410 ex
937 4372 1003 4411 eo
1055 4356 1408 4432 colligimus,
1437 4363 1592 4434 quod
1640 4365 1700 4420 in
1754 4368 1881 4438 ipso
1912 4371 2041 4441 ejus

379 4435 675 4509 epitapth
700 4438 1002 4500 Baldricus
1020 4446 1330 4504 defunctus
1348 4449 1576 4506 dicatur
1596 4435 2035 4524 pridie—Kalend.

2154 3308 2225 3363 ab
2258 3305 2501 3363 Henrico
2549 3303 2961 3375 interceptum,
2989 3304 3087 3359 diu
3122 3301 3181 3357 in
3220 3299 3550 3372 captivitate
3596 3299 3802 3354 deten—

2154 3403 2282 3452 tum
2315 3395 2516 3460 fuisse,
2540 3394 2696 3465 quod
2718 3389 2897 3448 nollet
2918 3389 3308 3448 schismaticis
3338 3387 3651 3444 adhaerere.
3683 3386 3805 3442 Hoc

2154 3485 2331 3540 etiam
2374 3485 2498 3555 ipso
2548 3498 2700 3538 anno
2762 3481 3111 3537 Rulhandus
3170 3476 3479 3551 Moguntiae
3537 3473 3803 3531 antistes.

2152 3573 2396 3628 Henrico
2446 3571 2802 3643 imperatori,
2845 3575 2909 3624 ut
2956 3569 3133 3624 refert
3182 3565 3575 3631 Dodechinus,
3619 3564 3807 3634 favere

2154 3662 2343 3717 nolens
2394 3662 2679 3733 profugus
2718 3660 2776 3714 in
2824 3658 3211 3723 Thuringiam
3271 3653 3537 3710 secedere
3568 3655 3808 3708 coactus

2155 3756 2270 3819 est;
2304 3765 2477 3821 quem
2531 3750 2797 3805 Ecclesiae
2831 3747 3110 3803 catholica
3144 3746 3321 3800 fuisse
3351 3742 3663 3799 restitutum
3706 3756 3815 3812 per

2154 3839 2415 3896 damnum
2447 3839 2724 3894 Urbanum
2747 3836 2913 3892 testis
2934 3839 3023 3892 est
3049 3836 3172 3907 ipse
3194 3830 3494 3888 Paschalis
3522 3830 3652 3900 ejus
3681 3845 3815 3883 suc-

2154 3945 2351 3985 cessor
2385 3927 2443 3981 in
2477 3925 2725 3998 epistola
2754 3925 2826 3980 ad
2856 3923 3263 3980 Gebehardum
3301 3917 3812 3975 Constantiensetn

2153 4018 2517 4090 episcOpum,
2542 4032 2576 4069 a
2605 4013 2833 4070 Serario
2862 4014 2962 4069 lib.
2987 4029 3040 4079 v,
3067 4012 3280 4069 Rerum
3313 4007 3814 4081 Mogontinarum,

2151 4125 2219 4162 ex
2244 4122 2355 4161 ms.
2389 4104 2517 4160 cod.
2551 4102 2861 4175 descripta.

2206 4193 2463 4251 CCCVII.
2499 4190 2837 4247 Gebehardus
2866 4206 2938 4245 ea:
2967 4189 3160 4244 abbate
3183 4194 3355 4243 custos
3383 4184 3439 4242 S.
3472 4183 3741 4256 Sepulcri.

2223 4284 2371 4338 Tum
2403 4281 2600 4348 etiam,
2636 4285 2700 4335 ut
2729 4284 2929 4335 narrat
2959 4276 3285 4342 Bertoldus,
3312 4274 3669 4337 Gerhardus,
3702 4287 3812 4327 seu

2150 4371 2345 4443 potius
2378 4368 2755 4426 Gebehardus
2785 4368 2967 4424 abbas
2998 4363 3484 4438 Schaphusensis,
3512 4364 3811 4419 annuente

2149 4459 2380 4515 Urbano
2406 4470 2577 4530 papa,
2603 4456 2940 4512 monasterii
2964 4454 3054 4510 sui
3080 4454 3339 4526 regimen
3362 4450 3607 4517 dimisit,
3630 4455 3811 4521 atque

377 4524 563 4635 Jupii,
589 4542 744 4584 anno
771 4531 909 4635 1092'
938 4549 1056 4588 sua:
1090 4536 1444 4607 praelationis
1472 4555 1564 4607 xv,
1587 4558 1765 4613 quam
1795 4546 2038 4617 proinde
2070 4571 2114 4635 Ι)
2148 4565 2281 4606 cum
2324 4524 2457 4603 aliis
2483 4524 2924 4618 crucesignatis
2974 4544 3044 4599 ad
3098 4524 3325 4599 sacram
3376 4535 3810 4611 expeditionem

380 4617 514 4708 ante
552 4630 828 4708 mensem
875 4620 1121 4679 Junium
1175 4626 1312 4680 anni
1366 4626 1593 4699 inierat,
1627 4636 1683 4686 et
1738 4633 1826 4688 ha:
1885 4640 2033 4690 notae
2070 4617 2112 4635 υ
2144 4637 2441 4708 profectus
2496 4639 2603 4690 est.
2639 4617 2816 4705 Capta
2874 4649 3027 4687 anno
3083 4628 3417 4703 sequentia
3456 4625 3813 4684 Christianis

379 4700 604 4760 calculo
636 4712 835 4764 nostro
875 4712 1138 4783 apprime
1169 4717 1539 4784 conveniunt,
1576 4736 1690 4791 quo
1736 4722 2041 4781 Baldricus

376 4791 680 4850 Dominica
709 4797 899 4867 prima
939 4806 1071 4873 post
1120 4804 1505 4875 Epiphaniam
1537 4824 1571 4862 a
1602 4809 1871 4867 Manasse
1902 4829 2033 4868 con-

378 4886 643 4972 secratus
665 4885 899 4953 dicitur,
929 4906 1062 4945 cum
1096 4893 1269 4963 paulo
1300 4899 1490 4962 antea,
1516 4913 1724 4969 nempe
1748 4900 1857 4954 sub
1887 4918 2032 4972 prae-

378 4968 564 5058 sentis
593 4972 731 5027 anni
764 4975 903 5029 1097
932 4977 1134 5047 finem,
1163 4982 1527 5051 pontiﬁcium
1560 4968 1905 5058 rescriptum
1940 5007 2036 5045 su-

376 5056 676 5129 scepisset.
706 5060 759 5116 Is
780 5076 951 5134 porro
976 5073 1064 5121 est
1091 5068 1390 5126 Baldricus
1414 5076 1617 5127 auctor
1645 5056 1914 5133 Chronici
1936 5085 2034 5135 Ca-
2070 5124 2079 5133 .

378 5148 732 5204 meracensis
751 5155 807 5205 et
830 5154 1255 5222 Atrebatensis,
1280 5158 1339 5213 in
1367 5175 1483 5231 quo
1516 5178 1609 5216 res
1641 5179 1675 5218 a
1704 5164 1985 5224 Clodoveo
2014 5169 2036 5225 Ι

378 5232 450 5287 ad
482 5249 701 5291 annum
738 5237 875 5292 1030
919 5248 1118 5312 gestas
1160 5255 1507 5316 prosecutus
1537 5257 1643 5306 est.
1684 5252 1882 5310 Eidem
1934 5258 2036 5312 tri-

378 5319 583 5377 buitur
610 5321 937 5383 Chronicon
980 5330 1329 5403 Morinense,
1363 5339 1521 5409 quod
1571 5339 1630 5394 in
1681 5345 2038 5401 monasterio

378 5409 635 5480 quodam
665 5411 1130 5477 Cenomannensi
1186 5440 1297 5479 ms.
1350 5426 1492 5482 dicit
1524 5426 1764 5485 Vossius
1809 5430 1956 5488 libro
2000 5452 2039 5490 ιι

378 5497 462 5589 De
491 5497 788 5589 historicis
815 5504 1055 5579 Latinis,
1080 5519 1136 5568 et
1165 5514 1319 5589 typis
1342 5516 1565 5573 editum
1596 5534 1725 5575 esse
1756 5519 2041 5582 Marlotus

392 5585 477 5648 alt
507 5584 569 5648 in
600 5594 905 5669 metropoli
964 5584 1255 5663 Remensiv.
1287 5607 1361 5664 At
1418 5604 1588 5663 fallor
1644 5607 1693 5665 si
1736 5607 1845 5667 hoc
1893 5630 2041 5688 opus

2145 4724 2495 4780 exercitibus
2541 4720 3040 4794 Jerosolymorum
3076 4720 3237 4787 urbe,
3277 4719 3504 4791 primus
3551 4713 3810 4787 sepulcri

2147 4813 2425 4869 Dominici
2477 4817 2676 4866 custos
2723 4810 3031 4865 institutus
3064 4807 3195 4875 fuit,
3227 4812 3293 4862 ut
3322 4805 3477 4879 apud
3528 4802 3807 4860 eumdem

2144 4908 2437 4958 auctorem
2473 4901 2702 4974 legitur.
2735 4899 2837 4955 Hic
2886 4899 3042 4954 idem
3092 4898 3217 4969 ipse
3260 4901 3350 4951 est
3398 4891 3805 4959 Gebehardus,

2145 4990 2238 5046 cui
2273 4990 2608 5046 Bernardus
2646 4986 2948 5060 presbyter
2980 4985 3198 5041 librum
3231 5000 3409 5040 suum
3448 4976 3811 5050 nuncupavit

2145 5081 2225 5136 De
2240 5079 2494 5134 vitandis
2509 5075 3029 5132 excommunicatis
3048 5080 3106 5129 et
3128 5073 3310 5146 lapsis
3333 5067 3807 5134 reconciliandis,

2145 5173 2203 5224 et
2232 5169 2302 5223 de
2327 5166 2706 5223 conciliorum
2737 5179 2803 5220 ac
2825 5163 3168 5235 pontificum
3191 5161 3556 5227 auctoritate,
3580 5156 3810 5213 editum

2148 5275 2182 5312 a
2207 5252 2580 5328 Tegnagello.
2606 5250 2917 5308 Bertoldus
2947 5267 3080 5308 vero
3103 5252 3175 5307 ad
3199 5264 3420 5307 annum
3444 5249 3578 5304 1091
3605 5245 3813 5301 laudat

2147 5345 2329 5402 alium
2359 5343 2571 5398 librum
2597 5340 2861 5412 ejusdem
2887 5340 3186 5408 Bernardi,
3210 5353 3462 5410 eumque
3485 5333 3670 5391 multa
3690 5331 3813 5389 alia

2151 5434 2244 5489 sui
2278 5432 2495 5503 ingenii
2527 5434 2909 5485 monumenta
2933 5428 3242 5502 reliquisse
3269 5426 3504 5489 scribit;
3538 5423 3636 5479 sed
3669 5436 3808 5477 eum

2152 5519 2525 5598 reprehendit
2555 5518 2708 5593 quod
2739 5535 2838 5575 eos
2863 5519 2964 5594 qui
2994 5519 3068 5575 ab
3099 5513 3625 5576 excommunicatis
3656 5511 3817 5568 ordi«

2153 5611 2277 5671 uati
2308 5610 2544 5669 fuerunt
2577 5606 2896 5667 reordinari
2929 5608 3137 5667 debere
3169 5605 3483 5666 censuerit.
