4000 6176
141 345 259 404 233

220 475 502 532 CCCVIII.
537 475 877 532 Daimbertus
905 475 1231 532 Se'nonensis
1261 477 1709 549 metropoliianus

783 556 1148 604 consecratur.

211 639 443 693 Interea
471 637 848 714 Daimbertus
883 637 1239 708 jamdudum
1289 637 1346 691 in
1397 639 1790 692 Senonensem

147 727 662 798 metropolitanum
693 726 930 790 electus,
965 727 1064 798 qui
1097 732 1227 797 post
1257 725 1473 781 multas
1519 726 1790 798 tergiver-

147 817 401 872 sationes
446 816 768 888 primatum
819 815 1085 870 Ecclesiae
1116 815 1524 885 Lugdunensis
1555 815 1791 868 tandem

143 909 480 977 agnoverat,
517 905 710 959 Romae
737 904 807 958 ab
838 904 965 975 ipso
990 903 1148 975 ponti
1161 904 1263 957 tice
1289 905 1661 957 consecratus
1683 906 1790 968 est,

145 1000 194 1049 et
221 994 495 1048 Senonas
528 1009 662 1049 cum
695 992 871 1066 pallio
903 990 1378 1063 archiepiscopali
1403 1008 1687 1058 reversus,
1712 988 1792 1045 ibi

147 1099 231 1137 xxv
260 1081 560 1137 Kalendas
593 1081 725 1136 Maii
778 1079 1023 1135 solemni
1071 1097 1285 1151 pompa
1326 1079 1384 1133 in
1415 1079 1656 1134 ecclesia
1688 1095 1794 1133 sua

143 1175 412 1241 receptus
431 1171 564 1224 fuit.
587 1172 658 1224 At
679 1186 793 1225 non
817 1169 910 1224 hic
933 1169 1043 1222 fuit
1063 1170 1132 1223 de
1147 1168 1397 1238 primatu
1420 1169 1575 1239 Lugd
1588 1167 1792 1222 unensi

144 1259 554 1314 controversiis
583 1259 737 1313 finis:
773 1275 900 1330 quae
933 1271 1140 1328 nempe
1173 1256 1328 1310 brevi
1363 1261 1564 1327 postea
1595 1273 1790 1310 recru-

144 1349 280 1413 duit,
318 1364 479 1419 aegre
511 1347 834 1402 ferentibus
883 1345 1236 1401 Senonensis
1286 1345 1551 1400 Ecclesiae
1604 1345 1791 1399 archi-

144 1436 432 1508 episcopis
466 1435 633 1490 alteri
657 1435 889 1505 subjici,
917 1434 1019 1505 qui
1041 1433 1154 1504 ipsi
1177 1433 1372 1490 Gallia;
1392 1439 1449 1488 et
1469 1433 1792 1488 Germaniae

144 1525 436 1596 primatus
471 1524 641 1580 titulo
673 1523 1090 1600 gloriabantur.

219 1632 490 1687 ‘CCCIX.
527 1633 861 1702 Rescriptum
885 1645 985 1700 pro
1015 1629 1068 1682 S.
1105 1629 1330 1684 Andreae
1365 1631 1676 1684 Viennensis

824 1702 1122 1756 monachis.

201 1793 286 1846 Ad
339 1791 531 1863 hujus
578 1806 812 1862 quoque
853 1790 990 1844 anni
1042 1788 1275 1843 initium
1323 1790 1574 1844 revocari
1623 1806 1794 1860 posse

141 1897 455 1936 censemus
490 1879 706 1934 Urbani
737 1877 961 1934 litteras
990 1877 1047 1932 in
1081 1876 1327 1949 gratiam
1376 1877 1796 1932 monachorum
1827 1849 1874 1912 Β

142 1971 334 2024 Sancti
357 1969 608 2024 Andreae
629 1967 996 2032 Viennensis,
1021 1983 1170 2037 quos
1191 1970 1246 2021 et
1265 1982 1466 2020 eorum
1489 1965 1718 2036 bajulos
1739 1967 1795 2020 in

143 2061 374 2113 tantum
388 2056 834 2112 vexabatGuido
849 2055 1111 2126 ejusdem
1126 2054 1289 2110 urbis
1302 2054 1794 2125 archiepiscopus,

143 2153 196 2202 ut
227 2147 414 2202 etiam
454 2161 524 2200 ex
555 2145 628 2199 iis
681 2143 998 2200 nonnullos
1025 2143 1083 2197 in
1117 2160 1344 2198 carcere
1377 2143 1670 2198 retineret.
1699 2144 1799 2197 Da-

141 2243 258 2290 tum
293 2240 393 2290 est
425 2234 537 2289 hoc
569 2234 918 2304 rescriptum
951 2233 1208 2288 Laterani
1237 2250 1288 2286 vn
1331 2232 1453 2287 Idus
1483 2231 1792 2298 Februarii,

141 2325 234 2380 sed
280 2340 490 2379 annus
538 2339 653 2378 non
703 2321 1086 2393 exprimitur;
1139 2322 1292 2376 unde
1343 2338 1476 2376 cum
1533 2337 1794 2376 mensem

141 2413 532 2468 Februarium
565 2411 835 2466 Urbanus
867 2409 1129 2465 Laterani
1155 2426 1309 2464 anno
1336 2410 1469 2464 1097
1490 2413 1546 2465 et
1567 2409 1797 2464 duobus

143 2500 535 2573 sequentibus
566 2499 794 2572 exigere
825 2499 1092 2570 potuerit,
1128 2499 1284 2553 haud
1329 2499 1567 2554 omnino
1616 2498 1800 2570 liquet

142 2591 382 2646 cuinam
411 2606 482 2644 ex
506 2589 600 2644 his
628 2587 816 2642 tribus
849 2587 1020 2643 annis
1041 2587 1450 2659 consignandai
1474 2587 1592 2641 sint
1613 2587 1798 2657 ponti-

143 2680 282 2734 !iciae
315 2676 434 2732 illae
467 2677 691 2732 litterae.
728 2677 786 2732 Si
827 2681 1021 2732 tamen
1071 2675 1424 2745 conjecturis
1474 2676 1556 2730 uti
1604 2675 1794 2742 liceat,

141 2784 273 2822 cum
309 2765 591 2822 monachi
621 2765 980 2820 Viennenses
1011 2765 1254 2820 Romam
1288 2765 1502 2819 adiisse
1529 2765 1800 2819 dicantur

144 2857 417 2928 querelas
451 2872 590 2910 suas
620 2859 824 2909 contra
853 2853 1352 2925 archiepiscopum
1385 2853 1454 2908 ad
1497 2852 1796 2907 Urbanum

144 2945 420 3013 delaturi,
458 2946 516 2998 in
551 2943 686 2999 anni
724 2945 860 2998 1097
888 2943 1072 3009 initio,
1107 2959 1222 3014 quo
1248 2943 1337 2996 vix
1361 2943 1604 2996 Romam
1629 2943 1800 3013 perti-

145 3039 306 3106 gerat
341 3033 624 3105 pontifex,
657 3034 877 3086 factum
908 3031 1090 3086 fuisse
1121 3048 1234 3086 non
1266 3031 1512 3085 videtur.
1548 3031 1798 3085 Mediam

147 3124 298 3176 viam
325 3121 625 3193 eligimus;
650 3119 731 3174 ita
749 3125 944 3174 tamen
962 3119 1106 3173 illud
1125 3118 1470 3190 rescriptum
1491 3135 1642 3174 anno
1669 3119 1800 3172 1098

1723 319 1952 404 .VI'I‘A.

1820 482 1874 544 Α
1904 474 2110 530 litteris
2145 480 2300 546 patet
2332 474 2487 528 hunc
2513 474 2782 528 abbatem
2817 473 3046 529 Urbano
3088 472 3338 528 maxime
3377 473 3553 528 addi-

3436 325 3555 399 2'34

1901 567 2059 618 ctum
2086 563 2284 631 fuisse,
2310 563 2481 633 cujus
2504 563 2923 618 monasterium
2938 567 3198 634 tempore
3215 562 3553 620 schismatis

1903 667 2215 707 commune
2245 651 2666 706 catholicorum
2699 651 2922 723 asylum
2948 658 3088 707 erat.

2223 740 2470 795 CCCXII.
2508 740 2728 794 Ordinis
2759 741 3006 796 Cistereii
3038 743 3222 796 init-ia.

1975 830 2127 884 Nihil
2160 847 2292 885 vero
2325 830 2512 902 magis
2564 846 2785 884 annum
2825 833 3168 901 praesentem
3220 829 3560 886 illustrasse

1901 919 2148 984 videtur,
2183 935 2357 989 quam
2390 918 2788 973 Cisterciensis
2835 919 3172 974 monasterii
3225 923 3282 973 et
3331 919 3553 974 ordinis

1902 1007 2242 1078 primordia,
2274 1012 2507 1062 auctore
2538 1011 2737 1062 sancto
2771 1008 3018 1062 Roberto
3053 1005 3412 1068 Molismensi
3459 1008 3556 1062 ab-

1902 1097 2050 1150 bate.
2103 1097 2204 1150 Hic
2253 1095 2497 1151 dimisso
2545 1097 2635 1151 sui
2682 1096 3019 1152 monasterii
3067 1095 3352 1168 regimine
3417 1112 3552 1151 cum

1897 1184 2100 1257 viginti
2152 1185 2384 1239 duobus
2443 1202 2473 1238 e
2531 1184 2655 1238 suis
2713 1184 3019 1255 discipulis
3049 1185 3105 1238 in
3169 1184 3546 1260 solitudinem

1898 1273 2335 1328 Cisterciensem
2352 1274 2514 1328 initio
2533 1273 2712 1344 hujus
2727 1275 2860 1328 anni
2879 1273 3336 1346 transmigravit,
3350 1273 3550 1345 ibique

1901 1363 1990 1415 die
2015 1363 2071 1415 '21
2105 1363 2314 1426 Martii,
2350 1368 2549 1416 sancto
2573 1362 2725 1416 Patri
2749 1362 3056 1417 Benedicto
3081 1380 3272 1434 sacra,
3302 1362 3548 1418 celebris

1902 1452 2126 1505 ordinis
2160 1450 2348 1522 prima
2409 1452 2787 1506 fundamenta
2809 1451 2952 1522 jecit
2982 1457 3274 1508 annuente
3303 1451 3553 1507 Walerio

1899 1539 2220 1594 diaecesano
2253 1539 2521 1610 episcopo
2555 1539 2944 1604 Cabilonensi,
2996 1539 3294 1611 suppetias
3335 1539 3554 1596 ferente

1901 1629 2096 1683 Odone
2118 1628 2263 1682 duce
2282 1627 2786 1699 Burgundionum,
2801 1629 2999 1683 omnia
3013 1645 3145 1683 vero
3171 1628 3552 1686 conﬁrmante

1897 1721 2138 1789 llugone
2176 1717 2543 1788 Lugdunensi
2570 1716 3036 1788 metropolitano,
3067 1735 3174 1773 sua
3205 1721 3261 1772 et
3309 1717 3552 1794 Urbani,

1903 1807 2073 1876 cujus
2105 1806 2356 1860 vicarius
2385 1806 2441 1858 in
2475 1805 2677 1860 Galliis
2709 1811 2767 1860 et
2793 1806 3122 1878 apostolicae
3155 1806 3311 1862 sedis
3331 1805 3570 1880 legatus-

1904 1899 2047 1960 erat,
2097 1893 2458 1949 auctoritate.
2510 1895 2772 1966 Hugonis
2842 1894 3150 1966 epistolam
3219 1911 3286 1950 ea
3360 1895 3430 1950 de
3494 1911 3554 1950 re

1905 1983 2165 2037 Labbeus
2197 1984 2405 2038 tomoI
2458 1983 2686 2049 Bibliot,
2735 2000 2912 2051 novae,
2961 1984 3295 2056 Manriquez
3343 1987 3399 2038 et
3458 1981 3558 2038 alii

1904 2071 2229 2125 ediderunt.
2255 2070 2400 2135 Quid
2425 2071 2629 2127 exinde
2652 2071 2898 2127 Roberto
2923 2073 3249 2145 contigerit,
3274 2071 3558 2130 suislocis

1905 2176 2284 2231 exponemus.

2215 2248 2483 2313 CCCXIII,
2513 2249 2878 2319 Privilegium
2913 2250 3238 2320 Urgellense.

1976 2337 2136 2401 Quod
2161 2341 2354 2391 autem
2382 2338 2452 2390 ad
2478 2353 2569 2392 res
2581 2337 2924 2406 Hispanicae
2942 2338 3167 2405 attinet,
3200 2336 3557 2409 Urgellensis

1907 2424 2170 2479 Ecclesia
2219 2425 2616 2496 possessiones
2668 2426 3034 2480 confirmavit
3093 2425 3352 2498 pontifex
3417 2425 3554 2480 dato

1905 2513 2220 2585 diplomate
2241 2514 2312 2568 ad
2336 2514 2592 2570 Odonem
2617 2515 2879 2585 ejusdem
2903 2514 3169 2570 Ecclesiae
3186 2514 3550 2586 episcopum,

1904 2620 1998 2658 vm
2032 2602 2165 2657 ldus
2196 2602 2432 2674 Aprilis,
2468 2603 2668 2658 indict.
2705 2621 2781 2674 γι,
2835 2620 2987 2659 anno
3039 2604 3242 2676 pontif.
3294 2620 3373 2669 x1,
3425 2619 3554 2674 quae

1906 2696 2052 2746 notae
2085 2690 2218 2745 huic
2248 2708 2400 2746 anno
2430 2691 2801 2748 conveniunt.
2833 2694 2972 2764 Ejus
2994 2696 3190 2748 tamen
3221 2691 3554 2764 exemplum

1905 2781 1961 2833 in
1997 2776 2190 2834 Marca
2233 2779 2536 2852 hispanica
2583 2782 2805 2836 editum
2857 2799 3077 2836 annum
3132 2767 3555 2837 Incarnationis

1908 2870 2044 2923 1099
2075 2869 2314 2923 indicat.
2370 2870 2479 2924 Sed
2531 2870 2638 2925 hoc
2684 2877 2773 2926 est
2821 2871 3200 2926 amanuensis
3253 2873 3551 2937 erratum;

1907 2963 2008 3012 aut
2038 2963 2212 3023 certe,
2245 2963 2308 3011 ut
2339 2957 2484 3012 alias
2517 2975 2666 3029 saepe
2699 2959 2916 3014 factum
2948 2964 3053 3027 est,
3081 2975 3270 3016 annus
3293 2976 3326 3014 a
3348 2959 3556 3014 Martio

1908 3045 2251 3118 praecedenti
2275 3046 2348 3100 ibi
2385 3045 2709 3101 inchoatur.
2741 3047 2917 3102 Paulo
2949 3052 3101 3119 post,
3132 3048 3186 3103 id
3223 3052 3311 3103 est
3338 3064 3376 3103 ν
3419 3047 3557 3102 Idus

1911 3135 2066 3200 Maii,
2100 3135 2410 3190 Osceuscm
2443 3137 2667 3202 urbem,
2699 3153 2874 3206 quam
2923 3153 3077 3191 anno
3121 3124 3264 3191 1096
3310 3135 3562 3192 Saucius

151 3210 667 3282 consignando,ut
687 3209 844 3263 sicui
871 3208 984 3262 alia
1003 3207 1292 3263 sententia
1315 3207 1500 3279 magis
1519 3207 1796 3274 arriserit,
1832 3207 1873 3272 C
1913 3231 2246 3295 Aragonum
2307 3240 2404 3277 rex
2465 3223 2682 3277 Mauris
2743 3224 3057 3293 eripuerat,
3122 3224 3182 3277 in
3247 3224 3557 3296 pristinam

151 3298 406 3353 multum
443 3297 721 3369 refragari
753 3296 1028 3352 nolimus.

221 3404 416 3459 CCCX.
451 3405 846 3459 Monasterium
876 3402 1168 3484 S._Vigoris
1197 3403 1503 3474 subjectum
1543 3402 1596 3456 S.
1631 3405 1730 3456 Bc-

884 3490 1074 3542 mgna.

220 3563 564 3618 Pontiiicem
591 3579 722 3617 vero
755 3563 947 3617 Romae
979 3566 1098 3617 toto
1132 3578 1329 3616 mense
1371 3562 1574 3616 Martio
1623 3561 1802 3631 hujus

153 3653 290 3707 anni
335 3651 675 3706 substitisse
721 3651 970 3722 probant
1015 3649 1317 3722 privilegia
1364 3650 1580 3704 ibidem
1631 3650 1804 3705 variis

151 3740 420 3796 ecclesiis
437 3739 686 3795 indulta.
711 3740 973 3794 Primum
995 3738 1260 3794 Laterani
1286 3739 1483 3792 datum
1511 3743 1597 3794 est
1619 3739 1804 3810 pridie

155 3832 290 3885 Idus
321 3829 542 3892 Martii,
590 3845 706 3900 quo
755 3829 1136 3883 conﬁrmatur
1185 3827 1421 3883 donatio
1467 3827 1804 3882 monasterii

150 3919 348 3974 Sancti
408 3917 641 3988 Vigoris
672 3916 1008 3988 Bajocensis
1039 3917 1108 3972 ab
1141 3915 1337 3972 Odone
1360 3915 1632 3987 episcopo
1657 3917 1807 3970 facta

149 4006 460 4062 Jarentoni
494 4005 689 4061 abbati
722 4005 920 4061 Sancti
959 4004 1201 4078 Benigni
1241 4004 1625 4060 Divionensis.

219 4095 444 4149 Eadem
479 4095 592 4160 die,
626 4100 682 4148 et
713 4094 950 4165 quidem
984 4095 1187 4148 eodem
1219 4111 1391 4158 anno,
1425 4094 1472 4147 si
1509 4094 1652 4148 bene
1675 4110 1806 4148 con-

148 4184 308 4252 jicio,
346 4183 587 4254 scripsit
616 4182 870 4253 pontifex
901 4183 1207 4253 epistolam
1240 4183 1310 4236 ad
1345 4181 1576 4237 Ivonem
1603 4181 1809 4237 Carno-

157 4279 384 4327 tensem
401 4276 455 4326 et
471 4269 805 4325 Ramulfum
821 4270 1144 4325 Santonum
1165 4271 1466 4341 episcopos
1488 4271 1541 4324 in
1557 4271 1805 4342 gratiam

159 4359 586 4416 monachorum
660 4358 1218 4425 Vindocinensium,
1290 4375 1436 4430 quos
1509 4360 1580 4413 ab
1647 4359 1805 4414 omni

157 4450 575 4520 episcoporum
621 4447 982 4518 subjectione
1031 4448 1325 4502 immunes
1373 4463 1502 4502 esse
1531 4447 1802 4502 declarat.

1913 3311 2256 3383 dignitatem
2305 3309 2529 3364 restitui
2570 3309 2752 3364 voluit
2801 3309 3092 3378 Urbanus,
3143 3309 3196 3363 ei
3243 3307 3562 3381 episcopali,

1913 3401 2067 3468 sede,
2094 3399 2461 3470 quzeJaccam
2477 3397 2761 3452 translata
2775 3399 2980 3466 fuerat,
3001 3399 3246 3454 reddita.
3263 3397 3560 3469 Insignem

1913 3505 1981 3543 ea
2012 3489 2082 3542 de
2141 3504 2199 3541 re
2248 3486 2472 3542 bullam
2522 3487 2704 3541 edidit
2747 3504 2862 3558 prtia
2913 3485 3206 3542 memoria
3245 3485 3563 3544 cardinalis

1912 3577 2186 3649 Aguirius
2218 3581 2374 3631 tomo
2398 3576 2471 3631 III
2503 3574 2718 3630 Concil.
2745 3575 3032 3648 Hispaniae
3059 3575 3141 3632 .In
3165 3593 3283 3648 qua
3301 3575 3568 3648 pontifex.

1913 3667 2254 3721 donationes
2286 3682 2318 3719 a
2346 3665 2522 3719 variis
2543 3667 2877 3736 Aragonum
2901 3657 3137 3738 regibus
3158 3666 3345 3721 eidem
3369 3664 3560 3721 Eccle-

1912 3754 2009 3810 sia
2042 3756 2223 3810 factas
2246 3755 2588 3822 conﬁrmat;
2624 3755 2725 3808 sed
2757 3758 2814 3809 et
2843 3754 2956 3810 alia
2986 3754 3173 3810 multa
3197 3755 3348 3811 scitu
3397 3753 3568 3810 haud.

1915 3843 2156 3914 indigna
2186 3841 2614 3914 complectitur.

1913 3950 2178 4006 CCCXIV.
2227 3950 2469 4004 Anselmi
2516 3951 2618 4004 iter
2635 3952 2919 4073 diiomam.
2986 3947 3197 4004 Seeedit
3245 3950 3304 4002 in
3361 3948 3558 4002 solitu-

2675 4037 2836 4073 mem.

2675 4037 2836 4075 mem.

1985 4111 2012 4164 J
2023 4127 2114 4164 am
2138 4125 2270 4163 vero
2293 4114 2525 4179 tempus
2543 4112 2634 4162 est
2656 4113 2720 4162 ut
2741 4109 2809 4162 ad
2826 4105 3560 4163 AnselmumCantuarien-

1916 4215 2037 4254 sem
2060 4195 2389 4264 redeamus,
2415 4197 2514 4268 qui
2539 4196 2778 4252 ineunte
2809 4213 2940 4252 vere
2963 4196 3141 4266 hujus
3156 4195 3293 4251 anni
3310 4195 3562 4251 Romam

1917 4288 2176 4343 accessit.
2211 4287 2355 4342 Cum
2382 4286 2536 4340 enim
2570 4303 2748 4354 novae,
2786 4291 2853 4341 ut
2884 4285 3202 4342 Eadmerus
3233 4285 3360 4341 fuse
3389 4301 3563 4357 expo-

1916 4377 2021 4444 nit,
2055 4376 2430 4431 diﬁicultates
2462 4375 2721 4446 quotidie
2742 4374 3102 4446 interipsum
3117 4373 3565 4431 etGuillelmum

1915 4465 2137 4537 Anglizs
2169 4481 2359 4537 regem
2387 4464 2698 4531 orirentur,
2732 4464 3044 4520 Anselmus
3075 4481 3108 4519 a
3137 4480 3270 4540 rege
3321 4462 3569 4536 petierat

157 4537 316 4633 tilias
328 4537 596 4633 3108931“
611 4536 1150 4633 Βοῐξίίξῖοίῗξξξῖθγθοε
1173 4553 1240 4633 eti
1261 4537 1330 4633 (le
1354 4554 1412 4590 Γθ
1433 4540 1565 4633 Ρρδξ
1585 4537 1808 4633 εξξίῆξιφῖ
1842 4571 1885 4633 D
1918 4559 1980 4608 ut
2002 4536 2110 4608 sibi
2138 4536 2380 4607 Romam
2398 4553 2650 4607 adeundi
2674 4551 2969 4608 licentiam
2993 4536 3350 4617 concederet,
3384 4567 3563 4624 quam

158 4627 280 4682 dies
313 4626 572 4680 omnibus
601 4627 857 4682 Ecclesia?
880 4626 1016 4696 ﬁliis
1048 4624 1360 4696 inscriptas
1393 4627 1566 4681 refert
1599 4625 1805 4680 Goifri-

160 4716 268 4769 dus
300 4714 570 4781 ejusdem
621 4714 728 4770 loci
779 4714 962 4770 abbas
1009 4714 1178 4786 epist.
1233 4717 1302 4768 27
1351 4715 1422 4769 ad
1473 4713 1808 4770 Goil‘redum

161 4803 357 4858 lvonis
383 4818 804 4858 successorem.

333 4907 558 4962 CCCXI.
594 4911 816 4964 Littera
841 4925 940 4980 pro
971 4908 1026 4963 S.
1061 4909 1314 4964 Micliaele
1343 4909 1413 4964 ad
1441 4909 1658 4964 Mosam.

227 4998 396 5052 Tunc
447 4997 621 5052 etiam
680 4997 984 5052 monachis
1041 4999 1232 5052 Sancti
1291 4997 1586 5052 Michaelis
1636 5015 1814 5069 supra

161 5086 390 5140 Mosam
428 5085 482 5138 in
516 5085 749 5140 dioecesi
775 5084 1128 5140 Virdunensi
1161 5086 1406 5140 indulsit
1440 5086 1728 5152 Urbanus,
1753 5091 1818 5140 ut

162 5174 390 5228 omissa
421 5173 888 5244 sepeliendorum
939 5173 1187 5229 fratrum
1237 5190 1479 5229 suorum
1531 5173 1590 5227 in
1639 5173 1814 5229 veteri

162 5262 523 5318 monasterio
549 5263 994 5328 consuetudine,
1027 5279 1124 5318 eos
1168 5279 1344 5334 prope
1395 5263 1816 5318 monasterium

165 5366 386 5406 novum
418 5349 664 5422 sepelire
693 5349 752 5405 in
776 5354 1074 5422 posterum
1106 5350 1260 5406 licite
1281 5356 1539 5423 possent.
1565 5351 1820 5423 Epistola

163 5439 459 5512 pontiﬁcis
489 5455 560 5494 ea
587 5439 657 5494 de
689 5455 749 5495 re
776 5440 910 5495 data
953 5444 1042 5495 est
1089 5440 1353 5495 Laterani
1401 5457 1480 5496 vn
1530 5439 1818 5496 Kalendas

163 5527 380 5600 Aprilis
412 5526 524 5583 hoc
573 5544 747 5598 anno,
798 5529 1082 5601 inscripta
1126 5527 1394 5586 Udalrico
1448 5529 1666 5597 abbati,
1719 5529 1818 5602 qui

163 5617 334 5678 illum
368 5632 438 5674 ea
467 5617 538 5673 de
568 5633 746 5674 causa
777 5617 1167 5677 consuluerat.
1220 5617 1302 5675 Ex
1350 5617 1656 5692 utriusque
1687 5634 1818 5676 vero

495 5743 766 5808 PATROL.
813 5743 958 5808 CLI.

1916 4643 2152 4696 tandem
2182 4645 2312 4712 post
2345 4640 2557 4695 multas
2589 4641 2741 4697 rixas
2772 4641 3026 4698 obtinuit
3057 4641 3260 4698 Idibus
3301 4639 3566 4697 Octobris

1920 4731 2055 4785 anni
2079 4728 2471 4801 praecedentis.
2499 4728 2610 4783 Nec
2635 4746 2816 4798 mora,
2837 4729 3140 4801 dispositis
3154 4729 3420 4786 Ecclesiae
3447 4746 3566 4786 suae

1921 4819 2116 4885 rebus,
2148 4818 2256 4871 iter
2283 4821 2466 4888 parat,
2501 4833 2566 4872 ac
2595 4817 2874 4873 Doveram
2908 4819 3071 4884 adiit,
3095 4817 3196 4873 ubi
3211 4819 3388 4888 jussu
3413 4817 3568 4888 regis

1923 4906 2162 4960 sarcinae
2192 4906 2318 4976 ejus
2348 4906 2594 4960 visitatae
2625 4906 2900 4974 fuerunt;
2953 4911 3080 4962 tum
3128 4905 3461 4961 transmisit
3507 4905 3568 4958 in

1925 4995 2244 5060 Franciam,
2270 4993 2466 5066 ibique
2489 4994 2782 5049 Natalium
2805 4995 3016 5050 Christi
3041 4994 3410 5049 festivitatem
3433 5007 3568 5046 cum

1926 5088 2128 5138 sancto
2176 5085 2412 5155 llugone
2462 5084 2671 5138 abbate
2719 5083 2982 5139 Cluniaci
3031 5081 3360 5138 celebravit.
3432 5079 3572 5135 Inde

1927 5171 2276 5243 Lugdunum
2301 5188 2665 5244 progressus,
2693 5189 2826 5228 cum
2854 5189 3066 5244 magna
3078 5185 3292 5242 pompa
3305 5169 3376 5224 ab
3392 5167 3572 5225 altero

1927 5261 2165 5332 Hugone
2197 5260 2376 5332 hujus
2408 5261 2573 5317 urbis
2597 5261 3031 5332 archiepiscopo
3062 5262 3336 5330 exceptus
3356 5261 3464 5314 est.
3488 5257 3574 5313 Ibi

1924 5351 2142 5405 veritus
2173 5366 2244 5406 ne
2265 5349 2410 5406 forte
2443 5351 2552 5406 hoc
2574 5351 2683 5406 iter
2702 5349 2963 5423 pontifici
2985 5348 3342 5420 displiceret,
3365 5347 3576 5406 anxius

1927 5438 2200 5506 haerebat,
2235 5442 2504 5497 nesciens
2553 5459 2624 5496 an
2677 5443 2914 5497 deberet
2963 5440 3212 5495 ulterius
3261 5439 3572 5513 progredi;

1927 5545 2107 5602 quare
2138 5531 2416 5586 nuntium
2449 5546 2582 5586 cum
2616 5530 2825 5585 litteris
2857 5530 2928 5585 ad
2961 5528 3263 5586 Urbanum
3295 5530 3476 5596 misit,
3513 5533 3580 5586 ut

1930 5618 2069 5698 quid
2091 5619 2240 5678 facto
2274 5637 2422 5696 opus
2447 5622 2622 5692 esset,
2655 5620 2728 5678 ab
2760 5636 2825 5678 eo
2865 5619 2990 5698 ipso
3041 5621 3403 5682 edoceretur.
3446 5621 3577 5680 H830

3222 5747 3261 5816 8
