4000 6176
404 341 522 401 235

407 579 584 635 quam
608 564 894 639 integram
915 567 1149 624 exhibet
1168 569 1488 623 Eadmerus
1511 566 1661 623 libro
1682 567 2048 639 nNovorum,

407 666 541 708 cum
574 652 682 709 hac
702 654 1111 728 inscriptione:
1145 657 1372 713 Domino
1400 660 1451 712 et
1494 657 1654 712 Patri
1699 673 1824 713 cum
1869 673 2054 713 amore

404 742 718 811 reverenda,
748 751 949 800 etcum
976 746 1274 801 reverentia
1307 745 1564 812 amando,
1607 762 1820 801 summa
1868 747 2050 817 ponti-

403 830 498 901 ﬁci
527 831 760 900 Urbano,
789 834 967 903 frater
994 833 1297 902 Anselmus,
1320 849 1509 890 servus
1524 835 1789 892 Ecclesia:
1809 834 2048 889 Cantua-

404 921 525 986 riae,
557 920 793 976 debitam
819 922 1207 992 subjectionem
1243 930 1297 979 et
1335 925 1649 979 orationum
1691 923 2046 990 devotionem,

407 1011 514 1062 etc.
549 1007 611 1063 In
643 1024 711 1063 ea
739 1008 826 1063 vir
855 1014 1096 1066 sanctus
1114 1014 1248 1083 post
1268 1011 1562 1083 expositas
1582 1010 1840 1085 pontifici
1860 1011 2051 1067 varias

404 1093 836 1166 tribulationes,
869 1097 1086 1171 quibus
1112 1101 1183 1156 ab
1215 1100 1360 1156 inito
1409 1100 1746 1173 episcopatu
1795 1100 2050 1173 agitatus

404 1188 461 1240 et
490 1201 641 1257 pene
664 1187 904 1243 attritus
950 1188 1157 1255 fuerat,
1183 1189 1325 1261 petit
1346 1190 1417 1245 ab
1439 1206 1505 1245 eo
1526 1194 1591 1244 ut
1613 1189 1724 1244 sibi
1747 1189 2049 1243 dimitten-

403 1273 488 1328 dae
521 1273 676 1330 sedis
715 1274 1012 1333 licentiam
1064 1276 1385 1351 indulgeat.
1433 1280 1503 1333 At
1535 1277 1746 1334 littoris
1776 1278 1921 1334 tanti
1945 1277 2047 1332 viri

403 1364 657 1437 acceptis
705 1366 963 1437 pontifex
1013 1366 1249 1440 gavisus
1311 1371 1423 1437 est,
1464 1365 1730 1439 nihilque
1781 1366 1939 1423 aliud
1997 1366 2047 1423 ei

402 1453 705 1526 respondit
749 1453 861 1510 nisi
912 1459 997 1523 ut,
1047 1456 1375 1529 postposita
1421 1456 1581 1512 omni
1657 1455 2048 1512 excusationis

405 1558 602 1610 causa,
634 1543 833 1599 statim
892 1544 1138 1600 Romam
1169 1546 1488 1601 accederet.
1515 1544 1617 1601 Cui
1642 1544 1865 1617 absque
1886 1560 2050 1600 mora

403 1631 491 1686 vir
520 1635 760 1688 sanctus
790 1632 1220 1704 obtemperans,
1266 1631 1419 1689 illico
1467 1633 1763 1705 profectus
1809 1635 1927 1701 est;
1982 1649 2049 1689 ac

405 1717 708 1776 celebratis
748 1736 929 1794 prOpe
978 1721 1289 1793 Segusium
1340 1721 1399 1776 in
1449 1721 1803 1778 monasterio
1851 1721 2048 1778 Sancti

401 1807 555 1863 Justi
583 1806 1015 1881 Vallis-asperas
1046 1811 1171 1866 tum
1203 1810 1355 1883 apud
1387 1813 1663 1867 Sanctum
1706 1809 2048 1867 Michaelem

405 1895 475 1952 de
519 1894 690 1953 Clusa
743 1896 1037 1954 Passionis
1095 1914 1161 1954 ac
1202 1898 1667 1956 Resurrectionis
1736 1897 2050 1955 Dominicis

401 1983 723 2053 solemniis,
749 1984 1094 2059 evitatisque
1124 1985 1366 2043 feliciter
1393 1987 1891 2059 Guibertinorum,
1922 2003 2051 2060 qua:

402 2078 617 2146 paratae
666 2074 718 2131 ei
771 2079 959 2145 erant,
1011 2075 1264 2141 insidiis,
1320 2076 1567 2132 Romam
1616 2077 1856 2133 tandem
1917 2091 2051 2131 cum

405 2163 636 2220 duobus
660 2166 891 2220 tantum
914 2162 1088 2220 sociis
1110 2166 1393 2237 pervenit.
1419 2165 1705 2222 Postridie
1725 2164 1957 2221 Urbano
1991 2165 2052 2219 in

298 2300 309 2307 .
403 2250 623 2324 palatio
655 2252 1052 2321 Lateranensi,
1085 2252 1183 2308 ubi
1216 2269 1283 2310 eo
1304 2253 1551 2324 jubente
1579 2253 1909 2327 hospitatus
1931 2252 2057 2308 fue-

404 2344 513 2406 rat,
562 2346 966 2413 praasentatus,
1017 2341 1276 2398 humiliat
1320 2358 1378 2398 se
1412 2358 1514 2415 pro
1556 2358 1708 2399 more
1752 2343 1823 2398 ad
1892 2341 2054 2414 pedes

402 2432 605 2485 summi
639 2432 934 2502 pontiﬁcis,
996 2430 1086 2487 sed
1139 2434 1327 2487 statim
1388 2432 1457 2487 ab
1516 2433 1632 2504 ipso
1682 2433 1924 2504 erigitur
1983 2429 2054 2485 ad

404 2519 654 2574 osculum
680 2520 817 2590 ejus,
849 2527 902 2575 et
930 2522 988 2575 in
1018 2520 1152 2574 sella
1195 2520 1381 2576 sedere
1416 2520 1665 2592 jubetur.
1717 2520 1922 2576 Aderat
1968 2520 2052 2575 ibi

406 2611 618 2661 cuncta
665 2605 938 2662 Romanae
988 2608 1151 2663 urbis
1188 2613 1243 2663 et
1285 2608 1458 2663 curiae
1503 2607 1780 2665 nobilitas
1820 2612 2052 2664 tantum

403 2693 595 2749 virum
623 2694 858 2750 videndi
888 2694 1176 2751 desiderio
1207 2702 1536 2769 aggregata,
1571 2714 1823 2769 cumque
1863 2697 1935 2752 ab
1984 2713 2052 2753 eo

406 2782 663 2856 pontifex
683 2782 911 2840 itineris
929 2784 1059 2855 ejus
1081 2801 1289 2840 causas
1312 2785 1650 2854 audivisset,
1676 2784 2051 2859 multaquein

405 2872 536 2944 ejus
582 2871 786 2929 laudes
832 2871 1026 2944 palam
1066 2872 1270 2930 fuisset
1319 2877 1682 2946 persecutus,
1742 2875 1967 2948 plenam
2002 2877 2056 2932 ei

405 2961 812 3018 subventionem
829 2963 1109 3034 pollicitus
1135 2968 1244 3031 est,
1276 2966 1403 3018 tum
1447 2963 1746 3021 mandavit
1791 2969 1857 3020 ut
1903 2964 2055 3022 inte-

407 3050 519 3106 rim
578 3050 637 3106 in
678 3051 1051 3107 Lateranensi
1073 3050 1289 3123 palatio
1313 3067 1512 3107 secum
1533 3051 1621 3108 vir
1635 3057 1876 3109 sanctus
1896 3070 2057 3111 com-

405 3146 687 3208 maneret,
724 3140 823 3197 ubi
867 3141 1234 3197 subventionis
1261 3142 1434 3213 ipsius
1479 3139 1734 3215 effectum
1768 3145 2058 3215 praestola-

406 3234 578 3287 retur.
610 3229 1082 3286 Interimlitteras
1111 3212 1381 3286 Urbanus
1412 3229 1483 3286 ad
1506 3212 1831 3303 Anglorum
1853 3249 2050 3306 regem
2081 3212 2125 3279 (ἶ

405 3319 661 3392 scripsit,
688 3319 845 3392 quod
883 3324 940 3374 et
988 3317 1123 3375 fecit
1163 3317 1497 3375 Anselmus.
1537 3321 1610 3374 At
1648 3336 1746 3376 rex
1787 3321 2054 3395 utrisque

404 3409 713 3480 susceptis,
776 3408 1085 3480 nequidem
1106 3406 1275 3478 digito
1289 3411 1512 3476 tangere
1530 3424 1630 3465 eas
1653 3408 2048 3480 quaeAnselmi

404 3502 571 3555 erant
598 3496 873 3569 dignatus
904 3499 1012 3551 est.
1044 3495 1175 3551 Hzec
1213 3500 1270 3551 et
1317 3495 1431 3551 alia
1479 3513 1606 3568 quae
1655 3496 1726 3552 de
1776 3497 2051 3555 Anselmo

406 3585 736 3651 referimus,
789 3583 1109 3640 Eadmerus
1160 3585 1289 3656 ejus
1338 3583 1554 3651 socius,
1601 3588 1659 3640 et
1704 3585 1932 3643 itineris
1982 3605 2050 3645 ac

402 3674 673 3731 laborum
694 3690 889 3729 comes
910 3672 1270 3738 individuus,
1290 3671 1390 3743 qui
1413 3672 1588 3729 rebus
1599 3673 1780 3746 gestis
1793 3690 2050 3747 praesens

404 3767 536 3833 fuit,
567 3763 758 3821 fusius
789 3765 985 3818 narrat
1029 3761 1089 3817 in
1137 3761 1403 3831 ejusdem
1449 3761 1635 3817 sancti
1680 3762 1833 3831 Vita,
1880 3767 1940 3819 et
1987 3763 2048 3818 in

402 3856 570 3914 libris
601 3854 916 3919 Novorum,
948 3850 1010 3907 in
1039 3849 1257 3923 quibus
1305 3848 1493 3906 multa
1539 3849 1709 3924 plura
1759 3850 1935 3908 habet
1977 3851 2049 3909 de

402 3962 639 4003 summa
665 3941 1036 4000 veneratione
1070 3956 1198 4012 quas
1246 3938 1298 3995 ei
1346 3939 1419 3995 ab
1471 3940 1749 3996 omnibus
1798 3940 1857 3996 in
1904 3941 2047 3998 urbe

401 4035 800 4094 exhibebatur.
833 4035 909 4087 At
936 4029 1183 4086 tmdebat
1210 4026 1554 4085 Anselmum
1585 4028 1679 4086 his
1726 4028 2047 4086 honoribus

382 4125 581 4185 “excoli
607 4143 621 4193 ;
645 4138 846 4197 quare,
868 4118 1181 4177 transactis
1203 4118 1397 4173 Romae
1418 4117 1625 4174 diebus
1642 4118 1863 4187 decem,
1896 4118 2045 4174 invi-

401 4221 560 4274 tatus
581 4231 617 4270 a
633 4212 855 4268 Joanne
874 4208 1014 4265 olim
1036 4224 1143 4263 suo
1160 4207 1289 4278 ejus
1300 4206 1457 4278 apud
1472 4206 1719 4262 Beccum
1732 4206 2042 4279 discipulo,

399 4311 540 4361 tunc
566 4317 700 4357 vero
731 4298 939 4354 abbate
968 4295 1163 4352 Sancti
1193 4293 1507 4350 Salvatoris
1536 4311 1713 4367 prope
1750 4294 2045 4352 Telesiam

402 4393 606 4449 urbem
638 4389 698 4444 in
726 4383 1196 4446 Terra-Laboris,
1244 4382 1313 4437 ad
1364 4399 1499 4437 eum
1548 4382 1801 4455 divertit,
1851 4400 1886 4439 a
1929 4400 2045 4456 quo

400 4482 612 4536 ductus
636 4476 697 4531 in
728 4473 925 4530 villam
950 4471 1041 4529 sui
1072 4470 1433 4538 monasterii,
1467 4469 1704 4526 nomine
1732 4470 2041 4540 Sclaviam,

400 4570 460 4625 in
479 4566 667 4624 vicino
693 4567 891 4621 monte
912 4562 1108 4629 sitam,
1134 4558 1476 4632 aliquandiu
1496 4559 1577 4614 ibi
1597 4557 1798 4626 vitam,
1823 4560 2043 4617 acuriaa
2075 4581 2121 4647 ι)

400 4655 755 4715 tumultibus
776 4649 1014 4709 omnino
1037 4649 1360 4705 immunem
1375 4647 1562 4717 duxit,
1579 4647 1867 4704 exercitiis
1879 4649 2048 4722 spiri-

400 4746 621 4805 talibus
652 4740 1008 4817 potissimun
1055 4738 1348 4803 addictus,
1399 4741 1458 4793 et
1503 4737 1699 4793 studio
1748 4754 2046 4795 sacrarum

399 4853 617 4896 rerum.
648 4834 768 4890 Hoc
796 4829 911 4888 otio
941 4828 1159 4900 optime
1190 4843 1335 4883 usus
1382 4825 1688 4883 Anselmus
1745 4826 2047 4900 egregium

397 4943 566 5002 opus,
599 4922 755 4998 quod
777 4918 1132 4993 jamdudum
1173 4915 1233 4971 in
1292 4913 1499 4988 Anglia
1521 4914 1913 4982 inchoaverat,
1934 4915 2045 4971 sub

404 5015 576 5074 titulo
603 5015 713 5071 Cur
738 5013 880 5067 Deus
902 5008 1079 5074 homo,
1114 5004 1348 5077 penitus
1405 5002 1673 5058 absolvit.
1720 5002 1861 5058 Cum
1910 5020 2045 5059 vero

398 5107 478 5163 ibi
508 5102 755 5176 penuria
782 5101 938 5155 esset
951 5113 1136 5167 aquae,
1164 5093 1379 5149 fontem
1405 5092 1598 5147 vivum
1622 5091 1747 5148 suis
1769 5092 2043 5163 precibus

395 5214 431 5252 a
454 5195 569 5250 Deo
599 5188 923 5247 obtinuisse
952 5185 1184 5249 dicitur,
1225 5180 1379 5253 quod
1424 5178 1769 5235 miraculum
1838 5180 2041 5237 Petrus

395 5279 659 5339 Divensis
690 5294 825 5334 cum
856 5273 1171 5346 aliquando
1203 5267 1365 5324 Becci
1414 5266 1827 5340 hospitaretur,
1886 5269 2041 5326 inter

368 5352 513 5428 'alia
556 5371 685 5441 ejus
724 5370 890 5439 gesta
938 5360 1224 5428 versibus,
1259 5373 1407 5429 quos
1450 5355 1769 5427 aliquando
1804 5356 1864 5413 in
1922 5374 2034 5414 ms.

393 5460 590 5520 codice
634 5455 908 5531 legimus,
961 5449 1106 5511 satis
1152 5445 1442 5524 eleganter
1503 5461 1607 5521 pro
1648 5448 1909 5524 tempore
1945 5463 2036 5507 ex-

392 5546 628 5631 pressit.

1706 344 1775 406 B.
1822 342 2112 409 URBANI
2155 343 2210 409 ll
2252 343 2505 410 PAI’AZ.

405 479 494 530 est
522 473 771 547 epistola
800 476 860 532 in
892 476 1144 551 vulgatis
1175 479 1529 536 editionibus
1559 479 1664 534 166
1692 479 1824 534 libri
1864 479 2042 547 tertii,
2077 483 2130 549 Α

3686 352 3808 413 236

2371 482 2615 539 CCCXV.
2653 484 2940 556 Rogerium
2965 483 3156 541 ducem
3182 485 3301 543 adit
3316 484 3588 559 pontifex.

2234 569 2550 627 Obsidebat
2579 571 2672 627 his
2702 572 3067 645 temporibus
3093 577 3350 647 Capuam
3382 574 3589 631 urbem
3621 573 3812 649 Roge-

2159 658 2282 713 rius
2312 658 2431 712 dux
2458 657 2704 731 Apuliae,
2738 659 2862 733 qui,
2893 661 3091 718 audita
3112 661 3266 718 beati
3290 662 3398 719 viri
3443 661 3622 729 fama,
3673 679 3813 719 eum

2160 750 2223 799 ut
2253 746 2324 801 ad
2356 763 2419 803 se
2450 747 2748 805 accederet
2776 748 3063 821 invitavit,
3108 750 3556 824 advenientique
3601 751 3813 809 obvius

2159 833 2381 905 ingenti
2411 834 2698 892 nobilium
2729 837 2903 894 turba
2935 838 3187 912 stipatus
3235 840 3538 913 processit.
3593 839 3815 897 Mansit

2158 938 2292 978 cum
2322 940 2388 979 eo
2419 923 2642 998 aliquot
2671 926 2796 982 dies
2824 927 2913 982 vir
2933 932 3195 996 sanctus,
3218 928 3317 985 sed
3342 926 3544 1001 procul
3565 928 3638 983 ab
3664 927 3815 985 aulis

2158 1011 2403 1084 strepitu
2434 1011 2493 1067 in
2544 1012 2671 1070 loco
2730 1013 3015 1083 solitario,
3069 1032 3242 1089 quem
3302 1016 3576 1090 princeps
3629 1016 3682 1072 ei
3743 1021 3815 1072 ut

2160 1098 2393 1170 faveret,
2419 1104 2730 1174 praeparari
2746 1104 3030 1175 jusserat.
3049 1104 3321 1162 Urbanus
3337 1104 3579 1173 interea,
3604 1120 3676 1160 ne
3697 1104 3811 1167 hoc

2159 1187 2308 1243 bello
2370 1189 2544 1245 Italiae
2605 1208 2697 1247 res
2742 1193 3140 1261 turbarentur,
3197 1194 3269 1249 ad
3327 1196 3520 1249 castra
3572 1193 3811 1267 Rogerii

2157 1276 2344 1349 gratia
2366 1278 2525 1350 pacis
2548 1282 2963 1353 componendae
2984 1281 3159 1338 etiam
3182 1281 3449 1350 accessit,
3473 1298 3647 1356 quam
3668 1298 3808 1338 cum

2158 1368 2297 1419 tunc
2354 1365 2663 1423 conciliare
2711 1384 2825 1423 non
2878 1369 3187 1441 potuisset,
3245 1369 3347 1437 ibi,
3402 1374 3503 1426 aut
3549 1374 3703 1426 certe
3746 1368 3813 1425 in

2157 1453 2390 1519 vicinia,
2420 1456 2501 1510 uti
2534 1456 2857 1512 Eadmerus
2891 1457 3087 1525 habet,
3119 1474 3254 1513 cum
3286 1461 3489 1514 sancto
3532 1458 3814 1519 Anselmo

2160 1559 2345 1613 usque
2387 1544 2457 1599 ad
2506 1544 2670 1600 urbis
2721 1545 3079 1602 deditionem
3129 1562 3430 1613 nemanere
3479 1546 3808 1619 constituit,

2157 1629 2299 1684 dum
2327 1630 2447 1684 haec.
2479 1631 2729 1688 discidia
2758 1631 2990 1689 facilius
3020 1633 3290 1706 componi
3322 1638 3582 1708 possent.
3624 1634 3814 1691 Ordo-

2159 1716 2314 1774 ricus
2346 1718 2495 1775 libro
2523 1738 2561 1775 x
2586 1721 2999 1793 compendiose
3026 1721 3287 1779 Anselmi
3308 1727 3475 1795 gesta
3494 1721 3808 1796 replicans,

2158 1807 2363 1862 scribit
2393 1824 2528 1864 eum
2557 1808 2615 1863 in
2664 1808 2877 1883 Apulia
2925 1810 3226 1867 Urbanum
3268 1811 3580 1881 invenisse,
3632 1816 3814 1884 atque

2160 1912 2293 1950 cum
2326 1913 2391 1952 eo
2417 1897 2660 1953 concilio
2694 1899 2929 1955 Barensi
2961 1898 3317 1969 interfuisse,
3364 1916 3430 1956 ac
3474 1901 3630 1974 apud
3674 1898 3811 1957 Cla-

2162 1976 2553 2041 rummontem
2587 2002 2821 2043 crucem
2862 1987 3093 2043 Domini
3140 1988 3504 2061 pradicasse.
3556 1988 3668 2045 Sed
3713 2004 3812 2046 res

2163 2073 2242 2128 ibi
2276 2089 2340 2129 ac
2370 2079 2635 2146 tempora
2662 2076 2966 2131 confundit
2988 2082 3192 2133 auctor
3239 2075 3457 2150 alioqui
3497 2080 3812 2134 accuratus

2162 2166 2218 2217 et
2274 2161 2545 2235 diligens,
2604 2163 2703 2236 qui
2762 2163 3006 2221 lectores
3057 2165 3131 2221 ad
3186 2165 3542 2222 Eadmerum
3599 2165 3812 2223 merito

2162 2250 2425 2319 remittit,
2456 2251 2514 2305 in
2550 2251 2658 2307 hoc
2688 2252 2875 2308 multo
2904 2253 3095 2327 magis
3116 2252 3467 2321 audiendus,
3491 2271 3668 2327 quam
3690 2270 3816 2312 cre-

2161 2339 2389 2395 dendus
2420 2340 2478 2396 in
2510 2339 2582 2396 iis
2613 2357 2740 2413 qua:
2771 2339 3021 2413 ipsemet
3048 2357 3118 2397 ea
3154 2341 3227 2397 de
3258 2358 3318 2398 re
3348 2346 3700 2399 narraverat.
3736 2345 3817 2400 At

2161 2427 2488 2485 Gaufredus
2520 2427 2851 2497 Malaterra,
2884 2433 3088 2485 auctor
3116 2430 3245 2502 ejus
3280 2430 3582 2504 temporis,
3622 2431 3723 2504 qui
3754 2436 3817 2489 et

2162 2516 2288 2588 ipse
2317 2517 2493 2573 rebus
2524 2516 2706 2589 gestis
2739 2533 2997 2591 praesens
3025 2518 3247 2588 aderat,
3280 2519 3457 2575 refert
3484 2519 3813 2591 Urbanum,

2161 2622 2295 2663 cum
2328 2605 2475 2661 nihil
2510 2606 2567 2661 in
2601 2605 2832 2679 Rogerii
2854 2607 3064 2664 castris
3082 2609 3407 2680 proﬁceret,
3430 2609 3816 2666 ecclesiasticis

2158 2696 2391 2767 negotiis
2418 2696 2712 2767 plusquam
2738 2695 3235 2767 expeditionalibus
3252 2699 3484 2770 negotiis
3511 2700 3810 2766 intentum,

2162 2784 2420 2839 totalibus
2445 2784 2766 2841 tumultibus
2794 2788 2977 2842 mente
3000 2784 3309 2853 declinatis,
3343 2786 3480 2842 data
3529 2786 3813 2860 principi-

2162 2872 2295 2940 bus,
2315 2889 2449 2928 nam
2468 2872 2549 2928 ibi
2572 2872 2859 2945 R'ogerius
2878 2877 3125 2946 uterque
3137 2890 3272 2929 cum
3288 2873 3578 2931 Richardo
3596 2877 3808 2948 Capua

2165 2960 2427 3034 principe
2454 2961 2714 3029 aderant,
2747 2964 2805 3018 et
2821 2963 2980 3017 omni
3003 2961 3280 3018 exercitui
3299 2962 3618 3037 apostolica
3634 2964 3810 3021 bene-

2165 3049 2438 3119 dictione,
2476 3050 2874 3107 Beneventum
2906 3051 3243 3119 secessisse,
3291 3051 3490 3125 ibique
3532 3068 3809 3126 perseve-

2165 3154 2327 3195 rasse
2356 3138 2425 3194 ad
2460 3136 2716 3193 solutam
2745 3137 2951 3211 Capuae
2980 3139 3363 3196 obsidionem.

2479 3225 2747 3282 CCCXVI.
2778 3228 3145 3283 Beneventum
3171 3240 3227 3284 se
3269 3229 3481 3300 recipit.

2234 3315 2400 3372 Forte
2439 3315 2697 3387 pontifex
2743 3319 3005 3389 tempore
3049 3315 3230 3388 hujus
3279 3316 3621 3384 obsidionis,
3665 3334 3805 3375 eum

2160 3403 2322 3460 nulla
2350 3402 2510 3476 pacis
2535 3403 2950 3476 componendis
2982 3419 3117 3477 spes
3160 3403 3481 3479 effulgeret,
3513 3405 3808 3462 Beneven-

2158 3497 2306 3561 tum,
2361 3508 2489 3564 quae
2539 3491 2702 3561 urbs,
2756 3496 2823 3548 ut
2877 3491 3032 3548 idem
3084 3496 3287 3549 auctor
3339 3493 3629 3561 observat,
3682 3496 3812 3551 erat

2159 3580 2397 3638 ditionis
2453 3579 2804 3653 apostolicae,
2853 3580 3017 3648 adiit,
3080 3597 3147 3638 ac
3200 3581 3576 3654 postmodum
3636 3585 3810 3655 capta

2157 3674 2354 3743 Capua
2373 3670 2445 3726 ad
2468 3669 2781 3743 Rogerium
2807 3686 3073 3727 reversus
3090 3674 3196 3727 est.
3223 3669 3388 3727 Certe
3409 3669 3807 3728 Beneventum

2158 3758 2317 3815 hisce
2338 3758 2701 3832 temporibus
2718 3775 2781 3814 se
2798 3758 3069 3816 invisisse
3092 3759 3284 3815 innuit
3304 3759 3427 3832 ipse
3453 3759 3720 3816 Urbanus
3740 3759 3805 3816 in

2158 3846 2406 3920 epistola
2435 3847 2508 3903 ad
2538 3849 2833 3904 Ansonem
2865 3847 2995 3919 ejus
3027 3848 3193 3904 urbis
3219 3847 3548 3918 dominum,
3600 3864 3806 3905 mense

2154 3936 2463 3993 Novembri
2482 3941 2761 4009 sequente
2781 3935 3021 4009 scripta,
3038 3936 3112 3992 de
3137 3953 3254 4009 qua
3275 3936 3520 3994 inferius
3536 3952 3802 4011 agemus;

2154 4041 2272 4097 qua
2296 4023 2533 4098 quidem
2564 4024 2869 4081 occasione
2894 4024 3151 4097 pontifex
3179 4026 3470 4081 Ansenem
3499 4024 3558 4080 in
3592 4024 3808 4097 princi-

2155 4118 2294 4186 patu
2325 4113 2739 4170 Beneventanse
2770 4112 2937 4169 urbis
2967 4113 3356 4179 confirmavit,
3404 4128 3519 4183 quo
3567 4112 3806 4170 nonnisi

2153 4205 2287 4274 post
2314 4218 2498 4258 annos
2526 4206 2645 4257 tres
2673 4218 2707 4257 a
2735 4199 3001 4256 Paschali
3034 4200 3082 4256 II
3111 4205 3322 4256 exutus
3353 4203 3463 4269 est,
3499 4198 3582 4254 uti
3609 4198 3805 4256 fusius

2153 4290 2388 4363 exponit
2403 4288 2775 4363 Peregrinius
2796 4287 2961 4345 initio
2983 4288 3446 4362 Castigationum
3471 4287 3543 4344 ad
3564 4286 3805 4344 Chroni-

2153 4395 2287 4434 cum
2321 4377 2606 4435 Falconis.
2641 4377 2910 4449 Ejusdem
2952 4376 3183 4434 itineris
3232 4375 3574 4434 meminisse
3621 4376 3803 4433 etiam

2151 4468 2381 4524 videtur
2408 4467 2673 4525 Urbanus
2695 4466 2820 4539 ipse
2838 4465 2898 4521 in
2922 4464 3204 4539 rescripto
3225 4466 3298 4521 ad
3321 4465 3667 4522 Casinenses
3687 4464 3804 4522 hoc

2152 4574 2306 4613 anno
2320 4559 2562 4612 exeunte
2578 4556 2715 4611 dato
2732 4554 3013 4611 adversus
3029 4552 3399 4628 Cinglensem
3413 4553 3798 4621 abbatissam,

2153 4663 2287 4702 cum
2320 4645 2401 4703 ait
2432 4644 2595 4700 litem
2626 4661 2753 4717 quae
2783 4644 2936 4699 inter
2966 4642 3119 4699 hanc
3147 4642 3508 4699 abbatissam
3530 4644 3587 4697 et
3606 4641 3807 4699 Oderi-

2153 4735 2308 4793 sium
2343 4732 2537 4790 Casini
2567 4734 2837 4789 abbatem
2866 4732 3221 4800 vertebatur,
3249 4748 3312 4789 se
3332 4733 3501 4788 Roma
3514 4746 3618 4802 pro
3636 4730 3804 4787 eccle-

2150 4825 2387 4881 siasticis
2415 4824 2596 4878 causis
2621 4837 2895 4895 egressum
2926 4823 2987 4878 in
3007 4822 3290 4892 utriusque
3302 4820 3484 4892 partis
3500 4821 3804 4892 praemia

2150 4914 2452 4968 tractasse.
2511 4910 2630 4966 Hoc
2678 4909 3052 4982 rescriptum,
3110 4908 3267 4965 sicut
3310 4911 3370 4964 et
3426 4904 3677 4980 epistola
3722 4907 3799 4964 ad

2152 5001 2465 5065 Ansonem,
2516 5016 2623 5055 suo
2675 4998 2878 5054 ordine
2921 4997 3033 5054 sub
3088 4997 3264 5053 finem
3312 4995 3494 5068 huius
3543 4994 3681 5052 anni
3733 4994 3798 5052 in

2150 5096 2353 5146 nostra
2369 5086 2707 5144 collectione
2721 5086 2988 5143 habetur.
3011 5085 3184 5142 Porro
3201 5084 3410 5158 Capuae
3427 5084 3798 5142 obsidionem

2151 5178 2347 5251 Lupus
2397 5177 2759 5248 Protospata,
2807 5190 3135 5248 anonymus
3177 5172 3539 5242 Casinensis,
3588 5176 3646 5229 et
3692 5170 3799 5229 alii

2148 5271 2414 5323 auctores
2442 5267 2927 5331 commemorant,
2961 5263 3063 5320 sed
3094 5262 3274 5321 variis
3305 5261 3477 5320 annis
3506 5261 3580 5319 ob
3610 5261 3800 5319 diver-

2146 5371 2274 5412 sam
2303 5353 2377 5411 ab
2407 5353 2481 5408 iis
2511 5351 2835 5409 adhibitam
2856 5352 3236 5426 computandi
3269 5351 3576 5418 rationem,
3598 5350 3714 5407 nisi
3733 5349 3796 5408 id

2142 5442 2521 5500 librariorum
2552 5457 2746 5498 errore
2775 5441 3050 5512 evenerit,
3082 5445 3150 5500 ut
3174 5440 3373 5502 videre
3411 5444 3501 5501 est
3528 5438 3590 5498 in
3624 5439 3795 5499 Pere-

2141 5530 2316 5611 grinii
2355 5527 2871 5611 Castigationibus.
2950 5536 2955 5541 ’
