3998 6158
189 388 314 466 237

334 536 578 595 CCCXII.
610 538 897 594 Anselmus
925 536 1105 665 segetm
1133 537 1408 594 dimittere
1437 554 1547 593 non
1572 554 1699 609 per-

889 627 969 665 mi
1016 626 1032 663 τ
1059 627 1147 665 ur.

889 626 1147 665 mittitur.

1796 398 2003 466 VITA.

1874 546 1927 611 Α
1957 536 2067 590 sibi
2105 534 2356 605 aliquem
2391 536 2725 606 praeﬁceret,
2761 532 2930 606 cujus
2968 532 3156 606 jussis
3188 533 3419 590 obedire
3444 538 3601 588 tene-

1953 629 2133 691 retur,
2158 624 2589 696 praepositoque
2639 624 2689 678 ei
2732 624 3015 679 Eadmero
3056 624 3510 694 obtemperasse,
3544 624 3609 676 ut

3481 402 3599 463 238

257 715 586 771 Eadmerus
616 720 811 771 autem
843 715 1062 795 scribit-
1090 715 1435 771 Anselmum
1467 714 1665 770 statim
1713 715 1847 786 post
1954 713 2176 783 absque
2201 713 2327 781 ejus
2360 711 2529 766 venia
2557 710 2649 766 vix
2680 729 2861 767 ausus
2887 716 3043 768 esset
3068 713 3211 767 latus
3263 713 3552 789 invertere.

189 803 450 859 solutam
507 808 713 876 Capuae
770 805 1137 860 obsidionem
1187 803 1366 859 simul
1423 820 1556 858 cum
1614 802 1845 857 Urbano

184 896 469 948 Aversam
500 893 757 964 petiisse,
786 894 886 949 ubi
924 893 1182 966 pontifex
1211 893 1270 947 in
1301 892 1431 963 ipsa
1459 892 1623 958 urbe,
1651 889 1849 946 Ansel-

186 998 323 1036 mus
353 998 490 1036 vero
520 982 579 1035 in
611 980 797 1037 vicino
830 981 1028 1037 Sancti
1056 980 1352 1037 Laurentii
1386 979 1741 1035 monasterio
1763 996 1850 1033 or-

185 1070 346 1125 dinis
377 1068 564 1125 nostri
613 1069 943 1141 hospitatus
972 1075 1081 1126 est.
1105 1074 1247 1124 Cum
1279 1086 1412 1125 vero
1463 1069 1543 1123 ibi
1593 1068 1846 1139 quadam

184 1157 281 1213 die
310 1157 628 1213 Anselmus
657 1174 692 1213 a
710 1159 986 1230 pontifice
1007 1158 1335 1230 postularet
1357 1163 1421 1211 ut
1447 1157 1579 1222 sibi,
1605 1155 1849 1210 dimisso

184 1246 556 1319 episcopatu,
590 1247 815 1319 privato
864 1246 1066 1302 liceret
1113 1247 1173 1301 in
1223 1246 1577 1301 monasterio
1621 1246 1849 1316 degere,

181 1352 300 1390 non
323 1335 522 1391 solum
545 1352 662 1391 non
686 1336 940 1391 assensit
960 1335 1251 1402 Urbanus,
1269 1335 1369 1389 sed
1393 1334 1568 1389 etiam
1592 1333 1643 1388 ei
1667 1332 1853 1388 acrio-

183 1425 355 1479 ribus
385 1424 578 1480 verbis
609 1423 964 1497 reprehenso
1000 1424 1059 1479 in
1091 1425 1304 1480 virtute
1335 1422 1676 1478 obedientiae
1708 1437 1850 1493 pras-

184 1512 345 1584 cepit
376 1516 445 1567 ut
474 1528 545 1567 ne
576 1528 838 1584 unquam
887 1512 1189 1567 commissi
1231 1511 1426 1584 gregis
1474 1527 1675 1565 curam
1706 1507 1855 1579 abji'

186 1606 369 1656 ceret.
404 1600 598 1656 Verba
629 1601 760 1672 ipsa
791 1600 1084 1673 pontificis
1116 1600 1232 1655 huc
1257 1600 1670 1671 referrejuvat.
1695 1620 1722 1648 «
1746 1598 1857 1652 Au-

179 1689 288 1755 dit,
316 1689 516 1760 inquit
557 1689 652 1744 ille
686 1694 908 1753 auctor,
934 1706 1085 1761 papa
1138 1689 1291 1760 quod
1342 1687 1438 1743 ille
1493 1686 1771 1759 postulat,
1801 1690 1859 1740 et

180 1776 345 1833 illico
368 1777 624 1832 miratus
646 1777 933 1833 exclamat
957 1795 969 1832 :
996 1777 1040 1833 0
1063 1776 1436 1849 episcopuml
1467 1793 1500 1831 ο
1526 1768 1848 1848 pastorem!

182 1866 455 1922 nondum
502 1866 714 1933 caedes,
749 1867 1013 1921 nondum
1044 1864 1291 1920 vulnera
1336 1880 1649 1936 perpessus
1680 1880 1764 1929 es,
1797 1864 1855 1918 et
1884 1906 1930 1971 Β

183 1962 195 1971 ,
360 1955 405 1971 ,κ
516 1953 529 1971 .
582 1954 593 1964 .
637 1954 649 1965 .
724 1970 731 1971 γ
1192 1970 1223 1971 η
1260 1953 1416 1971 UH,
1625 1951 1826 1971 ηπ,-

179 1962 307 2009 tam
358 1953 652 2010 Dominici
712 1970 916 2009 curam
967 1952 1133 2009 ovilis
1184 1953 1587 2025 subterfugere
1617 1951 1850 2023 quazris.

173 2043 447 2098 Christus
468 2043 527 2097 in
545 2059 686 2097 cura
701 2043 900 2097 ovium
921 2058 1163 2097 suarum
1198 2042 1405 2114 probat
1420 2039 1571 2096 Petri
1592 2055 1852 2095 amorem

177 2148 324 2204 erga
352 2148 449 2197 se;
482 2135 541 2187 et
569 2130 904 2197 Anselmus,
943 2128 1277 2195 Anselmus,
1300 2129 1567 2199 inquam,
1591 2127 1689 2183 ille
1719 2144 1851 2184 san-

180 2224 337 2285 ctus,
374 2219 476 2275 ille
508 2218 643 2275 talis
673 2235 739 2274 ac
778 2222 983 2273 tantus
1016 2217 1124 2284 vir,
1160 2217 1528 2273 solummodo
1559 2216 1857 2288 quiescere

174 2307 560 2374 volens,oves
583 2307 799 2363 Christi
831 2312 891 2361 et
923 2311 1056 2361 ante
1102 2322 1364 2377 pugnam
1398 2305 1670 2376 luporum
1703 2322 1855 2360 mor-

174 2398 351 2451 sibus
383 2395 758 2450 dilaniandas
801 2410 920 2450 non
951 2398 1187 2450 veretur
1223 2410 1526 2466 exponere.
1556 2393 1675 2448 Ah!
1713 2392 1852 2464 quid

180 2485 380 2540 dicam
407 2484 421 2539 l
454 2500 571 2555 quo
597 2499 797 2538 amore
829 2487 1028 2554 sperat
1049 2481 1298 2538 Domino
1331 2481 1725 2554 cepulari,qui
1748 2482 1857 2536 hoc

179 2573 341 2645 fugit
370 2587 490 2645 quo
524 2573 648 2643 ipse
678 2571 967 2627 Dominus
1013 2588 1075 2627 se
1112 2576 1261 2627 teste
1310 2572 1593 2642 probatur
1635 2570 1851 2625 amari!

175 2662 395 2718 Absint
425 2659 548 2714 haec
573 2677 607 2715 a
637 2663 716 2730 te,
740 2659 938 2715 absint
968 2676 1002 2714 a
1030 2664 1134 2714 tua
1165 2658 1856 2731 religione,dilectissime

174 2751 367 2807 frater
416 2747 715 2815 Ansclme,
749 2746 947 2820 potius
979 2763 1050 2802 ne
1076 2763 1171 2802 me
1200 2746 1260 2801 in
1292 2747 1423 2802 istis
1472 2746 1716 2801 ulterius
1762 2747 1853 2801 in-

175 2840 434 2913 quietes.
458 2837 621 2893 Scias
667 2837 823 2908 quod
871 2853 988 2891 non
1022 2835 1214 2891 solum
1268 2852 1383 2890 non
1443 2834 1693 2890 concedo
1748 2834 1854 2898 tibi

178 2928 375 2984 facere
404 2926 564 2999 quod
597 2926 780 2998 petis;
816 2924 1040 2979 imo-ex
1070 2928 1235 2996 parte
1277 2922 1375 2979 Dei
1415 2923 1850 2997 omnipotentis,

180 3018 312 3073 vice
342 3004 668 3072 beatissimi
691 3013 844 3067 Petri
870 3012 1271 3085 apostolorum
1302 3012 1602 3083 principis,
1625 3012 1729 3066 tibi
1752 3029 1854 3084 per

189 3110 467 3161 sanctam
524 3101 917 3158 obedientiam
969 3100 1261 3173 praecipio,
1304 3103 1595 3172 quatenus
1649 3117 1847 3156 curam

186 3192 424 3263 Anglici
456 3190 621 3263 regni
653 3189 760 3244 tibi
792 3188 1283 3255 commendatam,
1308 3188 1567 3260 quandiu
1601 3189 1849 3244 retinere

2114 800 2442 855 CCCXVIII.
2482 802 2686 857 Urbani
2712 816 2839 855 cum
2866 802 3094 870 Rogerio
3122 817 3453 872 congressus.

2026 887 2265 944 Interim
2314 893 2482 960 capta
2527 889 2747 959 Capua,
2800 905 2935 942 cum
2985 889 3243 960 pontifex
3293 889 3615 960 accepisset

1958 980 2273 1048 utrumque
2306 975 2618 1049 Rogerium
2662 974 2969 1031 Salernum
3015 976 3340 1044 divertisse,
3372 976 3488 1032 huc
3513 993 3612 1033 eos

1958 1065 2116 1120 adire
2147 1064 2469 1131 constituit,
2496 1069 2814 1136 antequam
2838 1063 3119 1137 Rogerius
3149 1080 3346 1119 comes
3377 1065 3437 1119 in
3469 1063 3612 1120 Sici-

1958 1152 2099 1208 liam
2127 1153 2357 1208 rediret.
2383 1152 2615 1207 Urbano
2646 1152 2970 1208 advenienti
2995 1169 3128 1207 cum
3154 1152 3609 1225 archiepiscOpis

1959 1246 2017 1297 et
2045 1246 2249 1297 caetero
2296 1239 2576 1296 comitatu
2623 1240 2853 1296 obviam
2896 1239 3043 1295 itum
3075 1245 3164 1296 est
3193 1258 3327 1296 cum
3359 1239 3610 1296 solemni

1961 1329 2347 1402 processione.
2382 1329 2585 1401 Ibique
2614 1328 2739 1385 dies
2796 1328 3018 1400 aliquot
3073 1329 3262 1402 exegit
3318 1326 3608 1401 frequenti

1961 1417 2247 1488 colloquio
2278 1418 2510 1474 comitis
2550 1416 2778 1490 Rogerii
2810 1433 2822 1472 :
2859 1434 2995 1472 nam
3044 1416 3390 1473 amicissimi
3444 1420 3611 1472 erant

1963 1512 2275 1574 recreatus,
2310 1505 2395 1561 uti
2441 1505 2614 1560 habet
2660 1505 2985 1561 Gaufredus
3033 1504 3363 1573 Malaterra,
3395 1504 3498 1561 lib.
3531 1521 3605 1561 1v.

1963 1598 2042 1651 Ea
2071 1595 2393 1661 occasione,
2423 1600 2487 1649 ut
2516 1594 2672 1648 idem
2702 1599 2906 1649 auctor
2930 1593 3151 1665 scribit,
3176 1611 3306 1650 cum
3341 1594 3612 1650 Urbanus

1964 1682 2307 1739 advertisset
2329 1683 2573 1754 Rogerio
2608 1682 2936 1754 displicere,
2953 1684 3109 1754 quod
3133 1683 3421 1739 Robertus
3448 1682 3610 1737 Trai-

1963 1774 2165 1828 nensis
2194 1771 2502 1844 episcopus
2528 1788 2594 1827 eo
2624 1770 2954 1827 inconsulto
2984 1771 3214 1844 legatus
3254 1769 3613 1844 apostolicus

1964 1863 2022 1917 in
2055 1860 2254 1917 Sicilia
2295 1861 2604 1917 institutus
2636 1861 2864 1928 fuisset,
2884 1865 3110 1916 mutata
3138 1877 3334 1916 rerum
3361 1858 3611 1932 disposi-

1965 1950 2313 2017 tione,hanc
2363 1948 2704 2021 dignitatem
2761 1948 2875 2020 ipsi
2922 1949 3166 2022 Rogerio
3214 1950 3287 2005 ob
3338 1947 3615 2021 praeclara

1962 2040 2091 2110 ejus
2114 2039 2171 2093 in
2194 2037 2505 2093 Ecelesiam
2530 2038 2739 2093 merita
2763 2038 3159 2095 hwreditaliter
3177 2037 3463 2109 attribuit,
3488 2036 3614 2110 pol-

1963 2126 2159 2183 licitus
2189 2144 2251 2182 se
2282 2127 2579 2182 neminem
2612 2143 2873 2198 unquam
2904 2126 3161 2200 legatum
3180 2127 3362 2183 alium
3394 2127 3455 2182 in
3478 2126 3619 2183 Sici-

1963 2216 2100 2271 liam
2124 2215 2222 2271 illo
2254 2216 2433 2270 invito
2458 2215 2805 2282 missurum,
2827 2216 2959 2271 dum
2982 2219 3095 2288 ipse
3117 2232 3291 2272 comes
3320 2217 3613 2282 advirerit,

1962 2305 2046 2360 vel
2076 2305 2280 2374 aliquis
2312 2304 2603 2360 [arrectum
2632 2320 2861 2359 suorum
2889 2306 2999 2360 zeli
3015 2307 3239 2376 paterni
3265 2306 3620 2361 ecclesiastici

1961 2402 2260 2459 exsecutor,
2291 2396 2559 2463 superstes
2600 2394 2790 2463 fuerit.
2825 2392 2970 2447 Hinc
3015 2394 3239 2449 famosa
3267 2393 3370 2449 illa
3398 2394 3615 2449 consti-

1961 2482 2110 2537 tutio
2132 2480 2449 2553 apostolica
2467 2498 2534 2536 ea
2554 2481 2625 2537 de
2647 2497 2708 2535 re
2739 2482 3050 2549 emanavit,
3075 2483 3210 2537 data
3240 2481 3349 2538 hoc
3378 2499 3533 2538 anno
3555 2499 3616 2538 ιιι

1962 2572 2156 2626 Nonas
2183 2569 2347 2634 Julii,
2370 2586 2496 2641 quae
2522 2573 2655 2641 post
2675 2570 3055 2625 Gautfredum
3088 2587 3122 2626 a
3152 2570 3397 2628 diversis
3421 2574 3617 2627 aucto-

1964 2659 2126 2714 ribus
2148 2658 2304 2715 edita
2323 2659 2391 2713 ad
2419 2675 2562 2714 mss.
2588 2657 2763 2714 etiam
2787 2659 3014 2715 codices
3036 2658 3247 2715 collata
3266 2660 3612 2733 proferetur,

1962 2748 2063 2804 sed
2088 2747 2196 2804 etsi
2218 2747 2453 2803 sinceris
2476 2747 2597 2802 sint
2619 2751 2832 2803 caeteras
2853 2748 2981 2819 ejus
2997 2747 3417 2822 chronologicaa
3438 2753 3611 2817 notae,

1962 2836 2287 2891 adulterata
2318 2840 2511 2891 tamen
2560 2834 2620 2890 in
2653 2851 2721 2890 ea
2767 2840 2858 2891 est
2905 2836 3167 2892 indictio.
3202 2837 3377 2893 Porro
3430 2837 3617 2894 multa

1961 2925 2140 2996 hujus
2170 2922 2610 2979 constitutionis
2641 2924 2944 2980 occasione
2975 2924 3112 2980 hinc
3143 2928 3202 2981 et
3232 2924 3367 2981 inde
3400 2926 3618 2999 scripta

1960 3018 2260 3084 sunt,quae
2293 3013 2364 3067 ad
2399 3029 2504 3067 nos
2541 3011 2687 3067 nihil
2721 3014 2929 3069 attinet
2956 3013 3147 3069 fusius
3191 3014 3480 3088 indagari.
3516 3017 3613 3087 Ea,

1959 3099 2440 3169 silubet,videsis
2481 3101 2634 3172 apud
2666 3101 2978 3156 Baronium
3012 3106 3169 3159 tomo
3190 3102 3286 3172 XI;
3320 3104 3618 3161 Bocchum

1960 3190 2243 3263 Pyrrhum
2267 3194 2423 3243 torno
2448 3188 2493 3242 II
2521 3187 2729 3242 Sicilia:
2753 3206 2952 3257 sacrae,
2980 3207 3114 3263 pag.
3140 3192 3248 3245 452
3265 3196 3322 3246 et
3341 3208 3530 3264 seqq.,
3550 3208 3618 3249 ac

182 3288 244 3336 ut
276 3281 599 3347 hactenus,
632 3277 870 3350 poteris,
896 3293 1012 3332 non
1047 3277 1315 3347 abjicias.
1340 3277 1504 3340 Quod
1539 3276 1588 3331 si
1620 3282 1855 3349 propter
1884 3264 1926 3331 C
1964 3279 2108 3335 alios
2140 3281 2427 3333 auctores.
2459 3278 2545 3330 An
2578 3293 2709 3331 vero
2756 3277 2878 3332 haec
2908 3277 3121 3350 legatio
3171 3296 3298 3335 sese
3346 3281 3523 3335 etiam
3553 3280 3616 3335 in

177 3367 558 3442 tyrannidem
602 3364 913 3438 principis,
944 3364 1043 3437 qui
1080 3380 1235 3419 nunc
1280 3364 1357 3419 ibi
1402 3365 1759 3433 dominatur,
1794 3366 1852 3421 in

174 3462 401 3513 terram
439 3454 605 3509 illam
650 3453 838 3509 redire
893 3469 1009 3509 non
1078 3452 1454 3524 permitteris,
1479 3454 1614 3523 jure
1656 3458 1853 3509 tamen

192 3542 685 3608 Christianitatis,
713 3558 946 3614 semper
990 3539 1151 3598 illius
1200 3540 1671 3613 archiepiscopus
1709 3547 1855 3616 esto,

193 3637 554 3705 potestatem
613 3629 832 3704 ligandi
881 3635 1056 3702 atque
1106 3628 1444 3684 absolvendi
1492 3646 1670 3702 super
1726 3647 1854 3686 eam

186 3723 330 3777 dum
364 3720 585 3775 vixeris
615 3719 908 3783 obtinens,
943 3721 999 3773 et
1043 3717 1375 3791 insignibus
1419 3718 1858 3789 pontificalibus

192 3827 356 3866 more
376 3808 602 3866 summi
635 3807 926 3879 pontificis
947 3811 1116 3862 utens
1140 3806 1476 3878 ubicunque
1502 3807 1703 3861 fueris.
1723 3830 1751 3856 »
1771 3809 1858 3864 Ad

184 3900 303 3954 hac
334 3897 661 3954 Anselmus
693 3895 1085 3952 obedientiam
1118 3895 1435 3968 pollicitus,
1463 3897 1769 3967 respondit
1798 3914 1859 3954 se

182 4005 285 4043 nec
318 3987 519 4043 cades
562 3986 783 4056 fugere,
807 4000 914 4039 nec
958 3985 1226 4051 vulnera,
1261 3984 1380 4040 imo
1431 4001 1620 4056 neque
1669 3986 1859 4058 ipsam

184 4082 477 4141 mortem;
515 4079 574 4127 at
604 4090 664 4129 se
712 4072 842 4128 ideo
874 4071 1125 4127 voluisse
1158 4072 1493 4128 renuntiare
1545 4090 1663 4128 suae
1712 4075 1857 4147 sedi,

191 4165 350 4236 quod
401 4161 520 4218 sibi
549 4160 920 4233 impossibile
953 4161 1142 4215 visum
1175 4167 1331 4216 esset
1374 4160 1659 4233 integram
1692 4164 1862 4219 beato

187 4252 363 4307 Petro
396 4249 790 4307 obedientiam
823 4249 1094 4304 exhibere
1137 4247 1315 4303 simul
1348 4265 1481 4304 cum
1516 4250 1651 4317 fide,
1683 4267 1861 4322 quam

183 4340 309 4412 regi
345 4344 587 4394 terreno
617 4337 874 4413 debitam
908 4352 1036 4392 esse
1063 4335 1233 4408 Angli
1273 4337 1722 4394 contendebant.
1757 4328 1861 4395 Cui

186 4428 457 4499 pontifex
492 4444 558 4481 :u
593 4425 860 4491 Ratione,
893 4424 1107 4495 inquit,
1155 4426 1417 4491 duceris;
1454 4440 1559 4498 ego
1605 4444 1861 4504 quoque,

186 4532 262 4570 ne
290 4516 366 4570 de
398 4514 496 4569 his
518 4518 692 4585 atque
721 4513 856 4568 aliis
888 4513 991 4567 tibi
1019 4529 1132 4568 non
1158 4512 1293 4581 jure
1315 4512 1495 4568 illatis
1523 4515 1720 4572 videar
1747 4533 1861 4572 non

1962 3366 2310 3431 Calabriam,
2346 3364 2445 3419 ubi
2493 3368 2633 3418 tunc
2671 3368 2843 3420 Sasso
2873 3366 3255 3421 Cassanensis
3301 3368 3614 3439 episcopus

1961 3455 2248 3528 legatione
2278 3452 2597 3523 apostolica
2643 3452 3012 3525 fungebatur,
3045 3454 3384 3523 extenderit,
3417 3455 3610 3511 incer-

1962 3548 2091 3599 tum
2124 3547 2231 3609 est,
2266 3542 2417 3613 quod
2449 3542 2691 3597 innuere
2722 3542 2952 3597 videtur
2979 3543 3325 3600 Gaufredus.

2132 3629 2405 3687 CCCXIX.
2437 3632 2716 3685 Primam:
2742 3630 3000 3688 Ecclesiae
3037 3633 3257 3688 Salerni
3288 3632 3466 3689 datus.

2039 3719 2213 3774 Paulo
2244 3723 2377 3791 post
2401 3718 2456 3773 id
2483 3724 2737 3791 tempus,
2761 3719 2856 3775 die
2881 3719 3103 3776 scilicet
3122 3722 3191 3776 2O
3209 3721 3349 3777 Julii
3372 3738 3618 3794 sequen-

1967 3809 2061 3877 tis,
2085 3808 2344 3880 pontifex
2364 3807 2436 3862 ad
2458 3807 2697 3863 alterius
2728 3808 2980 3881 Rogerii,
3006 3826 3216 3882 nempe
3258 3810 3425 3867 ducis
3458 3814 3617 3884 Apu-

1966 3897 2076 3964 liae,
2110 3901 2166 3951 et
2203 3896 2395 3951 Alfani
2427 3894 2850 3970 archiepisc0pi
2880 3913 3102 3968 preces,
3135 3897 3364 3971 insigne
3394 3899 3623 3971 privile-

1969 3984 2131 4057 gium
2161 3984 2536 4040 Salernitanae
2569 3983 2833 4040 Ecclesiae
2864 3986 3173 4054 concessit,
3196 3986 3403 4043 collato
3424 3988 3477 4043 ei
3507 3988 3623 4059 pri-

1971 4076 2130 4127 matu
2163 4072 2224 4126 in
2255 4073 2404 4127 duas
2437 4071 2785 4144 metropoles
2815 4077 3203 4145 Compsanam
3234 4077 3291 4129 et
3318 4074 3618 4132 Acherun-

1970 4162 2176 4227 tinam,
2203 4177 2328 4232 quze
2359 4159 2498 4215 olim
2539 4160 2651 4231 ipsi
2692 4162 2828 4232 jure
2872 4162 3294 4235 metropolitico
3341 4164 3617 4235 subjecta:

1972 4250 2219 4306 fuerant.
2252 4249 2397 4304 Data
2444 4252 2533 4303 est
2561 4247 2725 4304 bulla
2753 4249 2847 4306 die
2894 4267 2992 4306 xm
3026 4251 3315 4308 Kalendas
3342 4253 3612 4326 Augusti,

1971 4356 2121 4394 anno
2156 4339 2311 4406 1099,
2339 4342 2402 4393 ut
2428 4339 2741 4410 praeferunt
2769 4339 2897 4410 ejus
2925 4340 3299 4413 exemplaria,
3324 4343 3424 4398 sed
3451 4342 3552 4413 qui
3583 4359 3619 4400 a

1970 4442 2171 4482 mense
2203 4427 2409 4482 Martio
2440 4426 2576 4481 anni
2609 4427 2988 4498 praecedentis
3026 4428 3394 4486 inchoandus
3421 4435 3529 4498 est,
3553 4435 3619 4486 ut

1970 4517 2040 4570 ad
2074 4520 2417 4588 praesentem
2443 4532 2661 4570 annum
2695 4516 2945 4571 revocari
2970 4518 3176 4589 possit.
3200 4520 3270 4573 At
3302 4519 3539 4575 indictio
3563 4537 3619 4575 ιν

186 4616 425 4669 curare,
450 4619 637 4674 eaque
665 4601 859 4674 gladio
904 4603 1091 4656 sancti
1146 4601 1297 4655 Petri
1350 4601 1504 4657 nolle
1551 4604 1864 4688 vindicare,
1895 4623 1940 4686 D
1973 4622 2099 4676 qua:
2139 4605 2219 4659 ibi
2268 4603 2579 4675 apponitur
2623 4606 2889 4660 excusari
2935 4608 3156 4679 nequit,
3190 4608 3305 4663 nisi
3350 4625 3510 4664 error
3559 4608 3620 4663 in

188 4707 429 4761 moneo,
453 4694 749 4762 quatenus
786 4688 1036 4745 concilio
1068 4689 1225 4761 quod
1276 4691 1430 4760 apud
1484 4695 1695 4746 Barum
1729 4698 1864 4749 ante

183 4796 412 4852 corpus
467 4778 624 4835 beati
681 4777 905 4834 Nicolai
938 4776 1212 4833 Kalendis
1246 4777 1512 4832 Octobris
1570 4778 1861 4836 celebrare

183 4867 502 4933 constitui,
538 4867 905 4938 praesentiam
950 4870 1114 4921 tuam
1146 4865 1444 4931 exhibeas,
1475 4871 1541 4921 ut
1587 4868 1741 4938 quod
1791 4869 1861 4923 de

184 4957 326 5029 ipso
349 4972 486 5027 rege
507 4954 768 5027 Anglico,
784 4956 1026 5028 suisque
1047 4972 1113 5010 ac
1137 4954 1229 5009 sui
1264 4953 1579 5020 similibus,
1601 4955 1701 5027 qui
1724 4973 1862 5011 con-

184 5049 285 5100 tra
315 5043 653 5098 libertatem
686 5043 951 5099 Ecclesiae
983 5044 1080 5098 Dei
1112 5060 1174 5099 se
1206 5047 1537 5109 erexerunt,
1569 5044 1862 5100 mediante

186 5131 497 5205 equitatis
550 5148 797 5187 censura
850 5148 939 5187 me
986 5132 1279 5186 facturum
1323 5131 1611 5203 disposui,
1659 5133 1862 5188 auditu

183 5222 454 5292 visuque
494 5219 804 5292 percipias.
834 5242 860 5269 »
884 5219 987 5276 His
1032 5219 1272 5287 auditis,
1294 5221 1382 5275 vir
1423 5219 1544 5287 Dei,
1570 5224 1634 5275 ut
1666 5238 1860 5293 prose-

183 5309 407 5382 quitur
435 5307 780 5377 Eadmerus,
801 5306 1087 5364 Sclaviam
1128 5324 1396 5364 reversus
1421 5312 1530 5376 est,
1561 5308 1640 5364 ibi
1674 5326 1863 5381 usque

182 5399 266 5454 ad
301 5398 563 5452 Barense
606 5395 917 5453 concilium
964 5401 1453 5452 commoraturus.
1486 5397 1697 5462 Quanti
1728 5416 1862 5455 vero

182 5484 600 5544 obedientiam
634 5484 833 5541 fecerit
878 5486 967 5541 vir
1011 5488 1273 5551 sanctus,
1297 5501 1364 5539 ex
1393 5484 1688 5542 Willelmo
1717 5486 1860 5543 Mal-

182 5572 600 5633 meeburiensi
634 5573 1036 5648 accipiendum
1067 5577 1184 5641 est;
1218 5573 1321 5645 qui
1354 5572 1500 5629 libro
1532 5574 1652 5632 IDe
1681 5577 1861 5648 gestis

181 5664 547 5749 pontificum
593 5666 796 5724 narrat
840 5679 974 5724 eum
1030 5662 1102 5725 ab
1130 5661 1367 5723 Urbano
1424 5661 1769 5740 impetrasse
1801 5671 1860 5727 ut

1971 4697 2373 4747 Amanuenses
2424 4691 2741 4762 rejiciatur.
2776 4694 2960 4749 Locus
2998 4694 3094 4750 hic
3124 4688 3277 4751 esset
3323 4698 3392 4752 de
3438 4697 3621 4753 altero

1970 4782 2183 4837 Urbani
2215 4779 2496 4851 rescripto
2527 4782 2758 4853 agendi,
2783 4800 2899 4853 quo
2950 4783 3008 4839 in
3057 4784 3305 4857 gratiam
3354 4787 3623 4857 ejusdem

1970 4870 2238 4925 Ecclesiae
2259 4867 2561 4941 privilegia
2582 4868 2857 4926 Cavensis
2884 4872 3225 4928 monasterii
3257 4879 3622 4951 revocantur,

1972 4959 2020 5014 si
2050 4958 2253 5012 datum
2287 4958 2479 5012 Romae
2512 4975 2627 5013 non
2659 4959 2966 5027 diceretur,
3001 4967 3057 5016 et
3092 4961 3308 5017 indicto
3337 4978 3412 5017 vn
3443 4977 3622 5033 quam

1971 5047 2219 5118 praefert,
2266 5044 2401 5099 huic
2450 5062 2602 5101 anno
2653 5049 2958 5104 convenire
2988 5054 3204 5121 posset.
3236 5048 3315 5103 De
3359 5066 3425 5105 eo
3474 5049 3621 5105 infe-

1971 5134 2114 5190 rius.

2159 5221 2401 5278 CCCXX.
2436 5223 2778 5293 Rescriptum
2800 5243 2901 5298 pro
2932 5216 3118 5282 sancto
3145 5229 3422 5284 Brunone.

2040 5313 2113 5366 At
2134 5310 2426 5366 sincerum
2446 5312 2683 5369 omnino
2701 5319 2757 5369 et
2771 5314 3003 5386 penitus
3021 5315 3332 5372 indubium
3352 5321 3440 5373 est
3455 5316 3622 5389 illud,

1971 5417 2085 5473 quo
2117 5414 2319 5454 mense
2360 5400 2685 5471 Septembri
2727 5402 2906 5474 hujus
2950 5404 3085 5458 anni
3119 5404 3384 5463 Urbanus
3424 5410 3626 5464 sancto

1970 5487 2225 5544 Brunoni
2246 5488 2764 5545 Carthusianorum
2790 5492 3040 5563 parenti,
3059 5495 3159 5566 qui
3180 5500 3320 5552 tunc
3352 5497 3409 5552 in
3435 5495 3629 5568 Squil-

1969 5576 2188 5635 laoensi
2227 5593 2421 5634 eremo
2469 5579 2831 5649 morabatur,
2866 5584 3267 5650 concessit,ad
3310 5585 3363 5641 ei
3415 5587 3628 5641 contir-

1970 5666 2185 5730 manda
2223 5671 2280 5727 et
2329 5666 2645 5727 asserenda
2701 5670 2901 5732 omnia
2952 5671 3109 5732 bona
3159 5691 3286 5749 quae
3319 5692 3354 5733 ο,
3386 5673 3634 5749 Rogerio
