4000 6176
344 354 463 416 939

1638 348 1712 416 B.
1759 346 2055 417 URBANI
2102 350 2155 414 ΙΙ
2199 346 2450 414 ΡΑΡΑΞ.

3638 345 3765 412 240

345 490 565 545 comite
594 493 652 546 et
679 488 905 547 Joanne
936 488 1324 564 Squillacensi
1354 490 1625 562 episcopo
1659 487 1847 561 ipsius
1878 501 2007 543 mo-
2037 488 2090 555 Α
2120 484 2389 542 videlicet
2413 483 2806 542 venerabilem
2827 484 3223 543 Theobertum
3250 482 3472 547 Pisanis
3497 482 3769 541 Ecclesiae

344 578 600 635 nasterio
631 576 841 635 collata
890 579 1140 635 fuerant.
1179 578 1328 634 Illud
1363 577 1570 633 datum
1617 580 1708 632 est
1754 574 1997 641 Salerni,

2113 574 2642 646 archiepiscopum,
2664 575 2763 646 qui
2795 578 2855 631 et
2883 574 3002 633 illis
3048 575 3109 631 in
3139 574 3415 631 omnibus
3447 571 3772 645 apostolica

345 664 456 722 hoc
488 682 662 734 anno,
707 682 909 723 mense
959 665 1308 739 Septembri,
1357 664 1677 720 indictione
1724 679 1803 731 v1,
1849 663 2004 718 unde
2110 663 2236 719 vice
2259 665 2508 733 adesset,
2527 667 2584 719 et
2602 662 2957 720 ecclesiasin
2978 664 3293 721 locisunde
3313 661 3526 736 pagani
3543 659 3776 734 expulsi

345 754 693 827 conjicimus
725 754 1027 811 Urbanum
1056 770 1124 810 ea
1152 753 1212 809 in
1244 752 1389 809 urbe
1428 769 1616 825 usque
1648 753 1720 809 ad
1752 753 2005 808 Barense

345 842 658 900 concilium
688 842 1106 925 permansisse.

522 930 794 991 CCCXXI.
828 931 1206 1003 Crucesignati
1234 930 1553 986 Antochiam
1585 931 1830 1002 capiunt.

415 1024 556 1077 Cum
589 1022 784 1075 autem
804 1018 927 1074 haec
948 1018 1009 1074 in
1041 1018 1207 1075 Italia
1227 1021 1587 1092 gererentur,
1615 1016 2004 1089 crucesignati

344 1109 477 1178 post
505 1105 667 1161 varia
696 1102 917 1179 praelia,
942 1110 999 1160 et
1046 1105 1267 1160 multas
1296 1104 1517 1176 passim
1567 1105 1741 1160 urbes
1792 1105 1902 1159 hoc
1950 1109 2003 1158 et

340 1193 673 1268 procedenti
697 1209 848 1251 anno
867 1193 1646 1267 expugnatas,Antiochiam
1679 1209 1879 1248 mense
1898 1192 2006 1248 Ju-

339 1283 435 1340 nio
463 1283 647 1356 hujus
679 1283 817 1338 anni
848 1285 1462 1355 occuparunt.Verum
1495 1280 1670 1355 paulo
1702 1287 1834 1354 post
1864 1281 2005 1337 Bar-

336 1371 469 1429 bari
511 1388 578 1429 ex
606 1372 785 1429 variis
817 1370 1153 1447 provinciis,
1178 1371 1358 1444 hujus
1401 1374 1575 1426 tantae
1619 1386 1863 1425 suorum
1891 1367 2006 1425 cla-

337 1461 429 1518 dis
452 1462 608 1518 fama
629 1461 823 1530 exciti,
850 1460 1031 1517 simul
1062 1459 1472 1517 convenientes
1503 1476 1538 1532 q
1558 1459 1685 1515 uasi
1716 1475 1822 1531 pro
1852 1474 2008 1514 com-

338 1550 505 1607 muni
534 1550 724 1608 salnte
749 1549 1083 1631 dimicaturi
1107 1548 1471 1606 Christianos
1498 1548 1558 1603 in
1586 1564 1665 1603 ea
1692 1548 1837 1602 urbe
1867 1547 2009 1602 adeo

340 1645 465 1695 arte
487 1639 1028 1707 circumdederunt,
1054 1638 1259 1708 utjam
1284 1636 1447 1693 nulla
1462 1635 1748 1693 evadendi
1770 1652 1904 1708 spes
1926 1634 2011 1691 eis

345 1725 667 1801 effulgeret.
696 1730 769 1781 At
798 1727 1058 1783 humano
1103 1725 1407 1782 deﬁciente
1450 1741 1776 1798 supernum
1826 1722 2013 1780 adfuit

348 1813 653 1883 auxilium,
677 1830 814 1869 cum
845 1813 1100 1882 inventa,
1126 1813 1285 1870 haud
1318 1814 1546 1885 absque
1589 1810 1855 1868 miraculi
1884 1812 2007 1883 opi-

349 1903 547 1973 nione,
578 1919 746 1960 sacra
770 1901 975 1958 lancea
998 1918 1117 1974 qua
1146 1900 1303 1958 latus
1326 1900 1542 1957 Christi
1578 1899 1811 1957 Domini
1831 1900 2018 1973 perfo-

351 1996 545 2049 ratum
574 1990 759 2048 fuisse
787 1990 1157 2059 credebatur,
1177 1991 1321 2046 adeo
1359 1989 1589 2045 excitati
1624 1992 1762 2045 sunt
1790 1993 2021 2044 nostro-

351 2096 486 2137 rum
508 2079 689 2136 animi
708 2083 793 2147 ut,
807 2078 1047 2151 praelato
1072 2078 1182 2135 hoc
1203 2077 1373 2152 quasi
1392 2082 1547 2134 certo
1562 2077 1813 2133 victoriae
1833 2077 2023 2149 signo,

352 2168 572 2227 milites
602 2156 1090 2224 inbarbarorum
1126 2167 1418 2223 exercitus
1448 2166 1640 2234 effusi,
1665 2182 1764 2221 eos
1803 2158 2023 2238 ingenti

354 2257 518 2317 clade
548 2256 784 2315 affectos
824 2255 1064 2312 omnino
1117 2254 1455 2328 fugaverint
1483 2271 1550 2310 ac
1582 2253 2022 2327 prostraverint.

353 2346 484 2403 Haec
515 2345 733 2414 omnia,
753 2348 965 2419 praeter
1003 2348 1276 2400 auctores
1307 2342 1562 2399 historia:
1592 2358 1894 2398 sacrarum
1926 2358 2023 2398 ex-

354 2434 743 2509 peditionum,
780 2432 1042 2490 referunt
1090 2431 1207 2505 ipsi
1239 2430 1714 2487 Christianorum
1763 2431 1941 2485 duces
1968 2438 2026 2489 et

356 2523 652 2596 principes
684 2521 745 2576 in
780 2520 1026 2593 epistola
1064 2520 1138 2575 ad
1162 2520 1465 2575 Urbanum
1491 2535 1563 2576 eo
1591 2522 1852 2591 tempore
1882 2517 2025 2574 scri-

358 2615 477 2682 pta,
511 2609 572 2664 in
618 2625 737 2680 qua
783 2613 918 2680 post
970 2607 1151 2676 hujus
1207 2607 1462 2663 victoria:
1524 2606 1942 2673 narrationem,
1973 2615 2025 2673 ei

362 2701 614 2753 mortem
645 2695 998 2752 annuntiant
1026 2695 1341 2751 Adhemari
1388 2694 1721 2750 Aniciensis
1748 2694 2023 2766 episcopi,

367 2784 469 2861 qui
503 2784 662 2841 sedis
695 2782 1031 2855 apostolicae
1060 2782 1291 2857 legatus
1322 2784 1383 2838 et
1397 2782 1517 2837 dux
1540 2781 2029 2854 expeditionisin-

366 2873 630 2943 stitutus,
647 2875 780 2945 post
800 2874 1108 2947 superatos
1148 2870 1368 2927 multos
1387 2869 1771 2941 labores,jam
1808 2870 2030 2943 pacatis

367 2960 608 3018 omnino
641 2961 839 3029 rebus,
870 2958 1193 3017 Antiochia
1234 2957 1380 3033 ipsis
1420 2957 1696 3016 Kalendis
1723 2956 1972 3031 Augusti
1998 2973 2031 3014 e

364 3050 511 3107 vivis
566 3052 923 3129 excesserat;
970 3052 1097 3103 tum
1159 3046 1493 3120 pontificem
1552 3049 1761 3119 rogant
1816 3050 1881 3101 ut
1933 3045 2029 3101 ille

2113 756 2253 806 sunt
2284 751 2693 807 instauraret.»
2720 755 2777 806 Is
2807 756 3016 824 postea
3042 752 3231 826 captis
3252 749 3651 823 Jerosolymis,
3671 751 3780 805 Ar-

2114 839 2276 895 nulfo
2298 838 2495 895 locum
2537 840 2947 913 cedente,ejus
2986 841 3152 898 urbis
3182 838 3518 913 patriarcha
3547 837 3778 913 procla—

2114 931 2309 983 matus
2334 931 2446 996 est,
2469 931 2535 983 ut
2563 928 2786 1001 passim
2818 929 2918 985 alii
2951 933 3217 987 auctores
3244 929 3648 986 observarunt.
3670 927 3780 983 Ja-

2114 1032 2264 1071 nuen
2273 1004 2366 1071 ses
2383 1032 2448 1071 co
2466 1020 2581 1071 tem
2589 1033 2662 1088 po
2670 1034 2728 1072 re
2743 1019 2931 1074 sancti
2948 1018 3194 1075 Joannis
3208 1017 3478 1091 Baptista
3494 1016 3777 1089 reliquias

2113 1122 2144 1160 e
2172 1104 2331 1178 Myra
2352 1104 2520 1159 Licia
2553 1105 2698 1160 urbe
2727 1106 2970 1163 domum
3025 1106 3295 1164 retulisse
3345 1109 3770 1171 memorantur,

2114 1210 2262 1265 quas
2283 1193 2459 1248 etiam
2486 1188 2642 1249 nun‘c
2676 1194 2891 1250 habent
2917 1195 2979 1251 in
3011 1195 3256 1253 ecclesia
3297 1192 3773 1266 metropolitana.

2114 1280 2232 1337 Has
2266 1280 2736 1338 Christianorum
2776 1283 3070 1353 victorias,
3104 1283 3266 1341 solus
3315 1283 3466 1339 inter
3491 1282 3775 1339 Christia-

2115 1385 2222 1424 nos
2254 1369 2544 1442 principes
2586 1371 3272 1444 Constantinopolitanus
3300 1370 3618 1442 imperator
3653 1386 3782 1442 per-

2115 1459 2409 1525 turbabat,
2457 1458 2600 1514 adeo
2647 1464 2731 1528 ut,
2767 1458 2961 1531 inquit
3008 1459 3350 1531 Bertoldus,
3382 1458 3558 1515 etiam
3600 1458 3781 1514 urbes

2117 1564 2245 1619 quae
2271 1547 2344 1601 ab
2375 1545 2833 1604 occidentalibus
2858 1553 3038 1622 captae
3070 1548 3303 1605 fuerant
3326 1546 3580 1603 incendio
3607 1546 3775 1602 deva-

2115 1638 2259 1691 stare
2288 1638 2338 1689 et
2364 1636 2597 1705 paganis
2625 1635 2849 1692 reddere
2889 1653 3005 1700 non
3037 1634 3419 1704 dubitaverit;
3451 1640 3508 1692 et
3551 1636 3659 1692 iter
3687 1636 3781 1691 Je-

2117 1723 2583 1793 rosotymitanum
2609 1738 2707 1795 per
2732 1739 2893 1779 suam
2917 1728 3239 1796 potestatem
3258 1724 3510 1780 omnibus
3526 1725 3778 1795 peregri-

2120 1812 2228 1877 nis,
2259 1817 2549 1883 quantum
2579 1812 2787 1883 potuit,
2824 1814 3047 1869 omnino
3074 1813 3435 1885 prohibuerit.

2300 1898 2549 1954 CCCXII.
2579 1898 3059 1957 Schismaticorum
3089 1902 3265 1957 Romae
3292 1905 3607 1959 conventus.

2202 1986 2375 2042 Porro
2405 1988 2513 2043 etsi
2545 1986 2659 2042 illis
2685 1988 3072 2061 temporibus,
3097 1989 3314 2061 quibus
3335 2006 3540 2047 omnes
3563 1990 3785 2063 ubique

2128 2075 2392 2148 gentium
2425 2076 2482 2130 in
2513 2075 2729 2131 Urbani
2756 2076 3149 2134 obedientiam
3170 2095 3288 2135 uno
3315 2078 3512 2135 animo
3545 2095 3786 2135 consen-

2128 2164 2237 2220 tire
2268 2164 2632 2229 videbantur,
2657 2182 2748 2221 res
2775 2164 3285 2223 schismaticorum
3310 2168 3627 2239 desperatae
3656 2183 3785 2222 om-

2131 2252 2268 2308 nino
2290 2269 2417 2309 esse
2447 2253 2807 2320 debuissent,
2832 2253 2987 2309 haud
3017 2259 3217 2311 tamen
3238 2254 3323 2311 illi
3344 2273 3378 2309 a
3398 2255 3523 2312 suis
3543 2271 3790 2311 conven-

2130 2342 2311 2407 tibus,
2336 2342 2577 2398 absente
2621 2341 2756 2399 licet
2790 2338 3102 2411 'Guiberto,
3134 2343 3490 2411 abstinuere,
3513 2344 3668 2416 quod
3717 2360 3790 2401 ex

2132 2446 2334 2486 eorum
2375 2430 2879 2503 pseudosynodica
2907 2431 3156 2504 epistola
3195 2434 3467 2489 universis
3507 2434 3677 2489 Deum
3708 2434 3790 2489 ti-

2129 2518 2423 2586 mentibus,
2456 2523 2523 2574 ut
2569 2518 2684 2591 ipsi
2731 2520 3122 2587 mentiuntur,
3152 2524 3204 2577 et
3250 2522 3485 2577 salutem
3530 2522 3792 2578 Romana

2132 2570 2450 2679 ἑέὲρἇὸιῖὲῷ
2466 2570 2867 2678 “ndigens—2);}
2877 2570 3201 2681 "missi;
3250 2570 3791 2682 gitimam;
3890 2646 3897 2650 .

2134 2696 2406 2752 Bennone
2456 2696 2516 2750 in
2562 2695 2695 2751 Vita
2749 2695 3133 2753 Hildebrandi
3189 2698 3473 2755 Baronius
3513 2699 3585 2755 ad
3628 2698 3791 2756 hunc

2135 2800 2354 2840 annum
2385 2789 2444 2840 et
2472 2784 2740 2840 Labbeus
2780 2785 2841 2841 in
2882 2786 3215 2858 Appendice
3257 2787 3401 2843 tomi
3430 2787 3475 2842 X
3506 2786 3789 2844 Concilio-

2135 2889 2267 2928 rum
2296 2872 2638 2929 retulerunt.
2663 2874 2745 2929 Ex
2774 2873 2885 2930 hac
2908 2889 3045 2930 vero
3068 2874 3356 2932 discimus
3375 2875 3618 2947 quinam
3649 2879 3794 2931 tunc

2137 2960 2332 3041 Romae
2364 2960 2579 3016 fuerint
2607 2961 2880 3034 praecipui
2912 2962 3182 3019 factionis
3208 2963 3561 3020 Guibertinas
3594 2963 3790 3021 fauto-

2136 3066 2250 3115 res,
2278 3065 2529 3121 quorum
2562 3050 2802 3105 nomina
2831 3054 2889 3106 et
2917 3050 3231 3123 dignitates
3258 3051 3369 3107 hoc
3397 3051 3600 3108 ordine
3628 3053 3690 3107 in
3721 3068 3793 3110 ea

366 3138 513 3211 ipse,
544 3138 645 3211 qui
677 3154 855 3194 sacris
887 3135 1238 3208 expeditioni
1275 3138 1477 3191 auctor
1523 3138 1582 3191 et
1627 3133 2029 3208 promulgator
2133 3143 2529 3194 recensentur.
2588 3137 2911 3195 Adalbertus
2970 3141 3249 3211 episcopus
3319 3143 3531 3198 sancta
3582 3141 3796 3211 Ruﬁne

368 3227 697 3301 praecipuus
748 3226 956 3292 fuerat,
985 3223 1045 3278 in
1077 3222 1371 3280 Orientem
1419 3222 1611 3279 veniat
1660 3239 1862 3279 eorum
1908 3223 2026 3279 dux
2056 3212 2100 3279 C
2140 3225 2309 3286 Silvae
2368 3225 2649 3294 Candidas,
2692 3231 2930 3283 Joannes
2989 3228 3269 3300 episcopus
3326 3228 3605 3297 Ostiensis,
3636 3229 3794 3299 Huga

368 3320 426 3373 et
453 3315 726 3389 princeps
775 3314 1033 3379 futurus,
1058 3317 1124 3368 ut
1168 3316 1303 3384 post
1333 3312 1606 3385 adeptam
1652 3311 1847 3368 Romae
1878 3312 2031 3370 Petri

374 3403 741 3472 cathedram,
773 3401 834 3457 in
869 3418 987 3474 qua
1026 3402 1152 3473 jam
1183 3400 1255 3456 ab
1288 3399 1513 3473 aliquot
1559 3400 1731 3456 annis
1771 3400 2030 3460 sedebat.

373 3491 558 3551 simili
590 3506 825 3564 quoque
853 3490 1073 3545 honore
1126 3489 1186 3544 in
1248 3488 1433 3544 altera
1463 3489 1729 3561 ejusdem
1786 3487 2035 3560 apostoli

373 3580 654 3637 cathedra
679 3577 1003 3635 Antiochiae
1037 3576 1349 3633 frueretur.
1376 3577 1506 3632 Haec
1543 3576 1788 3649 epistola
1817 3577 2038 3649 scripta

377 3667 494 3724 fuit
525 3668 587 3722 11
621 3666 712 3721 die
738 3667 989 3720 intrante
1014 3663 1380 3736 Septembrio,
1407 3665 1706 3721 indictione
1725 3681 1800 3735 1v,
1824 3669 1890 3721 ut
1912 3665 2036 3721 indi

381 3758 475 3812 cat
522 3752 698 3810 editio
745 3750 1062 3809 Baluziana
1108 3750 1300 3807 libro:
1334 3751 1574 3809 Miscell.
1608 3770 1739 3827 pag.
1774 3755 1898 3822 419,
1929 3753 2033 3810 ubi

378 3841 664 3918 integrior
690 3841 941 3903 habetur
970 3857 1149 3915 quam
1189 3840 1344 3913 apud
1387 3839 1758 3898 Fulcherium
1790 3843 1851 3898 in
1882 3842 2032 3900 libro

380 3933 451 3990 de
480 3932 661 4007 gestis
690 3929 792 3987 Dei
818 3947 922 4003 per
951 3930 1225 3987 Francos.
1255 3928 1450 4002 Ipsam
1498 3935 1693 3986 autem
1744 3931 2032 4005 integram

378 4022 595 4079 referre
618 4020 813 4077 visum
846 4035 963 4076 non
1006 4022 1096 4075 est
1145 4033 1331 4090 operae
1377 4017 1654 4090 pretium,
1689 4035 1823 4075 cum
1875 4020 2032 4093 apud

377 4110 511 4167 illos
542 4113 806 4166 auctores
838 4108 1003 4164 facile
1049 4106 1251 4162 haberi
1299 4106 1517 4179 possit;
1551 4123 1732 4179 quare
1780 4107 2035 4165 sufficiat

378 4199 476 4256 hic
502 4196 741 4255 titulum
773 4198 900 4269 ejus
927 4196 1200 4254 exhibere
1233 4214 1246 4251 :
1272 4219 1301 4247 ‹‹
1338 4195 1587 4252 Domino
1617 4199 1818 4252 sancto
1849 4213 1914 4253 ac
1937 4213 2031 4253 ve-

379 4286 628 4344 nerabili
658 4302 822 4359 papae
852 4284 1107 4356 Urbano,
1139 4284 1541 4351 Buamundus,
1565 4288 1623 4340 et
1651 4284 2034 4358 Raymundus

381 4374 570 4432 sancti
599 4373 811 4445 Egidii
855 4388 1070 4442 comes,
1104 4372 1454 4429 Godefridus
1485 4373 1604 4427 dux
1634 4372 2033 4429 Lothariensis

381 4468 440 4520 et
495 4452 809 4518 Rotbertus
866 4477 1060 4517 comes
1117 4460 1572 4530 Northmanniaa,
1608 4465 1665 4516 et
1722 4461 2034 4519 Rotbertus

382 4550 830 4608 Flandrensium
852 4565 1067 4615 comes,
1092 4552 1149 4604 et
1168 4547 1519 4605 Eustachius
1540 4565 1737 4605 comes
1760 4549 2031 4619 Boloniaa,
2063 4575 2110 4642 Π

383 4640 634 4696 salutem
661 4643 719 4694 et
748 4636 944 4694 fidelia
970 4637 1225 4705 servitia,
1249 4642 1307 4692 et
1334 4645 1398 4692 ut
1425 4636 1530 4693 iilii
1561 4654 1666 4693 suo
1688 4638 1838 4710 patri
1858 4637 2033 4710 spiri-

380 4727 528 4785 tuali
557 4742 754 4784 veram
786 4726 845 4783 in
872 4727 1099 4782 Christo
1132 4725 1580 4797 subjectionem.
1618 4725 1896 4782 Volumus
1927 4744 2028 4783 au-

379 4822 500 4874 tem
530 4832 735 4873 omnes
764 4820 822 4872 et
851 4814 1255 4872 desideramus
1285 4814 1449 4871 vobis
1475 4818 1679 4870 notum
1705 4814 1832 4870 ﬁeri
1853 4832 2032 4888 quam

380 4922 596 4981 magna
639 4904 740 4962 Dei
792 4904 1217 4972 misericordia,
1250 4919 1548 4976 quamque
1594 4902 2032 4960 evidentissima

379 4996 569 5070 ipsius
596 4996 694 5052 Dei
726 4991 1084 5051 adminiculo
1109 5010 1142 5047 a
1165 4992 1336 5048 nobis
1363 4995 1534 5064 capta
1562 4996 1650 5047 est
1675 4992 2030 5059 Antiochia,»

382 5089 491 5142 etc.
516 5084 664 5150 Quid
696 5099 829 5139 vero
861 5082 954 5138 his
986 5082 1195 5138 litteris
1228 5081 1594 5152 responderit
1626 5081 1904 5153 pontifex,
1936 5099 2034 5137 no-

381 5173 475 5230 bis
505 5178 596 5229 est
614 5171 1075 5245 incompertum;
1109 5173 1170 5225 at
1194 5172 1416 5227 certum
1448 5172 1537 5224 est
1563 5184 1698 5223 eum
1726 5184 2029 5241 nunquam

384 5261 576 5319 ullum
620 5259 732 5314 iter
778 5258 837 5312 in
888 5258 1183 5314 Orientem
1241 5255 1589 5328 suscepisse.
1621 5253 1737 5311 Nec
1788 5256 2033 5313 dubium

384 5350 528 5424 quin
559 5348 655 5403 hic
684 5346 1006 5403 revocanda
1034 5345 1112 5402 sit
1141 5344 1461 5401 Daimbertl
1493 5344 1565 5399 ad
1603 5343 2033 5416 crucesignatos

379 5437 615 5510 legatio,
640 5451 818 5507 quam
841 5434 950 5491 hoc
979 5450 1131 5491 anno
1163 5436 1580 5490 commemorat
1605 5431 1909 5489 Bertoldus
1938 5433 2035 5492 bis

378 5523 572 5582 verbis
608 5538 623 5580 :
656 5545 686 5574 ‹‹
734 5522 1021 5580 Dominus
1080 5540 1250 5599 papa,
1284 5520 1477 5594 inquit
1530 5519 1631 5577 ille
1685 5525 1907 5593 auctor,
1959 5525 2031 5582 ad

380 5612 651 5679 eamdem
689 5610 1132 5677 multitudinem
1180 5627 1349 5675 suam
1400 5608 1752 5689 legationem
1800 5611 2031 5689 direxit,

2141 3317 2417 3388 episcopus
2452 3316 2845 3384 Prwnestinus,
2871 3315 3121 3372 Albertus
3163 3317 3440 3389 episcopus
3466 3318 3793 3388 Nepesinus,

2139 3405 2324 3460 Benno
2351 3402 2655 3461 cardinatis
2697 3404 2979 3476 presbyter
3006 3404 3161 3460 urbis
3204 3406 3406 3475 Romae,
3459 3406 3794 3463 Octavianus

2138 3492 2416 3565 presbyter
2465 3491 2766 3551 cardinalis
2819 3492 3155 3565 designatus,
3194 3494 3399 3549 Paulus
3442 3495 3800 3567 primicerius

2140 3583 2396 3639 Romana:
2460 3583 2742 3646 Ecclesiae,
2801 3583 3062 3640 Nicotaus
3121 3583 3319 3638 electus
3383 3582 3550 3637 abbas
3606 3584 3805 3639 Sancti

2142 3671 2392 3729 Silvestri
2417 3670 2572 3726 urbis
2616 3671 2818 3739 Romae,
2849 3671 2915 3726 Ν.
2946 3671 3111 3727 abbas
3138 3670 3330 3727 Sancti
3373 3671 3664 3728 Pancratii
3695 3688 3797 3727 ur-

2144 3760 2225 3816 bis
2256 3760 2457 3826 Romaz,
2491 3762 2543 3814 et
2570 3759 2766 3826 clerus,
2799 3763 2851 3814 et
2887 3759 3189 3815 clarissimi
3228 3761 3507 3835 principes
3536 3759 3800 3815 Theobat-

2140 3849 2237 3904 dus
2268 3847 2539 3914 Chinebii,
2570 3850 2623 3903 et
2650 3846 2930 3905 Udalricus
2972 3847 3039 3903 de
3067 3848 3264 3904 Sancto
3304 3848 3594 3904 Eustachio
3615 3850 3665 3903 et
3687 3863 3799 3919 po-

2136 3937 2304 4008 pulus
2332 3936 2626 3992 Romanus.
2656 3934 2739 3991 [lli
2761 3940 2851 3990 ter
2880 3951 2942 3991 se
2971 3935 3311 3992 convenisse
3338 3936 3401 3991 in
3428 3935 3674 3992 diversis
3705 3952 3803 3991 ur-

2141 4023 2232 4080 bis
2264 4023 2459 4079 Romae
2501 4021 2763 4079 ecclesiis
2812 4022 2996 4092 aiunt,
3030 4024 3103 4079 ad
3133 4024 3519 4080 destruendas
3547 4023 3802 4080 haereses

2142 4113 2214 4168 ab
2247 4111 2661 4179 Hildebrando,
2693 4110 2778 4167 sic
2809 4111 2984 4166 etiam
3016 4116 3156 4167 tunc
3183 4111 3532 4186 Gregorium
3563 4111 3667 4166 VII
3696 4127 3801 4183 ap-

2142 4198 2458 4273 pellabant,
2478 4197 2849 4267 adinventas;
2872 4198 3064 4270 primo
3085 4198 3322 4270 quidem
3354 4199 3534 4256 Nonis
3552 4197 3806 4272 Augusti

2142 4287 2295 4362 apud
2313 4291 2591 4343 Sanctum
2609 4286 2892 4354 Blasium,
2908 4291 3037 4343 tum
3058 4304 3159 4343 vm
3180 4287 3320 4344 Idus
3339 4288 3494 4359 apud
3517 4288 3802 4344 Sanctum

2142 4375 2375 4432 Celsum
2403 4380 2459 4432 et
2489 4374 2768 4447 postridie
2821 4376 2977 4447 apud
3033 4376 3307 4432 Sanctam
3367 4376 3636 4442 Mariam,
3669 4391 3800 4449 qua

2143 4464 2359 4521 dicitur
2407 4464 2679 4521 Rotunda
2705 4464 2845 4535 (tres
2894 4462 3092 4535 itaque
3122 4464 3232 4523 has
3279 4464 3554 4522 ecclesias
3602 4464 3800 4519 Romae

2142 4552 2334 4609 adhuc
2365 4551 2789 4624 possidebant),
2820 4550 3020 4624 ibique
3053 4550 3185 4609 illas
3230 4551 3483 4609 haereses
3514 4552 3795 4609 condem-

2143 4658 2335 4701 nasse.
2366 4641 2514 4695 Tum
2547 4638 2898 4711 pollicentur
2923 4641 3302 4697 securitatem
3333 4640 3573 4698 cuilibet
3600 4656 3800 4697 occur-

2142 4746 2266 4786 rere
2286 4727 2501 4785 volenti
2537 4727 2609 4784 ad
2651 4726 2913 4800 proxime
2964 4727 3222 4785 futuram
3272 4729 3582 4802 synodum,
3616 4744 3799 4801 quam

2140 4822 2290 4875 circa
2348 4816 2616 4873 Kalendas
2664 4815 2988 4872 Novembres
3036 4816 3328 4874 celebrare
3382 4818 3732 4890 disponunt.
3765 4838 3799 4868 ››

2142 4908 2278 4965 Data
2300 4914 2378 4963 est
2405 4898 2527 4961 haec
2573 4905 2823 4978 epistola
2850 4906 3030 4962 Romae
3067 4908 3259 4961 contra
3304 4905 3699 4975 schismaticos,
3732 4909 3803 4960 ut

2139 5000 2368 5063 vocant,
2402 4997 2461 5049 in
2487 5010 2641 5050 sacro
2683 4996 2972 5061 conventu,
3004 5010 3151 5051 anno
3181 4995 3250 5050 ab
3281 4996 3667 5051 Incarnatione
3692 4994 3799 5051 D0-

2140 5088 2288 5141 mini
2312 5084 2467 5154 1098,
2488 5082 2787 5138 indictione
2815 5090 2995 5151 sexta,
3021 5097 3123 5153 vu,
3148 5082 3272 5139 Idus
3292 5084 3545 5155 Augusti.
3568 5084 3641 5138 At
3661 5097 3798 5137 cum

2142 5172 2336 5229 nullos
2373 5188 2404 5228 e
2431 5169 2739 5227 Catholicis
2783 5170 2856 5226 ad
2906 5186 3082 5227 suum
3129 5171 3395 5244 ipsorum
3451 5175 3802 5227 conventum

2142 5262 2497 5319 adventuros
2526 5275 2656 5316 esse
2687 5262 2843 5316 certo
2873 5259 3279 5331 praeviderent,
3299 5283 3328 5312 ‹‹
3351 5264 3530 5317 testes
3552 5259 3797 5316 advoca-

2142 5354 2281 5407 runt
2311 5348 2519 5406 oculum
2550 5352 2607 5403 et
2634 5352 2871 5416 terram,
2905 5364 2969 5404 se
3000 5364 3374 5424 nequaquam
3415 5365 3617 5405 eorum
3662 5363 3793 5420 per-

2140 5437 2400 5496 versitati
2421 5436 2527 5509 (sic
2554 5435 2626 5491 de
2659 5434 2973 5493 Catholicis
3007 5434 3422 5510 loquebantur)
3442 5435 3796 5504 consentire,

2141 5525 2299 5601 quod
2328 5529 2394 5582 ut
2422 5540 2484 5580 re
2514 5523 2690 5581 etiam
2721 5523 3057 5598 probarent,
3081 5526 3285 5584 statim
3314 5526 3658 5584 eorumdem
3688 5524 3799 5583 Ca-

2140 5612 2490 5676 tholicorum
2520 5609 2723 5685 libros,
2756 5627 2903 5695 quos
2931 5628 3049 5693 prie
3080 5613 3357 5679 manibus
3385 5612 3701 5693 habebant,
3734 5613 3799 5679 in
