3998 6158
242 326 360 392 ut

1843 336 2049 404 VlTA.

3526 335 3647 409 2Δὶ

238 462 440 539 ignem
468 462 783 540 projecere,
802 464 955 543 quod
985 465 1161 530 variis
1192 466 1572 532 conciliorum
1603 483 1887 533 convoca-
1916 471 1971 542 Α
2001 471 2141 533 1098
2172 474 2571 552 consignatur,
2606 474 2782 536 aliam
2810 474 2883 536 ab
2917 493 2985 536 ea
3011 492 3127 535 non
3169 489 3298 535 esse
3331 490 3457 551 quis
3490 492 3643 537 anno

238 556 504 613 tionibus
535 575 638 630 per
667 576 852 617 annos
890 561 1179 619 sexdecim
1222 564 1389 621 factis
1436 568 1493 621 et
1523 566 1767 633 iteratis,
1805 566 1889 624 illi

234 663 545 720 nunquam
577 648 842 721 ipsorum
876 653 1117 708 monitis
1162 671 1333 711 aures
1364 657 1620 725 praebere
1675 657 1891 713 voluis-

237 741 394 792 sent.
416 760 445 785 »
458 738 589 795 Haec
611 740 682 794 de
697 739 1113 813 schismaticis,
1137 744 1389 815 quicum
1412 745 1684 803 Bennone
1716 764 1888 819 pseu-

238 826 540 882 docarnali
589 830 924 900 pontificem
952 837 1218 890 nostrum
1260 834 1570 891 Turbanum
1599 835 1890 908 appellare

240 917 541 984 amabant,
564 918 636 973 ob
682 918 761 984 id,
787 920 940 993 quod
989 920 1248 995 Gregorii
1287 923 1547 997 vestigiis
1577 924 1886 996 inhaerens,

242 1005 472 1071 turbas,
524 1011 588 1061 ut
636 1008 750 1081 ipsi
789 1006 1321 1081 calumniabantur,
1355 1013 1740 1071 continuaret.
1776 1014 1887 1071 Sed

237 1092 454 1150 talium
484 1094 795 1153 hominum
821 1100 1098 1169 convicia,
1130 1105 1216 1157 tot
1244 1106 1384 1157 sunt
1429 1102 1544 1158 veri
1594 1104 1887 1175 pontificis

234 1181 451 1255 elogia.
467 1185 537 1240 Et
551 1190 704 1242 certe
715 1186 1014 1244 Urbanum
1028 1192 1188 1262 pacis
1205 1200 1518 1260 amantem,
1535 1192 1605 1247 et‘
1622 1192 1819 1249 omniu
1830 1211 1886 1249 m

232 1270 573 1340 hominum,
589 1275 688 1347 qui
715 1281 955 1343 tunc,ut
975 1280 1046 1334 de
1067 1280 1261 1353 Moyse
1277 1280 1538 1353 loquitur
1562 1283 1883 1353 Scriptura,

230 1359 293 1415 in
318 1366 477 1417 terra
504 1364 904 1431 morabantur,
932 1367 1318 1424 mitissimum
1341 1369 1544 1437 fuisse,
1565 1370 1742 1427 etiam
1774 1370 1884 1441 ipsi

230 1449 601 1507 schismatici
635 1452 799 1509 fateri
857 1454 945 1511 vel
992 1456 1158 1511 inviti
1198 1459 1574 1529 cogebantur.
1609 1459 1884 1522 Quaenam

228 1556 368 1594 vero
430 1541 667 1597 haeresis
695 1542 795 1598 illa
824 1549 965 1612 erat,
998 1562 1175 1617 quam
1207 1546 1567 1603 schismatici
1610 1548 1885 1619 Gregorio

226 1626 333 1683 VII
361 1628 786 1701 impingebant,
822 1631 1104 1689 discimus
1135 1652 1201 1690 ex
1231 1636 1434 1691 eodem
1494 1636 1765 1692 Bennone
1825 1637 1881 1692 in

230 1716 498 1790 Gregorii
523 1718 667 1785 Vita,
689 1720 789 1775 ubi
818 1721 901 1776 sic
922 1721 1098 1777 habet
1122 1740 1135 1777 :
1165 1722 1508 1780 «Gloriosus
1539 1725 1882 1781 Hildebran-

232 1805 349 1861 dus
393 1812 451 1862 et
483 1808 839 1881 pedisequus
870 1812 997 1881 ejus
1052 1811 1364 1868 Turbanus
1397 1830 1544 1869 nova
1592 1819 1883 1886 potestate

233 1894 528 1952 solventes
549 1897 777 1953 decreta
787 1898 1276 1957 Chalcedonensis
1289 1902 1540 1967 concilii,
1561 1920 1675 1958 non
1691 1902 1883 1959 solum

224 1985 452 2051 verbis,
484 1988 588 2042 sed
619 1992 675 2042 et
713 1988 949 2061 scriptis
971 1989 1226 2061 publicis
1255 1996 1681 2048 consenserunt
1724 1996 1882 2048 extra

229 2074 547 2130 ecclesiam
606 2079 1042 2134 communicare
1072 2083 1130 2134 et
1189 2080 1501 2151 baptizare,
1536 2097 1713 2153 quam
1747 2082 1882 2137 caeci

228 2167 452 2229 essent,
477 2181 653 2236 quam
677 2165 929 2222 haeretici
960 2167 1213 2240 propriis
1246 2168 1481 2241 scriptis
1513 2169 1879 2242 deprehensi,

228 2258 364 2317 etc.;
390 2258 641 2326 uterque
679 2255 737 2310 in
764 2254 1031 2312 hieresim
1068 2256 1271 2312 Liberii
1307 2258 1530 2324 incidit,
1567 2258 1665 2331 qui
1723 2262 1880 2331 post-

226 2357 411 2412 quam
446 2341 680 2414 publice
700 2344 1153 2401 communicavit
1170 2347 1709 2413 excommunicatis,
1734 2348 1880 2403 duas

225 2429 522 2487 Ecclesiae
580 2430 799 2488 faciens
856 2432 1145 2489 unitatem
1176 2434 1367 2499 scidit,
1404 2458 1431 2485 ››
1475 2441 1584 2491 etc.
1615 2436 1708 2491 Sic
1768 2436 1880 2507 ipsi

224 2520 596 2575 schismatici
620 2526 886 2577 auctores
917 2522 1233 2579 catholicos
1252 2528 1309 2579 et
1332 2524 1574 2580 unitatis
1590 2531 1879 2581 amatores

224 2608 645 2664 schismaticos
669 2609 959 2683 appellare
990 2610 1148 2666 haud
1180 2611 1546 2668 dubitabant.

223 2697 549 2755 CCCXXllI.
583 2700 890 2756 Comitium
917 2702 1155 2756 Barense
1194 2702 1287 2757 hoc
1324 2719 1468 2757 anno
1522 2703 1873 2758 celebratum.

298 2787 584 2843 Catholici
613 2805 748 2843 vero
801 2789 894 2843 die
933 2789 1201 2844 condicta
1253 2789 1646 2845 Kalendarum
1703 2790 1860 2847 Octo-

221 2876 448 2944 brium,
468 2892 571 2932 seu
600 2879 665 2930 ut
699 2876 874 2932 habet
906 2894 1235 2949 anonymus
1258 2878 1549 2944 Barensis,
1582 2879 1674 2935 die
1705 2878 1877 2935 tertia

220 2965 490 3036 ejusdem
518 2962 930 3037 mensis,apud
953 2966 1190 3021 Barium
1213 2966 1499 3022 celebrem
1523 2966 1745 3040 Apuliae
1776 2984 1873 3021 ur-

218 3054 356 3109 bem
388 3053 460 3108 ad
496 3051 811 3108 concilium
843 3053 916 3108 ab
946 3052 1179 3109 Urbano
1212 3053 1500 3110 indictum
1532 3071 1868 3111 convenere.

219 3140 354 3197 Haec
385 3142 648 3210 synodus
679 3141 1056 3213 potissimum
1088 3144 1158 3198 ad
1191 3143 1249 3198 id
1280 3146 1479 3199 coacta
1526 3143 1773 3211 videtur,
1809 3148 1873 3200 ut

220 3232 453 3285 Graecos
485 3229 639 3285 inter
664 3234 722 3285 et
752 3229 991 3285 Latinos
1021 3231 1091 3285 de
1149 3231 1262 3287 ﬁde
1303 3232 1652 3300 conveniret,
1679 3237 1745 3287 ut
1802 3249 1873 3288 ne

223 3317 453 3373 scilicet
485 3318 669 3374 sacris
698 3318 1167 3391 expeditionibus
1195 3325 1426 3375 noceret
1482 3319 1539 3375 in
1585 3321 1872 3377 credendo

221 3405 558 3461 diversitas.
575 3406 734 3461 Hanc
748 3407 1035 3476 synodum
1056 3424 1210 3463 anno
1227 3409 1575 3480 prmeedenti
1592 3408 1874 3465 Baronius

216 3499 273 3550 et
312 3496 446 3565 ejus
488 3510 789 3565 sequaces,
818 3495 936 3551 imo
958 3501 1015 3551 et
1037 3496 1301 3552 Labbeus
1330 3501 1488 3553 tomo
1516 3498 1561 3552 Χ
1591 3496 1871 3553 Concilio-

215 3599 376 3647 rum,
411 3582 909 3655 consignaverunt
942 3602 955 3652 ;
990 3590 1049 3639 at
1097 3584 1303 3640 merito
1354 3585 1449 3639 alii
1485 3586 1868 3657 refragantur,

215 3671 451 3743 Lupum
476 3672 879 3743 Protospatam
898 3677 954 3729 et
971 3690 1328 3747 anonymum
1352 3674 1660 3729 Barensem
1678 3692 1870 3747 isqua-

213 3758 299 3815 les
332 3764 393 3815 et
424 3759 779 3817 domesticos
808 3766 1075 3819 auctores
1122 3763 1329 3828 secuti,
1365 3764 1465 3834 qui
1527 3779 1656 3818 eam
1705 3763 1870 3820 initio

209 3848 491 3904 Octobris
522 3849 659 3902 anni
692 3848 854 3919 4099,
900 3867 1078 3922 quem
1116 3851 1333 3907 scilicet
1355 3868 1461 3907 suo
1509 3867 1671 3907 more
1702 3869 1734 3907 a
1766 3853 1869 3907 Se-

209 3935 475 4007 ptembri
490 3937 862 4007 praecedenti,
877 3956 1029 3995 anno
1044 3939 1183 3995 4098
1201 3939 1500 4004 inchoent,
1516 3938 1866 3995 celebratam

208 4024 397 4080 fuisse
419 4029 744 4080 testantur:
763 4025 946 4082 alium
962 4027 1252 4083 habemus
1270 4028 1532 4099 ejusdem
1558 4028 1639 4083 rei
1658 4032 1867 4083 testem

208 4114 377 4169 omni
424 4114 764 4184 exceptione
796 4117 1099 4187 majorem,
1135 4116 1507 4183 Eadmerum,
1543 4116 1642 4188 qui
1677 4116 1868 4172 eidem

210 4200 469 4257 concilio
506 4200 789 4257 interfuit.
817 4203 872 4259 Is
910 4220 1139 4275 nempe,
1161 4209 1224 4259 ut
1239 4205 1365 4276 jam
1393 4203 1669 4272 diximus,
1700 4206 1872 4260 refert

210 4289 364 4344 libro
396 4305 439 4343 II
490 4288 804 4356 Novorum,
836 4290 1178 4347 Anselmum
1231 4308 1430 4347 mense
1469 4290 1700 4346 Octobri
1732 4292 1868 4347 anni

215 4377 357 4431 1097
368 4376 673 4432 licentiam
696 4395 729 4432 a
747 4378 1044 4434 Willelmo
1066 4396 1197 4452 rege
1220 4378 1539 4452 Anglorum
1554 4379 1871 4437 extorsisse

212 4468 469 4520 Romam
492 4466 767 4533 adeundi,
781 4471 837 4521 et
860 4470 990 4539 post
1010 4467 1132 4523 haec
1151 4484 1353 4523 verum
1379 4485 1412 4523 a
1430 4468 1597 4524 beato
1610 4469 1869 4525 antistite

2000 566 2404 640 subsequenti.
2427 571 2491 624 ut
2513 570 2778 624 auctores
2792 565 3046 641 ecquales
3066 564 3342 633 referunt,
3359 562 3649 623 celebrata

2001 660 2123 725 est;
2158 673 2334 729 quam
2393 657 2677 713 Baronius
2716 663 2772 713 et
2804 658 3070 713 Labbeus
3127 673 3197 713 ex
3255 654 3407 713 male
3458 654 3651 713 locata

2000 746 2220 819 synodo
2242 745 2481 803 Barensi
2512 763 2628 801 uno
2662 763 2815 801 anno
2838 752 3069 818 tempus
3109 748 3521 818 prasvertentes
3574 746 3643 802 ad

2000 851 2219 891 annum
2259 836 2391 891 1098
2423 852 2554 890 cum
2606 836 2733 907 ejus
2783 835 3111 891 canonibus
3162 834 3391 891 incaute
3435 833 3646 892 retule-

2000 928 2158 979 runt.

2316 1013 2636 1070 CCCXXIV.
2674 1015 2927 1070 Barensis
2957 1013 3153 1087 synodi
3181 1021 3319 1070 acta.

2068 1101 2243 1157 Porro
2266 1100 2399 1158 licet
2419 1103 2772 1174 praecipuam
2791 1118 2992 1158 eorum
3008 1119 3136 1174 quae
3159 1101 3218 1157 in
3238 1101 3478 1158 Barensi
3510 1118 3644 1170 syn-

1997 1192 2108 1247 odo
2126 1194 2292 1263 gesta
2312 1194 2450 1247 sunt
2472 1190 2740 1246 notitiam
2763 1189 3101 1263 Anglicanis
3122 1189 3645 1246 historicisdebea-

1996 1296 2149 1343 mus,
2166 1279 2349 1351 quide
2361 1296 2428 1335 ea
2449 1280 2750 1334 occasione
2766 1278 2956 1335 sancti
2981 1278 3237 1335 Anselmi
3261 1279 3643 1351 scripserunt,

1996 1368 2151 1427 haud
2168 1373 2385 1436 tamen,
2402 1373 2467 1423 ut
2475 1368 2499 1438 j
2508 1384 2600 1422 am
2615 1368 2989 1423 observatum
3007 1371 3116 1434 est,
3134 1367 3266 1423 aliis
3280 1368 3641 1435 auctoribus,

1995 1460 2052 1512 et
2080 1456 2318 1530 quidem
2345 1456 2641 1530 gravibus,
2664 1456 2788 1511 loco
2817 1461 2875 1512 et
2914 1460 3080 1511 aetate
3116 1456 3418 1528 proximis,
3443 1456 3643 1528 ignota

1995 1545 2302 1602 fuit.Certe
2318 1545 2536 1601 multos
2554 1544 2687 1601 cleri
2710 1550 2766 1600 et
2794 1543 3081 1601 nobilium
3108 1560 3374 1617 proceres
3406 1545 3478 1600 ad
3512 1561 3640 1600 eam

1994 1636 2332 1691 convenisse
2364 1634 2567 1691 scribit
2594 1651 2919 1707 anonymus
2977 1632 3246 1689 Barensis
3278 1631 3369 1688 his
3400 1633 3591 1689 verbis
3626 1651 3638 1690 :

1993 1725 2147 1779 Anno
2172 1723 2329 1789 1099,
2364 1740 2537 1796 quem
2571 1723 2721 1777 sicut
2750 1727 2808 1778 et
2838 1722 3215 1778 indictionem
3249 1738 3282 1776 a
3313 1720 3642 1794 Septembri

1916 1838 1963 1903 Β
1994 1812 2373 1885 praecedentis
2395 1812 2552 1875 anni,
2578 1817 2643 1867 ut
2670 1828 2799 1866 mox
2822 1810 3185 1874 dicebamus,
3216 1807 3470 1876 inchoat,
3500 1810 3641 1866 indi-

1993 1902 2168 1957 ctione
2196 1919 2294 1967 vn,
2317 1902 2477 1957 tertia
2492 1901 2581 1955 die
2602 1902 2845 1956 intrante
2864 1915 3048 1956 mense
3070 1899 3305 1965 Octobri,
3330 1898 3476 1955 venit
3492 1914 3640 1971 papa

1997 1991 2245 2047 Urbanus
2258 2007 2382 2045 cum
2397 1990 2649 2061 pluribus
2671 1991 3090 2061 archiepiscopis
3109 1995 3160 2044 et
3178 1989 3439 2060 episcopis
3467 1996 3519 2043 et
3547 1987 3639 2044 ab-

1995 2079 2224 2145 batibus,
2250 2083 2299 2135 et
2310 2079 2617 2147 comitibus,
2633 2088 2683 2135 et
2697 2080 3043 2134 intraverunt
3064 2079 3123 2132 in
3145 2078 3336 2145 Burri,
3348 2085 3400 2134 et
3410 2078 3641 2148 suscepti

1990 2173 2120 2223 sunt
2147 2186 2270 2224 cum
2324 2184 2527 2239 magna
2556 2169 2905 2235 ‘reverentia,
2947 2175 2997 2223 et
3039 2166 3377 2238 praeparavit
3423 2164 3640 2222 domino

1989 2258 2164 2324 Helia,
2182 2261 2408 2313 sextum
2428 2272 2530 2327 pro
2554 2261 2729 2325 recto,
2745 2272 2883 2311 casu
2900 2254 3160 2321 adhibet;
3186 2258 3252 2309 ut
3271 2270 3340 2309 ex
3369 2253 3640 2311 Malmes-

1990 2345 2249 2401 buriensi
2274 2345 2423 2400 infra
2450 2345 2690 2416 patebit,
2706 2348 2888 2399 nostra
2901 2343 3320 2413 archiepiscopo,
3333 2342 3646 2412 miriﬁcam

1988 2435 2167 2491 sedem
2198 2436 2343 2489 intus
2364 2435 2423 2488 in
2456 2434 2680 2487 ecclesia
2712 2433 3015 2488 beatissimi
3050 2432 3264 2487 Nicolai
3309 2433 3644 2504 confessoris

1991 2524 2212 2591 Christi,
2241 2528 2293 2579 et
2320 2524 2448 2594 fecit
2482 2523 2558 2577 ibi
2586 2521 2856 2593 synodum
2879 2537 2980 2593 per
3007 2536 3179 2575 unam
3221 2517 3637 2575 hebdomadam.

1986 2617 2115 2669 Post
2142 2612 2421 2684 completis
2444 2611 2632 2665 diebus
2649 2614 2761 2666 octo
2786 2611 3033 2682 perrexit
3054 2611 3112 2663 in
3133 2624 3283 2680 pace,
3308 2616 3359 2663 et
3384 2609 3444 2663 in
3456 2623 3639 2664 mense

1982 2702 2130 2758 Julii
2156 2702 2291 2756 obiit
2322 2703 2435 2773 ipse
2469 2701 2733 2759 Urbanus.
2769 2697 2912 2754 Huic
2943 2698 3164 2770 synodo
3197 2712 3375 2769 quam
3405 2697 3631 2753 univer-

1984 2806 2099 2845 sam
2131 2790 2399 2845 Urbanus
2436 2790 2560 2861 ipse
2609 2789 2666 2844 in
2701 2787 2979 2860 rescripto
3023 2787 3094 2842 de
3133 2783 3426 2858 Cinglensi
3457 2783 3623 2853 cella,

1977 2879 2293 2950 plenariam
2316 2877 2591 2950 appellat,
2620 2880 2854 2931 centum
2890 2879 2948 2931 et
2978 2873 3270 2947 octoginta
3322 2873 3624 2945 episcopos

1982 2965 2342 3021 interfuisset
2358 2966 2567 3021 asserit
2580 2966 2779 3036 Lupus
2794 2964 3152 3035 Protospata,
3168 2962 3268 3019 sed
3283 2961 3525 3035 quinam
3540 2959 3624 3017 illi

1982 3055 2199 3111 fuerint
2241 3070 2412 3110 nemo
2460 3054 2670 3109 litteris
2702 3052 2976 3126 prodidit.
3004 3054 3078 3107 At
3103 3068 3217 3123 quo
3259 3050 3405 3117 loco,
3438 3066 3626 3122 quove

1982 3144 2184 3200 habitu
2208 3145 2266 3199 in
2289 3142 2535 3199 concilio
2566 3142 2780 3198 sederit
2810 3140 3070 3215 pontifex
3099 3156 3169 3196 ex
3189 3136 3458 3197 Wilelmo
3490 3137 3629 3196 Mal-

1904 3205 1946 3271 C
1986 3232 2373 3289 mesburiensi
2404 3231 2708 3286 discimus.
2734 3205 2905 3300 Ergo,
2936 3229 3148 3301 inquit,
3182 3236 3404 3284 ventum
3453 3232 3529 3284 est
3558 3227 3629 3283 ad

1980 3323 2294 3380 concilium.
2347 3321 2680 3393 Apostolicus
2726 3322 2851 3374 ante
2905 3334 3099 3389 corpus
3157 3317 3338 3371 sancti
3390 3316 3627 3386 Nicolai,

1980 3414 2280 3467 constratas
2310 3409 2575 3480 tapetibus
2606 3417 2656 3463 et
2684 3408 2894 3478 palliis,
2928 3408 3045 3479 ipse
3079 3405 3266 3461 casula
3293 3420 3419 3460 cum
3453 3402 3626 3474 pallio

1982 3501 2212 3555 amictus
2235 3498 2485 3553 tribunal
2505 3496 2779 3561 ascendit;
2796 3496 2976 3551 exteri
2992 3511 3117 3550 cum
3139 3494 3327 3567 cappis
3349 3492 3623 3550 sedebant.

1982 3586 2159 3643 Paulo
2219 3585 2463 3642 inferius
2515 3585 2786 3641 observat
2831 3584 3279 3640 archidiaconum
3322 3583 3628 3639 Romanum

1981 3686 2105 3732 ante
2127 3693 2331 3749 papam
2358 3675 2575 3742 sedisse,
2594 3677 2652 3729 ut
2682 3674 2848 3730 moris
2869 3678 2965 3729 est.
2988 3673 3051 3729 In
3080 3670 3326 3729 concilio
3352 3669 3627 3729 Remensi

1980 3783 2132 3821 anno
2156 3765 2293 3820 4094
2312 3765 2423 3819 Leo
2446 3781 2595 3837 papa
2615 3763 3040 3820 sacerdotalibus
3061 3762 3222 3835 quasi
3247 3761 3317 3818 ad
3348 3760 3625 3818 celebran-

1978 3854 2106 3911 dam
2134 3855 2357 3909 missam
2386 3854 2588 3924 infulis
2616 3853 2902 3907 redimitus
2917 3852 3177 3923 processit
3207 3851 3278 3905 ad
3310 3848 3626 3929 concilium

1978 3960 2100 3998 cum
2130 3958 2289 3998 cruce
2321 3946 2373 3996 et
2392 3942 2682 4009 Evangelii
2702 3940 2843 3994 libro
2865 3938 3303 3993 antecedentibus
3327 3953 3453 3991 cum
3479 3935 3629 3991 sacri

1978 4031 2187 4087 ordinis
2214 4031 2505 4098 ministris,
2525 4033 2634 4084 etc.
2663 4028 2724 4082 In
2756 4027 3055 4098 istajuxta
3086 4025 3389 4082 Urbanum
3419 4022 3627 4079 Ansel-

1981 4137 2114 4175 mus
2147 4117 2474 4174 Cantuariis
2506 4114 2983 4187 archiepiscopus
3013 4112 3252 4169 honoris
3284 4128 3483 4180 causa,
3508 4109 3628 4167 sive

1978 4208 2152 4265 etiam
2176 4211 2240 4261 ut
2258 4204 2486 4261 facilius
2509 4204 2786 4259 adversus
2809 4202 3037 4259 Gracos
3061 4200 3375 4275 disputans
3399 4197 3629 4257 auscul-

1978 4299 2218 4359 taretur,
2252 4294 2451 4350 sedere
2480 4294 2685 4364 jussus
2717 4294 2806 4347 est
2836 4306 2851 4346 :
2884 4306 3017 4345 cum
3078 4294 3272 4356 antea,
3306 4292 3372 4345 ut
3420 4286 3627 4344 scribit

1979 4385 2130 4440 idem
2156 4386 2376 4449 auctor,
2396 4381 2703 4454 ingruente
2730 4377 3011 4446 tumultu,
3035 4377 3254 4435 oblitus
3285 4376 3467 4435 fuisse
3485 4393 3626 4451 pon-

1978 4473 2119 4528 tifex
2147 4471 2340 4527 locum
2371 4470 2423 4524 ei
2456 4467 2767 4541 specialem
2798 4470 2856 4523 et
2884 4465 3273 4523 honoriﬁcum
3296 4464 3624 4538 designare.

213 4556 523 4626 gestarum
538 4553 746 4609 seriem
761 4554 1157 4626 particulatim
1172 4556 1547 4628 prosequitur
1563 4558 1632 4612 ad
1656 4557 1869 4614 Baren-
1902 4568 1949 4633 D
1979 4561 2136 4617 Idem
2163 4559 2340 4615 habet
2379 4557 2699 4613 Eadmerus
2734 4556 2805 4611 de
2826 4554 3035 4612 Casula
3049 4558 3107 4612 et
3136 4554 3482 4628 pontiﬁcum
3498 4569 3630 4626 cap-

212 4657 276 4697 se
317 4639 660 4708 concilium,
685 4643 837 4713 quod
879 4660 1031 4698 anno
1071 4643 1471 4716 subsequenti,
1504 4645 1868 4718 proindeque

214 4730 778 4795 1098,convocatum
802 4730 982 4787 fuisse
1003 4732 1452 4787 narrat.Deinde
1478 4732 1771 4800 Urbanus,
1806 4739 1870 4789 ut

214 4819 377 4873 idem
400 4820 610 4872 auctor
627 4818 968 4891 habet,post
992 4819 1152 4875 illam
1175 4821 1462 4893 synodum
1487 4838 1752 4877 reversus
1766 4824 1872 4878 Ro-

217 4923 379 4963 mam
401 4904 701 4962 W’illelmo
740 4908 858 4980 regi
883 4907 1149 4964 inducias
1184 4909 1541 4965 concessisse
1566 4911 1781 4965 dicitur
1800 4911 1871 4966 ad

218 4996 437 5051 festum
454 4996 643 5050 sancti
664 4994 961 5052 Michaelis
974 4996 1110 5051 anni
1124 4996 1739 5070 subsequentis,quem
1753 4999 1875 5070 qui-

216 5084 354 5139 dem
373 5082 690 5139 terminum
705 5099 811 5140 nec
836 5102 954 5151 rex,
972 5101 1075 5139 nec
1102 5084 1228 5156 ipse
1260 5086 1512 5155 pontifex
1533 5085 1870 5159 attigerunt.

220 5174 293 5226 At
308 5172 360 5228 si
384 5171 498 5226 illa;
517 5172 763 5227 inducite
796 5172 995 5227 statim
1022 5178 1153 5245 post
1171 5176 1419 5228 Barense
1441 5173 1753 5229 concilium
1777 5192 1875 5229 an-

221 5261 470 5315 n01097
498 5259 741 5315 indultae
771 5261 1043 5329 fuissent,
1077 5261 1147 5317 ad
1172 5278 1370 5317 earum
1424 5261 1600 5317 finem
1631 5266 1874 5335 uterque

219 5347 602 5420 pertigissent
614 5353 669 5403 et
681 5348 1020 5405 Mllelmus
1036 5354 1091 5406 et
1104 5348 1393 5405 Urbanus.
1408 5352 1640 5405 Certum
1658 5350 1874 5423 quippe

219 5441 307 5492 est
340 5440 660 5507 utrumque
708 5437 779 5491 ad
810 5455 1033 5493 annum
1088 5436 1227 5492 1099
1256 5437 1609 5508 pervenisse.
1644 5438 1722 5494 Ex
1750 5439 1864 5507 his,

219 5542 344 5597 quas
375 5524 623 5597 quidem
658 5526 896 5581 omnino
927 5530 1083 5581 certa
1113 5530 1269 5592 sunt,
1295 5525 1564 5599 colligere
1592 5527 1765 5583 etiam
1798 5528 1865 5583 li-

217 5619 326 5686 cet,
358 5614 660 5688 synodum
722 5616 1064 5681 Romanam,
1098 5633 1223 5686 quae
1282 5632 1316 5672 a
1360 5614 1658 5672 nonnullis
1716 5634 1869 5673 anno

1978 4649 2205 4722 pis;sed
2233 4647 2315 4703 ait
2335 4645 2682 4702 Anselmum
2704 4644 2960 4716 primum
2984 4643 3190 4701 ordine
3209 4662 3317 4700 suo
3346 4644 3499 4700 inter
3528 4659 3630 4699 ete-

1978 4744 2134 4794 teros
2164 4734 2454 4791 antistites
2488 4732 2731 4800 sedisse,
2767 4733 2907 4789 dum
2940 4732 3327 4789 incalescente
3372 4730 3631 4803 disputa-

1981 4826 2139 4881 tione
2188 4823 2409 4879 dictum
2462 4821 2512 4877 ei
2543 4826 2698 4878 esset
2745 4826 2811 4877 ut
2839 4823 3081 4895 propius
3112 4821 3429 4877 accederet.
3464 4806 3624 4887 Dum,

1981 4911 2171 4983 inquit
2229 4909 2324 4965 ille
2356 4913 2573 4977 auctor,
2603 4912 2661 4963 in
2694 4911 2810 4980 ipso
2865 4911 3094 4966 concilio
3118 4910 3366 4980 plurima
3422 4907 3488 4961 de
3524 4906 3629 4976 ﬁde

1980 5001 2248 5057 catholica
2276 5015 2521 5053 summus
2548 5001 2799 5070 ponii/ea:
2825 4999 3063 5071 facunda
3111 4999 3346 5061 ratione,
3379 4996 3624 5051 rationa-

1984 5092 2193 5161 biliqne
2248 5087 2510 5159 facundia
2568 5087 2929 5155 disseruisset,
2964 5090 3121 5143 mota
3167 5082 3411 5157 questio
3469 5086 3558 5139 est
3595 5099 3629 5139 a

1983 5176 2198 5232 Graecis
2210 5176 2280 5230 de
2306 5173 2669 5246 processione
2683 5174 2719 5229 S
2730 5175 2939 5247 piritus
2953 5174 3159 5240 sancti,
3176 5188 3355 5245 quam
3370 5171 3630 5244 pontifex

1984 5263 2189 5319 multis
2222 5261 2675 5335 argumentis,et
2701 5260 2937 5335 quidem
2968 5266 3032 5317 ut
3061 5260 3388 5334 plurimum
3419 5277 3488 5318 ex
3512 5262 3627 5317 An-

1984 5351 2153 5408 selmi
2178 5348 2445 5423 epistola,
2479 5366 2654 5422 quam
2687 5350 2779 5405 illi
2806 5351 2939 5406 olim
2967 5349 3031 5405 de
3058 5350 3448 5407 Incarnatione
3477 5349 3630 5406 Verbi

1982 5440 2381 5512 inscripserat,
2396 5438 2592 5511 petitis
2617 5439 2937 5509 approbare
2957 5439 3123 5495 nisus
3140 5444 3248 5496 est.
3274 5439 3428 5496 Idem
3457 5439 3632 5495 refert

1982 5533 2240 5586 Joannes
2292 5525 2740 5584 Sarisberiensis
2768 5525 2829 5581 in
2869 5528 3135 5597 ejusdem
3188 5526 3448 5585 Anselmi
3477 5527 3629 5583 Vita.

1982 5615 2426 5688 Verum,inquit
2456 5614 2797 5684 Eadmerus,
2818 5631 2952 5671 cum
2977 5634 3070 5674 res
3090 5616 3326 5690 longius
3358 5616 3628 5689 procede-
