4000 6176
312 172 432 290 ω

1620 222 1688 291 Β.
1734 223 2031 292 URBANI
2073 223 2127 290 II
2175 223 2425 287 ΡΑΡιΕ.

3622 218 3773 283 244

315 358 495 428 deret,
508 356 818 435 adhucque
836 358 1149 421 Anselmus
1171 357 1232 421 in
1254 364 1444 422 ordine
1464 366 1790 421 caeteroram
1806 361 1951 418 inter
1977 364 2035 432 Α
2062 374 2130 416 ea
2150 374 2360 433 nempe
2378 372 2496 416 non
2518 354 2915 431 comparente,
2937 374 2968 415 c
2987 373 3150 416 ausa
3164 352 3458 430 judicium
3478 352 3551 412 ad
3580 352 3771 413 aliud

314 451 523 520 primos
541 452 765 509 concilii
782 454 972 509 Patres
1000 470 1103 525 pro
1131 470 1249 510 suae
1279 455 1435 509 SBdlS
1458 451 1744 526 dignitate
1776 467 1981 507 conse-

322 538 507 612 deret,
526 538 800 598 clamavit
821 542 1083 614 pontifex
1110 560 1121 598 :
1150 544 1318 597 Pater
1340 545 1390 597 et
1418 543 1684 610 magister
1710 541 1984 608 Anselme,

318 628 624 699 Anglorum
643 631 1063 702 archiepiscopo,
1081 631 1177 685 ubi
1195 630 1284 685 es?
1304 630 1450 695 Quid
1472 628 1675 685 statim
1720 628 1983 700 adnitenj

321 716 504 786 tibus,
529 718 629 792 qui
667 719 719 775 ei
748 719 995 791 proximi
1034 723 1221 785 erant,
1251 719 1544 792 episcOpis
1570 721 1641 774 ad
1677 706 1980 791 apostolicl

323 821 689 872 consessum,
706 811 771 862 ut
789 807 967 863 habet
988 806 1344 875 Willelmus,
1367 808 1598 875 levatus,
1611 809 1782 879 juxta
1797 806 1983 863 archi-

324 894 494 951 diaco
507 912 650 951 num
673 896 872 952 sedere
883 896 1093 966 jussus
1103 901 1211 952 est.
1228 897 1393 953 Hunc
1405 896 1681 969 pontifex,
1696 897 1981 953 referente

324 984 620 1040 Eadmero
675 984 776 1055 qui
820 1001 1079 1057 praesens
1111 991 1253 1051 erat,
1286 985 1370 1042 sic
1402 991 1542 1042 tunc
1572 990 1662 1042 est
1717 987 1928 1042 affatus
1962 1006 1976 1044 :

324 1094 355 1123 «
381 1071 558 1139 Quid,
577 1089 794 1144 quasso,
814 1072 986 1139 facis;
1009 1091 1115 1129 cur
1144 1074 1202 1130 in
1224 1074 1471 1131 aliorum
1503 1074 1736 1131 silentio
1766 1076 1929 1149 degis
1950 1076 1979 1130 ?

326 1161 495 1229 Veni,
529 1161 685 1230 veni,
711 1162 988 1231 obsecro;
1023 1164 1269 1220 ascende
1298 1181 1486 1236 usque
1537 1165 1611 1221 ad
1642 1181 1748 1220 nos
1777 1169 1833 1220 et
1874 1165 1974 1221 ad-

314 1250 460 1323 juva
478 1266 607 1320 nos,
622 1266 895 1323 pugnans
918 1267 1020 1323 pro
1043 1256 1229 1307 matre
1248 1255 1351 1308 tua
1372 1258 1429 1308 et
1448 1258 1666 1319 nostra,
1687 1253 1778 1308 cui
1803 1269 1972 1309 suam

324 1337 728 1412 integritatem
751 1338 913 1395 vides
935 1340 1163 1397 Graecos
1194 1340 1338 1397 istos
1370 1342 1565 1397 conari
1606 1342 1883 1410 adimere,
1917 1346 1971 1398 et

323 1444 433 1484 nos
452 1428 513 1483 in
537 1427 795 1501 idipsum
819 1430 1003 1494 nefas,
1033 1429 1081 1485 si
1106 1429 1350 1487 facultas
1383 1430 1468 1486 eis
1498 1431 1797 1496 tribuitur,
1825 1449 1968 1504 prae-

324 1516 886 1589 cipitare.Succurre
932 1516 1112 1591 igitur
1159 1518 1328 1590 quasi
1358 1536 1487 1574 vere
1520 1537 1622 1591 pro
1652 1519 1760 1574 hoc
1790 1537 1823 1574 a
1852 1519 1967 1575 Deo

324 1604 547 1662 missus
584 1605 718 1660 huc.
741 1628 770 1655 »
788 1607 951 1672 Quod
982 1607 1251 1678 sequenti
1299 1607 1392 1662 die
1433 1608 1662 1681 egregie
1702 1608 1968 1680 praestitit

323 1692 638 1750 Anselmus
649 1698 907 1766 regente,
923 1699 986 1750 ut
1005 1695 1209 1751 scribit
1225 1696 1377 1752 idem
1397 1701 1618 1764 auctor,
1641 1714 1739 1752 cor
1766 1701 1824 1753 et
1852 1696 1963 1752 lin-

326 1798 505 1855 guam
536 1782 665 1853 ejus
685 1782 905 1854 Spiritu
938 1788 1176 1852 sancto;
1206 1788 1379 1857 atque
1426 1802 1554 1842 eam
1586 1785 1966 1858 quaestionem

325 1871 412 1927 ita
444 1871 730 1939 tractavit,
750 1871 1029 1928 disseruit
1065 1873 1415 1941 absolvit,ut
1434 1874 1493 1929 in
1526 1875 1653 1946 ipso
1685 1878 1969 1931 conventu

328 1976 501 2017 nemo
540 1959 813 2017 existeret
842 1960 943 2033 qui
987 1978 1103 2018 non
1131 1962 1244 2018 sibi
1266 1963 1402 2018 inde
1431 1963 1798 2020 satisfactum
1828 1980 1971 2019 con-

327 2049 587 2108 sentiret.
608 2054 751 2106 Cum
780 2066 915 2106 vero
964 2050 1195 2106 dicendi
1255 2051 1432 2107 ﬁnem
1470 2051 1704 2109 fecisset
1734 2058 1974 2110 sanctus

328 2138 595 2205 antistes,
618 2137 677 2194 in
694 2154 828 2194 eum
852 2138 1109 2211 pontifex
1133 2139 1443 2197 intendens
1460 2141 1558 2196 ait.
1578 2162 1606 2192 «
1630 2142 1977 2199 Benedictus

335 2227 415 2284 sit
433 2244 533 2284 cor
553 2231 611 2285 et
630 2243 843 2284 sensus
866 2232 1027 2295 tuus,
1046 2232 1103 2283 et
1123 2245 1189 2285 os
1210 2232 1269 2284 et
1288 2245 1481 2285 sermo
1510 2229 1627 2286 oris
1656 2231 1742 2286 tui
1774 2231 1852 2287 sit
1879 2232 1978 2287 be-

331 2316 623 2373 nedictus.
656 2338 685 2367 »
719 2316 1011 2373 Caeterum
1043 2314 1163 2373 haec
1196 2316 1325 2389 ipsa
1352 2324 1699 2391 argumenta
1725 2336 1853 2392 qua:
1901 2319 1982 2376 ibi

329 2421 526 2463 coram
558 2404 832 2461 Patribus
854 2410 1202 2478 prosecutus
1228 2406 1418 2463 fuerat
1433 2406 1521 2462 vir
1549 2413 1810 2471 sanctus,
1831 2412 1989 2480 post-

331 2511 401 2551 ea
432 2493 780 2567 rogantibus
851 2492 1082 2561 amicis,
1112 2498 1171 2550 et
1226 2495 1600 2567 potissimum
1656 2495 1988 2554 Ilildeberto

326 2587 458 2640 tum
512 2582 1027 2638 Cenomannorum
1073 2582 1374 2656 episcopo,
1407 2587 1474 2640 ut
1520 2589 1678 2657 patet
1707 2602 1778 2642 ex
1831 2585 1991 2643 illius

327 2670 500 2743 epist.
531 2672 622 2738 22,
654 2673 712 2725 et
739 2668 1090 2726 Guillelmus
1121 2670 1402 2728 Gemetici
1451 2673 1773 2729 monachus
1820 2676 1995 2732 refert

331 2758 482 2816 libro
502 2775 580 2827 v1,
605 2774 734 2830 cap.
750 2759 806 2826 9,
828 2758 1194 2815 enucleatius
1218 2760 1485 2817 tractavit
1506 2761 1567 2817 in
1597 2761 1745 2819 libro
1778 2765 1853 2819 De
1864 2781 1995 2837 pro-

330 2848 570 2905 cessione
599 2847 837 2919 Spiritus
860 2851 1061 2915 sancti,
1096 2850 1251 2921 quod
1290 2849 1363 2905 ab
1395 2867 1461 2907 eo
1509 2853 1837 2923 prmstitum
1884 2860 1993 2923 est,

331 2940 400 2992 ut
419 2934 689 2992 doctrina
719 2934 1012 2992 catholica
1027 2952 1132 3009 per
1148 2942 1339 2993 totum
1370 2939 1573 2996 orbem
1597 2939 1997 2998 Christianum

330 3025 689 3099 pervaderet.
724 3024 797 3080 Et
855 3024 1094 3097 quidem
1151 3043 1285 3082 cum
1315 3031 1525 3099 postea
1554 3045 1587 3084 a
1623 3030 1998 3087 Waleramno

2091 452 2325 521 tempus
2381 448 2629 504 dilatum
2688 452 2800 511 est.
2838 453 2904 503 ut
2935 447 3065 520 ipse
3100 445 3363 521 pontifex
3403 447 3661 501 testatur
3694 444 3771 501 in

2091 535 2372 609 inscripto
2406 537 2477 591 ad
2514 536 2875 606 Casinenses,
2909 536 3064 609 quod
3109 534 3354 592 inferius
3386 532 3773 590 memorabi-

2091 640 2245 681 IDUS.

2198 714 2491 772 CCCXXV.
2527 716 3182 799 Privilegium'Ecclesim
3221 716 3616 787 Agrigentinw.

2164 804 2261 861 Die
2292 805 2509 862 v11dus
2532 805 2800 863 Octobris
2827 805 2979 862 Barii
3001 806 3193 863 adhuc
3221 805 3565 861 versabatur
3602 818 3769 876 pon-

2087 892 2252 961 tifex,
2285 910 2419 950 cum
2458 894 2751 952 ‘dicecesis
2806 895 3203 968 Agrigentinaa
3246 894 3485 962 limites,
3516 896 3702 966 prout
3733 908 3777 947 α

2086 982 2335 1055 Rogerio
2353 982 2563 1040 comite
2585 984 2891 1041 constituti
2928 984 3187 1054 fuerant,
3217 982 3584 1040 conﬁrmavit
3614 982 3771 1038 dato

2088 1070 2426 1144 diplomate,
2445 1072 2505 1128 in
2539 1090 2655 1146 quo
2686 1073 2921 1130 Roberti
2960 1074 3130 1130 ducis
3160 1078 3219 1130 et
3250 1072 3481 1129 comitis
3514 1070 3761 1145 Rogerii

2080 1160 2209 1232 ejus
2261 1160 2456 1218 fratris
2511 1163 2736 1235 optima
2764 1163 2825 1218 in
2875 1162 3203 1220 Ecclesiam
3269 1162 3483 1219 merita
3540 1160 3759 1218 multis

2080 1240 2380 1325 laudibus,
2415 1255 2474 1307 et
2506 1251 2746 1322 quidem
2786 1253 2939 1324 jure,
2974 1251 3383 1325 prosequitur.
3418 1251 3577 1307 Hanc
3618 1248 3760 1306 bul-

2079 1324 2195 1394 lam
2228 1338 2408 1395 habes
2438 1341 2594 1413 apud
2625 1341 2933 1398 Bocchum
2978 1324 3312 1415 iPyrrhum,
3345 1340 3446 1396 sed
3479 1337 3759 1396 nonnihil

2077 1427 2502 1494 emendandum
2532 1428 2591 1483 in
2624 1429 2778 1485 nctis
2810 1429 3232 1502 chonologicis.
3275 1429 3403 1485 Non
3466 1427 3622 1483 enim
3658 1426 3756 1481 in-

2078 1511 2253 1571 dictio
2283 1533 2403 1583 νιιι,
2435 1534 2562 1588 qua
2612 1517 2692 1574 ibi
2738 1522 2997 1583 notatur,
3032 1518 3170 1574 huic
3220 1535 3373 1574 anno
3427 1515 3703 1573 convenit
3737 1533 3751 1582 ;

2072 1602 2174 1673 sed
2204 1604 2276 1659 ad
2296 1622 2599 1661 summum
2620 1607 2922 1679 septimae
2949 1623 3159 1663 mense
3196 1606 3519 1679 Septembri
3551 1610 3655 1662 aut
3673 1607 3752 1663 ab

2070 1691 2336 1749 Octobris
2358 1693 2634 1751 initio.At
2651 1695 2746 1751 hic
2768 1711 2933 1752 error
2959 1713 3034 1752 ex
3076 1694 3542 1752 Amanuensium
3576 1694 3757 1769 culpa

2074 1780 2220 1837 forte
2270 1781 2684 1855 contigit;qui
2715 1801 2852 1840 cum
2906 1785 3304 1842 advertissent
3358 1784 3467 1841 hoc
3518 1783 3751 1856 privile-

2078 1867 2240 1942 gium
2271 1870 2446 1925 finem
2485 1871 2624 1927 anni
2649 1873 2788 1927 1099
2830 1873 3120 1944 praeferre,
3167 1873 3560 1930 indictionem
3591 1888 3751 1931 anno

2078 1957 2304 2031 vulgari
2336 1964 2534 2032 aptare
2568 1960 2877 2017 voluerint.
2913 1963 3289 2029 At,exeunte
3312 1961 3413 2018 illo
3437 1963 3750 2033 anno,jam

2081 2058 2114 2098 e
2143 2047 2287 2104 vivis
2325 2049 2554 2106 abierat
2611 2049 2904 2107 Urbanus.
2943 2053 3131 2117 Quare
3175 2051 3492 2108 dicendum
3546 2056 3638 2107 est
3685 2052 3753 2107 in

2084 2151 2153 2193 ea
2182 2135 2342 2192 bulla
2374 2137 2717 2209 pontificem
2748 2138 3098 2196 adhibuisse
3137 2140 3410 2196 Barensis
3466 2140 3751 2215 regionis,

2089 2232 2150 2286 in
2183 2242 2300 2298 qua
2328 2231 2470 2282 tunc
2499 2226 2866 2296 versabatur,
2900 2228 3281 2301 computandi
3311 2229 3577 2297 modum,
3611 2246 3753 2302 quo,

2091 2317 2159 2370 ut
2178 2315 2305 2385 jam
2336 2304 2613 2383 diximus,
2646 2332 2870 2384 annus,
2902 2316 3059 2373 sicut
3079 2320 3137 2373 et
3167 2316 3428 2386 indictio,
3461 2318 3534 2374 ab
3579 2318 3753 2374 Octo-

2093 2402 2185 2458 bri
2216 2403 2353 2458 anni
2385 2402 2642 2476 vulgaris
2674 2405 3058 2478 praecedentis
3105 2404 3440 2479 incipiebat.
3463 2406 3577 2462 Alii
3630 2407 3756 2462 for-

2095 2495 2255 2547 tasse
2301 2491 2494 2548 dicent
2535 2493 2596 2549 in
2644 2510 2710 2549 eo
2753 2492 3085 2566 diplomate
3109 2511 3331 2550 annum
3363 2495 3435 2551 ab
3482 2496 3753 2552 Incarna-

2098 2580 2349 2647 tione,id
2397 2585 2760 2639 setamense
2814 2582 3024 2640 Martio
3085 2583 3225 2639 anni
3256 2584 3656 2657 praecedentis,
3685 2588 3754 2641 ut

2103 2668 2249 2725 alias
2279 2670 2499 2742 passim
2529 2670 2747 2727 factum
2779 2676 2887 2739 est,
2912 2671 3204 2742 inchoari,
3225 2673 3328 2729 sed
3359 2672 3599 2744 perinde
3634 2677 3747 2740 est,

2103 2774 2239 2815 cum
2271 2765 2519 2831 utroque
2547 2760 2719 2817 modo
2766 2766 2992 2817 constet
3048 2778 3267 2818 annum
3322 2762 3462 2818 1099
3493 2762 3591 2819 hic
3646 2779 3752 2836 pro

2104 2845 2332 2920 vulgari
2364 2849 2501 2903 1098
2532 2853 2685 2905 recte
2715 2847 3025 2922 assignari.

2390 2936 2710 2994 CCCXXVI.
2748 2937 3055 2994 Concilium
3090 2939 3425 3012 Burdigalae.

2180 3023 2242 3079 In
2264 3023 2467 3081 Galliis
2509 3025 2712 3081 eodem
2757 3042 2977 3095 mense,
3000 3042 3062 3082 III
3106 3025 3331 3083 scilicet
3358 3027 3553 3084 Nonas
3581 3028 3748 3085 Octo-

334 3114 607 3188 episcopo
644 3112 1008 3187 Neburgensi
1040 3114 1112 3171 de
1152 3113 1270 3171 illis
1318 3117 1740 3189 quaestionibus
1786 3119 1994 3175 fuisset
2022 3099 2065 3167 C
2101 3112 2246 3181 bris,
2267 3114 2512 3169 Amatus
2533 3112 2861 3186 apostolica:
2883 3114 3041 3171 sedis
3079 3114 3139 3169 in
3178 3116 3491 3187 Aquitania
3520 3115 3745 3190 legatus

333 3203 753 3277 interrogatus,
769 3201 927 3259 hunc
944 3204 1016 3259 ad
1030 3202 1167 3260 illos
1182 3208 1466 3262 tractatus
1478 3207 1705 3263 remisit
1714 3208 1994 3279 pontifex.

342 3293 467 3357 Qua
482 3290 788 3355 occasione
810 3308 906 3347 res
929 3291 1321 3349 admiratione
1351 3294 1531 3367 digna
1560 3296 1826 3369 contigit,
1845 3296 1999 3370 quod

338 3380 563 3437 scilicet
576 3378 734 3436 hunc
756 3379 1098 3452 episcopum
1112 3381 1432 3452 nequidem
1460 3399 1623 3440 more
1643 3383 1814 3441 solito
1837 3385 1996 3441 salu-

338 3467 454 3523 tari
507 3466 761 3523 voluerit
814 3466 1150 3534 Anselmus,
1182 3470 1255 3524 ob
1283 3468 1342 3524 id
1375 3469 1570 3526 solum
1604 3473 1761 3543 quod
1805 3473 1995 3529 adhuc

340 3570 479 3611 eum
505 3555 768 3610 crederet
828 3555 1176 3611 Henriciano
1232 3556 1543 3614 schismati
1574 3559 1895 3628 addictum,
1928 3566 1995 3617 ut

339 3642 590 3716 ipsemet
609 3646 878 3699 testatur.
905 3642 1137 3699 Videsis
1160 3644 1290 3715 ejus
1311 3646 1591 3718 epistolas
1620 3665 1723 3703 seu
1751 3666 1991 3722 respon-

341 3730 537 3789 siones
554 3731 627 3787 ad
641 3730 814 3789 istius
831 3730 1188 3789 Waleramni
1222 3732 1574 3806 quaestiones
1594 3741 1652 3792 et
1682 3740 1949 3809 querelas
1975 3757 1988 3808 ;

340 3837 449 3878 nos
477 3837 611 3877 vero
633 3837 761 3893 quas
787 3819 848 3877 in
880 3821 1103 3894 synodo
1134 3827 1303 3895 gesta
1333 3829 1472 3879 sunt
1500 3824 1734 3882 interim
1791 3843 1988 3899 prose-

347 3926 620 3983 quamur.

410 3998 665 4056 Ventum
696 4001 787 4055 est
814 3997 1013 4071 itaque
1035 3998 1107 4055 ad
1131 4015 1373 4057 causam
1395 4001 1659 4058 Anselmi
1682 4020 1815 4059 cum
1847 4004 1988 4062 Wil-

340 4085 519 4143 lelmo
564 4085 890 4160 Anglorum
949 4102 1103 4159 rege,
1128 4104 1306 4167 quam
1338 4105 1472 4145 cum
1502 4091 1761 4163 pontifex
1790 4110 1987 4149 coram

343 4191 509 4231 sacro
536 4178 821 4231 conventu
854 4190 920 4230 ac
943 4174 1139 4232 illatas
1160 4177 1328 4234 beato
1349 4178 1470 4234 viro
1509 4179 1756 4251 injurias
1794 4180 2007 4253 palam,

337 4262 729 4336 exposuisset,
748 4262 1067 4320 clamatum
1098 4268 1188 4321 est
1218 4265 1289 4321 ab
1320 4267 1594 4323 omnibus
1624 4268 1987 4325 Willelmum

342 4365 541 4425 regem
563 4350 717 4406 beati
739 4350 891 4406 Petri
912 4350 1105 4424 gladio
1128 4352 1455 4409 feriendum
1477 4371 1606 4410 esse
1632 4374 1643 4411 :
1679 4356 1782 4411 sed
1826 4356 1883 4412 id
1918 4374 1989 4413 ne

338 4439 508 4494 ﬁeret
553 4437 716 4496 solus
772 4438 1087 4496 Anselmus
1117 4441 1363 4497 obstitit.
1395 4443 1635 4499 Audiens
1686 4447 1835 4501 enim
1877 4445 1989 4502 haec
2022 4463 2066 4527 Ι)

341 4527 432 4583 vir
461 4531 721 4594 sanctus,
754 4527 840 4583 uti
886 4527 1208 4584 Eadmerus
1257 4535 1475 4597 narrat,
1518 4538 1575 4588 et
1618 4534 1993 4590 consentiunt

344 4614 534 4672 cazteri
564 4613 786 4689 Angliaa
821 4615 1155 4688 scriptores,
1172 4617 1320 4673 illico
1352 4622 1614 4689 surrexit,
1636 4625 1689 4677 et
1707 4624 1868 4692 ﬂexis
1896 4640 1990 4693 ge-

343 4704 508 4760 nibus
534 4720 718 4761 coram
739 4721 889 4778 papa
912 4706 1211 4778 praefatum
1243 4723 1425 4775 regem
1444 4711 1567 4779 jam
1596 4718 1726 4766 tunc
1774 4728 1990 4768 excom-

341 4794 630 4849 municare
645 4801 861 4865 parato,
884 4794 977 4849 vix
995 4793 1232 4849 obtinuit
1252 4811 1321 4850 ne
1339 4797 1399 4851 in
1427 4813 1613 4866 regem
1625 4801 1832 4871 faceret
1854 4801 1993 4871 quod

342 4882 649 4938 communis
677 4883 926 4938 omnium
951 4884 1221 4938 sententia
1243 4886 1634 4955 promulgavit.

414 4970 497 5025 Ex
526 4969 742 5028 Urbani
773 4969 1021 5044 epistola
1057 4971 1129 5027 ad
1176 4973 1466 5029 Alisonem
1520 4974 1990 5031 Beneventanum

345 5058 652 5115 dominum
686 5060 841 5128 data,
865 5058 1148 5116 discimus
1180 5060 1497 5118 monachos
1527 5062 1871 5120 Casinenses
1924 5067 1995 5120 ad

320 5146 501 5208 .idem
562 5148 877 5205 concilium
907 5148 1157 5217 venisse,
1192 5152 1258 5204 ut
1289 5150 1713 5207 monasterium
1775 5152 1996 5208 Sanctae

346 5234 576 5307 Sophia:
628 5234 1101 5293 Beneventanum
1158 5236 1271 5291 sibi
1329 5243 1672 5295 assercrent.
1706 5240 1817 5295 Sed
1860 5256 1995 5297 cum

346 5324 474 5395 ejus
495 5323 605 5380 loci
628 5325 810 5380 abbas
832 5324 1078 5381 concilio
1104 5342 1164 5381 se
1195 5324 1608 5394 subtraxisset,
1639 5327 1713 5383 lis
1738 5328 1997 5386 indecisa

346 5412 648 5468 remansit.
671 5412 873 5467 Parem
898 5412 1115 5468 exitum
1140 5412 1225 5468 ibi
1264 5411 1473 5468 habuit
1511 5413 1690 5471 altera
1720 5416 1994 5475 Casinen-

346 5501 501 5557 sium
527 5502 921 5555 controversia
936 5501 1211 5558 adversus
1226 5500 1591 5575 Cinglensem
1612 5505 1993 5576 abbatissam,

2106 3199 2418 3257 concilium
2440 3201 2648 3258 habuit
2675 3202 3026 3276 Burdigalae,
3058 3205 3229 3275 cujus
3260 3204 3426 3260 urbis
3454 3208 3596 3262 tunc
3625 3210 3749 3261 erat

2105 3288 2578 3362 archiepiscopus
2603 3307 2616 3359 ;
2640 3290 2712 3346 ad
2734 3291 2890 3362 quod
2921 3291 3262 3347 convenisse
3292 3309 3427 3348 cum
3458 3308 3524 3348 eo
3548 3293 3747 3351 dicun-

2103 3381 2201 3434 tur
2256 3377 2552 3435 Rolandus
2586 3378 2875 3445 Dolensis,
2908 3378 3113 3436 Petrus
3153 3381 3528 3453 Aginnensis,
3561 3387 3619 3438 et
3647 3380 3745 3437 alii

2101 3466 2464 3523 diversarum
2498 3467 2928 3539 provinciarum
2957 3468 3233 3541 episcopi.
3265 3470 3374 3524 Sed
3410 3470 3549 3541 quid
3586 3470 3646 3525 in
3675 3487 3740 3527 eo

2103 3558 2412 3621 statutum,
2427 3571 2610 3628 quave
2629 3555 2933 3612 occasione
2954 3561 3337 3613 convocatum
3361 3556 3556 3625 fuerit,
3578 3557 3745 3631 plane

2072 3642 2529 3716 .incompertum
2562 3647 2669 3701 est.
2701 3644 2815 3700 Nec
2846 3644 3017 3718 plura
3066 3644 3243 3701 habet
3296 3646 3423 3719 ipse
3478 3647 3744 3705 Labbeus

2099 3734 2259 3787 tomo
2280 3732 2325 3787 Χ
2356 3730 2774 3788 Conciliorum.

2313 3819 2651 3877 CCCXXVII.
2689 3821 2936 3878 Urbanus
2965 3823 3263 3879 Benevento
3299 3825 3517 3879 transit.

2174 3907 2445 3965 Urbanus
2466 3925 2595 3965 vero
2626 3914 2759 3982 post
2812 3910 3104 3983 synodum
3150 3911 3464 3968 Barensem
3500 3912 3736 3969 Romam

2097 3997 2326 4054 rediens
2355 3997 2679 4054 Benevento
2708 3997 2998 4065 transivit,
3031 3999 3129 4054 ubi
3163 3999 3495 4072 Cinglensis
3543 4017 3741 4056 mona-

2097 4085 2255 4143 sterii
2310 4102 2445 4141 cum
2501 4084 2935 4153 Casinensibus,
2967 4087 3069 4158 qui
3124 4086 3271 4143 illud
3303 4087 3416 4144 sibi
3466 4087 3746 4160 subjicere

2096 4173 2388 4243 volebant,
2421 4173 2582 4231 litem
2633 4173 2908 4230 dirimere
2959 4174 3364 4241 constituerat,
3398 4175 3632 4248 scriptis
3681 4192 3745 4232 eo

2098 4263 2294 4318 animo
2325 4262 2398 4318 ad
2431 4262 2795 4318 abbatissam
2853 4263 2982 4334 ejus
3027 4263 3366 4319 monasterii
3426 4262 3657 4330 litteris,
3686 4268 3748 4319 ut

2097 4367 2335 4407 causam
2386 4367 2554 4407 suam
2615 4356 2818 4406 actura
2875 4367 3212 4424 comparere
3256 4368 3451 4408 coram
3484 4368 3551 4410 eo
3598 4351 3747 4408 ultra

2098 4456 2214 4495 non
2273 4439 2546 4497 differret.
2579 4440 2687 4495 Sed
2744 4442 2939 4495 tamen
2984 4440 3161 4495 etiam
3211 4444 3354 4496 tunc
3384 4457 3478 4497 res
3535 4440 3741 4498 infecta

2102 4528 2401 4596 remansit,
2426 4532 2490 4583 ut
2520 4528 2645 4600 ipse
2674 4527 2932 4600 pontifex
2977 4528 3170 4585 fusius
3203 4530 3443 4601 exponit
3471 4529 3532 4585 in
3564 4528 3744 4602 diplo-

2101 4620 2254 4672 mate
2275 4617 2402 4689 jam
2424 4614 2680 4684 laudato,
2701 4615 2856 4687 quod
2895 4633 3002 4672 suo
3051 4616 3179 4673 loco
3201 4616 3501 4673 referetur.
3529 4617 3741 4674 Ibidem

2098 4705 2159 4760 in
2187 4704 2541 4761 monasterio
2584 4704 2810 4760 Sanctae
2832 4703 3083 4776 Sophim,
3115 4705 3217 4761 ubi
3249 4705 3397 4762 forte
3426 4706 3738 4779 hospitium

2099 4794 2373 4861 habebat,
2408 4809 2648 4849 causam
2680 4794 2947 4863 ejusdem
3002 4792 3116 4850 loci
3167 4794 3419 4863 abbatis,
3453 4795 3553 4867 qui
3586 4794 3737 4852 Casi-

2101 4882 2264 4937 nensi
2298 4881 2491 4937 abbati
2543 4881 2780 4937 obedire
2828 4881 3206 4950 detrectabat,
3240 4882 3613 4947 examinavit,
3644 4883 3735 4940 sed

2103 4988 2216 5026 non
2273 4969 2539 5025 absolvit.
2597 4970 2823 5025 Etenim
2884 4969 3058 5041 paulo
3113 4962 3246 5042 post
3293 4971 3387 5027 die
3436 4988 3645 5045 nempe
3686 4988 3742 5027 ιιι

2106 5060 2303 5115 Nonas
2347 5058 2688 5113 Novembris
2746 5058 3046 5131 sequentis
3102 5076 3238 5116 cum
3267 5060 3545 5132 Ceperani
3575 5063 3737 5127 esset;

2106 5147 2340 5220 scripsit
2360 5148 2431 5202 ad
2453 5152 2752 5202 Ansonem
2777 5147 3086 5204 Beneventi
3107 5147 3415 5205 dominum
3437 5153 3521 5214 ut,
3537 5148 3741 5205 auditis

2106 5236 2393 5310 partibus,
2439 5234 2601 5291 litem
2633 5234 2783 5290 hanc
2823 5234 3192 5307 dijudicaret,
3225 5241 3329 5293 aut
3358 5236 3409 5308 si
3440 5236 3586 5295 forte
3634 5252 3744 5292 mo-

2106 5325 2279 5383 nachi
2335 5328 2558 5379 Sanctae
2611 5323 2840 5395 Sophiaa
2900 5341 3098 5381 coram
3153 5341 3241 5393 eo,
3269 5329 3470 5399 utpote
3515 5324 3743 5382 homine

2107 5411 2393 5479 saeculari,
2429 5428 2496 5468 ea
2526 5412 2599 5468 de
2650 5428 2713 5468 re
2758 5413 3110 5485 respondere
3142 5413 3458 5484 noluerint,
3492 5414 3646 5471 diem
3665 5414 3740 5471 eis

2107 5504 2282 5571 dicat,
2302 5516 2419 5572 quo
2443 5500 2689 5557 Romam
2722 5503 3095 5558 convenirent
3115 5519 3148 5559 a
3165 5502 3359 5577 seipso
3379 5504 3739 5571 sententiam,
