  <div class='ocr_page' id='page_1' title='image "/cluster/home/n/w/nwhite01/storage/ocr_20150623/151/hvd.32044054760095/128.png"; bbox 0 0 3998 6158; ppageno 0'>
   <div class='ocr_carea' id='block_1_1' title="bbox 219 306 344 375">
    <p class='ocr_par' dir='ltr' id='par_1_1' title="bbox 219 306 344 375">
     <span class='ocr_line' id='line_1_1' title="bbox 219 306 344 375; baseline -0.016 0"><span class='ocrx_word' id='word_1_1' title='bbox 219 306 344 375; x_wconf 68' lang='grc'><strong>245</strong></span> 
     </span>
    </p>
   </div>
   <div class='ocr_carea' id='block_1_2' title="bbox 1824 310 2030 379">
    <p class='ocr_par' dir='ltr' id='par_1_2' title="bbox 1824 310 2030 379">
     <span class='ocr_line' id='line_1_2' title="bbox 1824 310 2030 379; baseline -0.005 -1"><span class='ocrx_word' id='word_1_2' title='bbox 1824 310 2003 379; x_wconf 76' lang='grc' dir='ltr'><strong>νιτΑ</strong></span> <span class='ocrx_word' id='word_1_3' title='bbox 2016 355 2030 377; x_wconf 91' lang='grc'><strong>.</strong></span> 
     </span>
    </p>
   </div>
   <div class='ocr_carea' id='block_1_3' title="bbox 3521 314 3639 379">
    <p class='ocr_par' dir='ltr' id='par_1_3' title="bbox 3521 314 3639 379">
     <span class='ocr_line' id='line_1_3' title="bbox 3521 314 3639 379; baseline 0.017 -3"><span class='ocrx_word' id='word_1_4' title='bbox 3521 314 3639 379; x_wconf 70' lang='lat'><strong>246</strong></span> 
     </span>
    </p>
   </div>
   <div class='ocr_carea' id='block_1_4' title="bbox 221 439 3640 524">
    <p class='ocr_par' dir='ltr' id='par_1_4' title="bbox 221 439 3640 524">
     <span class='ocr_line' id='line_1_4' title="bbox 221 439 3640 524; baseline 0 -20"><span class='ocrx_word' id='word_1_5' title='bbox 221 443 542 517; x_wconf 77' lang='lat' dir='ltr'><strong>accepturi.</strong></span> <span class='ocrx_word' id='word_1_6' title='bbox 600 442 719 505; x_wconf 86' lang='lat' dir='ltr'><strong>Hoc</strong></span> <span class='ocrx_word' id='word_1_7' title='bbox 748 446 839 506; x_wconf 86' lang='lat' dir='ltr'><strong>est</strong></span> <span class='ocrx_word' id='word_1_8' title='bbox 865 442 1082 506; x_wconf 80' lang='lat' dir='ltr'><strong>Urbani</strong></span> <span class='ocrx_word' id='word_1_9' title='bbox 1112 439 1462 523; x_wconf 85' lang='lat' dir='ltr'><strong>rescriptum</strong></span> <span class='ocrx_word' id='word_1_10' title='bbox 1486 442 1614 522; x_wconf 87' lang='lat' dir='ltr'><strong>jam</strong></span> <span class='ocrx_word' id='word_1_11' title='bbox 1644 443 1866 522; x_wconf 86' lang='lat' dir='ltr'><strong>passim</strong></span> <span class='ocrx_word' id='word_1_12' title='bbox 1896 448 1952 517; x_wconf 76' lang='grc' dir='ltr'><strong>Α</strong></span> <span class='ocrx_word' id='word_1_13' title='bbox 1981 443 2289 521; x_wconf 85' lang='lat' dir='ltr'><strong>memorat)</strong></span> <span class='ocrx_word' id='word_1_14' title='bbox 2319 445 2391 505; x_wconf 89' lang='lat' dir='ltr'><strong>de</strong></span> <span class='ocrx_word' id='word_1_15' title='bbox 2420 444 2678 522; x_wconf 76' lang='lat' dir='ltr'><strong>primatu</strong></span> <span class='ocrx_word' id='word_1_16' title='bbox 2707 444 3104 524; x_wconf 83' lang='lat' dir='ltr'><strong>Lugdunensi,</strong></span> <span class='ocrx_word' id='word_1_17' title='bbox 3138 463 3265 522; x_wconf 71' lang='lat' dir='ltr'><strong>quae</strong></span> <span class='ocrx_word' id='word_1_18' title='bbox 3298 446 3495 506; x_wconf 81' lang='lat' dir='ltr'><strong>omnia</strong></span> <span class='ocrx_word' id='word_1_19' title='bbox 3522 447 3640 506; x_wconf 83' lang='lat' dir='ltr'><strong>sibi</strong></span> 
     </span>
    </p>
   </div>
   <div class='ocr_carea' id='block_1_5' title="bbox 221 534 1875 612">
    <p class='ocr_par' dir='ltr' id='par_1_5' title="bbox 221 534 1875 612">
     <span class='ocr_line' id='line_1_5' title="bbox 221 534 1875 612; baseline 0.001 -20"><span class='ocrx_word' id='word_1_20' title='bbox 221 534 553 607; x_wconf 86' lang='lat' dir='ltr'><strong>laudatum,</strong></span> <span class='ocrx_word' id='word_1_21' title='bbox 605 537 762 612; x_wconf 90' lang='lat' dir='ltr'><strong>quod</strong></span> <span class='ocrx_word' id='word_1_22' title='bbox 794 536 886 596; x_wconf 89' lang='lat' dir='ltr'><strong>die</strong></span> <span class='ocrx_word' id='word_1_23' title='bbox 914 537 949 593; x_wconf 90' lang='lat'><strong>3</strong></span> <span class='ocrx_word' id='word_1_24' title='bbox 993 536 1357 607; x_wconf 82' lang='lat' dir='ltr'><strong>Novembris,</strong></span> <span class='ocrx_word' id='word_1_25' title='bbox 1391 542 1449 595; x_wconf 90' lang='lat' dir='ltr'><strong>et</strong></span> <span class='ocrx_word' id='word_1_26' title='bbox 1480 538 1717 611; x_wconf 85' lang='lat' dir='ltr'><strong>quidem</strong></span> <span class='ocrx_word' id='word_1_27' title='bbox 1764 537 1875 594; x_wconf 92' lang='lat' dir='ltr'><strong>hoc</strong></span> 
     </span>
    </p>
   </div>
   <div class='ocr_carea' id='block_1_6' title="bbox 222 626 1877 701">
    <p class='ocr_par' dir='ltr' id='par_1_6' title="bbox 222 626 1877 701">
     <span class='ocr_line' id='line_1_6' title="bbox 222 626 1877 701; baseline 0.001 -20"><span class='ocrx_word' id='word_1_28' title='bbox 222 642 381 682; x_wconf 90' lang='lat' dir='ltr'><strong>anno</strong></span> <span class='ocrx_word' id='word_1_29' title='bbox 410 627 1038 701; x_wconf 88' lang='lat' dir='ltr'><strong>consignandumesse,</strong></span> <span class='ocrx_word' id='word_1_30' title='bbox 1069 644 1135 682; x_wconf 89' lang='lat' dir='ltr'><strong>ex</strong></span> <span class='ocrx_word' id='word_1_31' title='bbox 1149 626 1441 684; x_wconf 84' lang='lat' dir='ltr'><strong>mentione</strong></span> <span class='ocrx_word' id='word_1_32' title='bbox 1454 627 1727 684; x_wconf 87' lang='lat' dir='ltr'><strong>Barensis</strong></span> <span class='ocrx_word' id='word_1_33' title='bbox 1749 644 1877 684; x_wconf 90' lang='lat' dir='ltr'><strong>con-</strong></span> 
     </span>
    </p>
   </div>
   <div class='ocr_carea' id='block_1_7' title="bbox 222 714 1411 790">
    <p class='ocr_par' dir='ltr' id='par_1_7' title="bbox 222 714 1411 790">
     <span class='ocr_line' id='line_1_7' title="bbox 222 714 1411 790; baseline -0.001 -18"><span class='ocrx_word' id='word_1_34' title='bbox 222 715 341 772; x_wconf 84' lang='lat' dir='ltr'><strong>silii</strong></span> <span class='ocrx_word' id='word_1_35' title='bbox 376 733 554 789; x_wconf 78' lang='lat' dir='ltr'><strong>nuper</strong></span> <span class='ocrx_word' id='word_1_36' title='bbox 581 714 877 785; x_wconf 79' lang='lat' dir='ltr'><strong>celebrati,</strong></span> <span class='ocrx_word' id='word_1_37' title='bbox 909 721 1065 772; x_wconf 90' lang='lat' dir='ltr'><strong>certo</strong></span> <span class='ocrx_word' id='word_1_38' title='bbox 1096 715 1411 790; x_wconf 82' lang='lat' dir='ltr'><strong>colligitur.</strong></span> 
     </span>
    </p>
   </div>
   <div class='ocr_carea' id='block_1_8' title="bbox 321 805 1774 878">
    <p class='ocr_par' dir='ltr' id='par_1_8' title="bbox 321 805 1774 878">
     <span class='ocr_line' id='line_1_8' title="bbox 321 805 1774 878; baseline 0.001 -18"><span class='ocrx_word' id='word_1_39' title='bbox 321 805 698 862; x_wconf 85' lang='lat' dir='ltr'><strong>CCCXXVIII.</strong></span> <span class='ocrx_word' id='word_1_40' title='bbox 720 809 901 862; x_wconf 69' lang='lat' dir='ltr'><strong>Rom</strong></span> <span class='ocrx_word' id='word_1_41' title='bbox 928 807 1119 861; x_wconf 78' lang='lat' dir='ltr'><strong>scribit</strong></span> <span class='ocrx_word' id='word_1_42' title='bbox 1136 822 1239 878; x_wconf 84' lang='lat' dir='ltr'><strong>pro</strong></span> <span class='ocrx_word' id='word_1_43' title='bbox 1276 806 1774 863; x_wconf 77' lang='lat' dir='ltr'><strong>l&#39;imlocinensibus.</strong></span> 
     </span>
    </p>
   </div>
   <div class='ocr_carea' id='block_1_9' title="bbox 296 891 1877 961">
    <p class='ocr_par' dir='ltr' id='par_1_9' title="bbox 296 891 1877 961">
     <span class='ocr_line' id='line_1_9' title="bbox 296 891 1877 961; baseline 0 -13"><span class='ocrx_word' id='word_1_44' title='bbox 296 893 586 949; x_wconf 83' lang='lat' dir='ltr'><strong>Reversus</strong></span> <span class='ocrx_word' id='word_1_45' title='bbox 616 894 861 949; x_wconf 81' lang='lat' dir='ltr'><strong>Romam</strong></span> <span class='ocrx_word' id='word_1_46' title='bbox 893 892 1183 961; x_wconf 83' lang='lat' dir='ltr'><strong>Urbanus,</strong></span> <span class='ocrx_word' id='word_1_47' title='bbox 1203 892 1313 948; x_wconf 86' lang='lat' dir='ltr'><strong>sub</strong></span> <span class='ocrx_word' id='word_1_48' title='bbox 1336 894 1510 949; x_wconf 91' lang='lat' dir='ltr'><strong>ﬁnem</strong></span> <span class='ocrx_word' id='word_1_49' title='bbox 1535 891 1877 948; x_wconf 85' lang='lat' dir='ltr'><strong>Novembris</strong></span> 
     </span>
    </p>
   </div>
   <div class='ocr_carea' id='block_1_10' title="bbox 218 979 1877 1055">
    <p class='ocr_par' dir='ltr' id='par_1_10' title="bbox 218 979 1877 1055">
     <span class='ocr_line' id='line_1_10' title="bbox 218 979 1877 1055; baseline -0.001 -19"><span class='ocrx_word' id='word_1_50' title='bbox 218 979 527 1055; x_wconf 80' lang='lat' dir='ltr'><strong>privilegia</strong></span> <span class='ocrx_word' id='word_1_51' title='bbox 557 981 1008 1038; x_wconf 85' lang='lat' dir='ltr'><strong>Vindocinensis</strong></span> <span class='ocrx_word' id='word_1_52' title='bbox 1038 980 1379 1037; x_wconf 79' lang='lat' dir='ltr'><strong>monasterii</strong></span> <span class='ocrx_word' id='word_1_53' title='bbox 1401 980 1768 1036; x_wconf 90' lang='lat' dir='ltr'><strong>conﬁrmavit</strong></span> <span class='ocrx_word' id='word_1_54' title='bbox 1786 996 1877 1035; x_wconf 85' lang='lat' dir='ltr'><strong>va-</strong></span> 
     </span>
    </p>
   </div>
   <div class='ocr_carea' id='block_1_11' title="bbox 217 1069 1877 1143">
    <p class='ocr_par' dir='ltr' id='par_1_11' title="bbox 217 1069 1877 1143">
     <span class='ocr_line' id='line_1_11' title="bbox 217 1069 1877 1143; baseline 0 -17"><span class='ocrx_word' id='word_1_55' title='bbox 217 1069 326 1126; x_wconf 85' lang='lat' dir='ltr'><strong>riis</strong></span> <span class='ocrx_word' id='word_1_56' title='bbox 351 1069 795 1143; x_wconf 80' lang='lat' dir='ltr'><strong>diplomatibus,</strong></span> <span class='ocrx_word' id='word_1_57' title='bbox 828 1087 955 1143; x_wconf 70' lang='lat' dir='ltr'><strong>quaa</strong></span> <span class='ocrx_word' id='word_1_58' title='bbox 995 1070 1193 1126; x_wconf 85' lang='lat' dir='ltr'><strong>omnia</strong></span> <span class='ocrx_word' id='word_1_59' title='bbox 1242 1086 1358 1125; x_wconf 89' lang='lat' dir='ltr'><strong>uno</strong></span> <span class='ocrx_word' id='word_1_60' title='bbox 1406 1069 1728 1142; x_wconf 78' lang='lat' dir='ltr'><strong>eodemque</strong></span> <span class='ocrx_word' id='word_1_61' title='bbox 1784 1069 1877 1126; x_wconf 87' lang='lat' dir='ltr'><strong>die</strong></span> 
     </span>
    </p>
   </div>
   <div class='ocr_carea' id='block_1_12' title="bbox 214 1158 1875 1232">
    <p class='ocr_par' dir='ltr' id='par_1_12' title="bbox 214 1158 1875 1232">
     <span class='ocr_line' id='line_1_12' title="bbox 214 1158 1875 1232; baseline -0.002 -17"><span class='ocrx_word' id='word_1_62' title='bbox 214 1160 358 1215; x_wconf 83' lang='lat' dir='ltr'><strong>data</strong></span> <span class='ocrx_word' id='word_1_63' title='bbox 386 1159 669 1215; x_wconf 90' lang='lat' dir='ltr'><strong>dicuntur</strong></span> <span class='ocrx_word' id='word_1_64' title='bbox 693 1177 707 1227; x_wconf 91' lang='lat'><strong>;</strong></span> <span class='ocrx_word' id='word_1_65' title='bbox 739 1159 892 1215; x_wconf 92' lang='lat' dir='ltr'><strong>unde</strong></span> <span class='ocrx_word' id='word_1_66' title='bbox 910 1158 1256 1232; x_wconf 89' lang='lat' dir='ltr'><strong>conjicimus</strong></span> <span class='ocrx_word' id='word_1_67' title='bbox 1288 1158 1588 1214; x_wconf 88' lang='lat' dir='ltr'><strong>Gofridum</strong></span> <span class='ocrx_word' id='word_1_68' title='bbox 1609 1158 1875 1229; x_wconf 80' lang='lat' dir='ltr'><strong>ejusdem</strong></span> 
     </span>
    </p>
   </div>
   <div class='ocr_carea' id='block_1_13' title="bbox 212 1246 1877 1321">
    <p class='ocr_par' dir='ltr' id='par_1_13' title="bbox 212 1246 1877 1321">
     <span class='ocr_line' id='line_1_13' title="bbox 212 1246 1877 1321; baseline -0.001 -17"><span class='ocrx_word' id='word_1_69' title='bbox 212 1247 328 1304; x_wconf 87' lang='lat' dir='ltr'><strong>loci</strong></span> <span class='ocrx_word' id='word_1_70' title='bbox 358 1248 653 1316; x_wconf 79' lang='lat' dir='ltr'><strong>abbatem,</strong></span> <span class='ocrx_word' id='word_1_71' title='bbox 689 1247 1020 1321; x_wconf 89' lang='lat' dir='ltr'><strong>quimagna</strong></span> <span class='ocrx_word' id='word_1_72' title='bbox 1032 1247 1187 1320; x_wconf 85' lang='lat' dir='ltr'><strong>apud</strong></span> <span class='ocrx_word' id='word_1_73' title='bbox 1209 1248 1508 1303; x_wconf 83' lang='lat' dir='ltr'><strong>Urbanum</strong></span> <span class='ocrx_word' id='word_1_74' title='bbox 1532 1246 1877 1303; x_wconf 82' lang='lat' dir='ltr'><strong>auctoritate</strong></span> 
     </span>
    </p>
   </div>
   <div class='ocr_carea' id='block_1_14' title="bbox 213 1335 1873 1409">
    <p class='ocr_par' dir='ltr' id='par_1_14' title="bbox 213 1335 1873 1409">
     <span class='ocr_line' id='line_1_14' title="bbox 213 1335 1873 1409; baseline -0.001 -19"><span class='ocrx_word' id='word_1_75' title='bbox 213 1335 500 1409; x_wconf 85' lang='lat' dir='ltr'><strong>pollebat,</strong></span> <span class='ocrx_word' id='word_1_76' title='bbox 535 1342 669 1391; x_wconf 81' lang='lat' dir='ltr'><strong>tunc</strong></span> <span class='ocrx_word' id='word_1_77' title='bbox 700 1336 984 1409; x_wconf 85' lang='lat' dir='ltr'><strong>temporis</strong></span> <span class='ocrx_word' id='word_1_78' title='bbox 1006 1336 1201 1392; x_wconf 60' lang='lat' dir='ltr'><strong>Romae</strong></span> <span class='ocrx_word' id='word_1_79' title='bbox 1251 1341 1550 1391; x_wconf 88' lang='lat' dir='ltr'><strong>versatum</strong></span> <span class='ocrx_word' id='word_1_80' title='bbox 1602 1335 1785 1391; x_wconf 88' lang='lat' dir='ltr'><strong>fuisse</strong></span> <span class='ocrx_word' id='word_1_81' title='bbox 1815 1335 1873 1389; x_wconf 94' lang='lat' dir='ltr'><strong>in</strong></span> 
     </span>
    </p>
   </div>
   <div class='ocr_carea' id='block_1_15' title="bbox 214 1424 1874 1490">
    <p class='ocr_par' dir='ltr' id='par_1_15' title="bbox 214 1424 1874 1490">
     <span class='ocr_line' id='line_1_15' title="bbox 214 1424 1874 1490; baseline -0.001 -9"><span class='ocrx_word' id='word_1_82' title='bbox 214 1442 326 1481; x_wconf 85' lang='lat' dir='ltr'><strong>suo</strong></span> <span class='ocrx_word' id='word_1_83' title='bbox 359 1426 586 1481; x_wconf 69' lang='lat' dir='ltr'><strong>Sancta:</strong></span> <span class='ocrx_word' id='word_1_84' title='bbox 619 1424 825 1480; x_wconf 64' lang='lat' dir='ltr'><strong>Priscae</strong></span> <span class='ocrx_word' id='word_1_85' title='bbox 857 1424 1050 1490; x_wconf 80' lang='lat' dir='ltr'><strong>titulo,</strong></span> <span class='ocrx_word' id='word_1_86' title='bbox 1083 1425 1184 1480; x_wconf 91' lang='lat' dir='ltr'><strong>ubi</strong></span> <span class='ocrx_word' id='word_1_87' title='bbox 1232 1424 1693 1480; x_wconf 88' lang='lat' dir='ltr'><strong>Vindocinenses</strong></span> <span class='ocrx_word' id='word_1_88' title='bbox 1751 1442 1874 1479; x_wconf 92' lang='lat' dir='ltr'><strong>mo-</strong></span> 
     </span>
    </p>
   </div>
   <div class='ocr_carea' id='block_1_16' title="bbox 213 1511 1879 1587">
    <p class='ocr_par' dir='ltr' id='par_1_16' title="bbox 213 1511 1879 1587">
     <span class='ocr_line' id='line_1_16' title="bbox 213 1511 1879 1587; baseline -0.002 -17"><span class='ocrx_word' id='word_1_89' title='bbox 213 1514 392 1570; x_wconf 87' lang='lat' dir='ltr'><strong>nachi</strong></span> <span class='ocrx_word' id='word_1_90' title='bbox 427 1514 728 1580; x_wconf 87' lang='lat' dir='ltr'><strong>habitant;</strong></span> <span class='ocrx_word' id='word_1_91' title='bbox 764 1513 865 1586; x_wconf 89' lang='lat' dir='ltr'><strong>qui</strong></span> <span class='ocrx_word' id='word_1_92' title='bbox 913 1514 1035 1569; x_wconf 64' lang='lat' dir='ltr'><strong>haec</strong></span> <span class='ocrx_word' id='word_1_93' title='bbox 1065 1513 1265 1569; x_wconf 87' lang='lat' dir='ltr'><strong>omnia</strong></span> <span class='ocrx_word' id='word_1_94' title='bbox 1299 1512 1601 1587; x_wconf 88' lang='lat' dir='ltr'><strong>privilegia</strong></span> <span class='ocrx_word' id='word_1_95' title='bbox 1646 1511 1812 1569; x_wconf 84' lang='lat' dir='ltr'><strong>facile</strong></span> <span class='ocrx_word' id='word_1_96' title='bbox 1845 1532 1879 1567; x_wconf 90' lang='lat' dir='ltr'><strong>a</strong></span> 
     </span>
    </p>
   </div>
   <div class='ocr_carea' id='block_1_17' title="bbox 211 1601 1878 1676">
    <p class='ocr_par' dir='ltr' id='par_1_17' title="bbox 211 1601 1878 1676">
     <span class='ocr_line' id='line_1_17' title="bbox 211 1601 1878 1676; baseline 0 -19"><span class='ocrx_word' id='word_1_97' title='bbox 211 1601 495 1676; x_wconf 87' lang='lat' dir='ltr'><strong>pontiﬁce</strong></span> <span class='ocrx_word' id='word_1_98' title='bbox 526 1602 841 1674; x_wconf 81' lang='lat' dir='ltr'><strong>impetrare</strong></span> <span class='ocrx_word' id='word_1_99' title='bbox 873 1603 1164 1675; x_wconf 81' lang='lat' dir='ltr'><strong>potuerit;</strong></span> <span class='ocrx_word' id='word_1_100' title='bbox 1197 1618 1308 1657; x_wconf 90' lang='lat' dir='ltr'><strong>non</strong></span> <span class='ocrx_word' id='word_1_101' title='bbox 1337 1619 1450 1657; x_wconf 91' lang='lat' dir='ltr'><strong>uno</strong></span> <span class='ocrx_word' id='word_1_102' title='bbox 1468 1603 1705 1674; x_wconf 88' lang='lat' dir='ltr'><strong>quidem</strong></span> <span class='ocrx_word' id='word_1_103' title='bbox 1728 1620 1878 1657; x_wconf 85' lang='lat' dir='ltr'><strong>com-</strong></span> 
     </span>
    </p>
   </div>
   <div class='ocr_carea' id='block_1_18' title="bbox 210 1690 1878 1765">
    <p class='ocr_par' dir='ltr' id='par_1_18' title="bbox 210 1690 1878 1765">
     <span class='ocr_line' id='line_1_18' title="bbox 210 1690 1878 1765; baseline -0.001 -17"><span class='ocrx_word' id='word_1_104' title='bbox 210 1690 507 1765; x_wconf 86' lang='lat' dir='ltr'><strong>prehensa</strong></span> <span class='ocrx_word' id='word_1_105' title='bbox 528 1690 864 1764; x_wconf 84' lang='lat' dir='ltr'><strong>diplomate,</strong></span> <span class='ocrx_word' id='word_1_106' title='bbox 899 1691 1055 1763; x_wconf 90' lang='lat' dir='ltr'><strong>quod</strong></span> <span class='ocrx_word' id='word_1_107' title='bbox 1087 1692 1159 1746; x_wconf 88' lang='lat' dir='ltr'><strong>ad</strong></span> <span class='ocrx_word' id='word_1_108' title='bbox 1191 1690 1350 1746; x_wconf 91' lang='lat' dir='ltr'><strong>varia</strong></span> <span class='ocrx_word' id='word_1_109' title='bbox 1381 1690 1878 1763; x_wconf 88' lang='lat' dir='ltr'><strong>negotiapertine-</strong></span> 
     </span>
    </p>
   </div>
   <div class='ocr_carea' id='block_1_19' title="bbox 213 1778 1874 1851">
    <p class='ocr_par' dir='ltr' id='par_1_19' title="bbox 213 1778 1874 1851">
     <span class='ocr_line' id='line_1_19' title="bbox 213 1778 1874 1851; baseline -0.001 -15"><span class='ocrx_word' id='word_1_110' title='bbox 213 1783 367 1845; x_wconf 87' lang='lat' dir='ltr'><strong>rent,</strong></span> <span class='ocrx_word' id='word_1_111' title='bbox 403 1783 459 1834; x_wconf 87' lang='lat' dir='ltr'><strong>et</strong></span> <span class='ocrx_word' id='word_1_112' title='bbox 476 1778 593 1851; x_wconf 90' lang='lat' dir='ltr'><strong>poti</strong></span> <span class='ocrx_word' id='word_1_113' title='bbox 604 1795 673 1834; x_wconf 90' lang='lat' dir='ltr'><strong>us</strong></span> <span class='ocrx_word' id='word_1_114' title='bbox 685 1783 943 1834; x_wconf 86' lang='lat' dir='ltr'><strong>veterum</strong></span> <span class='ocrx_word' id='word_1_115' title='bbox 956 1778 1430 1835; x_wconf 88' lang='lat' dir='ltr'><strong>conﬁrmationes</strong></span> <span class='ocrx_word' id='word_1_116' title='bbox 1442 1780 1600 1851; x_wconf 72' lang='lat' dir='ltr'><strong>quzej</strong></span> <span class='ocrx_word' id='word_1_117' title='bbox 1610 1796 1701 1833; x_wconf 90' lang='lat' dir='ltr'><strong>am</strong></span> <span class='ocrx_word' id='word_1_118' title='bbox 1714 1779 1771 1834; x_wconf 91' lang='lat' dir='ltr'><strong>in</strong></span> <span class='ocrx_word' id='word_1_119' title='bbox 1787 1779 1874 1834; x_wconf 89' lang='lat' dir='ltr'><strong>di-</strong></span> 
     </span>
    </p>
   </div>
   <div class='ocr_carea' id='block_1_20' title="bbox 210 1866 1874 1941">
    <p class='ocr_par' dir='ltr' id='par_1_20' title="bbox 210 1866 1874 1941">
     <span class='ocr_line' id='line_1_20' title="bbox 210 1866 1874 1941; baseline 0 -18"><span class='ocrx_word' id='word_1_120' title='bbox 210 1868 401 1925; x_wconf 77' lang='lat' dir='ltr'><strong>versis</strong></span> <span class='ocrx_word' id='word_1_121' title='bbox 432 1866 726 1940; x_wconf 81' lang='lat' dir='ltr'><strong>rescriptis</strong></span> <span class='ocrx_word' id='word_1_122' title='bbox 739 1866 1125 1936; x_wconf 88' lang='lat' dir='ltr'><strong>habebantur,</strong></span> <span class='ocrx_word' id='word_1_123' title='bbox 1146 1885 1324 1940; x_wconf 86' lang='lat' dir='ltr'><strong>quam</strong></span> <span class='ocrx_word' id='word_1_124' title='bbox 1345 1885 1627 1923; x_wconf 89' lang='lat' dir='ltr'><strong>novorum</strong></span> <span class='ocrx_word' id='word_1_125' title='bbox 1650 1867 1874 1941; x_wconf 91' lang='lat' dir='ltr'><strong>privile-</strong></span> 
     </span>
    </p>
   </div>
   <div class='ocr_carea' id='block_1_21' title="bbox 209 1956 1867 2031">
    <p class='ocr_par' dir='ltr' id='par_1_21' title="bbox 209 1956 1867 2031">
     <span class='ocr_line' id='line_1_21' title="bbox 209 1956 1867 2031; baseline 0 -18"><span class='ocrx_word' id='word_1_126' title='bbox 209 1956 446 2031; x_wconf 84' lang='lat' dir='ltr'><strong>giorum</strong></span> <span class='ocrx_word' id='word_1_127' title='bbox 459 1957 868 2013; x_wconf 88' lang='lat' dir='ltr'><strong>concessiones</strong></span> <span class='ocrx_word' id='word_1_128' title='bbox 889 1956 1274 2013; x_wconf 89' lang='lat' dir='ltr'><strong>essent.Unde</strong></span> <span class='ocrx_word' id='word_1_129' title='bbox 1288 1956 1589 2029; x_wconf 81' lang='lat' dir='ltr'><strong>complura</strong></span> <span class='ocrx_word' id='word_1_130' title='bbox 1605 1958 1867 2029; x_wconf 89' lang='lat' dir='ltr'><strong>ejusdem</strong></span> 
     </span>
    </p>
   </div>
   <div class='ocr_carea' id='block_1_22' title="bbox 211 2045 1868 2118">
    <p class='ocr_par' dir='ltr' id='par_1_22' title="bbox 211 2045 1868 2118">
     <span class='ocr_line' id='line_1_22' title="bbox 211 2045 1868 2118; baseline 0 -16"><span class='ocrx_word' id='word_1_131' title='bbox 211 2046 963 2118; x_wconf 82' lang='lat' dir='ltr'><strong>fermetenoris,etquidem</strong></span> <span class='ocrx_word' id='word_1_132' title='bbox 977 2047 1377 2102; x_wconf 88' lang='lat' dir='ltr'><strong>unaeteadem</strong></span> <span class='ocrx_word' id='word_1_133' title='bbox 1392 2045 1868 2114; x_wconf 83' lang='lat' dir='ltr'><strong>die,utdiximus,</strong></span> 
     </span>
    </p>
   </div>
   <div class='ocr_carea' id='block_1_23' title="bbox 213 2134 1870 2206">
    <p class='ocr_par' dir='ltr' id='par_1_23' title="bbox 213 2134 1870 2206">
     <span class='ocr_line' id='line_1_23' title="bbox 213 2134 1870 2206; baseline -0.001 -15"><span class='ocrx_word' id='word_1_134' title='bbox 213 2135 353 2191; x_wconf 86' lang='lat' dir='ltr'><strong>data</strong></span> <span class='ocrx_word' id='word_1_135' title='bbox 401 2139 738 2191; x_wconf 88' lang='lat' dir='ltr'><strong>occurrunt.</strong></span> <span class='ocrx_word' id='word_1_136' title='bbox 798 2135 1058 2199; x_wconf 84' lang='lat' dir='ltr'><strong>Quatuor</strong></span> <span class='ocrx_word' id='word_1_137' title='bbox 1114 2135 1404 2206; x_wconf 87' lang='lat' dir='ltr'><strong>ejusmodi</strong></span> <span class='ocrx_word' id='word_1_138' title='bbox 1455 2152 1524 2190; x_wconf 87' lang='lat' dir='ltr'><strong>ex</strong></span> <span class='ocrx_word' id='word_1_139' title='bbox 1566 2134 1870 2191; x_wconf 88' lang='lat' dir='ltr'><strong>Vindocini</strong></span> 
     </span>
    </p>
   </div>
   <div class='ocr_carea' id='block_1_24' title="bbox 214 2223 1872 2297">
    <p class='ocr_par' dir='ltr' id='par_1_24' title="bbox 214 2223 1872 2297">
     <span class='ocr_line' id='line_1_24' title="bbox 214 2223 1872 2297; baseline -0.001 -16"><span class='ocrx_word' id='word_1_140' title='bbox 214 2223 472 2281; x_wconf 81' lang='lat' dir='ltr'><strong>archivis</strong></span> <span class='ocrx_word' id='word_1_141' title='bbox 501 2224 798 2291; x_wconf 87' lang='lat' dir='ltr'><strong>eruimus;</strong></span> <span class='ocrx_word' id='word_1_142' title='bbox 833 2223 1107 2296; x_wconf 87' lang='lat' dir='ltr'><strong>quintum</strong></span> <span class='ocrx_word' id='word_1_143' title='bbox 1142 2225 1266 2296; x_wconf 91' lang='lat' dir='ltr'><strong>ipse</strong></span> <span class='ocrx_word' id='word_1_144' title='bbox 1296 2224 1590 2281; x_wconf 77' lang='lat' dir='ltr'><strong>Goil‘ridus</strong></span> <span class='ocrx_word' id='word_1_145' title='bbox 1604 2224 1872 2297; x_wconf 88' lang='lat' dir='ltr'><strong>suppedi-</strong></span> 
     </span>
    </p>
   </div>
   <div class='ocr_carea' id='block_1_25' title="bbox 213 2310 1868 2386">
    <p class='ocr_par' dir='ltr' id='par_1_25' title="bbox 213 2310 1868 2386">
     <span class='ocr_line' id='line_1_25' title="bbox 213 2310 1868 2386; baseline -0.001 -17"><span class='ocrx_word' id='word_1_146' title='bbox 213 2316 301 2369; x_wconf 82' lang='lat' dir='ltr'><strong>tat</strong></span> <span class='ocrx_word' id='word_1_147' title='bbox 325 2312 391 2368; x_wconf 90' lang='lat' dir='ltr'><strong>in</strong></span> <span class='ocrx_word' id='word_1_148' title='bbox 424 2312 672 2386; x_wconf 88' lang='lat' dir='ltr'><strong>epistola</strong></span> <span class='ocrx_word' id='word_1_149' title='bbox 699 2315 770 2366; x_wconf 89' lang='lat'><strong>27</strong></span> <span class='ocrx_word' id='word_1_150' title='bbox 811 2310 945 2368; x_wconf 90' lang='lat' dir='ltr'><strong>libri</strong></span> <span class='ocrx_word' id='word_1_151' title='bbox 990 2329 1068 2368; x_wconf 86' lang='lat' dir='ltr'><strong>u:</strong></span> <span class='ocrx_word' id='word_1_152' title='bbox 1103 2329 1230 2385; x_wconf 74' lang='lat' dir='ltr'><strong>quae</strong></span> <span class='ocrx_word' id='word_1_153' title='bbox 1288 2312 1487 2369; x_wconf 89' lang='lat' dir='ltr'><strong>omnia</strong></span> <span class='ocrx_word' id='word_1_154' title='bbox 1515 2313 1574 2369; x_wconf 90' lang='lat' dir='ltr'><strong>in</strong></span> <span class='ocrx_word' id='word_1_155' title='bbox 1634 2314 1868 2386; x_wconf 91' lang='lat' dir='ltr'><strong>pontiﬁ-</strong></span> 
     </span>
    </p>
   </div>
   <div class='ocr_carea' id='block_1_26' title="bbox 210 2400 1599 2473">
    <p class='ocr_par' dir='ltr' id='par_1_26' title="bbox 210 2400 1599 2473">
     <span class='ocr_line' id='line_1_26' title="bbox 210 2400 1599 2473; baseline -0.001 -16"><span class='ocrx_word' id='word_1_156' title='bbox 210 2401 443 2458; x_wconf 88' lang='lat' dir='ltr'><strong>ciarum</strong></span> <span class='ocrx_word' id='word_1_157' title='bbox 472 2400 856 2473; x_wconf 88' lang='lat' dir='ltr'><strong>epistolarum</strong></span> <span class='ocrx_word' id='word_1_158' title='bbox 886 2400 1225 2457; x_wconf 85' lang='lat' dir='ltr'><strong>collectione</strong></span> <span class='ocrx_word' id='word_1_159' title='bbox 1256 2402 1599 2457; x_wconf 76' lang='lat' dir='ltr'><strong>referentur.</strong></span> 
     </span>
    </p>
   </div>
   <div class='ocr_carea' id='block_1_27' title="bbox 206 2506 1868 2635">
    <p class='ocr_par' dir='ltr' id='par_1_27' title="bbox 206 2506 1868 2635">
     <span class='ocr_line' id='line_1_27' title="bbox 206 2506 1868 2634; baseline -0.001 -69"><span class='ocrx_word' id='word_1_160' title='bbox 206 2506 548 2565; x_wconf 77' lang='lat' dir='ltr'><strong>CCCXXIX.</strong></span> <span class='ocrx_word' id='word_1_161' title='bbox 610 2508 792 2563; x_wconf 67' lang='lat' dir='ltr'><strong>Romae</strong></span> <span class='ocrx_word' id='word_1_162' title='bbox 866 2506 1141 2634; x_wconf 50' lang='lat' dir='ltr'><strong>Gpg‘ridus</strong></span> <span class='ocrx_word' id='word_1_163' title='bbox 1200 2510 1442 2592; x_wconf 73' lang='lat' dir='ltr'><strong>loquitur</strong></span> <span class='ocrx_word' id='word_1_164' title='bbox 1507 2510 1572 2564; x_wconf 86' lang='lat' dir='ltr'><strong>de</strong></span> <span class='ocrx_word' id='word_1_165' title='bbox 1625 2510 1868 2582; x_wconf 81' lang='lat' dir='ltr'><strong>episcopo</strong></span> 
     </span>
     <span class='ocr_line' id='line_1_28' title="bbox 848 2584 1243 2635; baseline -0.005 0"><span class='ocrx_word' id='word_1_166' title='bbox 848 2584 886 2635; x_wconf 84' lang='lat' dir='ltr'><strong><em>A</em></strong></span> <span class='ocrx_word' id='word_1_167' title='bbox 970 2595 1243 2635; x_wconf 77' lang='lat' dir='ltr'><strong>eaavensz.</strong></span> 
     </span>
    </p>
   </div>
   <div class='ocr_carea' id='block_1_28' title="bbox 277 2595 1868 2733">
    <p class='ocr_par' dir='ltr' id='par_1_28' title="bbox 277 2595 1868 2733">
     <span class='ocr_line' id='line_1_29' title="bbox 848 2595 1243 2648; baseline -0.005 -13"><span class='ocrx_word' id='word_1_168' title='bbox 848 2595 1243 2648; x_wconf 71' lang='lat' dir='ltr'><strong>anaegavensz.</strong></span> 
     </span>
     <span class='ocr_line' id='line_1_30' title="bbox 277 2665 1868 2733; baseline 0.001 -10"><span class='ocrx_word' id='word_1_169' title='bbox 277 2668 365 2723; x_wconf 85' lang='lat' dir='ltr'><strong>Ad</strong></span> <span class='ocrx_word' id='word_1_170' title='bbox 396 2667 507 2723; x_wconf 88' lang='lat' dir='ltr'><strong>hoc</strong></span> <span class='ocrx_word' id='word_1_171' title='bbox 537 2665 736 2733; x_wconf 88' lang='lat' dir='ltr'><strong>etiam,</strong></span> <span class='ocrx_word' id='word_1_172' title='bbox 770 2666 828 2722; x_wconf 90' lang='lat' dir='ltr'><strong>ni</strong></span> <span class='ocrx_word' id='word_1_173' title='bbox 873 2665 1062 2733; x_wconf 83' lang='lat' dir='ltr'><strong>fallor,</strong></span> <span class='ocrx_word' id='word_1_174' title='bbox 1095 2667 1429 2722; x_wconf 85' lang='lat' dir='ltr'><strong>Romanum</strong></span> <span class='ocrx_word' id='word_1_175' title='bbox 1487 2667 1725 2723; x_wconf 84' lang='lat' dir='ltr'><strong>Goﬁ&#39;ridi</strong></span> <span class='ocrx_word' id='word_1_176' title='bbox 1762 2669 1868 2725; x_wconf 92' lang='lat' dir='ltr'><strong>iter</strong></span> 
     </span>
    </p>
   </div>
   <div class='ocr_carea' id='block_1_29' title="bbox 206 2754 1867 2828">
    <p class='ocr_par' dir='ltr' id='par_1_29' title="bbox 206 2754 1867 2828">
     <span class='ocr_line' id='line_1_31' title="bbox 206 2754 1867 2828; baseline 0 -15"><span class='ocrx_word' id='word_1_177' title='bbox 206 2756 606 2813; x_wconf 80' lang='lat' dir='ltr'><strong>revocandum</strong></span> <span class='ocrx_word' id='word_1_178' title='bbox 636 2759 747 2822; x_wconf 88' lang='lat' dir='ltr'><strong>est,</strong></span> <span class='ocrx_word' id='word_1_179' title='bbox 797 2755 953 2828; x_wconf 91' lang='lat' dir='ltr'><strong>quod</strong></span> <span class='ocrx_word' id='word_1_180' title='bbox 986 2754 1083 2811; x_wconf 91' lang='lat' dir='ltr'><strong>ille</strong></span> <span class='ocrx_word' id='word_1_181' title='bbox 1132 2756 1203 2811; x_wconf 88' lang='lat' dir='ltr'><strong>de</strong></span> <span class='ocrx_word' id='word_1_182' title='bbox 1233 2756 1425 2828; x_wconf 91' lang='lat' dir='ltr'><strong>seipso</strong></span> <span class='ocrx_word' id='word_1_183' title='bbox 1483 2757 1657 2812; x_wconf 83' lang='lat' dir='ltr'><strong>refert</strong></span> <span class='ocrx_word' id='word_1_184' title='bbox 1711 2756 1813 2813; x_wconf 90' lang='lat' dir='ltr'><strong>lib.</strong></span> <span class='ocrx_word' id='word_1_185' title='bbox 1848 2774 1867 2813; x_wconf 91' lang='lat' dir='ltr'><strong>I</strong></span> 
     </span>
    </p>
   </div>
   <div class='ocr_carea' id='block_1_30' title="bbox 203 2844 1868 2919">
    <p class='ocr_par' dir='ltr' id='par_1_30' title="bbox 203 2844 1868 2919">
     <span class='ocr_line' id='line_1_32' title="bbox 203 2844 1868 2919; baseline -0.001 -17"><span class='ocrx_word' id='word_1_186' title='bbox 203 2846 378 2919; x_wconf 80' lang='lat' dir='ltr'><strong>epist.</strong></span> <span class='ocrx_word' id='word_1_187' title='bbox 409 2847 484 2899; x_wconf 87' lang='lat'><strong>28</strong></span> <span class='ocrx_word' id='word_1_188' title='bbox 510 2844 585 2899; x_wconf 89' lang='lat' dir='ltr'><strong>ad</strong></span> <span class='ocrx_word' id='word_1_189' title='bbox 616 2844 921 2918; x_wconf 84' lang='lat' dir='ltr'><strong>Hugonem</strong></span> <span class='ocrx_word' id='word_1_190' title='bbox 972 2845 1445 2918; x_wconf 81' lang='lat' dir='ltr'><strong>Lugdunensem,</strong></span> <span class='ocrx_word' id='word_1_191' title='bbox 1502 2845 1601 2901; x_wconf 92' lang='lat' dir='ltr'><strong>ubi</strong></span> <span class='ocrx_word' id='word_1_192' title='bbox 1654 2847 1868 2901; x_wconf 85' lang='lat' dir='ltr'><strong>fatetur</strong></span> 
     </span>
    </p>
   </div>
   <div class='ocr_carea' id='block_1_31' title="bbox 205 2933 1863 3007">
    <p class='ocr_par' dir='ltr' id='par_1_31' title="bbox 205 2933 1863 3007">
     <span class='ocr_line' id='line_1_33' title="bbox 205 2933 1863 3007; baseline -0.001 -17"><span class='ocrx_word' id='word_1_193' title='bbox 205 2951 267 2991; x_wconf 85' lang='lat' dir='ltr'><strong>se</strong></span> <span class='ocrx_word' id='word_1_194' title='bbox 292 2952 330 2989; x_wconf 86' lang='lat' dir='ltr'><strong>a</strong></span> <span class='ocrx_word' id='word_1_195' title='bbox 356 2950 514 3007; x_wconf 87' lang='lat' dir='ltr'><strong>papa</strong></span> <span class='ocrx_word' id='word_1_196' title='bbox 541 2935 613 2989; x_wconf 90' lang='lat' dir='ltr'><strong>de</strong></span> <span class='ocrx_word' id='word_1_197' title='bbox 643 2933 932 2989; x_wconf 87' lang='lat' dir='ltr'><strong>Gaufredo</strong></span> <span class='ocrx_word' id='word_1_198' title='bbox 960 2934 1403 3007; x_wconf 88' lang='lat' dir='ltr'><strong>Andegavorum</strong></span> <span class='ocrx_word' id='word_1_199' title='bbox 1450 2934 1742 3007; x_wconf 89' lang='lat' dir='ltr'><strong>episcopo,</strong></span> <span class='ocrx_word' id='word_1_200' title='bbox 1775 2934 1863 2989; x_wconf 90' lang='lat' dir='ltr'><strong>in-</strong></span> 
     </span>
    </p>
   </div>
   <div class='ocr_carea' id='block_1_32' title="bbox 204 3020 1862 3096">
    <p class='ocr_par' dir='ltr' id='par_1_32' title="bbox 204 3020 1862 3096">
     <span class='ocr_line' id='line_1_34' title="bbox 204 3020 1862 3096; baseline 0.001 -17"><span class='ocrx_word' id='word_1_201' title='bbox 204 3027 590 3096; x_wconf 76' lang='lat' dir='ltr'><strong>terrogatum,</strong></span> <span class='ocrx_word' id='word_1_202' title='bbox 624 3021 892 3095; x_wconf 62' lang='lat' dir='ltr'><strong>quaedam</strong></span> <span class='ocrx_word' id='word_1_203' title='bbox 923 3023 994 3077; x_wconf 90' lang='lat' dir='ltr'><strong>de</strong></span> <span class='ocrx_word' id='word_1_204' title='bbox 1026 3020 1122 3077; x_wconf 92' lang='lat' dir='ltr'><strong>illo</strong></span> <span class='ocrx_word' id='word_1_205' title='bbox 1174 3022 1434 3077; x_wconf 78' lang='lat' dir='ltr'><strong>antistite</strong></span> <span class='ocrx_word' id='word_1_206' title='bbox 1480 3023 1590 3094; x_wconf 87' lang='lat' dir='ltr'><strong>ipsi</strong></span> <span class='ocrx_word' id='word_1_207' title='bbox 1624 3023 1862 3090; x_wconf 81' lang='lat' dir='ltr'><strong>dixisse,</strong></span> 
     </span>
    </p>
   </div>
   <div class='ocr_carea' id='block_1_33' title="bbox 1986 535 3639 597">
    <p class='ocr_par' dir='ltr' id='par_1_33' title="bbox 1986 535 3639 597">
     <span class='ocr_line' id='line_1_35' title="bbox 1986 535 3639 597; baseline 0.002 -3"><span class='ocrx_word' id='word_1_208' title='bbox 1986 537 2225 594; x_wconf 87' lang='lat' dir='ltr'><strong>omnino</strong></span> <span class='ocrx_word' id='word_1_209' title='bbox 2255 537 2503 595; x_wconf 88' lang='lat' dir='ltr'><strong>invicem</strong></span> <span class='ocrx_word' id='word_1_210' title='bbox 2519 536 2823 596; x_wconf 68' lang='lat' dir='ltr'><strong>cohaerent.</strong></span> <span class='ocrx_word' id='word_1_211' title='bbox 2848 539 2878 596; x_wconf 86' lang='lat' dir='ltr'><strong>J</strong></span> <span class='ocrx_word' id='word_1_212' title='bbox 2886 556 2979 596; x_wconf 91' lang='lat' dir='ltr'><strong>am</strong></span> <span class='ocrx_word' id='word_1_213' title='bbox 3011 555 3144 596; x_wconf 87' lang='lat' dir='ltr'><strong>vero</strong></span> <span class='ocrx_word' id='word_1_214' title='bbox 3158 554 3291 595; x_wconf 90' lang='lat' dir='ltr'><strong>cum</strong></span> <span class='ocrx_word' id='word_1_215' title='bbox 3306 535 3428 595; x_wconf 68' lang='lat' dir='ltr'><strong>haec</strong></span> <span class='ocrx_word' id='word_1_216' title='bbox 3448 536 3639 597; x_wconf 89' lang='lat' dir='ltr'><strong>Ivonis</strong></span> 
     </span>
    </p>
   </div>
   <div class='ocr_carea' id='block_1_34' title="bbox 1986 627 3639 701">
    <p class='ocr_par' dir='ltr' id='par_1_34' title="bbox 1986 627 3639 701">
     <span class='ocr_line' id='line_1_36' title="bbox 1986 627 3639 701; baseline 0.001 -17"><span class='ocrx_word' id='word_1_217' title='bbox 1986 627 2235 701; x_wconf 88' lang='lat' dir='ltr'><strong>epistola</strong></span> <span class='ocrx_word' id='word_1_218' title='bbox 2264 631 2462 684; x_wconf 87' lang='lat' dir='ltr'><strong>octavo</strong></span> <span class='ocrx_word' id='word_1_219' title='bbox 2495 629 2623 699; x_wconf 88' lang='lat' dir='ltr'><strong>ejus</strong></span> <span class='ocrx_word' id='word_1_220' title='bbox 2656 630 3025 701; x_wconf 82' lang='lat' dir='ltr'><strong>episcopatus</strong></span> <span class='ocrx_word' id='word_1_221' title='bbox 3052 646 3203 686; x_wconf 88' lang='lat' dir='ltr'><strong>anno</strong></span> <span class='ocrx_word' id='word_1_222' title='bbox 3223 628 3552 698; x_wconf 89' lang='lat' dir='ltr'><strong>inchoante,</strong></span> <span class='ocrx_word' id='word_1_223' title='bbox 3572 633 3639 685; x_wconf 91' lang='lat' dir='ltr'><strong>ut</strong></span> 
     </span>
    </p>
   </div>
   <div class='ocr_carea' id='block_1_35' title="bbox 1982 716 3635 790">
    <p class='ocr_par' dir='ltr' id='par_1_35' title="bbox 1982 716 3635 790">
     <span class='ocr_line' id='line_1_37' title="bbox 1982 716 3635 790; baseline 0.001 -18"><span class='ocrx_word' id='word_1_224' title='bbox 1982 716 2233 790; x_wconf 87' lang='lat' dir='ltr'><strong>ipsemet</strong></span> <span class='ocrx_word' id='word_1_225' title='bbox 2262 720 2531 785; x_wconf 87' lang='lat' dir='ltr'><strong>testatur,</strong></span> <span class='ocrx_word' id='word_1_226' title='bbox 2565 717 2738 789; x_wconf 89' lang='lat' dir='ltr'><strong>paulo</strong></span> <span class='ocrx_word' id='word_1_227' title='bbox 2771 722 2902 790; x_wconf 88' lang='lat' dir='ltr'><strong>post</strong></span> <span class='ocrx_word' id='word_1_228' title='bbox 2933 719 3147 773; x_wconf 87' lang='lat' dir='ltr'><strong>festum</strong></span> <span class='ocrx_word' id='word_1_229' title='bbox 3164 717 3386 774; x_wconf 81' lang='lat' dir='ltr'><strong>Natalis</strong></span> <span class='ocrx_word' id='word_1_230' title='bbox 3420 718 3635 775; x_wconf 85' lang='lat' dir='ltr'><strong>Christi</strong></span> 
     </span>
    </p>
   </div>
   <div class='ocr_carea' id='block_1_36' title="bbox 1986 806 3633 877">
    <p class='ocr_par' dir='ltr' id='par_1_36' title="bbox 1986 806 3633 877">
     <span class='ocr_line' id='line_1_38' title="bbox 1986 806 3633 877; baseline 0.001 -16"><span class='ocrx_word' id='word_1_231' title='bbox 1986 806 2202 877; x_wconf 86' lang='lat' dir='ltr'><strong>scripta</strong></span> <span class='ocrx_word' id='word_1_232' title='bbox 2228 806 2424 873; x_wconf 83' lang='lat' dir='ltr'><strong>fuerit,</strong></span> <span class='ocrx_word' id='word_1_233' title='bbox 2458 806 2784 862; x_wconf 87' lang='lat' dir='ltr'><strong>necessario</strong></span> <span class='ocrx_word' id='word_1_234' title='bbox 2803 807 2874 862; x_wconf 91' lang='lat' dir='ltr'><strong>ad</strong></span> <span class='ocrx_word' id='word_1_235' title='bbox 2889 807 3025 862; x_wconf 90' lang='lat' dir='ltr'><strong>anni</strong></span> <span class='ocrx_word' id='word_1_236' title='bbox 3051 807 3187 863; x_wconf 84' lang='lat' dir='ltr'><strong>l099</strong></span> <span class='ocrx_word' id='word_1_237' title='bbox 3204 808 3391 874; x_wconf 90' lang='lat' dir='ltr'><strong>initia,</strong></span> <span class='ocrx_word' id='word_1_238' title='bbox 3412 807 3633 865; x_wconf 89' lang='lat' dir='ltr'><strong>utalias</strong></span> 
     </span>
    </p>
   </div>
   <div class='ocr_carea' id='block_1_37' title="bbox 1985 895 3637 970">
    <p class='ocr_par' dir='ltr' id='par_1_37' title="bbox 1985 895 3637 970">
     <span class='ocr_line' id='line_1_39' title="bbox 1985 895 3637 970; baseline 0.004 -22"><span class='ocrx_word' id='word_1_239' title='bbox 1985 895 2265 960; x_wconf 84' lang='lat' dir='ltr'><strong>diximus,</strong></span> <span class='ocrx_word' id='word_1_240' title='bbox 2325 895 2497 951; x_wconf 89' lang='lat' dir='ltr'><strong>debet</strong></span> <span class='ocrx_word' id='word_1_241' title='bbox 2554 896 2832 964; x_wconf 90' lang='lat' dir='ltr'><strong>revocari,</strong></span> <span class='ocrx_word' id='word_1_242' title='bbox 2881 913 2947 952; x_wconf 89' lang='lat' dir='ltr'><strong>ac</strong></span> <span class='ocrx_word' id='word_1_243' title='bbox 3006 896 3248 968; x_wconf 89' lang='lat' dir='ltr'><strong>proinde</strong></span> <span class='ocrx_word' id='word_1_244' title='bbox 3303 898 3478 954; x_wconf 90' lang='lat' dir='ltr'><strong>etiam</strong></span> <span class='ocrx_word' id='word_1_245' title='bbox 3508 896 3637 970; x_wconf 90' lang='lat' dir='ltr'><strong>ipsa</strong></span> 
     </span>
    </p>
   </div>
   <div class='ocr_carea' id='block_1_38' title="bbox 1990 983 2529 1055">
    <p class='ocr_par' dir='ltr' id='par_1_38' title="bbox 1990 983 2529 1055">
     <span class='ocr_line' id='line_1_40' title="bbox 1990 983 2529 1055; baseline 0 -16"><span class='ocrx_word' id='word_1_246' title='bbox 1990 983 2231 1040; x_wconf 77' lang='lat' dir='ltr'><strong>Goﬁ‘ridi</strong></span> <span class='ocrx_word' id='word_1_247' title='bbox 2263 984 2529 1055; x_wconf 89' lang='lat' dir='ltr'><strong>epistola.</strong></span> 
     </span>
    </p>
   </div>
   <div class='ocr_carea' id='block_1_39' title="bbox 2058 1072 3468 1144">
    <p class='ocr_par' dir='ltr' id='par_1_39' title="bbox 2058 1072 3468 1144">
     <span class='ocr_line' id='line_1_41' title="bbox 2058 1072 3468 1144; baseline 0.002 -18"><span class='ocrx_word' id='word_1_248' title='bbox 2058 1092 2061 1096; x_wconf 58' lang='grc'><em>’</em></span> <span class='ocrx_word' id='word_1_249' title='bbox 2141 1072 2437 1128; x_wconf 79' lang='lat' dir='ltr'><strong>CCCXXX.</strong></span> <span class='ocrx_word' id='word_1_250' title='bbox 2469 1073 2756 1144; x_wconf 78' lang='lat' dir='ltr'><strong>Philippus</strong></span> <span class='ocrx_word' id='word_1_251' title='bbox 2788 1090 2887 1129; x_wconf 75' lang='lat' dir='ltr'><strong>rex</strong></span> <span class='ocrx_word' id='word_1_252' title='bbox 2910 1076 3104 1129; x_wconf 81' lang='lat' dir='ltr'><strong>iterum</strong></span> <span class='ocrx_word' id='word_1_253' title='bbox 3134 1075 3468 1132; x_wconf 71' lang='lat' dir='ltr'><strong>interdictas.</strong></span> 
     </span>
    </p>
   </div>
   <div class='ocr_carea' id='block_1_40' title="bbox 2055 1162 3633 1237">
    <p class='ocr_par' dir='ltr' id='par_1_40' title="bbox 2055 1162 3633 1237">
     <span class='ocr_line' id='line_1_42' title="bbox 2055 1162 3633 1237; baseline 0.003 -21"><span class='ocrx_word' id='word_1_254' title='bbox 2055 1164 2334 1216; x_wconf 74' lang='lat' dir='ltr'><strong>Caeterum</strong></span> <span class='ocrx_word' id='word_1_255' title='bbox 2395 1179 2462 1217; x_wconf 84' lang='lat' dir='ltr'><strong>ex</strong></span> <span class='ocrx_word' id='word_1_256' title='bbox 2520 1163 2721 1217; x_wconf 90' lang='lat' dir='ltr'><strong>eadem</strong></span> <span class='ocrx_word' id='word_1_257' title='bbox 2769 1162 2962 1217; x_wconf 88' lang='lat' dir='ltr'><strong>Ivonis</strong></span> <span class='ocrx_word' id='word_1_258' title='bbox 3012 1162 3256 1235; x_wconf 90' lang='lat' dir='ltr'><strong>epistola</strong></span> <span class='ocrx_word' id='word_1_259' title='bbox 3300 1164 3633 1237; x_wconf 85' lang='lat' dir='ltr'><strong>colligimus</strong></span> 
     </span>
    </p>
   </div>
   <div class='ocr_carea' id='block_1_41' title="bbox 1984 1249 3632 1323">
    <p class='ocr_par' dir='ltr' id='par_1_41' title="bbox 1984 1249 3632 1323">
     <span class='ocr_line' id='line_1_43' title="bbox 1984 1249 3632 1323; baseline 0.002 -18"><span class='ocrx_word' id='word_1_260' title='bbox 1984 1249 2323 1322; x_wconf 90' lang='lat' dir='ltr'><strong>Philippum</strong></span> <span class='ocrx_word' id='word_1_261' title='bbox 2344 1266 2540 1323; x_wconf 83' lang='lat' dir='ltr'><strong>regem</strong></span> <span class='ocrx_word' id='word_1_262' title='bbox 2573 1249 2825 1305; x_wconf 68' lang='lat' dir='ltr'><strong>Francize</strong></span> <span class='ocrx_word' id='word_1_263' title='bbox 2857 1254 2989 1323; x_wconf 88' lang='lat' dir='ltr'><strong>post</strong></span> <span class='ocrx_word' id='word_1_264' title='bbox 3012 1269 3178 1307; x_wconf 89' lang='lat' dir='ltr'><strong>suam</strong></span> <span class='ocrx_word' id='word_1_265' title='bbox 3214 1253 3632 1310; x_wconf 90' lang='lat' dir='ltr'><strong>reconciliatio-</strong></span> 
     </span>
    </p>
   </div>
   <div class='ocr_carea' id='block_1_42' title="bbox 1986 1338 3629 1414">
    <p class='ocr_par' dir='ltr' id='par_1_42' title="bbox 1986 1338 3629 1414">
     <span class='ocr_line' id='line_1_44' title="bbox 1986 1338 3629 1414; baseline 0.003 -21"><span class='ocrx_word' id='word_1_266' title='bbox 1986 1356 2119 1393; x_wconf 89' lang='lat' dir='ltr'><strong>nem</strong></span> <span class='ocrx_word' id='word_1_267' title='bbox 2152 1339 2308 1394; x_wconf 89' lang='lat' dir='ltr'><strong>haud</strong></span> <span class='ocrx_word' id='word_1_268' title='bbox 2340 1339 2439 1393; x_wconf 91' lang='lat' dir='ltr'><strong>diu</strong></span> <span class='ocrx_word' id='word_1_269' title='bbox 2474 1339 2531 1393; x_wconf 92' lang='lat' dir='ltr'><strong>in</strong></span> <span class='ocrx_word' id='word_1_270' title='bbox 2546 1338 3315 1412; x_wconf 72' lang='lat' dir='ltr'><strong>pmnitentiaperseverasse,</strong></span> <span class='ocrx_word' id='word_1_271' title='bbox 3335 1342 3629 1414; x_wconf 84' lang='lat' dir='ltr'><strong>siquidem</strong></span> 
     </span>
    </p>
   </div>
   <div class='ocr_carea' id='block_1_43' title="bbox 1985 1427 3635 1505">
    <p class='ocr_par' dir='ltr' id='par_1_43' title="bbox 1985 1427 3635 1505">
     <span class='ocr_line' id='line_1_45' title="bbox 1985 1427 3635 1505; baseline 0.003 -23"><span class='ocrx_word' id='word_1_272' title='bbox 1985 1427 2199 1483; x_wconf 88' lang='lat' dir='ltr'><strong>iterum</strong></span> <span class='ocrx_word' id='word_1_273' title='bbox 2232 1428 2338 1483; x_wconf 90' lang='lat' dir='ltr'><strong>hoc</strong></span> <span class='ocrx_word' id='word_1_274' title='bbox 2370 1445 2522 1483; x_wconf 87' lang='lat' dir='ltr'><strong>anno</strong></span> <span class='ocrx_word' id='word_1_275' title='bbox 2553 1428 2625 1483; x_wconf 92' lang='lat' dir='ltr'><strong>ob</strong></span> <span class='ocrx_word' id='word_1_276' title='bbox 2656 1431 2981 1484; x_wconf 79' lang='lat' dir='ltr'><strong>revocatum</strong></span> <span class='ocrx_word' id='word_1_277' title='bbox 3014 1429 3350 1485; x_wconf 88' lang='lat' dir='ltr'><strong>Bertradam</strong></span> <span class='ocrx_word' id='word_1_278' title='bbox 3383 1448 3416 1486; x_wconf 93' lang='lat' dir='ltr'><strong>a</strong></span> <span class='ocrx_word' id='word_1_279' title='bbox 3444 1430 3635 1505; x_wconf 89' lang='lat' dir='ltr'><strong>legato</strong></span> 
     </span>
    </p>
   </div>
   <div class='ocr_carea' id='block_1_44' title="bbox 1987 1516 3634 1588">
    <p class='ocr_par' dir='ltr' id='par_1_44' title="bbox 1987 1516 3634 1588">
     <span class='ocr_line' id='line_1_46' title="bbox 1987 1516 3634 1588; baseline 0.002 -16"><span class='ocrx_word' id='word_1_280' title='bbox 1987 1516 2303 1588; x_wconf 89' lang='lat' dir='ltr'><strong>apostolico</strong></span> <span class='ocrx_word' id='word_1_281' title='bbox 2331 1516 2512 1571; x_wconf 86' lang='lat' dir='ltr'><strong>sacris</strong></span> <span class='ocrx_word' id='word_1_282' title='bbox 2546 1516 2891 1572; x_wconf 87' lang='lat' dir='ltr'><strong>interdictus</strong></span> <span class='ocrx_word' id='word_1_283' title='bbox 2922 1522 3028 1572; x_wconf 89' lang='lat' dir='ltr'><strong>est.</strong></span> <span class='ocrx_word' id='word_1_284' title='bbox 3063 1519 3187 1582; x_wconf 86' lang='lat' dir='ltr'><strong>Qua</strong></span> <span class='ocrx_word' id='word_1_285' title='bbox 3215 1523 3411 1575; x_wconf 90' lang='lat' dir='ltr'><strong>tamen</strong></span> <span class='ocrx_word' id='word_1_286' title='bbox 3455 1519 3634 1576; x_wconf 89' lang='lat' dir='ltr'><strong>inter-</strong></span> 
     </span>
    </p>
   </div>
   <div class='ocr_carea' id='block_1_45' title="bbox 1987 1605 3636 1682">
    <p class='ocr_par' dir='ltr' id='par_1_45' title="bbox 1987 1605 3636 1682">
     <span class='ocr_line' id='line_1_47' title="bbox 1987 1605 3636 1682; baseline 0.003 -22"><span class='ocrx_word' id='word_1_287' title='bbox 1987 1605 2238 1661; x_wconf 88' lang='lat' dir='ltr'><strong>dictione</strong></span> <span class='ocrx_word' id='word_1_288' title='bbox 2270 1605 2604 1677; x_wconf 87' lang='lat' dir='ltr'><strong>posthabita</strong></span> <span class='ocrx_word' id='word_1_289' title='bbox 2625 1606 2909 1661; x_wconf 77' lang='lat' dir='ltr'><strong>Rodulfus</strong></span> <span class='ocrx_word' id='word_1_290' title='bbox 2925 1608 3222 1663; x_wconf 85' lang='lat' dir='ltr'><strong>Turonum</strong></span> <span class='ocrx_word' id='word_1_291' title='bbox 3244 1608 3636 1682; x_wconf 88' lang='lat' dir='ltr'><strong>archiepisco-</strong></span> 
     </span>
    </p>
   </div>
   <div class='ocr_carea' id='block_1_46' title="bbox 1987 1694 3635 1769">
    <p class='ocr_par' dir='ltr' id='par_1_46' title="bbox 1987 1694 3635 1769">
     <span class='ocr_line' id='line_1_48' title="bbox 1987 1694 3635 1769; baseline 0.004 -21"><span class='ocrx_word' id='word_1_292' title='bbox 1987 1712 2098 1766; x_wconf 89' lang='lat' dir='ltr'><strong>pus</strong></span> <span class='ocrx_word' id='word_1_293' title='bbox 2129 1694 2177 1749; x_wconf 90' lang='lat' dir='ltr'><strong>ci</strong></span> <span class='ocrx_word' id='word_1_294' title='bbox 2210 1711 2483 1749; x_wconf 84' lang='lat' dir='ltr'><strong>coronam</strong></span> <span class='ocrx_word' id='word_1_295' title='bbox 2518 1694 2573 1748; x_wconf 90' lang='lat' dir='ltr'><strong>in</strong></span> <span class='ocrx_word' id='word_1_296' title='bbox 2603 1694 2795 1749; x_wconf 86' lang='lat' dir='ltr'><strong>Natali</strong></span> <span class='ocrx_word' id='word_1_297' title='bbox 2830 1695 3059 1751; x_wconf 86' lang='lat' dir='ltr'><strong>Domini</strong></span> <span class='ocrx_word' id='word_1_298' title='bbox 3090 1695 3388 1769; x_wconf 88' lang='lat' dir='ltr'><strong>imponere</strong></span> <span class='ocrx_word' id='word_1_299' title='bbox 3414 1697 3635 1755; x_wconf 85' lang='lat' dir='ltr'><strong>veritus</strong></span> 
     </span>
    </p>
   </div>
   <div class='ocr_carea' id='block_1_47' title="bbox 1986 1783 3631 1857">
    <p class='ocr_par' dir='ltr' id='par_1_47' title="bbox 1986 1783 3631 1857">
     <span class='ocr_line' id='line_1_49' title="bbox 1986 1783 3631 1857; baseline 0.002 -19"><span class='ocrx_word' id='word_1_300' title='bbox 1986 1800 2103 1838; x_wconf 90' lang='lat' dir='ltr'><strong>non</strong></span> <span class='ocrx_word' id='word_1_301' title='bbox 2132 1787 2239 1849; x_wconf 87' lang='lat' dir='ltr'><strong>est,</strong></span> <span class='ocrx_word' id='word_1_302' title='bbox 2273 1787 2336 1837; x_wconf 87' lang='lat' dir='ltr'><strong>ut</strong></span> <span class='ocrx_word' id='word_1_303' title='bbox 2364 1799 2432 1838; x_wconf 88' lang='lat' dir='ltr'><strong>ex</strong></span> <span class='ocrx_word' id='word_1_304' title='bbox 2461 1783 2664 1839; x_wconf 89' lang='lat' dir='ltr'><strong>eadem</strong></span> <span class='ocrx_word' id='word_1_305' title='bbox 2696 1784 2887 1839; x_wconf 86' lang='lat' dir='ltr'><strong>Ivonis</strong></span> <span class='ocrx_word' id='word_1_306' title='bbox 2920 1783 3164 1856; x_wconf 85' lang='lat' dir='ltr'><strong>epistola</strong></span> <span class='ocrx_word' id='word_1_307' title='bbox 3183 1790 3239 1841; x_wconf 89' lang='lat' dir='ltr'><strong>et</strong></span> <span class='ocrx_word' id='word_1_308' title='bbox 3271 1786 3535 1857; x_wconf 89' lang='lat' dir='ltr'><strong>sequenti</strong></span> <span class='ocrx_word' id='word_1_309' title='bbox 3560 1787 3631 1842; x_wconf 91' lang='lat' dir='ltr'><strong>ad</strong></span> 
     </span>
    </p>
   </div>
   <div class='ocr_carea' id='block_1_48' title="bbox 1982 1871 3671 1946">
    <p class='ocr_par' dir='ltr' id='par_1_48' title="bbox 1982 1871 3671 1946">
     <span class='ocr_line' id='line_1_50' title="bbox 1982 1871 3671 1946; baseline 0.002 -20"><span class='ocrx_word' id='word_1_310' title='bbox 1982 1871 2286 1945; x_wconf 86' lang='lat' dir='ltr'><strong>Hugonem</strong></span> <span class='ocrx_word' id='word_1_311' title='bbox 2320 1871 2768 1944; x_wconf 86' lang='lat' dir='ltr'><strong>Lugdunensem</strong></span> <span class='ocrx_word' id='word_1_312' title='bbox 2799 1874 2973 1944; x_wconf 88' lang='lat' dir='ltr'><strong>patet.</strong></span> <span class='ocrx_word' id='word_1_313' title='bbox 3007 1873 3153 1928; x_wconf 90' lang='lat' dir='ltr'><strong>Hinc</strong></span> <span class='ocrx_word' id='word_1_314' title='bbox 3170 1871 3378 1946; x_wconf 89' lang='lat' dir='ltr'><strong>colligo</strong></span> <span class='ocrx_word' id='word_1_315' title='bbox 3399 1872 3457 1929; x_wconf 88' lang='lat' dir='ltr'><strong>id</strong></span> <span class='ocrx_word' id='word_1_316' title='bbox 3475 1875 3629 1945; x_wconf 92' lang='lat' dir='ltr'><strong>quod</strong></span> <span class='ocrx_word' id='word_1_317' title='bbox 3662 1902 3671 1914; x_wconf 64' lang='grc' dir='ltr'><em>κ</em></span> 
     </span>
    </p>
   </div>
   <div class='ocr_carea' id='block_1_49' title="bbox 1979 1957 3629 2031">
    <p class='ocr_par' dir='ltr' id='par_1_49' title="bbox 1979 1957 3629 2031">
     <span class='ocr_line' id='line_1_51' title="bbox 1979 1957 3629 2031; baseline 0.003 -18"><span class='ocrx_word' id='word_1_318' title='bbox 1979 1957 2194 2031; x_wconf 89' lang='lat' dir='ltr'><strong>legitur</strong></span> <span class='ocrx_word' id='word_1_319' title='bbox 2222 1959 2281 2014; x_wconf 86' lang='lat' dir='ltr'><strong>in</strong></span> <span class='ocrx_word' id='word_1_320' title='bbox 2314 1959 2566 2031; x_wconf 89' lang='lat' dir='ltr'><strong>quadam</strong></span> <span class='ocrx_word' id='word_1_321' title='bbox 2592 1960 2795 2015; x_wconf 86' lang='lat' dir='ltr'><strong>charta</strong></span> <span class='ocrx_word' id='word_1_322' title='bbox 2814 1960 3629 2029; x_wconf 88' lang='lat' dir='ltr'><strong>SanctiJulianiTuronensis,</strong></span> 
     </span>
    </p>
   </div>
   <div class='ocr_carea' id='block_1_50' title="bbox 1981 2047 3630 2123">
    <p class='ocr_par' dir='ltr' id='par_1_50' title="bbox 1981 2047 3630 2123">
     <span class='ocr_line' id='line_1_52' title="bbox 1981 2047 3630 2123; baseline 0.003 -21"><span class='ocrx_word' id='word_1_323' title='bbox 1981 2047 2317 2120; x_wconf 88' lang='lat' dir='ltr'><strong>Philippum</strong></span> <span class='ocrx_word' id='word_1_324' title='bbox 2349 2065 2501 2103; x_wconf 87' lang='lat' dir='ltr'><strong>anno</strong></span> <span class='ocrx_word' id='word_1_325' title='bbox 2529 2050 2658 2103; x_wconf 83' lang='grc'><strong>1091</strong></span> <span class='ocrx_word' id='word_1_326' title='bbox 2680 2049 3630 2123; x_wconf 80' lang='lat' dir='ltr'><strong>Rodulﬁarchiepiscopimanibus</strong></span> 
     </span>
    </p>
   </div>
   <div class='ocr_carea' id='block_1_51' title="bbox 1981 2136 3634 2212">
    <p class='ocr_par' dir='ltr' id='par_1_51' title="bbox 1981 2136 3634 2212">
     <span class='ocr_line' id='line_1_53' title="bbox 1981 2136 3634 2212; baseline 0.003 -21"><span class='ocrx_word' id='word_1_327' title='bbox 1981 2136 2232 2192; x_wconf 88' lang='lat' dir='ltr'><strong>Turonis</strong></span> <span class='ocrx_word' id='word_1_328' title='bbox 2262 2153 2534 2192; x_wconf 87' lang='lat' dir='ltr'><strong>coronam</strong></span> <span class='ocrx_word' id='word_1_329' title='bbox 2569 2137 2920 2210; x_wconf 79' lang='lat' dir='ltr'><strong>suscepisse,</strong></span> <span class='ocrx_word' id='word_1_330' title='bbox 2954 2143 3057 2194; x_wconf 91' lang='lat' dir='ltr'><strong>aut</strong></span> <span class='ocrx_word' id='word_1_331' title='bbox 3087 2156 3213 2195; x_wconf 75' lang='lat' dir='ltr'><strong>esse</strong></span> <span class='ocrx_word' id='word_1_332' title='bbox 3259 2141 3634 2212; x_wconf 86' lang='lat' dir='ltr'><strong>mendosum,</strong></span> 
     </span>
    </p>
   </div>
   <div class='ocr_carea' id='block_1_52' title="bbox 1983 2224 3635 2302">
    <p class='ocr_par' dir='ltr' id='par_1_52' title="bbox 1983 2224 3635 2302">
     <span class='ocr_line' id='line_1_54' title="bbox 1983 2224 3635 2302; baseline 0.003 -22"><span class='ocrx_word' id='word_1_333' title='bbox 1983 2228 2106 2291; x_wconf 86' lang='lat' dir='ltr'><strong>aut,</strong></span> <span class='ocrx_word' id='word_1_334' title='bbox 2139 2225 2293 2297; x_wconf 92' lang='lat' dir='ltr'><strong>quod</strong></span> <span class='ocrx_word' id='word_1_335' title='bbox 2327 2224 2706 2281; x_wconf 87' lang='lat' dir='ltr'><strong>verisimilius</strong></span> <span class='ocrx_word' id='word_1_336' title='bbox 2759 2231 2868 2294; x_wconf 88' lang='lat' dir='ltr'><strong>est,</strong></span> <span class='ocrx_word' id='word_1_337' title='bbox 2922 2228 2993 2282; x_wconf 88' lang='lat' dir='ltr'><strong>de</strong></span> <span class='ocrx_word' id='word_1_338' title='bbox 3022 2227 3136 2284; x_wconf 88' lang='lat' dir='ltr'><strong>alia</strong></span> <span class='ocrx_word' id='word_1_339' title='bbox 3179 2229 3444 2299; x_wconf 85' lang='lat' dir='ltr'><strong>ejusdem</strong></span> <span class='ocrx_word' id='word_1_340' title='bbox 3480 2229 3635 2302; x_wconf 87' lang='lat' dir='ltr'><strong>regis</strong></span> 
     </span>
    </p>
   </div>
   <div class='ocr_carea' id='block_1_53' title="bbox 1980 2312 3636 2389">
    <p class='ocr_par' dir='ltr' id='par_1_53' title="bbox 1980 2312 3636 2389">
     <span class='ocr_line' id='line_1_55' title="bbox 1980 2312 3636 2389; baseline 0.003 -21"><span class='ocrx_word' id='word_1_341' title='bbox 1980 2312 2351 2369; x_wconf 88' lang='lat' dir='ltr'><strong>coronatione</strong></span> <span class='ocrx_word' id='word_1_342' title='bbox 2383 2313 2868 2387; x_wconf 85' lang='lat' dir='ltr'><strong>debereintelligi.</strong></span> <span class='ocrx_word' id='word_1_343' title='bbox 2887 2316 3073 2388; x_wconf 88' lang='lat' dir='ltr'><strong>Reges</strong></span> <span class='ocrx_word' id='word_1_344' title='bbox 3102 2315 3317 2389; x_wconf 88' lang='lat' dir='ltr'><strong>quippe</strong></span> <span class='ocrx_word' id='word_1_345' title='bbox 3330 2321 3470 2373; x_wconf 90' lang='lat' dir='ltr'><strong>tunc</strong></span> <span class='ocrx_word' id='word_1_346' title='bbox 3488 2323 3636 2373; x_wconf 90' lang='lat' dir='ltr'><strong>tem-</strong></span> 
     </span>
    </p>
   </div>
   <div class='ocr_carea' id='block_1_54' title="bbox 1979 2401 3628 2480">
    <p class='ocr_par' dir='ltr' id='par_1_54' title="bbox 1979 2401 3628 2480">
     <span class='ocr_line' id='line_1_56' title="bbox 1979 2401 3628 2480; baseline 0.004 -23"><span class='ocrx_word' id='word_1_347' title='bbox 1979 2402 2137 2473; x_wconf 90' lang='lat' dir='ltr'><strong>poris</strong></span> <span class='ocrx_word' id='word_1_348' title='bbox 2167 2401 2227 2457; x_wconf 90' lang='lat' dir='ltr'><strong>in</strong></span> <span class='ocrx_word' id='word_1_349' title='bbox 2260 2403 2491 2476; x_wconf 89' lang='lat' dir='ltr'><strong>magnis</strong></span> <span class='ocrx_word' id='word_1_350' title='bbox 2550 2402 3020 2460; x_wconf 75' lang='lat' dir='ltr'><strong>solemnitatibus</strong></span> <span class='ocrx_word' id='word_1_351' title='bbox 3064 2404 3137 2459; x_wconf 89' lang='lat' dir='ltr'><strong>ab</strong></span> <span class='ocrx_word' id='word_1_352' title='bbox 3191 2405 3628 2480; x_wconf 90' lang='lat' dir='ltr'><strong>archiepisc0po</strong></span> 
     </span>
    </p>
   </div>
   <div class='ocr_carea' id='block_1_55' title="bbox 1977 2491 3628 2565">
    <p class='ocr_par' dir='ltr' id='par_1_55' title="bbox 1977 2491 3628 2565">
     <span class='ocr_line' id='line_1_57' title="bbox 1977 2491 3628 2565; baseline 0.002 -18"><span class='ocrx_word' id='word_1_353' title='bbox 1977 2491 2252 2548; x_wconf 83' lang='lat' dir='ltr'><strong>Remensi</strong></span> <span class='ocrx_word' id='word_1_354' title='bbox 2284 2492 2332 2548; x_wconf 91' lang='lat' dir='ltr'><strong>si</strong></span> <span class='ocrx_word' id='word_1_355' title='bbox 2366 2508 2617 2565; x_wconf 81' lang='lat' dir='ltr'><strong>praesens</strong></span> <span class='ocrx_word' id='word_1_356' title='bbox 2649 2496 2821 2560; x_wconf 90' lang='lat' dir='ltr'><strong>esset,</strong></span> <span class='ocrx_word' id='word_1_357' title='bbox 2851 2496 2954 2547; x_wconf 88' lang='lat' dir='ltr'><strong>aut</strong></span> <span class='ocrx_word' id='word_1_358' title='bbox 2980 2509 3046 2548; x_wconf 89' lang='lat' dir='ltr'><strong>eo</strong></span> <span class='ocrx_word' id='word_1_359' title='bbox 3077 2493 3336 2562; x_wconf 89' lang='lat' dir='ltr'><strong>absente,</strong></span> <span class='ocrx_word' id='word_1_360' title='bbox 3356 2511 3391 2550; x_wconf 91' lang='lat' dir='ltr'><strong>a</strong></span> <span class='ocrx_word' id='word_1_361' title='bbox 3415 2494 3628 2551; x_wconf 66' lang='lat' dir='ltr'><strong>dioece-</strong></span> 
     </span>
    </p>
   </div>
   <div class='ocr_carea' id='block_1_56' title="bbox 1978 2580 3630 2655">
    <p class='ocr_par' dir='ltr' id='par_1_56' title="bbox 1978 2580 3630 2655">
     <span class='ocr_line' id='line_1_58' title="bbox 1978 2580 3630 2655; baseline 0.001 -18"><span class='ocrx_word' id='word_1_362' title='bbox 1978 2596 2123 2637; x_wconf 88' lang='lat' dir='ltr'><strong>sano</strong></span> <span class='ocrx_word' id='word_1_363' title='bbox 2150 2580 2617 2652; x_wconf 87' lang='lat' dir='ltr'><strong>metropolitano,</strong></span> <span class='ocrx_word' id='word_1_364' title='bbox 2652 2587 2752 2637; x_wconf 87' lang='lat' dir='ltr'><strong>aut</strong></span> <span class='ocrx_word' id='word_1_365' title='bbox 2803 2581 3007 2654; x_wconf 87' lang='lat' dir='ltr'><strong>quovis</strong></span> <span class='ocrx_word' id='word_1_366' title='bbox 3065 2580 3178 2637; x_wconf 89' lang='lat' dir='ltr'><strong>alio</strong></span> <span class='ocrx_word' id='word_1_367' title='bbox 3227 2582 3349 2655; x_wconf 90' lang='lat' dir='ltr'><strong>qui,</strong></span> <span class='ocrx_word' id='word_1_368' title='bbox 3385 2584 3630 2654; x_wconf 90' lang='lat' dir='ltr'><strong>jubente</strong></span> 
     </span>
    </p>
   </div>
   <div class='ocr_carea' id='block_1_57' title="bbox 1977 2669 3623 2743">
    <p class='ocr_par' dir='ltr' id='par_1_57' title="bbox 1977 2669 3623 2743">
     <span class='ocr_line' id='line_1_59' title="bbox 1977 2669 3623 2743; baseline 0.002 -19"><span class='ocrx_word' id='word_1_369' title='bbox 1977 2685 2131 2742; x_wconf 85' lang='lat' dir='ltr'><strong>rege,</strong></span> <span class='ocrx_word' id='word_1_370' title='bbox 2168 2669 2476 2724; x_wconf 85' lang='lat' dir='ltr'><strong>Remensis</strong></span> <span class='ocrx_word' id='word_1_371' title='bbox 2507 2671 2660 2726; x_wconf 89' lang='lat' dir='ltr'><strong>vices</strong></span> <span class='ocrx_word' id='word_1_372' title='bbox 2686 2669 3015 2743; x_wconf 85' lang='lat' dir='ltr'><strong>supplebat,</strong></span> <span class='ocrx_word' id='word_1_373' title='bbox 3052 2670 3319 2727; x_wconf 91' lang='lat' dir='ltr'><strong>solebant</strong></span> <span class='ocrx_word' id='word_1_374' title='bbox 3340 2672 3623 2728; x_wconf 90' lang='lat' dir='ltr'><strong>coronari.</strong></span> 
     </span>
    </p>
   </div>
   <div class='ocr_carea' id='block_1_58' title="bbox 1978 2757 3630 2832">
    <p class='ocr_par' dir='ltr' id='par_1_58' title="bbox 1978 2757 3630 2832">
     <span class='ocr_line' id='line_1_60' title="bbox 1978 2757 3630 2832; baseline 0.003 -20"><span class='ocrx_word' id='word_1_375' title='bbox 1978 2757 2361 2813; x_wconf 85' lang='lat' dir='ltr'><strong>Interdictum</strong></span> <span class='ocrx_word' id='word_1_376' title='bbox 2396 2761 2589 2813; x_wconf 90' lang='lat' dir='ltr'><strong>autem</strong></span> <span class='ocrx_word' id='word_1_377' title='bbox 2623 2777 2656 2814; x_wconf 91' lang='lat' dir='ltr'><strong>a</strong></span> <span class='ocrx_word' id='word_1_378' title='bbox 2687 2758 2877 2831; x_wconf 83' lang='lat' dir='ltr'><strong>legato</strong></span> <span class='ocrx_word' id='word_1_379' title='bbox 2908 2759 2967 2814; x_wconf 92' lang='lat' dir='ltr'><strong>in</strong></span> <span class='ocrx_word' id='word_1_380' title='bbox 3002 2776 3196 2832; x_wconf 86' lang='lat' dir='ltr'><strong>regem</strong></span> <span class='ocrx_word' id='word_1_381' title='bbox 3225 2759 3404 2815; x_wconf 88' lang='lat' dir='ltr'><strong>latam</strong></span> <span class='ocrx_word' id='word_1_382' title='bbox 3423 2762 3495 2817; x_wconf 87' lang='lat' dir='ltr'><strong>ab</strong></span> <span class='ocrx_word' id='word_1_383' title='bbox 3526 2761 3630 2818; x_wconf 83' lang='lat' dir='ltr'><strong>Ur-</strong></span> 
     </span>
    </p>
   </div>
   <div class='ocr_carea' id='block_1_59' title="bbox 1975 2846 3623 2922">
    <p class='ocr_par' dir='ltr' id='par_1_59' title="bbox 1975 2846 3623 2922">
     <span class='ocr_line' id='line_1_61' title="bbox 1975 2846 3623 2922; baseline 0.002 -20"><span class='ocrx_word' id='word_1_384' title='bbox 1975 2846 2126 2902; x_wconf 81' lang='lat' dir='ltr'><strong>banc</strong></span> <span class='ocrx_word' id='word_1_385' title='bbox 2186 2847 2596 2903; x_wconf 88' lang='lat' dir='ltr'><strong>conﬁrmatum</strong></span> <span class='ocrx_word' id='word_1_386' title='bbox 2641 2848 2821 2903; x_wconf 85' lang='lat' dir='ltr'><strong>fuisse</strong></span> <span class='ocrx_word' id='word_1_387' title='bbox 2867 2847 3063 2903; x_wconf 87' lang='lat' dir='ltr'><strong>innuit</strong></span> <span class='ocrx_word' id='word_1_388' title='bbox 3092 2848 3187 2904; x_wconf 91' lang='lat' dir='ltr'><strong>Ivo</strong></span> <span class='ocrx_word' id='word_1_389' title='bbox 3227 2848 3398 2922; x_wconf 86' lang='lat' dir='ltr'><strong>epist.</strong></span> <span class='ocrx_word' id='word_1_390' title='bbox 3454 2850 3522 2905; x_wconf 81' lang='grc'>84</span> <span class='ocrx_word' id='word_1_391' title='bbox 3552 2851 3623 2905; x_wconf 91' lang='lat' dir='ltr'><strong>ad</strong></span> 
     </span>
    </p>
   </div>
   <div class='ocr_carea' id='block_1_60' title="bbox 1973 2934 3628 3011">
    <p class='ocr_par' dir='ltr' id='par_1_60' title="bbox 1973 2934 3628 3011">
     <span class='ocr_line' id='line_1_62' title="bbox 1973 2934 3628 3011; baseline 0.002 -21"><span class='ocrx_word' id='word_1_392' title='bbox 1973 2934 2257 2990; x_wconf 89' lang='lat' dir='ltr'><strong>Joannem</strong></span> <span class='ocrx_word' id='word_1_393' title='bbox 2291 2934 2809 3007; x_wconf 85' lang='lat' dir='ltr'><strong>alterumlegatum</strong></span> <span class='ocrx_word' id='word_1_394' title='bbox 2842 2940 2898 2992; x_wconf 91' lang='lat' dir='ltr'><strong>et</strong></span> <span class='ocrx_word' id='word_1_395' title='bbox 2912 2936 3479 3009; x_wconf 87' lang='lat' dir='ltr'><strong>cardinalem,paulo</strong></span> <span class='ocrx_word' id='word_1_396' title='bbox 3496 2943 3628 3011; x_wconf 91' lang='lat' dir='ltr'><strong>post</strong></span> 
     </span>
    </p>
   </div>
   <div class='ocr_carea' id='block_1_61' title="bbox 1976 3022 3628 3082">
    <p class='ocr_par' dir='ltr' id='par_1_61' title="bbox 1976 3022 3628 3082">
     <span class='ocr_line' id='line_1_63' title="bbox 1976 3022 3628 3082; baseline 0.002 -3"><span class='ocrx_word' id='word_1_397' title='bbox 1976 3022 2213 3079; x_wconf 88' lang='lat' dir='ltr'><strong>Urbani.</strong></span> <span class='ocrx_word' id='word_1_398' title='bbox 2253 3023 2480 3079; x_wconf 89' lang='lat' dir='ltr'><strong>obitum</strong></span> <span class='ocrx_word' id='word_1_399' title='bbox 2512 3024 2583 3077; x_wconf 89' lang='lat' dir='ltr'><strong>At</strong></span> <span class='ocrx_word' id='word_1_400' title='bbox 2613 3023 2763 3078; x_wconf 89' lang='lat' dir='ltr'><strong>hanc</strong></span> <span class='ocrx_word' id='word_1_401' title='bbox 2803 3024 3046 3080; x_wconf 89' lang='lat' dir='ltr'><strong>secundi</strong></span> <span class='ocrx_word' id='word_1_402' title='bbox 3078 3024 3371 3081; x_wconf 88' lang='lat' dir='ltr'><strong>interdicti</strong></span> <span class='ocrx_word' id='word_1_403' title='bbox 3395 3030 3628 3082; x_wconf 85' lang='lat' dir='ltr'><strong>senten-</strong></span> 
     </span>
    </p>
   </div>
   <div class='ocr_carea' id='block_1_62' title="bbox 207 3110 3625 3186">
    <p class='ocr_par' dir='ltr' id='par_1_62' title="bbox 207 3110 3625 3186">
     <span class='ocr_line' id='line_1_64' title="bbox 207 3110 3625 3186; baseline 0.002 -21"><span class='ocrx_word' id='word_1_404' title='bbox 207 3128 337 3184; x_wconf 67' lang='lat' dir='ltr'><strong>quaz</strong></span> <span class='ocrx_word' id='word_1_405' title='bbox 367 3111 702 3184; x_wconf 88' lang='lat' dir='ltr'><strong>pontiﬁcem</strong></span> <span class='ocrx_word' id='word_1_406' title='bbox 738 3110 923 3166; x_wconf 89' lang='lat' dir='ltr'><strong>celare</strong></span> <span class='ocrx_word' id='word_1_407' title='bbox 954 3127 1070 3166; x_wconf 93' lang='lat' dir='ltr'><strong>non</strong></span> <span class='ocrx_word' id='word_1_408' title='bbox 1100 3114 1385 3183; x_wconf 85' lang='lat' dir='ltr'><strong>poterant.</strong></span> <span class='ocrx_word' id='word_1_409' title='bbox 1420 3112 1485 3166; x_wconf 88' lang='lat' dir='ltr'><strong>Et</strong></span> <span class='ocrx_word' id='word_1_410' title='bbox 1511 3111 1750 3183; x_wconf 90' lang='lat' dir='ltr'><strong>quidem</strong></span> <span class='ocrx_word' id='word_1_411' title='bbox 1795 3129 1863 3169; x_wconf 90' lang='lat' dir='ltr'><strong>ea</strong></span> <span class='ocrx_word' id='word_1_412' title='bbox 1914 3184 1924 3186; x_wconf 76' lang='lat'><strong><em>_</em></strong></span> <span class='ocrx_word' id='word_1_413' title='bbox 1970 3111 2111 3167; x_wconf 87' lang='lat' dir='ltr'><strong>tiam</strong></span> <span class='ocrx_word' id='word_1_414' title='bbox 2139 3116 2272 3167; x_wconf 88' lang='lat' dir='ltr'><strong>ante</strong></span> <span class='ocrx_word' id='word_1_415' title='bbox 2303 3112 2478 3166; x_wconf 88' lang='lat' dir='ltr'><strong>ﬁnem</strong></span> <span class='ocrx_word' id='word_1_416' title='bbox 2511 3111 2647 3166; x_wconf 88' lang='lat' dir='ltr'><strong>anni</strong></span> <span class='ocrx_word' id='word_1_417' title='bbox 2678 3112 2813 3166; x_wconf 89' lang='grc'><strong>1097</strong></span> <span class='ocrx_word' id='word_1_418' title='bbox 2845 3112 2968 3168; x_wconf 87' lang='lat' dir='ltr'><strong>dari</strong></span> <span class='ocrx_word' id='word_1_419' title='bbox 3002 3129 3117 3168; x_wconf 91' lang='lat' dir='ltr'><strong>non</strong></span> <span class='ocrx_word' id='word_1_420' title='bbox 3148 3114 3411 3186; x_wconf 88' lang='lat' dir='ltr'><strong>potuisse</strong></span> <span class='ocrx_word' id='word_1_421' title='bbox 3431 3131 3499 3171; x_wconf 84' lang='lat' dir='ltr'><strong>ex</strong></span> <span class='ocrx_word' id='word_1_422' title='bbox 3521 3115 3625 3171; x_wconf 86' lang='lat' dir='ltr'><strong>Ur-</strong></span> 
     </span>
    </p>
   </div>
   <div class='ocr_carea' id='block_1_63' title="bbox 208 3184 3629 3275">
    <p class='ocr_par' dir='ltr' id='par_1_63' title="bbox 208 3184 3629 3275">
     <span class='ocr_line' id='line_1_65' title="bbox 208 3184 3629 3275; baseline 0.001 -19"><span class='ocrx_word' id='word_1_423' title='bbox 208 3215 328 3256; x_wconf 90' lang='lat' dir='ltr'><strong>non</strong></span> <span class='ocrx_word' id='word_1_424' title='bbox 357 3197 509 3255; x_wconf 90' lang='lat' dir='ltr'><strong>levis</strong></span> <span class='ocrx_word' id='word_1_425' title='bbox 540 3198 822 3254; x_wconf 91' lang='lat' dir='ltr'><strong>momenti</strong></span> <span class='ocrx_word' id='word_1_426' title='bbox 854 3197 1055 3266; x_wconf 88' lang='lat' dir='ltr'><strong>fuisse,</strong></span> <span class='ocrx_word' id='word_1_427' title='bbox 1089 3215 1157 3254; x_wconf 81' lang='lat' dir='ltr'><strong>ex</strong></span> <span class='ocrx_word' id='word_1_428' title='bbox 1186 3197 1297 3254; x_wconf 91' lang='lat' dir='ltr'><strong>hoc</strong></span> <span class='ocrx_word' id='word_1_429' title='bbox 1326 3198 1677 3272; x_wconf 85' lang='lat' dir='ltr'><strong>colligimus,</strong></span> <span class='ocrx_word' id='word_1_430' title='bbox 1712 3201 1866 3273; x_wconf 91' lang='lat' dir='ltr'><strong>quod</strong></span> <span class='ocrx_word' id='word_1_431' title='bbox 1898 3184 1941 3251; x_wconf 87' lang='lat' dir='ltr'><strong>C</strong></span> <span class='ocrx_word' id='word_1_432' title='bbox 1978 3200 2112 3256; x_wconf 91' lang='lat' dir='ltr'><strong>bani</strong></span> <span class='ocrx_word' id='word_1_433' title='bbox 2132 3200 2410 3273; x_wconf 88' lang='lat' dir='ltr'><strong>rescripto</strong></span> <span class='ocrx_word' id='word_1_434' title='bbox 2426 3201 2496 3255; x_wconf 90' lang='lat' dir='ltr'><strong>ad</strong></span> <span class='ocrx_word' id='word_1_435' title='bbox 2511 3201 2838 3255; x_wconf 88' lang='lat' dir='ltr'><strong>Manassem</strong></span> <span class='ocrx_word' id='word_1_436' title='bbox 2856 3184 3203 3256; x_wconf 84' lang='lat' dir='ltr'><strong>Remensem</strong></span> <span class='ocrx_word' id='word_1_437' title='bbox 3228 3203 3300 3258; x_wconf 91' lang='lat' dir='ltr'><strong>de</strong></span> <span class='ocrx_word' id='word_1_438' title='bbox 3322 3219 3436 3275; x_wconf 93' lang='lat' dir='ltr'><strong>quo</strong></span> <span class='ocrx_word' id='word_1_439' title='bbox 3449 3221 3629 3275; x_wconf 89' lang='lat' dir='ltr'><strong>supra</strong></span> 
     </span>
    </p>
   </div>
   <div class='ocr_carea' id='block_1_64' title="bbox 205 3286 1861 3362">
    <p class='ocr_par' dir='ltr' id='par_1_64' title="bbox 205 3286 1861 3362">
     <span class='ocr_line' id='line_1_66' title="bbox 205 3286 1861 3362; baseline 0.001 -19"><span class='ocrx_word' id='word_1_440' title='bbox 205 3287 384 3361; x_wconf 83' lang='lat' dir='ltr'><strong>paulo</strong></span> <span class='ocrx_word' id='word_1_441' title='bbox 414 3290 553 3360; x_wconf 87' lang='lat' dir='ltr'><strong>post</strong></span> <span class='ocrx_word' id='word_1_442' title='bbox 580 3286 736 3343; x_wconf 88' lang='lat' dir='ltr'><strong>idem</strong></span> <span class='ocrx_word' id='word_1_443' title='bbox 767 3286 1093 3343; x_wconf 87' lang='lat' dir='ltr'><strong>Gaufredus</strong></span> <span class='ocrx_word' id='word_1_444' title='bbox 1136 3292 1409 3344; x_wconf 88' lang='lat' dir='ltr'><strong>monente</strong></span> <span class='ocrx_word' id='word_1_445' title='bbox 1457 3288 1689 3344; x_wconf 84' lang='lat' dir='ltr'><strong>Urbano</strong></span> <span class='ocrx_word' id='word_1_446' title='bbox 1741 3291 1861 3362; x_wconf 91' lang='lat' dir='ltr'><strong>epi-</strong></span> 
     </span>
    </p>
   </div>
   <div class='ocr_carea' id='block_1_65' title="bbox 210 3375 1865 3449">
    <p class='ocr_par' dir='ltr' id='par_1_65' title="bbox 210 3375 1865 3449">
     <span class='ocr_line' id='line_1_67' title="bbox 210 3375 1865 3449; baseline 0 -17"><span class='ocrx_word' id='word_1_447' title='bbox 210 3380 461 3449; x_wconf 85' lang='lat' dir='ltr'><strong>scopatu</strong></span> <span class='ocrx_word' id='word_1_448' title='bbox 490 3376 735 3432; x_wconf 85' lang='lat' dir='ltr'><strong>cesserit</strong></span> <span class='ocrx_word' id='word_1_449' title='bbox 764 3376 953 3431; x_wconf 84' lang='lat' dir='ltr'><strong>factus</strong></span> <span class='ocrx_word' id='word_1_450' title='bbox 983 3375 1309 3432; x_wconf 87' lang='lat' dir='ltr'><strong>monachus</strong></span> <span class='ocrx_word' id='word_1_451' title='bbox 1333 3376 1756 3445; x_wconf 87' lang='lat' dir='ltr'><strong>Cluniacensis,</strong></span> <span class='ocrx_word' id='word_1_452' title='bbox 1777 3378 1865 3433; x_wconf 88' lang='lat' dir='ltr'><strong>uti</strong></span> 
     </span>
    </p>
   </div>
   <div class='ocr_carea' id='block_1_66' title="bbox 208 3463 1863 3522">
    <p class='ocr_par' dir='ltr' id='par_1_66' title="bbox 208 3463 1863 3522">
     <span class='ocr_line' id='line_1_68' title="bbox 208 3463 1863 3522; baseline -0.001 0"><span class='ocrx_word' id='word_1_453' title='bbox 208 3481 278 3522; x_wconf 80' lang='lat' dir='ltr'><strong>ex</strong></span> <span class='ocrx_word' id='word_1_454' title='bbox 303 3465 598 3522; x_wconf 89' lang='lat' dir='ltr'><strong>Chronico</strong></span> <span class='ocrx_word' id='word_1_455' title='bbox 655 3469 707 3520; x_wconf 91' lang='lat' dir='ltr'><strong>S.</strong></span> <span class='ocrx_word' id='word_1_456' title='bbox 740 3463 933 3520; x_wconf 83' lang='lat' dir='ltr'><strong>Albini</strong></span> <span class='ocrx_word' id='word_1_457' title='bbox 978 3464 1364 3520; x_wconf 88' lang='lat' dir='ltr'><strong>observarunt</strong></span> <span class='ocrx_word' id='word_1_458' title='bbox 1412 3466 1762 3521; x_wconf 87' lang='lat' dir='ltr'><strong>Sirmondus</strong></span> <span class='ocrx_word' id='word_1_459' title='bbox 1805 3466 1863 3521; x_wconf 91' lang='lat' dir='ltr'><strong>in</strong></span> 
     </span>
    </p>
   </div>
   <div class='ocr_carea' id='block_1_67' title="bbox 206 3551 1867 3624">
    <p class='ocr_par' dir='ltr' id='par_1_67' title="bbox 206 3551 1867 3624">
     <span class='ocr_line' id='line_1_69' title="bbox 206 3551 1867 3624; baseline 0 -14"><span class='ocrx_word' id='word_1_460' title='bbox 206 3551 366 3610; x_wconf 83' lang='lat' dir='ltr'><strong>notis</strong></span> <span class='ocrx_word' id='word_1_461' title='bbox 396 3552 472 3608; x_wconf 84' lang='lat' dir='ltr'><strong>ad</strong></span> <span class='ocrx_word' id='word_1_462' title='bbox 503 3551 674 3624; x_wconf 89' lang='lat' dir='ltr'><strong>epist.</strong></span> <span class='ocrx_word' id='word_1_463' title='bbox 708 3553 731 3607; x_wconf 76' lang='grc'><strong>4</strong></span> <span class='ocrx_word' id='word_1_464' title='bbox 768 3551 871 3608; x_wconf 90' lang='lat' dir='ltr'><strong>lib.</strong></span> <span class='ocrx_word' id='word_1_465' title='bbox 908 3569 967 3607; x_wconf 84' lang='lat' dir='ltr'><strong>III</strong></span> <span class='ocrx_word' id='word_1_466' title='bbox 1006 3552 1273 3623; x_wconf 77' lang='lat' dir='ltr'><strong>ejusdem</strong></span> <span class='ocrx_word' id='word_1_467' title='bbox 1323 3552 1583 3622; x_wconf 76' lang='lat' dir='ltr'><strong>Goﬁ&#39;ridi,</strong></span> <span class='ocrx_word' id='word_1_468' title='bbox 1618 3559 1676 3610; x_wconf 91' lang='lat' dir='ltr'><strong>et</strong></span> <span class='ocrx_word' id='word_1_469' title='bbox 1704 3555 1867 3610; x_wconf 88' lang='lat' dir='ltr'><strong>Jure-</strong></span> 
     </span>
    </p>
   </div>
   <div class='ocr_carea' id='block_1_68' title="bbox 206 3638 1363 3713">
    <p class='ocr_par' dir='ltr' id='par_1_68' title="bbox 206 3638 1363 3713">
     <span class='ocr_line' id='line_1_70' title="bbox 206 3638 1363 3713; baseline -0.002 -15"><span class='ocrx_word' id='word_1_470' title='bbox 206 3645 305 3698; x_wconf 87' lang='lat' dir='ltr'><strong>tus</strong></span> <span class='ocrx_word' id='word_1_471' title='bbox 337 3642 397 3696; x_wconf 90' lang='lat' dir='ltr'><strong>in</strong></span> <span class='ocrx_word' id='word_1_472' title='bbox 428 3638 711 3713; x_wconf 88' lang='lat' dir='ltr'><strong>epistolas</strong></span> <span class='ocrx_word' id='word_1_473' title='bbox 742 3640 935 3696; x_wconf 81' lang='lat' dir='ltr'><strong>Ivonis</strong></span> <span class='ocrx_word' id='word_1_474' title='bbox 967 3640 1363 3697; x_wconf 84' lang='lat' dir='ltr'><strong>Carnotensis.</strong></span> 
     </span>
    </p>
   </div>
   <div class='ocr_carea' id='block_1_69' title="bbox 278 3728 1864 3802">
    <p class='ocr_par' dir='ltr' id='par_1_69' title="bbox 278 3728 1864 3802">
     <span class='ocr_line' id='line_1_71' title="bbox 278 3728 1864 3802; baseline 0.001 -16"><span class='ocrx_word' id='word_1_475' title='bbox 278 3732 445 3786; x_wconf 89' lang='lat' dir='ltr'><strong>[dem</strong></span> <span class='ocrx_word' id='word_1_476' title='bbox 478 3728 771 3785; x_wconf 75' lang='lat' dir='ltr'><strong>Gotfridus</strong></span> <span class='ocrx_word' id='word_1_477' title='bbox 799 3734 941 3785; x_wconf 91' lang='lat' dir='ltr'><strong>tunc</strong></span> <span class='ocrx_word' id='word_1_478' title='bbox 953 3729 1233 3802; x_wconf 88' lang='lat' dir='ltr'><strong>temporis</strong></span> <span class='ocrx_word' id='word_1_479' title='bbox 1246 3730 1644 3787; x_wconf 86' lang='lat' dir='ltr'><strong>defensionem</strong></span> <span class='ocrx_word' id='word_1_480' title='bbox 1666 3749 1864 3788; x_wconf 82' lang='lat' dir='ltr'><strong>susce-</strong></span> 
     </span>
    </p>
   </div>
   <div class='ocr_carea' id='block_1_70' title="bbox 205 3816 1864 3893">
    <p class='ocr_par' dir='ltr' id='par_1_70' title="bbox 205 3816 1864 3893">
     <span class='ocr_line' id='line_1_72' title="bbox 205 3816 1864 3893; baseline 0.002 -20"><span class='ocrx_word' id='word_1_481' title='bbox 205 3819 291 3893; x_wconf 87' lang='lat' dir='ltr'><strong>pit</strong></span> <span class='ocrx_word' id='word_1_482' title='bbox 322 3817 524 3874; x_wconf 83' lang='lat' dir='ltr'><strong>Ivonis</strong></span> <span class='ocrx_word' id='word_1_483' title='bbox 554 3816 863 3873; x_wconf 89' lang='lat' dir='ltr'><strong>Carnoteni</strong></span> <span class='ocrx_word' id='word_1_484' title='bbox 894 3816 1171 3890; x_wconf 87' lang='lat' dir='ltr'><strong>episcopi,</strong></span> <span class='ocrx_word' id='word_1_485' title='bbox 1205 3835 1379 3889; x_wconf 91' lang='lat' dir='ltr'><strong>quem</strong></span> <span class='ocrx_word' id='word_1_486' title='bbox 1416 3819 1681 3874; x_wconf 90' lang='lat' dir='ltr'><strong>nonnulli</strong></span> <span class='ocrx_word' id='word_1_487' title='bbox 1710 3821 1864 3893; x_wconf 90' lang='lat' dir='ltr'><strong>apud</strong></span> 
     </span>
    </p>
   </div>
   <div class='ocr_carea' id='block_1_71' title="bbox 203 3905 1864 3978">
    <p class='ocr_par' dir='ltr' id='par_1_71' title="bbox 203 3905 1864 3978">
     <span class='ocr_line' id='line_1_73' title="bbox 203 3905 1864 3978; baseline 0 -15"><span class='ocrx_word' id='word_1_488' title='bbox 203 3907 517 3963; x_wconf 87' lang='lat' dir='ltr'><strong>Urbanum</strong></span> <span class='ocrx_word' id='word_1_489' title='bbox 531 3922 745 3978; x_wconf 84' lang='lat' dir='ltr'><strong>papam</strong></span> <span class='ocrx_word' id='word_1_490' title='bbox 759 3905 1257 3962; x_wconf 87' lang='lat' dir='ltr'><strong>insimulaverant.</strong></span> <span class='ocrx_word' id='word_1_491' title='bbox 1275 3907 1398 3963; x_wconf 91' lang='lat' dir='ltr'><strong>Huc</strong></span> <span class='ocrx_word' id='word_1_492' title='bbox 1423 3908 1580 3962; x_wconf 91' lang='lat' dir='ltr'><strong>enim</strong></span> <span class='ocrx_word' id='word_1_493' title='bbox 1612 3909 1864 3965; x_wconf 88' lang='lat' dir='ltr'><strong>revocari</strong></span> 
     </span>
    </p>
   </div>
   <div class='ocr_carea' id='block_1_72' title="bbox 203 3994 1867 4069">
    <p class='ocr_par' dir='ltr' id='par_1_72' title="bbox 203 3994 1867 4069">
     <span class='ocr_line' id='line_1_74' title="bbox 203 3994 1867 4069; baseline 0.001 -17"><span class='ocrx_word' id='word_1_494' title='bbox 203 3996 424 4052; x_wconf 85' lang='lat' dir='ltr'><strong>debere</strong></span> <span class='ocrx_word' id='word_1_495' title='bbox 456 4011 573 4050; x_wconf 93' lang='lat' dir='ltr'><strong>non</strong></span> <span class='ocrx_word' id='word_1_496' title='bbox 600 3994 803 4051; x_wconf 88' lang='lat' dir='ltr'><strong>dubito</strong></span> <span class='ocrx_word' id='word_1_497' title='bbox 832 4012 900 4051; x_wconf 90' lang='lat' dir='ltr'><strong>ea</strong></span> <span class='ocrx_word' id='word_1_498' title='bbox 915 4011 1042 4068; x_wconf 68' lang='lat' dir='ltr'><strong>quae</strong></span> <span class='ocrx_word' id='word_1_499' title='bbox 1063 3996 1189 4068; x_wconf 89' lang='lat' dir='ltr'><strong>ipse</strong></span> <span class='ocrx_word' id='word_1_500' title='bbox 1217 3996 1511 4052; x_wconf 78' lang='lat' dir='ltr'><strong>Goﬁ&#39;ridus</strong></span> <span class='ocrx_word' id='word_1_501' title='bbox 1538 3996 1774 4069; x_wconf 88' lang='lat' dir='ltr'><strong>scripsit</strong></span> <span class='ocrx_word' id='word_1_502' title='bbox 1796 3997 1867 4053; x_wconf 84' lang='lat' dir='ltr'><strong>de</strong></span> 
     </span>
    </p>
   </div>
   <div class='ocr_carea' id='block_1_73' title="bbox 204 4082 1869 4157">
    <p class='ocr_par' dir='ltr' id='par_1_73' title="bbox 204 4082 1869 4157">
     <span class='ocr_line' id='line_1_75' title="bbox 204 4082 1869 4157; baseline 0.001 -17"><span class='ocrx_word' id='word_1_503' title='bbox 204 4085 310 4140; x_wconf 87' lang='lat' dir='ltr'><strong>illa</strong></span> <span class='ocrx_word' id='word_1_504' title='bbox 340 4084 716 4140; x_wconf 88' lang='lat' dir='ltr'><strong>accusatione</strong></span> <span class='ocrx_word' id='word_1_505' title='bbox 744 4082 894 4140; x_wconf 90' lang='lat' dir='ltr'><strong>libro</strong></span> <span class='ocrx_word' id='word_1_506' title='bbox 924 4102 984 4152; x_wconf 79' lang='grc' dir='ltr'><strong>ιι,</strong></span> <span class='ocrx_word' id='word_1_507' title='bbox 1028 4084 1198 4157; x_wconf 88' lang='lat' dir='ltr'><strong>epist.</strong></span> <span class='ocrx_word' id='word_1_508' title='bbox 1254 4086 1339 4152; x_wconf 90' lang='grc'><strong>18,</strong></span> <span class='ocrx_word' id='word_1_509' title='bbox 1374 4085 1659 4157; x_wconf 87' lang='lat' dir='ltr'><strong>quidquid</strong></span> <span class='ocrx_word' id='word_1_510' title='bbox 1713 4086 1869 4141; x_wconf 90' lang='lat' dir='ltr'><strong>dicat</strong></span> 
     </span>
    </p>
   </div>
   <div class='ocr_carea' id='block_1_74' title="bbox 205 4172 1864 4244">
    <p class='ocr_par' dir='ltr' id='par_1_74' title="bbox 205 4172 1864 4244">
     <span class='ocr_line' id='line_1_76' title="bbox 205 4172 1864 4244; baseline 0 -15"><span class='ocrx_word' id='word_1_511' title='bbox 205 4172 588 4229; x_wconf 88' lang='lat' dir='ltr'><strong>Sirmondus.</strong></span> <span class='ocrx_word' id='word_1_512' title='bbox 622 4172 1203 4244; x_wconf 88' lang='lat' dir='ltr'><strong>quihancepistolam</strong></span> <span class='ocrx_word' id='word_1_513' title='bbox 1236 4173 1307 4229; x_wconf 90' lang='lat' dir='ltr'><strong>ad</strong></span> <span class='ocrx_word' id='word_1_514' title='bbox 1340 4173 1640 4229; x_wconf 89' lang='lat' dir='ltr'><strong>Paschalis</strong></span> <span class='ocrx_word' id='word_1_515' title='bbox 1662 4175 1864 4229; x_wconf 84' lang='lat' dir='ltr'><strong>litem-</strong></span> 
     </span>
    </p>
   </div>
   <div class='ocr_carea' id='block_1_75' title="bbox 206 4259 1867 4334">
    <p class='ocr_par' dir='ltr' id='par_1_75' title="bbox 206 4259 1867 4334">
     <span class='ocr_line' id='line_1_77' title="bbox 206 4259 1867 4334; baseline 0.002 -19"><span class='ocrx_word' id='word_1_516' title='bbox 206 4278 323 4334; x_wconf 87' lang='lat' dir='ltr'><strong>pus</strong></span> <span class='ocrx_word' id='word_1_517' title='bbox 357 4259 655 4331; x_wconf 87' lang='lat' dir='ltr'><strong>pertinere</strong></span> <span class='ocrx_word' id='word_1_518' title='bbox 678 4260 737 4314; x_wconf 91' lang='lat' dir='ltr'><strong>in</strong></span> <span class='ocrx_word' id='word_1_519' title='bbox 770 4261 895 4317; x_wconf 89' lang='lat' dir='ltr'><strong>suis</strong></span> <span class='ocrx_word' id='word_1_520' title='bbox 926 4261 1079 4317; x_wconf 89' lang='lat' dir='ltr'><strong>notis</strong></span> <span class='ocrx_word' id='word_1_521' title='bbox 1109 4261 1424 4317; x_wconf 89' lang='lat' dir='ltr'><strong>contendit.</strong></span> <span class='ocrx_word' id='word_1_522' title='bbox 1462 4266 1623 4317; x_wconf 89' lang='lat' dir='ltr'><strong>Certe</strong></span> <span class='ocrx_word' id='word_1_523' title='bbox 1652 4262 1701 4317; x_wconf 91' lang='lat' dir='ltr'><strong>si</strong></span> <span class='ocrx_word' id='word_1_524' title='bbox 1747 4263 1867 4319; x_wconf 68' lang='lat' dir='ltr'><strong>hanc</strong></span> 
     </span>
    </p>
   </div>
   <div class='ocr_carea' id='block_1_76' title="bbox 208 4348 1869 4422">
    <p class='ocr_par' dir='ltr' id='par_1_76' title="bbox 208 4348 1869 4422">
     <span class='ocr_line' id='line_1_78' title="bbox 208 4348 1869 4422; baseline 0.001 -16"><span class='ocrx_word' id='word_1_525' title='bbox 208 4348 458 4406; x_wconf 80' lang='lat' dir='ltr'><strong>Gotfridi</strong></span> <span class='ocrx_word' id='word_1_526' title='bbox 492 4348 737 4421; x_wconf 90' lang='lat' dir='ltr'><strong>epistola</strong></span> <span class='ocrx_word' id='word_1_527' title='bbox 766 4348 943 4404; x_wconf 89' lang='lat' dir='ltr'><strong>simul</strong></span> <span class='ocrx_word' id='word_1_528' title='bbox 974 4349 1308 4405; x_wconf 87' lang='lat' dir='ltr'><strong>conferatur</strong></span> <span class='ocrx_word' id='word_1_529' title='bbox 1335 4366 1469 4406; x_wconf 90' lang='lat' dir='ltr'><strong>cum</strong></span> <span class='ocrx_word' id='word_1_530' title='bbox 1509 4350 1757 4422; x_wconf 89' lang='lat' dir='ltr'><strong>epistola</strong></span> <span class='ocrx_word' id='word_1_531' title='bbox 1799 4353 1869 4407; x_wconf 90' lang='lat'>67</span> 
     </span>
    </p>
   </div>
   <div class='ocr_carea' id='block_1_77' title="bbox 208 4436 1869 4511">
    <p class='ocr_par' dir='ltr' id='par_1_77' title="bbox 208 4436 1869 4511">
     <span class='ocr_line' id='line_1_79' title="bbox 208 4436 1869 4511; baseline 0.002 -18"><span class='ocrx_word' id='word_1_532' title='bbox 208 4436 405 4494; x_wconf 81' lang='lat' dir='ltr'><strong>Ivonis</strong></span> <span class='ocrx_word' id='word_1_533' title='bbox 436 4438 512 4492; x_wconf 87' lang='lat' dir='ltr'><strong>ad</strong></span> <span class='ocrx_word' id='word_1_534' title='bbox 535 4437 833 4493; x_wconf 90' lang='lat' dir='ltr'><strong>Urbanum</strong></span> <span class='ocrx_word' id='word_1_535' title='bbox 856 4438 1050 4510; x_wconf 91' lang='lat' dir='ltr'><strong>ipsum</strong></span> <span class='ocrx_word' id='word_1_536' title='bbox 1075 4438 1239 4493; x_wconf 88' lang='lat' dir='ltr'><strong>initio</strong></span> <span class='ocrx_word' id='word_1_537' title='bbox 1253 4438 1389 4493; x_wconf 88' lang='lat' dir='ltr'><strong>anni</strong></span> <span class='ocrx_word' id='word_1_538' title='bbox 1421 4439 1869 4511; x_wconf 88' lang='lat' dir='ltr'><strong>sequentisscri-</strong></span> 
     </span>
    </p>
   </div>
   <div class='ocr_carea' id='block_1_78' title="bbox 1977 3287 3629 3364">
    <p class='ocr_par' dir='ltr' id='par_1_78' title="bbox 1977 3287 3629 3364">
     <span class='ocr_line' id='line_1_80' title="bbox 1977 3287 3629 3364; baseline 0.003 -22"><span class='ocrx_word' id='word_1_539' title='bbox 1977 3288 2116 3343; x_wconf 85' lang='grc'><strong>1098</strong></span> <span class='ocrx_word' id='word_1_540' title='bbox 2145 3293 2299 3344; x_wconf 89' lang='lat' dir='ltr'><strong>certo</strong></span> <span class='ocrx_word' id='word_1_541' title='bbox 2330 3287 2525 3361; x_wconf 89' lang='lat' dir='ltr'><strong>colligi</strong></span> <span class='ocrx_word' id='word_1_542' title='bbox 2574 3291 2784 3359; x_wconf 89' lang='lat' dir='ltr'><strong>potest.</strong></span> <span class='ocrx_word' id='word_1_543' title='bbox 2847 3288 3064 3360; x_wconf 81' lang='lat' dir='ltr'><strong>Regem</strong></span> <span class='ocrx_word' id='word_1_544' title='bbox 3120 3305 3254 3345; x_wconf 92' lang='lat' dir='ltr'><strong>vero</strong></span> <span class='ocrx_word' id='word_1_545' title='bbox 3287 3290 3337 3346; x_wconf 92' lang='lat' dir='ltr'><strong>ei</strong></span> <span class='ocrx_word' id='word_1_546' title='bbox 3388 3307 3503 3346; x_wconf 92' lang='lat' dir='ltr'><strong>non</strong></span> <span class='ocrx_word' id='word_1_547' title='bbox 3532 3309 3629 3364; x_wconf 84' lang='lat' dir='ltr'><strong>pa-</strong></span> 
     </span>
    </p>
   </div>
   <div class='ocr_carea' id='block_1_79' title="bbox 1975 3376 3625 3451">
    <p class='ocr_par' dir='ltr' id='par_1_79' title="bbox 1975 3376 3625 3451">
     <span class='ocr_line' id='line_1_81' title="bbox 1975 3376 3625 3451; baseline 0.002 -20"><span class='ocrx_word' id='word_1_548' title='bbox 1975 3377 2164 3433; x_wconf 89' lang='lat' dir='ltr'><strong>ruisse</strong></span> <span class='ocrx_word' id='word_1_549' title='bbox 2193 3376 2477 3432; x_wconf 88' lang='lat' dir='ltr'><strong>discimus</strong></span> <span class='ocrx_word' id='word_1_550' title='bbox 2508 3393 2641 3431; x_wconf 89' lang='lat' dir='ltr'><strong>cum</strong></span> <span class='ocrx_word' id='word_1_551' title='bbox 2674 3393 2740 3431; x_wconf 86' lang='lat' dir='ltr'><strong>ex</strong></span> <span class='ocrx_word' id='word_1_552' title='bbox 2782 3376 3061 3448; x_wconf 73' lang='lat' dir='ltr'><strong>praedicta</strong></span> <span class='ocrx_word' id='word_1_553' title='bbox 3112 3376 3304 3432; x_wconf 88' lang='lat' dir='ltr'><strong>Ivonis</strong></span> <span class='ocrx_word' id='word_1_554' title='bbox 3357 3378 3625 3451; x_wconf 89' lang='lat' dir='ltr'><strong>epistola,</strong></span> 
     </span>
    </p>
   </div>
   <div class='ocr_carea' id='block_1_80' title="bbox 1974 3464 3620 3540">
    <p class='ocr_par' dir='ltr' id='par_1_80' title="bbox 1974 3464 3620 3540">
     <span class='ocr_line' id='line_1_82' title="bbox 1974 3464 3620 3540; baseline 0.002 -20"><span class='ocrx_word' id='word_1_555' title='bbox 1974 3470 2097 3520; x_wconf 90' lang='lat' dir='ltr'><strong>tum</strong></span> <span class='ocrx_word' id='word_1_556' title='bbox 2131 3481 2199 3520; x_wconf 86' lang='lat' dir='ltr'><strong>ex</strong></span> <span class='ocrx_word' id='word_1_557' title='bbox 2228 3465 2299 3521; x_wconf 90' lang='lat' dir='ltr'><strong>iis</strong></span> <span class='ocrx_word' id='word_1_558' title='bbox 2330 3483 2457 3537; x_wconf 67' lang='lat' dir='ltr'><strong>qua:</strong></span> <span class='ocrx_word' id='word_1_559' title='bbox 2489 3464 2546 3519; x_wconf 88' lang='lat' dir='ltr'><strong>in</strong></span> <span class='ocrx_word' id='word_1_560' title='bbox 2579 3464 2821 3520; x_wconf 86' lang='lat' dir='ltr'><strong>concilio</strong></span> <span class='ocrx_word' id='word_1_561' title='bbox 2854 3464 3194 3521; x_wconf 89' lang='lat' dir='ltr'><strong>Pictaviensi</strong></span> <span class='ocrx_word' id='word_1_562' title='bbox 3228 3470 3427 3538; x_wconf 88' lang='lat' dir='ltr'><strong>postea</strong></span> <span class='ocrx_word' id='word_1_563' title='bbox 3457 3471 3620 3540; x_wconf 90' lang='lat' dir='ltr'><strong>gesta</strong></span> 
     </span>
    </p>
   </div>
   <div class='ocr_carea' id='block_1_81' title="bbox 1975 3552 3626 3629">
    <p class='ocr_par' dir='ltr' id='par_1_81' title="bbox 1975 3552 3626 3629">
     <span class='ocr_line' id='line_1_83' title="bbox 1975 3552 3626 3629; baseline 0.001 -17"><span class='ocrx_word' id='word_1_564' title='bbox 1975 3560 2132 3612; x_wconf 86' lang='lat' dir='ltr'><strong>sunt.</strong></span> <span class='ocrx_word' id='word_1_565' title='bbox 2166 3558 2326 3609; x_wconf 87' lang='lat' dir='ltr'><strong>Certe</strong></span> <span class='ocrx_word' id='word_1_566' title='bbox 2360 3554 2688 3625; x_wconf 88' lang='lat' dir='ltr'><strong>frequentes</strong></span> <span class='ocrx_word' id='word_1_567' title='bbox 2703 3552 2881 3609; x_wconf 82' lang='lat' dir='ltr'><strong>fuisse</strong></span> <span class='ocrx_word' id='word_1_568' title='bbox 2896 3552 3148 3627; x_wconf 89' lang='lat' dir='ltr'><strong>Philippi</strong></span> <span class='ocrx_word' id='word_1_569' title='bbox 3174 3554 3328 3627; x_wconf 88' lang='lat' dir='ltr'><strong>regis</strong></span> <span class='ocrx_word' id='word_1_570' title='bbox 3354 3555 3557 3629; x_wconf 91' lang='lat' dir='ltr'><strong>lapsus</strong></span> <span class='ocrx_word' id='word_1_571' title='bbox 3569 3560 3626 3613; x_wconf 88' lang='lat' dir='ltr'><strong>et</strong></span> 
     </span>
    </p>
   </div>
   <div class='ocr_carea' id='block_1_82' title="bbox 1976 3642 3625 3718">
    <p class='ocr_par' dir='ltr' id='par_1_82' title="bbox 1976 3642 3625 3718">
     <span class='ocr_line' id='line_1_84' title="bbox 1976 3642 3625 3718; baseline 0.002 -19"><span class='ocrx_word' id='word_1_572' title='bbox 1976 3643 2241 3715; x_wconf 90' lang='lat' dir='ltr'><strong>relapsus</strong></span> <span class='ocrx_word' id='word_1_573' title='bbox 2270 3642 2547 3698; x_wconf 87' lang='lat' dir='ltr'><strong>indicavit</strong></span> <span class='ocrx_word' id='word_1_574' title='bbox 2593 3643 2909 3698; x_wconf 73' lang='lat' dir='ltr'><strong>Guibertu:=</strong></span> <span class='ocrx_word' id='word_1_575' title='bbox 2941 3642 3044 3699; x_wconf 91' lang='lat' dir='ltr'><strong>lib.</strong></span> <span class='ocrx_word' id='word_1_576' title='bbox 3079 3660 3100 3698; x_wconf 82' lang='lat'><strong>1</strong></span> <span class='ocrx_word' id='word_1_577' title='bbox 3132 3644 3207 3700; x_wconf 91' lang='lat' dir='ltr'><strong>De</strong></span> <span class='ocrx_word' id='word_1_578' title='bbox 3255 3644 3625 3718; x_wconf 89' lang='lat' dir='ltr'><strong>pignoribus,</strong></span> 
     </span>
    </p>
   </div>
   <div class='ocr_carea' id='block_1_83' title="bbox 1975 3731 3631 3806">
    <p class='ocr_par' dir='ltr' id='par_1_83' title="bbox 1975 3731 3631 3806">
     <span class='ocr_line' id='line_1_85' title="bbox 1975 3731 3631 3806; baseline 0.004 -19"><span class='ocrx_word' id='word_1_579' title='bbox 1975 3750 2077 3792; x_wconf 92' lang='lat' dir='ltr'><strong>ss..</strong></span> <span class='ocrx_word' id='word_1_580' title='bbox 2112 3749 2238 3804; x_wconf 88' lang='lat' dir='ltr'><strong>cap.</strong></span> <span class='ocrx_word' id='word_1_581' title='bbox 2274 3733 2323 3799; x_wconf 91' lang='grc'><strong>1,</strong></span> <span class='ocrx_word' id='word_1_582' title='bbox 2355 3731 2453 3786; x_wconf 91' lang='lat' dir='ltr'><strong>ubi</strong></span> <span class='ocrx_word' id='word_1_583' title='bbox 2484 3732 3103 3805; x_wconf 86' lang='lat' dir='ltr'><strong>obscrvatPhilippum</strong></span> <span class='ocrx_word' id='word_1_584' title='bbox 3121 3748 3315 3806; x_wconf 88' lang='lat' dir='ltr'><strong>regem</strong></span> <span class='ocrx_word' id='word_1_585' title='bbox 3347 3735 3631 3793; x_wconf 79' lang='lat' dir='ltr'><strong>curanda~</strong></span> 
     </span>
    </p>
   </div>
   <div class='ocr_carea' id='block_1_84' title="bbox 1975 3820 3628 3895">
    <p class='ocr_par' dir='ltr' id='par_1_84' title="bbox 1975 3820 3628 3895">
     <span class='ocr_line' id='line_1_86' title="bbox 1975 3820 3628 3895; baseline 0.001 -18"><span class='ocrx_word' id='word_1_586' title='bbox 1975 3822 2180 3877; x_wconf 91' lang='lat' dir='ltr'><strong>darum</strong></span> <span class='ocrx_word' id='word_1_587' title='bbox 2236 3820 2558 3891; x_wconf 80' lang='lat' dir='ltr'><strong>scopharum</strong></span> <span class='ocrx_word' id='word_1_588' title='bbox 2611 3823 2757 3877; x_wconf 85' lang='lat' dir='ltr'><strong>circa</strong></span> <span class='ocrx_word' id='word_1_589' title='bbox 2802 3821 3071 3893; x_wconf 79' lang='lat' dir='ltr'><strong>jugulum</strong></span> <span class='ocrx_word' id='word_1_590' title='bbox 3127 3820 3497 3895; x_wconf 84' lang='lat' dir='ltr'><strong>privilegium</strong></span> <span class='ocrx_word' id='word_1_591' title='bbox 3554 3823 3628 3879; x_wconf 93' lang='lat' dir='ltr'><strong>ob</strong></span> 
     </span>
    </p>
   </div>
   <div class='ocr_carea' id='block_1_85' title="bbox 1973 3909 3623 3982">
    <p class='ocr_par' dir='ltr' id='par_1_85' title="bbox 1973 3909 3623 3982">
     <span class='ocr_line' id='line_1_87' title="bbox 1973 3909 3623 3982; baseline 0.001 -18"><span class='ocrx_word' id='word_1_592' title='bbox 1973 3909 2297 3965; x_wconf 88' lang='lat' dir='ltr'><strong>incidentes</strong></span> <span class='ocrx_word' id='word_1_593' title='bbox 2329 3909 2533 3980; x_wconf 91' lang='lat' dir='ltr'><strong>culpas</strong></span> <span class='ocrx_word' id='word_1_594' title='bbox 2563 3910 2852 3978; x_wconf 86' lang='lat' dir='ltr'><strong>amisisse,</strong></span> <span class='ocrx_word' id='word_1_595' title='bbox 2882 3926 2998 3980; x_wconf 91' lang='lat' dir='ltr'><strong>quo</strong></span> <span class='ocrx_word' id='word_1_596' title='bbox 3031 3909 3359 3965; x_wconf 89' lang='lat' dir='ltr'><strong>Ludovicus</strong></span> <span class='ocrx_word' id='word_1_597' title='bbox 3396 3911 3472 3965; x_wconf 89' lang='lat' dir='ltr'><strong>Vl</strong></span> <span class='ocrx_word' id='word_1_598' title='bbox 3495 3911 3623 3982; x_wconf 91' lang='lat' dir='ltr'><strong>ejus</strong></span> 
     </span>
    </p>
   </div>
   <div class='ocr_carea' id='block_1_86' title="bbox 1975 3995 3496 4068">
    <p class='ocr_par' dir='ltr' id='par_1_86' title="bbox 1975 3995 3496 4068">
     <span class='ocr_line' id='line_1_88' title="bbox 1975 3995 3496 4068; baseline 0.001 -16"><span class='ocrx_word' id='word_1_599' title='bbox 1975 3997 2155 4066; x_wconf 88' lang='lat' dir='ltr'><strong>ﬁlius,</strong></span> <span class='ocrx_word' id='word_1_600' title='bbox 2192 3996 2452 4051; x_wconf 87' lang='lat' dir='ltr'><strong>adhibito</strong></span> <span class='ocrx_word' id='word_1_601' title='bbox 2502 3997 2692 4052; x_wconf 89' lang='lat' dir='ltr'><strong>crucis</strong></span> <span class='ocrx_word' id='word_1_602' title='bbox 2724 3997 2911 4068; x_wconf 86' lang='lat' dir='ltr'><strong>signo,</strong></span> <span class='ocrx_word' id='word_1_603' title='bbox 2947 3995 3170 4068; x_wconf 89' lang='lat' dir='ltr'><strong>passim</strong></span> <span class='ocrx_word' id='word_1_604' title='bbox 3201 3996 3496 4054; x_wconf 88' lang='lat' dir='ltr'><strong>utebatur.</strong></span> 
     </span>
    </p>
   </div>
   <div class='ocr_carea' id='block_1_87' title="bbox 2203 4084 3392 4156">
    <p class='ocr_par' dir='ltr' id='par_1_87' title="bbox 2203 4084 3392 4156">
     <span class='ocr_line' id='line_1_89' title="bbox 2203 4084 3392 4156; baseline 0 -17"><span class='ocrx_word' id='word_1_605' title='bbox 2203 4084 2526 4139; x_wconf 81' lang='lat' dir='ltr'><strong>CCCXXXI.</strong></span> <span class='ocrx_word' id='word_1_606' title='bbox 2560 4086 2923 4155; x_wconf 74' lang='lat' dir='ltr'><strong>Pricilcgium</strong></span> <span class='ocrx_word' id='word_1_607' title='bbox 2950 4085 3007 4139; x_wconf 90' lang='lat' dir='ltr'><strong>S.</strong></span> <span class='ocrx_word' id='word_1_608' title='bbox 3044 4084 3392 4156; x_wconf 80' lang='lat' dir='ltr'><strong>Cucuphatis.</strong></span> 
     </span>
    </p>
   </div>
   <div class='ocr_carea' id='block_1_88' title="bbox 2048 4170 3624 4245">
    <p class='ocr_par' dir='ltr' id='par_1_88' title="bbox 2048 4170 3624 4245">
     <span class='ocr_line' id='line_1_90' title="bbox 2048 4170 3624 4245; baseline 0.002 -17"><span class='ocrx_word' id='word_1_609' title='bbox 2048 4173 2147 4229; x_wconf 91' lang='lat' dir='ltr'><strong>Die</strong></span> <span class='ocrx_word' id='word_1_610' title='bbox 2176 4172 2366 4245; x_wconf 90' lang='lat' dir='ltr'><strong>prima</strong></span> <span class='ocrx_word' id='word_1_611' title='bbox 2396 4170 2729 4227; x_wconf 85' lang='lat' dir='ltr'><strong>Decembris</strong></span> <span class='ocrx_word' id='word_1_612' title='bbox 2758 4172 2938 4242; x_wconf 90' lang='lat' dir='ltr'><strong>hujus</strong></span> <span class='ocrx_word' id='word_1_613' title='bbox 2969 4173 3105 4228; x_wconf 90' lang='lat' dir='ltr'><strong>anni</strong></span> <span class='ocrx_word' id='word_1_614' title='bbox 3137 4173 3424 4230; x_wconf 89' lang='lat' dir='ltr'><strong>concessit</strong></span> <span class='ocrx_word' id='word_1_615' title='bbox 3444 4174 3624 4231; x_wconf 79' lang='lat' dir='ltr'><strong>Urba-</strong></span> 
     </span>
    </p>
   </div>
   <div class='ocr_carea' id='block_1_89' title="bbox 1976 4259 3627 4334">
    <p class='ocr_par' dir='ltr' id='par_1_89' title="bbox 1976 4259 3627 4334">
     <span class='ocr_line' id='line_1_91' title="bbox 1976 4259 3627 4334; baseline -0.001 -14"><span class='ocrx_word' id='word_1_616' title='bbox 1976 4280 2090 4319; x_wconf 91' lang='lat' dir='ltr'><strong>nus</strong></span> <span class='ocrx_word' id='word_1_617' title='bbox 2103 4262 2332 4334; x_wconf 83' lang='lat' dir='ltr'><strong>insigne</strong></span> <span class='ocrx_word' id='word_1_618' title='bbox 2345 4259 2708 4332; x_wconf 89' lang='lat' dir='ltr'><strong>privilegium</strong></span> <span class='ocrx_word' id='word_1_619' title='bbox 2723 4260 3074 4317; x_wconf 87' lang='lat' dir='ltr'><strong>monasterio</strong></span> <span class='ocrx_word' id='word_1_620' title='bbox 3092 4261 3418 4319; x_wconf 90' lang='lat' dir='ltr'><strong>Octaviensi</strong></span> <span class='ocrx_word' id='word_1_621' title='bbox 3432 4263 3627 4319; x_wconf 86' lang='lat' dir='ltr'><strong>Sancti</strong></span> 
     </span>
    </p>
   </div>
   <div class='ocr_carea' id='block_1_90' title="bbox 1978 4336 3653 4425">
    <p class='ocr_par' dir='ltr' id='par_1_90' title="bbox 1978 4336 3653 4425">
     <span class='ocr_line' id='line_1_92' title="bbox 1978 4336 3653 4425; baseline 0.002 -18"><span class='ocrx_word' id='word_1_622' title='bbox 1978 4350 2332 4424; x_wconf 88' lang='lat' dir='ltr'><strong>Cucuphatis</strong></span> <span class='ocrx_word' id='word_1_623' title='bbox 2363 4365 2540 4422; x_wconf 89' lang='lat' dir='ltr'><strong>prope</strong></span> <span class='ocrx_word' id='word_1_624' title='bbox 2571 4349 2972 4419; x_wconf 88' lang='lat' dir='ltr'><strong>Barcinonem,</strong></span> <span class='ocrx_word' id='word_1_625' title='bbox 3006 4350 3063 4405; x_wconf 92' lang='lat' dir='ltr'><strong>in</strong></span> <span class='ocrx_word' id='word_1_626' title='bbox 3088 4367 3205 4423; x_wconf 89' lang='lat' dir='ltr'><strong>quo</strong></span> <span class='ocrx_word' id='word_1_627' title='bbox 3237 4350 3481 4424; x_wconf 78' lang='lat' dir='ltr'><strong>singulae</strong></span> <span class='ocrx_word' id='word_1_628' title='bbox 3500 4336 3653 4425; x_wconf 37' lang='lat' dir='ltr'><strong>ejus,</strong></span> 
     </span>
    </p>
   </div>
   <div class='ocr_carea' id='block_1_91' title="bbox 1977 4439 2938 4513">
    <p class='ocr_par' dir='ltr' id='par_1_91' title="bbox 1977 4439 2938 4513">
     <span class='ocr_line' id='line_1_93' title="bbox 1977 4439 2938 4513; baseline -0.003 -17"><span class='ocrx_word' id='word_1_629' title='bbox 1977 4440 2086 4496; x_wconf 91' lang='lat' dir='ltr'><strong>loci</strong></span> <span class='ocrx_word' id='word_1_630' title='bbox 2110 4439 2510 4513; x_wconf 88' lang='lat' dir='ltr'><strong>possessiones</strong></span> <span class='ocrx_word' id='word_1_631' title='bbox 2544 4442 2938 4494; x_wconf 84' lang='lat' dir='ltr'><strong>recensentur.</strong></span> 
     </span>
    </p>
   </div>
   <div class='ocr_carea' id='block_1_92' title="bbox 206 4525 3631 4611">
    <p class='ocr_par' dir='ltr' id='par_1_92' title="bbox 206 4525 3631 4611">
     <span class='ocr_line' id='line_1_94' title="bbox 206 4525 3631 4611; baseline 0.002 -30"><span class='ocrx_word' id='word_1_632' title='bbox 206 4531 333 4598; x_wconf 85' lang='lat' dir='ltr'><strong>pta,</strong></span> <span class='ocrx_word' id='word_1_633' title='bbox 368 4541 669 4582; x_wconf 86' lang='lat' dir='ltr'><strong>nemonon</strong></span> <span class='ocrx_word' id='word_1_634' title='bbox 685 4527 965 4594; x_wconf 79' lang='lat' dir='ltr'><strong>advertat,</strong></span> <span class='ocrx_word' id='word_1_635' title='bbox 989 4530 1054 4582; x_wconf 92' lang='lat' dir='ltr'><strong>ut</strong></span> <span class='ocrx_word' id='word_1_636' title='bbox 1086 4526 1323 4599; x_wconf 88' lang='lat' dir='ltr'><strong>quidem</strong></span> <span class='ocrx_word' id='word_1_637' title='bbox 1343 4527 1489 4582; x_wconf 87' lang='lat' dir='ltr'><strong>mihi</strong></span> <span class='ocrx_word' id='word_1_638' title='bbox 1521 4545 1865 4600; x_wconf 90' lang='lat' dir='ltr'><strong>persuasum</strong></span> <span class='ocrx_word' id='word_1_639' title='bbox 1898 4547 1945 4611; x_wconf 70' lang='grc' dir='ltr'>Β</span> <span class='ocrx_word' id='word_1_640' title='bbox 2050 4530 2184 4585; x_wconf 89' lang='lat' dir='ltr'><strong>Post</strong></span> <span class='ocrx_word' id='word_1_641' title='bbox 2205 4527 2565 4599; x_wconf 85' lang='lat' dir='ltr'><strong>aliquotdies</strong></span> <span class='ocrx_word' id='word_1_642' title='bbox 2579 4525 2735 4581; x_wconf 87' lang='lat' dir='ltr'><strong>aliud</strong></span> <span class='ocrx_word' id='word_1_643' title='bbox 2756 4526 3107 4600; x_wconf 88' lang='lat' dir='ltr'><strong>rescriptum</strong></span> <span class='ocrx_word' id='word_1_644' title='bbox 3128 4529 3280 4601; x_wconf 92' lang='lat' dir='ltr'><strong>quod</strong></span> <span class='ocrx_word' id='word_1_645' title='bbox 3299 4529 3425 4601; x_wconf 88' lang='lat' dir='ltr'><strong>jam</strong></span> <span class='ocrx_word' id='word_1_646' title='bbox 3477 4547 3631 4604; x_wconf 66' lang='lat' dir='ltr'><strong>saepe</strong></span> 
     </span>
    </p>
   </div>
   <div class='ocr_carea' id='block_1_93' title="bbox 205 4615 1862 4689">
    <p class='ocr_par' dir='ltr' id='par_1_93' title="bbox 205 4615 1862 4689">
     <span class='ocr_line' id='line_1_95' title="bbox 205 4615 1862 4689; baseline 0.001 -18"><span class='ocrx_word' id='word_1_647' title='bbox 205 4620 319 4679; x_wconf 84' lang='lat' dir='ltr'><strong>est,</strong></span> <span class='ocrx_word' id='word_1_648' title='bbox 356 4619 670 4687; x_wconf 90' lang='lat' dir='ltr'><strong>utramque</strong></span> <span class='ocrx_word' id='word_1_649' title='bbox 692 4616 762 4671; x_wconf 90' lang='lat' dir='ltr'><strong>ad</strong></span> <span class='ocrx_word' id='word_1_650' title='bbox 782 4632 967 4671; x_wconf 90' lang='lat' dir='ltr'><strong>unum</strong></span> <span class='ocrx_word' id='word_1_651' title='bbox 998 4615 1221 4670; x_wconf 90' lang='lat' dir='ltr'><strong>etidem</strong></span> <span class='ocrx_word' id='word_1_652' title='bbox 1238 4615 1537 4688; x_wconf 84' lang='lat' dir='ltr'><strong>negotium</strong></span> <span class='ocrx_word' id='word_1_653' title='bbox 1555 4617 1862 4689; x_wconf 88' lang='lat' dir='ltr'><strong>pertinere.</strong></span> 
     </span>
    </p>
   </div>
   <div class='ocr_carea' id='block_1_94' title="bbox 207 4703 1866 4777">
    <p class='ocr_par' dir='ltr' id='par_1_94' title="bbox 207 4703 1866 4777">
     <span class='ocr_line' id='line_1_96' title="bbox 207 4703 1866 4777; baseline 0 -17"><span class='ocrx_word' id='word_1_654' title='bbox 207 4703 515 4760; x_wconf 85' lang='lat' dir='ltr'><strong>Goﬂ&#39;ridus</strong></span> <span class='ocrx_word' id='word_1_655' title='bbox 564 4719 773 4776; x_wconf 89' lang='lat' dir='ltr'><strong>nempe</strong></span> <span class='ocrx_word' id='word_1_656' title='bbox 801 4704 859 4759; x_wconf 91' lang='lat' dir='ltr'><strong>in</strong></span> <span class='ocrx_word' id='word_1_657' title='bbox 912 4722 1021 4761; x_wconf 89' lang='lat' dir='ltr'><strong>sua</strong></span> <span class='ocrx_word' id='word_1_658' title='bbox 1069 4703 1273 4760; x_wconf 89' lang='lat' dir='ltr'><strong>scribit</strong></span> <span class='ocrx_word' id='word_1_659' title='bbox 1317 4720 1379 4760; x_wconf 90' lang='lat' dir='ltr'><strong>se</strong></span> <span class='ocrx_word' id='word_1_660' title='bbox 1410 4721 1620 4777; x_wconf 89' lang='lat' dir='ltr'><strong>papam</strong></span> <span class='ocrx_word' id='word_1_661' title='bbox 1672 4706 1866 4761; x_wconf 59' lang='lat' dir='ltr'><strong>Roma</strong></span> 
     </span>
    </p>
   </div>
   <div class='ocr_carea' id='block_1_95' title="bbox 204 4790 1866 4864">
    <p class='ocr_par' dir='ltr' id='par_1_95' title="bbox 204 4790 1866 4864">
     <span class='ocr_line' id='line_1_97' title="bbox 204 4790 1866 4864; baseline 0.001 -17"><span class='ocrx_word' id='word_1_662' title='bbox 204 4790 531 4858; x_wconf 85' lang='lat' dir='ltr'><strong>invenisse,</strong></span> <span class='ocrx_word' id='word_1_663' title='bbox 561 4792 661 4864; x_wconf 86' lang='lat' dir='ltr'><strong>qui</strong></span> <span class='ocrx_word' id='word_1_664' title='bbox 692 4809 822 4848; x_wconf 89' lang='lat' dir='ltr'><strong>eam</strong></span> <span class='ocrx_word' id='word_1_665' title='bbox 862 4794 1068 4848; x_wconf 91' lang='lat' dir='ltr'><strong>urbem</strong></span> <span class='ocrx_word' id='word_1_666' title='bbox 1125 4796 1265 4847; x_wconf 90' lang='lat' dir='ltr'><strong>tunc</strong></span> <span class='ocrx_word' id='word_1_667' title='bbox 1294 4801 1344 4848; x_wconf 82' lang='lat' dir='ltr'><strong>et</strong></span> <span class='ocrx_word' id='word_1_668' title='bbox 1374 4794 1669 4848; x_wconf 76' lang='lat' dir='ltr'><strong>Romanam</strong></span> <span class='ocrx_word' id='word_1_669' title='bbox 1703 4796 1866 4848; x_wconf 79' lang='lat' dir='ltr'><strong>cccle-</strong></span> 
     </span>
    </p>
   </div>
   <div class='ocr_carea' id='block_1_96' title="bbox 207 4882 1869 4955">
    <p class='ocr_par' dir='ltr' id='par_1_96' title="bbox 207 4882 1869 4955">
     <span class='ocr_line' id='line_1_98' title="bbox 207 4882 1869 4955; baseline 0.001 -19"><span class='ocrx_word' id='word_1_670' title='bbox 207 4882 356 4936; x_wconf 80' lang='lat' dir='ltr'><strong>siam</strong></span> <span class='ocrx_word' id='word_1_671' title='bbox 383 4897 514 4936; x_wconf 84' lang='lat' dir='ltr'><strong>cum</strong></span> <span class='ocrx_word' id='word_1_672' title='bbox 540 4898 746 4950; x_wconf 79' lang='lat' dir='ltr'><strong>magna</strong></span> <span class='ocrx_word' id='word_1_673' title='bbox 773 4898 904 4953; x_wconf 84' lang='lat' dir='ltr'><strong>pace</strong></span> <span class='ocrx_word' id='word_1_674' title='bbox 932 4882 1239 4954; x_wconf 84' lang='lat' dir='ltr'><strong>possidebat</strong></span> <span class='ocrx_word' id='word_1_675' title='bbox 1267 4885 1322 4936; x_wconf 87' lang='lat' dir='ltr'><strong>et</strong></span> <span class='ocrx_word' id='word_1_676' title='bbox 1350 4898 1552 4953; x_wconf 81' lang='lat' dir='ltr'><strong>magna</strong></span> <span class='ocrx_word' id='word_1_677' title='bbox 1600 4883 1869 4955; x_wconf 83' lang='lat' dir='ltr'><strong>tranquil-</strong></span> 
     </span>
    </p>
   </div>
   <div class='ocr_carea' id='block_1_97' title="bbox 215 4968 1869 5042">
    <p class='ocr_par' dir='ltr' id='par_1_97' title="bbox 215 4968 1869 5042">
     <span class='ocr_line' id='line_1_99' title="bbox 215 4968 1869 5042; baseline 0.001 -18"><span class='ocrx_word' id='word_1_678' title='bbox 215 4970 391 5024; x_wconf 64' lang='lat' dir='ltr'><strong>litate.</strong></span> <span class='ocrx_word' id='word_1_679' title='bbox 422 4969 496 5024; x_wconf 88' lang='lat' dir='ltr'><strong>Et</strong></span> <span class='ocrx_word' id='word_1_680' title='bbox 524 4968 619 5026; x_wconf 89' lang='lat' dir='ltr'><strong>hic</strong></span> <span class='ocrx_word' id='word_1_681' title='bbox 651 4970 888 5042; x_wconf 90' lang='lat' dir='ltr'><strong>quidem</strong></span> <span class='ocrx_word' id='word_1_682' title='bbox 919 4974 1060 5026; x_wconf 91' lang='lat' dir='ltr'><strong>tunc</strong></span> <span class='ocrx_word' id='word_1_683' title='bbox 1090 4972 1214 5025; x_wconf 90' lang='lat' dir='ltr'><strong>erat</strong></span> <span class='ocrx_word' id='word_1_684' title='bbox 1242 4986 1436 5025; x_wconf 91' lang='lat' dir='ltr'><strong>rerum</strong></span> <span class='ocrx_word' id='word_1_685' title='bbox 1470 4973 1659 5027; x_wconf 88' lang='lat' dir='ltr'><strong>status</strong></span> <span class='ocrx_word' id='word_1_686' title='bbox 1674 4972 1869 5027; x_wconf 66' lang='lat' dir='ltr'><strong>Romae</strong></span> 
     </span>
    </p>
   </div>
   <div class='ocr_carea' id='block_1_98' title="bbox 213 5056 1866 5131">
    <p class='ocr_par' dir='ltr' id='par_1_98' title="bbox 213 5056 1866 5131">
     <span class='ocr_line' id='line_1_100' title="bbox 213 5056 1866 5131; baseline 0.001 -19"><span class='ocrx_word' id='word_1_687' title='bbox 213 5058 327 5113; x_wconf 81' lang='lat' dir='ltr'><strong>sub</strong></span> <span class='ocrx_word' id='word_1_688' title='bbox 364 5057 697 5125; x_wconf 87' lang='lat' dir='ltr'><strong>Urbano,ut</strong></span> <span class='ocrx_word' id='word_1_689' title='bbox 720 5058 846 5131; x_wconf 91' lang='lat' dir='ltr'><strong>ipse</strong></span> <span class='ocrx_word' id='word_1_690' title='bbox 858 5058 1166 5115; x_wconf 88' lang='lat' dir='ltr'><strong>Bertoldus</strong></span> <span class='ocrx_word' id='word_1_691' title='bbox 1178 5062 1235 5114; x_wconf 90' lang='lat' dir='ltr'><strong>et</strong></span> <span class='ocrx_word' id='word_1_692' title='bbox 1248 5056 1347 5114; x_wconf 90' lang='lat' dir='ltr'><strong>alii</strong></span> <span class='ocrx_word' id='word_1_693' title='bbox 1370 5056 1586 5114; x_wconf 89' lang='lat' dir='ltr'><strong>diserte</strong></span> <span class='ocrx_word' id='word_1_694' title='bbox 1607 5060 1866 5126; x_wconf 87' lang='lat' dir='ltr'><strong>tradunt,</strong></span> 
     </span>
    </p>
   </div>
   <div class='ocr_carea' id='block_1_99' title="bbox 212 5146 1868 5204">
    <p class='ocr_par' dir='ltr' id='par_1_99' title="bbox 212 5146 1868 5204">
     <span class='ocr_line' id='line_1_101' title="bbox 212 5146 1868 5204; baseline 0.001 -2"><span class='ocrx_word' id='word_1_695' title='bbox 212 5146 315 5202; x_wconf 85' lang='lat' dir='ltr'><strong>sed</strong></span> <span class='ocrx_word' id='word_1_696' title='bbox 350 5146 633 5203; x_wconf 88' lang='lat' dir='ltr'><strong>adversus</strong></span> <span class='ocrx_word' id='word_1_697' title='bbox 656 5147 886 5204; x_wconf 90' lang='lat' dir='ltr'><strong>Ivonem</strong></span> <span class='ocrx_word' id='word_1_698' title='bbox 917 5147 1068 5203; x_wconf 87' lang='lat' dir='ltr'><strong>male</strong></span> <span class='ocrx_word' id='word_1_699' title='bbox 1090 5147 1360 5203; x_wconf 79' lang='lat' dir='ltr'><strong>affectum</strong></span> <span class='ocrx_word' id='word_1_700' title='bbox 1389 5148 1691 5203; x_wconf 87' lang='lat' dir='ltr'><strong>occasione</strong></span> <span class='ocrx_word' id='word_1_701' title='bbox 1713 5148 1868 5204; x_wconf 87' lang='lat' dir='ltr'><strong>haud</strong></span> 
     </span>
    </p>
   </div>
   <div class='ocr_carea' id='block_1_100' title="bbox 214 5234 1870 5309">
    <p class='ocr_par' dir='ltr' id='par_1_100' title="bbox 214 5234 1870 5309">
     <span class='ocr_line' id='line_1_102' title="bbox 214 5234 1870 5309; baseline 0.002 -18"><span class='ocrx_word' id='word_1_702' title='bbox 214 5234 468 5291; x_wconf 85' lang='lat' dir='ltr'><strong>dubium</strong></span> <span class='ocrx_word' id='word_1_703' title='bbox 498 5236 789 5307; x_wconf 86' lang='lat' dir='ltr'><strong>primatus</strong></span> <span class='ocrx_word' id='word_1_704' title='bbox 844 5235 1272 5308; x_wconf 89' lang='lat' dir='ltr'><strong>Lugdunensis,</strong></span> <span class='ocrx_word' id='word_1_705' title='bbox 1333 5239 1398 5290; x_wconf 91' lang='lat' dir='ltr'><strong>ut</strong></span> <span class='ocrx_word' id='word_1_706' title='bbox 1428 5252 1497 5291; x_wconf 85' lang='lat' dir='ltr'><strong>ex</strong></span> <span class='ocrx_word' id='word_1_707' title='bbox 1541 5236 1614 5292; x_wconf 92' lang='lat' dir='ltr'><strong>iis</strong></span> <span class='ocrx_word' id='word_1_708' title='bbox 1652 5254 1779 5309; x_wconf 70' lang='lat' dir='ltr'><strong>quae</strong></span> <span class='ocrx_word' id='word_1_709' title='bbox 1811 5238 1870 5294; x_wconf 90' lang='lat' dir='ltr'><strong>in</strong></span> 
     </span>
    </p>
   </div>
   <div class='ocr_carea' id='block_1_101' title="bbox 211 5322 1869 5398">
    <p class='ocr_par' dir='ltr' id='par_1_101' title="bbox 211 5322 1869 5398">
     <span class='ocr_line' id='line_1_103' title="bbox 211 5322 1869 5398; baseline 0.001 -18"><span class='ocrx_word' id='word_1_710' title='bbox 211 5325 418 5381; x_wconf 82' lang='lat' dir='ltr'><strong>eadem</strong></span> <span class='ocrx_word' id='word_1_711' title='bbox 450 5322 702 5395; x_wconf 86' lang='lat' dir='ltr'><strong>epistola</strong></span> <span class='ocrx_word' id='word_1_712' title='bbox 721 5328 1050 5396; x_wconf 89' lang='lat' dir='ltr'><strong>sequuntur</strong></span> <span class='ocrx_word' id='word_1_713' title='bbox 1080 5323 1247 5380; x_wconf 84' lang='lat' dir='ltr'><strong>facile</strong></span> <span class='ocrx_word' id='word_1_714' title='bbox 1290 5323 1480 5398; x_wconf 84' lang='lat' dir='ltr'><strong>colligi</strong></span> <span class='ocrx_word' id='word_1_715' title='bbox 1512 5330 1719 5397; x_wconf 86' lang='lat' dir='ltr'><strong>potest.</strong></span> <span class='ocrx_word' id='word_1_716' title='bbox 1775 5328 1869 5383; x_wconf 91' lang='lat' dir='ltr'><strong>Ivo</strong></span> 
     </span>
    </p>
   </div>
   <div class='ocr_carea' id='block_1_102' title="bbox 209 5410 1869 5488">
    <p class='ocr_par' dir='ltr' id='par_1_102' title="bbox 209 5410 1869 5488">
     <span class='ocr_line' id='line_1_104' title="bbox 209 5410 1869 5488; baseline 0.002 -20"><span class='ocrx_word' id='word_1_717' title='bbox 209 5415 410 5469; x_wconf 83' lang='lat' dir='ltr'><strong>autem</strong></span> <span class='ocrx_word' id='word_1_718' title='bbox 425 5410 485 5466; x_wconf 93' lang='lat' dir='ltr'><strong>in</strong></span> <span class='ocrx_word' id='word_1_719' title='bbox 499 5410 751 5484; x_wconf 87' lang='lat' dir='ltr'><strong>epistola</strong></span> <span class='ocrx_word' id='word_1_720' title='bbox 760 5412 998 5469; x_wconf 89' lang='lat' dir='ltr'><strong>laudata</strong></span> <span class='ocrx_word' id='word_1_721' title='bbox 1016 5412 1097 5467; x_wconf 91' lang='lat' dir='ltr'><strong>ait</strong></span> <span class='ocrx_word' id='word_1_722' title='bbox 1111 5413 1331 5485; x_wconf 91' lang='lat' dir='ltr'><strong>pariter</strong></span> <span class='ocrx_word' id='word_1_723' title='bbox 1344 5430 1404 5469; x_wconf 89' lang='lat' dir='ltr'><strong>se</strong></span> <span class='ocrx_word' id='word_1_724' title='bbox 1419 5414 1710 5486; x_wconf 89' lang='lat' dir='ltr'><strong>accepisse</strong></span> <span class='ocrx_word' id='word_1_725' title='bbox 1729 5432 1869 5488; x_wconf 90' lang='lat' dir='ltr'><strong>pon-</strong></span> 
     </span>
    </p>
   </div>
   <div class='ocr_carea' id='block_1_103' title="bbox 204 5500 1867 5559">
    <p class='ocr_par' dir='ltr' id='par_1_103' title="bbox 204 5500 1867 5559">
     <span class='ocr_line' id='line_1_105' title="bbox 204 5500 1867 5559; baseline 0.002 -3"><span class='ocrx_word' id='word_1_726' title='bbox 204 5500 406 5557; x_wconf 87' lang='lat' dir='ltr'><strong>iﬁcem</strong></span> <span class='ocrx_word' id='word_1_727' title='bbox 472 5500 754 5557; x_wconf 87' lang='lat' dir='ltr'><strong>adversus</strong></span> <span class='ocrx_word' id='word_1_728' title='bbox 805 5518 868 5558; x_wconf 88' lang='lat' dir='ltr'><strong>se</strong></span> <span class='ocrx_word' id='word_1_729' title='bbox 926 5505 1286 5558; x_wconf 91' lang='lat' dir='ltr'><strong>commotum</strong></span> <span class='ocrx_word' id='word_1_730' title='bbox 1336 5502 1519 5558; x_wconf 84' lang='lat' dir='ltr'><strong>fuisse</strong></span> <span class='ocrx_word' id='word_1_731' title='bbox 1564 5504 1867 5559; x_wconf 90' lang='lat' dir='ltr'><strong>occasione</strong></span> 
     </span>
    </p>
   </div>
   <div class='ocr_carea' id='block_1_104' title="bbox 208 5589 1863 5665">
    <p class='ocr_par' dir='ltr' id='par_1_104' title="bbox 208 5589 1863 5665">
     <span class='ocr_line' id='line_1_106' title="bbox 208 5589 1863 5665; baseline 0.002 -18"><span class='ocrx_word' id='word_1_732' title='bbox 208 5590 591 5665; x_wconf 87' lang='lat' dir='ltr'><strong>qartumdam</strong></span> <span class='ocrx_word' id='word_1_733' title='bbox 619 5589 952 5648; x_wconf 86' lang='lat' dir='ltr'><strong>litterarum</strong></span> <span class='ocrx_word' id='word_1_734' title='bbox 982 5593 1153 5663; x_wconf 90' lang='lat' dir='ltr'><strong>(quas</strong></span> <span class='ocrx_word' id='word_1_735' title='bbox 1180 5590 1355 5648; x_wconf 89' lang='lat' dir='ltr'><strong>etiam</strong></span> <span class='ocrx_word' id='word_1_736' title='bbox 1388 5591 1684 5649; x_wconf 80' lang='lat' dir='ltr'><strong>Goffridus</strong></span> <span class='ocrx_word' id='word_1_737' title='bbox 1710 5610 1863 5651; x_wconf 90' lang='lat' dir='ltr'><strong>com-</strong></span> 
     </span>
    </p>
   </div>
   <div class='ocr_carea' id='block_1_105' title="bbox 1977 4616 3631 4692">
    <p class='ocr_par' dir='ltr' id='par_1_105' title="bbox 1977 4616 3631 4692">
     <span class='ocr_line' id='line_1_107' title="bbox 1977 4616 3631 4692; baseline 0 -18"><span class='ocrx_word' id='word_1_738' title='bbox 1977 4636 2010 4674; x_wconf 93' lang='lat' dir='ltr'><strong>a</strong></span> <span class='ocrx_word' id='word_1_739' title='bbox 2040 4617 2210 4673; x_wconf 90' lang='lat' dir='ltr'><strong>nobis</strong></span> <span class='ocrx_word' id='word_1_740' title='bbox 2238 4616 2541 4672; x_wconf 88' lang='lat' dir='ltr'><strong>laudatum</strong></span> <span class='ocrx_word' id='word_1_741' title='bbox 2577 4619 2685 4681; x_wconf 88' lang='lat' dir='ltr'><strong>est,</strong></span> <span class='ocrx_word' id='word_1_742' title='bbox 2720 4616 2880 4670; x_wconf 88' lang='lat' dir='ltr'><strong>dedit</strong></span> <span class='ocrx_word' id='word_1_743' title='bbox 2922 4616 3199 4688; x_wconf 84' lang='lat' dir='ltr'><strong>pontifex,</strong></span> <span class='ocrx_word' id='word_1_744' title='bbox 3251 4617 3310 4673; x_wconf 93' lang='lat' dir='ltr'><strong>in</strong></span> <span class='ocrx_word' id='word_1_745' title='bbox 3338 4635 3453 4691; x_wconf 91' lang='lat' dir='ltr'><strong>quo</strong></span> <span class='ocrx_word' id='word_1_746' title='bbox 3497 4624 3631 4692; x_wconf 90' lang='lat' dir='ltr'><strong>post</strong></span> 
     </span>
    </p>
   </div>
   <div class='ocr_carea' id='block_1_106' title="bbox 1976 4704 3627 4778">
    <p class='ocr_par' dir='ltr' id='par_1_106' title="bbox 1976 4704 3627 4778">
     <span class='ocr_line' id='line_1_108' title="bbox 1976 4704 3627 4778; baseline 0.001 -16"><span class='ocrx_word' id='word_1_747' title='bbox 1976 4707 2167 4763; x_wconf 88' lang='lat' dir='ltr'><strong>varias</strong></span> <span class='ocrx_word' id='word_1_748' title='bbox 2199 4704 2678 4771; x_wconf 88' lang='lat' dir='ltr'><strong>concertationes,</strong></span> <span class='ocrx_word' id='word_1_749' title='bbox 2696 4722 2842 4776; x_wconf 89' lang='lat' dir='ltr'><strong>quas</strong></span> <span class='ocrx_word' id='word_1_750' title='bbox 2860 4704 3202 4778; x_wconf 88' lang='lat' dir='ltr'><strong>singulatim</strong></span> <span class='ocrx_word' id='word_1_751' title='bbox 3230 4712 3509 4775; x_wconf 88' lang='lat' dir='ltr'><strong>recenset,</strong></span> <span class='ocrx_word' id='word_1_752' title='bbox 3530 4708 3627 4765; x_wconf 88' lang='lat' dir='ltr'><strong>de-</strong></span> 
     </span>
    </p>
   </div>
   <div class='ocr_carea' id='block_1_107' title="bbox 1978 4792 3629 4868">
    <p class='ocr_par' dir='ltr' id='par_1_107' title="bbox 1978 4792 3629 4868">
     <span class='ocr_line' id='line_1_109' title="bbox 1978 4792 3629 4868; baseline 0.002 -18"><span class='ocrx_word' id='word_1_753' title='bbox 1978 4793 2163 4850; x_wconf 89' lang='lat' dir='ltr'><strong>cernit</strong></span> <span class='ocrx_word' id='word_1_754' title='bbox 2194 4792 2615 4849; x_wconf 86' lang='lat' dir='ltr'><strong>monasterium</strong></span> <span class='ocrx_word' id='word_1_755' title='bbox 2649 4793 2958 4865; x_wconf 88' lang='lat' dir='ltr'><strong>Cinglensc</strong></span> <span class='ocrx_word' id='word_1_756' title='bbox 3000 4796 3153 4866; x_wconf 89' lang='lat' dir='ltr'><strong>apud</strong></span> <span class='ocrx_word' id='word_1_757' title='bbox 3206 4797 3462 4868; x_wconf 89' lang='lat' dir='ltr'><strong>Capuam</strong></span> <span class='ocrx_word' id='word_1_758' title='bbox 3494 4814 3629 4853; x_wconf 90' lang='lat' dir='ltr'><strong>cum</strong></span> 
     </span>
    </p>
   </div>
   <div class='ocr_carea' id='block_1_108' title="bbox 1979 4881 3627 4955">
    <p class='ocr_par' dir='ltr' id='par_1_108' title="bbox 1979 4881 3627 4955">
     <span class='ocr_line' id='line_1_110' title="bbox 1979 4881 3627 4955; baseline 0.001 -16"><span class='ocrx_word' id='word_1_759' title='bbox 1979 4882 2525 4939; x_wconf 87' lang='lat' dir='ltr'><strong>sanctimonialibus</strong></span> <span class='ocrx_word' id='word_1_760' title='bbox 2557 4881 2613 4935; x_wconf 91' lang='lat' dir='ltr'><strong>in</strong></span> <span class='ocrx_word' id='word_1_761' title='bbox 2647 4898 2713 4937; x_wconf 86' lang='lat' dir='ltr'><strong>eo</strong></span> <span class='ocrx_word' id='word_1_762' title='bbox 2747 4882 3095 4955; x_wconf 86' lang='lat' dir='ltr'><strong>degentibus</strong></span> <span class='ocrx_word' id='word_1_763' title='bbox 3111 4883 3414 4939; x_wconf 88' lang='lat' dir='ltr'><strong>Casinensi</strong></span> <span class='ocrx_word' id='word_1_764' title='bbox 3432 4885 3627 4941; x_wconf 86' lang='lat' dir='ltr'><strong>abbati</strong></span> 
     </span>
    </p>
   </div>
   <div class='ocr_carea' id='block_1_109' title="bbox 1979 4971 3629 5042">
    <p class='ocr_par' dir='ltr' id='par_1_109' title="bbox 1979 4971 3629 5042">
     <span class='ocr_line' id='line_1_111' title="bbox 1979 4971 3629 5042; baseline -0.001 -14"><span class='ocrx_word' id='word_1_765' title='bbox 1979 4973 2187 5028; x_wconf 86' lang='lat' dir='ltr'><strong>debere</strong></span> <span class='ocrx_word' id='word_1_766' title='bbox 2219 4987 2345 5026; x_wconf 87' lang='lat' dir='ltr'><strong>esse</strong></span> <span class='ocrx_word' id='word_1_767' title='bbox 2377 4971 2729 5042; x_wconf 87' lang='lat' dir='ltr'><strong>subjectum.</strong></span> <span class='ocrx_word' id='word_1_768' title='bbox 2753 4971 3027 5042; x_wconf 78' lang='lat' dir='ltr'><strong>Scriptum</strong></span> <span class='ocrx_word' id='word_1_769' title='bbox 3052 4971 3259 5026; x_wconf 83' lang='lat' dir='ltr'><strong>dicitur</strong></span> <span class='ocrx_word' id='word_1_770' title='bbox 3277 4973 3455 5027; x_wconf 74' lang='lat' dir='ltr'><strong>Romae</strong></span> <span class='ocrx_word' id='word_1_771' title='bbox 3488 4972 3576 5028; x_wconf 85' lang='lat' dir='ltr'><strong>die</strong></span> <span class='ocrx_word' id='word_1_772' title='bbox 3593 4976 3629 5027; x_wconf 87' lang='grc'>7</span> 
     </span>
    </p>
   </div>
   <div class='ocr_carea' id='block_1_110' title="bbox 1979 5060 3629 5131">
    <p class='ocr_par' dir='ltr' id='par_1_110' title="bbox 1979 5060 3629 5131">
     <span class='ocr_line' id='line_1_112' title="bbox 1979 5060 3629 5131; baseline 0.001 -15"><span class='ocrx_word' id='word_1_773' title='bbox 1979 5062 2284 5117; x_wconf 82' lang='lat' dir='ltr'><strong>Decembris</strong></span> <span class='ocrx_word' id='word_1_774' title='bbox 2308 5076 2407 5131; x_wconf 83' lang='lat' dir='ltr'><strong>per</strong></span> <span class='ocrx_word' id='word_1_775' title='bbox 2437 5076 2667 5114; x_wconf 83' lang='lat' dir='ltr'><strong>manum</strong></span> <span class='ocrx_word' id='word_1_776' title='bbox 2705 5061 2856 5115; x_wconf 79' lang='lat' dir='ltr'><strong>Petri</strong></span> <span class='ocrx_word' id='word_1_777' title='bbox 2900 5060 3222 5120; x_wconf 82' lang='lat' dir='ltr'><strong>scriniarii;</strong></span> <span class='ocrx_word' id='word_1_778' title='bbox 3265 5064 3321 5115; x_wconf 92' lang='lat' dir='ltr'><strong>et</strong></span> <span class='ocrx_word' id='word_1_779' title='bbox 3348 5060 3629 5131; x_wconf 89' lang='lat' dir='ltr'><strong>postridie</strong></span> 
     </span>
    </p>
   </div>
   <div class='ocr_carea' id='block_1_111' title="bbox 1981 5147 3629 5222">
    <p class='ocr_par' dir='ltr' id='par_1_111' title="bbox 1981 5147 3629 5222">
     <span class='ocr_line' id='line_1_113' title="bbox 1981 5147 3629 5222; baseline 0.001 -18"><span class='ocrx_word' id='word_1_780' title='bbox 1981 5150 2173 5205; x_wconf 83' lang='lat' dir='ltr'><strong>dalum</strong></span> <span class='ocrx_word' id='word_1_781' title='bbox 2224 5165 2324 5221; x_wconf 83' lang='lat' dir='ltr'><strong>per</strong></span> <span class='ocrx_word' id='word_1_782' title='bbox 2373 5164 2567 5203; x_wconf 81' lang='lat' dir='ltr'><strong>manus</strong></span> <span class='ocrx_word' id='word_1_783' title='bbox 2614 5149 2842 5203; x_wconf 82' lang='lat' dir='ltr'><strong>Joannis</strong></span> <span class='ocrx_word' id='word_1_784' title='bbox 2890 5149 3108 5203; x_wconf 80' lang='lat' dir='ltr'><strong>diaconi</strong></span> <span class='ocrx_word' id='word_1_785' title='bbox 3154 5147 3478 5217; x_wconf 74' lang='lat' dir='ltr'><strong>cardinalis,</strong></span> <span class='ocrx_word' id='word_1_786' title='bbox 3529 5150 3629 5222; x_wconf 92' lang='lat' dir='ltr'><strong>qui</strong></span> 
     </span>
    </p>
   </div>
   <div class='ocr_carea' id='block_1_112' title="bbox 1980 5235 3631 5310">
    <p class='ocr_par' dir='ltr' id='par_1_112' title="bbox 1980 5235 3631 5310">
     <span class='ocr_line' id='line_1_114' title="bbox 1980 5235 3631 5310; baseline -0.001 -15"><span class='ocrx_word' id='word_1_787' title='bbox 1980 5240 2191 5295; x_wconf 91' lang='lat' dir='ltr'><strong>modus</strong></span> <span class='ocrx_word' id='word_1_788' title='bbox 2214 5239 2546 5310; x_wconf 79' lang='lat' dir='ltr'><strong>frequenter</strong></span> <span class='ocrx_word' id='word_1_789' title='bbox 2576 5237 2632 5291; x_wconf 91' lang='lat' dir='ltr'><strong>in</strong></span> <span class='ocrx_word' id='word_1_790' title='bbox 2665 5236 3161 5308; x_wconf 88' lang='lat' dir='ltr'><strong>subsequentibus</strong></span> <span class='ocrx_word' id='word_1_791' title='bbox 3209 5235 3631 5310; x_wconf 86' lang='lat' dir='ltr'><strong>diplomatibus</strong></span> 
     </span>
    </p>
   </div>
   <div class='ocr_carea' id='block_1_113' title="bbox 1979 5332 3440 5485">
    <p class='ocr_par' dir='ltr' id='par_1_113' title="bbox 1979 5332 3440 5485">
     <span class='ocr_line' id='line_1_115' title="bbox 1979 5332 3440 5485; baseline 0.053 -29"><span class='ocrx_word' id='word_1_792' title='bbox 1979 5332 2515 5471; x_wconf 52' lang='lat' dir='ltr'><strong>occurggcxxxu.</strong></span> <span class='ocrx_word' id='word_1_793' title='bbox 2550 5417 2664 5471; x_wconf 73' lang='lat' dir='ltr'><strong>Rex</strong></span> <span class='ocrx_word' id='word_1_794' title='bbox 2692 5414 2903 5485; x_wconf 72' lang='grc' dir='ltr'><strong>Αηθιίιε</strong></span> <span class='ocrx_word' id='word_1_795' title='bbox 2933 5414 3184 5470; x_wconf 59' lang='lat' dir='ltr'><strong>induci“</strong></span> <span class='ocrx_word' id='word_1_796' title='bbox 3214 5415 3440 5471; x_wconf 54' lang='lat' dir='ltr'><strong>obtine&quot;</strong></span> 
     </span>
    </p>
   </div>
   <div class='ocr_carea' id='block_1_114' title="bbox 2047 5503 3630 5574">
    <p class='ocr_par' dir='ltr' id='par_1_114' title="bbox 2047 5503 3630 5574">
     <span class='ocr_line' id='line_1_116' title="bbox 2047 5503 3630 5574; baseline -0.001 -13"><span class='ocrx_word' id='word_1_797' title='bbox 2047 5506 2205 5561; x_wconf 89' lang='lat' dir='ltr'><strong>Inter</strong></span> <span class='ocrx_word' id='word_1_798' title='bbox 2220 5505 2339 5560; x_wconf 69' lang='lat' dir='ltr'><strong>haac</strong></span> <span class='ocrx_word' id='word_1_799' title='bbox 2354 5503 2872 5574; x_wconf 87' lang='lat' dir='ltr'><strong>Anselmus,quem</strong></span> <span class='ocrx_word' id='word_1_800' title='bbox 2904 5507 3036 5574; x_wconf 90' lang='lat' dir='ltr'><strong>post</strong></span> <span class='ocrx_word' id='word_1_801' title='bbox 3049 5503 3299 5561; x_wconf 90' lang='lat' dir='ltr'><strong>Barense</strong></span> <span class='ocrx_word' id='word_1_802' title='bbox 3317 5503 3630 5561; x_wconf 90' lang='lat' dir='ltr'><strong>concilium</strong></span> 
     </span>
    </p>
   </div>
   <div class='ocr_carea' id='block_1_115' title="bbox 1977 5592 3629 5654">
    <p class='ocr_par' dir='ltr' id='par_1_115' title="bbox 1977 5592 3629 5654">
     <span class='ocr_line' id='line_1_117' title="bbox 1977 5592 3629 5654; baseline -0.002 -1"><span class='ocrx_word' id='word_1_803' title='bbox 1977 5594 2154 5654; x_wconf 86' lang='lat' dir='ltr'><strong>simul</strong></span> <span class='ocrx_word' id='word_1_804' title='bbox 2188 5611 2320 5650; x_wconf 89' lang='lat' dir='ltr'><strong>cum</strong></span> <span class='ocrx_word' id='word_1_805' title='bbox 2354 5594 2586 5650; x_wconf 86' lang='lat' dir='ltr'><strong>Urbano</strong></span> <span class='ocrx_word' id='word_1_806' title='bbox 2622 5592 2865 5648; x_wconf 79' lang='lat' dir='ltr'><strong>Romam</strong></span> <span class='ocrx_word' id='word_1_807' title='bbox 2900 5593 3124 5651; x_wconf 86' lang='lat' dir='ltr'><strong>redisse</strong></span> <span class='ocrx_word' id='word_1_808' title='bbox 3157 5597 3446 5652; x_wconf 89' lang='lat' dir='ltr'><strong>memorat</strong></span> <span class='ocrx_word' id='word_1_809' title='bbox 3480 5594 3629 5650; x_wconf 87' lang='lat' dir='ltr'><strong>Ead-</strong></span> 
     </span>
    </p>
   </div>
  </div>
