3998 6158
405 308 521 377 24⁷7

1705 327 1776 390 Β.
1824 319 2120 394 URBANI
2154 328 2218 394 ⁸ΙῙ
2260 330 2511 398 ΡΑΡιΕ.

3688 341 3812 411 248

404 479 623 531 merus,
642 480 831 521 cauete
845 482 964 522 suae
985 464 1203 524 exitum
1223 466 1680 540 praestolabatur;
1705 476 1766 528 at
1786 473 2016 531 nuntius

2130 483 2327 530 causa
2387 468 2754 527 adventantes.
2784 470 3056 543 patienter
3120 469 3425 533 admittere.
3496 464 3629 535 Haec
3683 482 3812 536 erat

403 555 504 626 qui
535 571 605 610 ex
630 558 792 627 parte
820 556 1099 613 Willelmi
1131 559 1284 629 regis
1314 563 1451 613 tunc
1480 561 1534 613 in
1558 562 1761 618 urbem
1791 565 2042 631 advenit,

401 661 635 701 omnem
668 646 796 715 ejus
827 663 991 715 spem
1025 648 1341 702 frustravit.
1379 648 1432 703 Is
1453 666 1660 720 nempe
1684 654 2045 724 postmultas

399 733 537 790 hinc
567 739 623 790 et
650 732 786 790 inde
837 735 1306 805 disceptationes,
1358 739 1592 794 tandem
1627 741 1681 793 in
1737 742 2044 799 festivitate

397 825 621 880 Natalis
653 823 881 880 Domini
913 825 1177 879 inducias
1208 842 1241 879 a
1273 828 1543 897 pontifice
1562 829 1679 895 regi
1713 830 2045 901 impetravit

398 915 469 969 ad
496 916 707 970 festum
738 913 925 967 sancti
985 913 1282 970 Michaelis
1339 917 1692 983 archangeli,
1739 922 1838 975 sed
1889 921 2043 976 hunc

396 1004 715 1058 terminum
770 1006 975 1057 neuter
1029 1004 1238 1075 attigit.
1287 1006 1481 1061 Innuit
1529 1008 1851 1065 Eadmerus
1881 1028 1978 1066 eas
2010 1030 2043 1067 a

393 1091 669 1146 Willelmi
699 1092 854 1164 regis
884 1093 1155 1149 ministro
1187 1096 1452 1150 obtentas
1483 1097 1664 1152 fuisse
1689 1116 1919 1155 munera-
1968 1101 2040 1156 iis

392 1179 759 1249 dispertiendo
825 1185 875 1236 et
934 1184 1257 1252 pollicendo,
1327 1185 1539 1256 quibus
1595 1204 1658 1242 ea
1713 1189 1864 1244 cordi
1929 1206 2041 1246 esse

392 1268 896 1335 animadverterat,
931 1272 1082 1339 quod
1117 1273 1187 1327 ad
1220 1273 1519 1330 Urbanum
1568 1293 1799 1347 quoque
1841 1283 2037 1334 exten-

390 1359 524 1414 dere
557 1375 672 1415 non
702 1363 934 1415 veretur
973 1360 1309 1417 Willelmus
1353 1362 1924 1429 Malmesburienses,
1977 1368 2037 1423 in

388 1447 685 1503 Romanos
718 1450 1022 1520 pontiﬁces
1052 1467 1499 1519 nonnumquam
1536 1454 1721 1522 magis
1745 1473 1920 1526 quam
1937 1457 2031 1511 de-

387 1537 767 1609 cet,iniquus.
788 1540 854 1593 Et
869 1556 941 1607 qu
954 1540 1106 1595 idem
1120 1557 1236 1611 qua
1249 1542 1473 1596 ratione
1499 1543 1793 1610 praefracte
1808 1544 2034 1617 aliquas

384 1626 653 1683 inducias
684 1628 805 1699 regi
826 1627 1116 1684 Willelmo
1135 1630 1427 1685 renuisset
1444 1632 1579 1686 dare
1603 1632 2032 1705 pontifex.quas

382 1716 605 1782 nemini
635 1717 881 1786 homini,
914 1720 1291 1786 quantumvis
1321 1719 1414 1773 vili
1448 1724 1504 1776 et
1535 1722 1778 1788 abiecto,
1812 1722 1903 1777 vix
1926 1740 2032 1778 ne-

385 1820 520 1877 gare
551 1806 858 1877 potuisset;
889 1809 1255 1862 tantumdem
1289 1808 1442 1864 enim
1466 1811 1747 1878 temporis
1777 1814 2030 1883 require-
2059 1830 2106 1894 Β

381 1894 557 1950 batur
584 1895 656 1950 ad
687 1896 1008 1951 evocandos
1038 1913 1106 1951 ex
1133 1896 1553 1967 Angliatestes,
1574 1900 2029 1973 advehendaque

385 1985 758 2048 documenta,
809 2002 935 2057 ques
989 1987 1319 2041 necessaria
1374 2003 1501 2042 esse
1554 1988 1903 2045 videbantur
1954 1993 2024 2046 ad

382 2089 571 2129 causas
604 2090 866 2130 examen.
902 2074 1064 2130 Certe
1113 2074 1403 2139 Urbanus,
1448 2077 1545 2147 qui
1603 2079 1920 2134 terminum
1954 2080 2025 2134 ad

381 2180 621 2218 causam
654 2163 957 2219 dicendam
992 2164 1051 2218 in
1084 2165 1273 2235 primo
1304 2181 1436 2219 cum
1474 2165 1629 2233 regis
1660 2166 1865 2222 nuntio
1889 2184 2025 2223 con-

380 2269 587 2321 gressu
620 2252 693 2306 ad
724 2252 947 2307 Pascha
978 2254 1321 2322 praefixerat,
1350 2271 1465 2308 non
1502 2257 1729 2320 poterat
1758 2255 2026 2311 inducias

378 2337 510 2394 illas
536 2341 603 2395 ad
638 2340 872 2412 aliquod
904 2344 1136 2412 tempus
1167 2358 1282 2397 non
1316 2342 1670 2411 protrahere,
1714 2361 1849 2399 cum
1900 2346 2024 2416 ipse

379 2444 477 2483 rex
506 2445 610 2501 per
637 2445 810 2485 suum
845 2430 1119 2485 nuntium
1151 2430 1627 2486 exultimisorbis
1657 2433 1942 2502 partibus,
1964 2452 2025 2490 se

376 2517 550 2573 etiam
584 2522 716 2588 post
745 2535 933 2574 causa:
966 2536 1206 2575 examen
1226 2521 1665 2576 satisfacturum
1698 2522 2023 2593 pollicitus,

375 2604 434 2661 id
466 2606 692 2663 enixius
723 2612 978 2679 peteret:
1012 2624 1130 2668 rex,
1166 2609 1428 2677 inquam,
1462 2610 1696 2680 quicum
1724 2615 1789 2665 ut
1820 2613 2022 2668 mitius

258 2712 271 2723 ·
374 2698 667 2766 ageretur,
695 2696 1069 2766 postulabant
1121 2697 1388 2753 Ecclesiae
1439 2698 1774 2765 necessitas,
1823 2718 2020 2757 rerum

373 2787 824 2857 temporumque
855 2785 1304 2841 circumstantias
1337 2805 1349 2847 :
1386 2803 1485 2841 rex
1499 2787 1767 2858 denique,
1793 2789 2019 2859 quinon

373 2875 456 2928 ita
481 2873 730 2944 pridem,
766 2875 836 2929 ad
869 2874 1163 2945 pontificis
1193 2875 1604 2941 obedientiam,
1639 2878 1849 2947 spretis
1871 2878 2022 2932 schi-

373 2962 658 3025 smaticie,
692 2967 1032 3020 accesserat.
1066 2964 1229 3019 Certe
1252 2981 1355 3019 nec
1383 2968 1542 3025 tunc.
1576 2982 1682 3020 nec
1714 2970 1844 3037 post
1872 2966 2019 3021 illud

372 3055 603 3122 tempus
634 3051 904 3108 Urbanus
927 3052 1119 3123 pravis
1147 3051 1424 3107 Willelmi
1446 3053 1598 3125 regis
1619 3054 2019 3111 voluntatibus

372 3139 681 3197 connivere
712 3157 972 3213 unquam
991 3142 1152 3197 visus
1169 3145 1275 3207 est,
1292 3158 1396 3196 nec
1428 3141 1484 3195 in
1504 3146 1799 3213 posterum
1821 3144 2018 3200 minus

371 3245 549 3301 quam
580 3232 749 3286 antea
778 3230 1056 3286 Anselmo
1087 3230 1263 3296 favit;
1300 3231 1438 3297 imo,
1458 3235 1522 3285 ut
1554 3230 1678 3302 ipse
1700 3232 2018 3290 Eadmerus

370 3319 564 3388 refert,
598 3335 731 3375 cum
760 3319 929 3376 vellet
952 3319 1041 3374 vir
1072 3324 1312 3376 sanctus
1344 3320 1697 3390 Lugdunum
1744 3321 1951 3389 redire,
1987 3342 2021 3377 α

369 3424 511 3477 papa
564 3408 871 3479 prohibitus
925 3418 1021 3471 est,
1081 3418 1300 3480 propter
1345 3410 1640 3464 concilium
1681 3412 1819 3480 quod
1856 3414 2019 3467 tertia

368 3495 701 3552 hebdomada
720 3497 947 3553 Pascha?
980 3499 1161 3553 Rom
1188 3515 1247 3552 se
1274 3498 1591 3552 habiturum
1620 3505 1907 3555 statuerat.

493 3645 504 3655 δ
625 3585 995 3640 CCCXXXIII.
1030 3588 1265 3641 Honores
1291 3587 1541 3641 Anselmo
1565 3587 1754 3641 delati.

438 3671 560 3734 Quo
591 3675 784 3727 autem
804 3672 930 3727 loco
952 3673 1192 3729 habitus
1217 3690 1400 3745 quove
1416 3674 1635 3729 honore
1666 3676 1744 3730 sit
1760 3676 2013 3732 donatus

367 3760 428 3815 in
461 3760 604 3816 urbe
630 3760 720 3814 vir
750 3764 988 3816 sanctus
1018 3765 1138 3817 toto
1170 3779 1236 3817 eo
1266 3763 1546 3827 temporis
1570 3763 1888 3825 intervallo.
1925 3781 2016 3820 ex-

365 3848 532 3917 ponit
560 3848 712 3905 idem
743 3854 946 3905 auctor
974 3854 1099 3905 tum
1129 3849 1188 3905 in
1216 3851 1345 3920 ejus
1394 3850 1548 3916 Vita,
1580 3855 1706 3905 tum
1756 3850 1811 3906 in
1845 3851 2011 3907 libris

364 3936 678 4003 Novarum,
711 3938 803 3993 his
833 3938 1057 3993 verbis:
1093 3961 1119 3987 ‹‹
1145 3937 2012 4012 Moratiitaquesumus,inquit

361 4022 463 4081 ille
493 4029 713 4093 auctor,
748 4027 928 4082 ferme
958 4043 1061 4097 per
1089 4027 1401 4084 dimidium
1442 4044 1684 4094 annum,
1736 4031 2010 4087 continue

361 4114 514 4170 circa
539 4131 753 4187 papam
778 4116 1072 4186 degentes,
1093 4120 1149 4171 et
1164 4117 1329 4187 quasi
1345 4118 1403 4171 in
1419 4134 1730 4172 commune
1750 4118 2008 4175 viventes

360 4218 466 4258 nec
496 4203 653 4258 enim
684 4204 831 4270 duas,
868 4204 965 4258 sed
1000 4222 1118 4259 una
1140 4205 1449 4260 videbatur
1496 4207 1804 4261 amborum
1846 4208 2009 4264 curia

358 4305 507 4345 esse.
541 4290 704 4346 Unde
729 4295 786 4346 et
813 4291 938 4361 ipse
968 4308 1118 4363 papa
1168 4293 1499 4364 frequenter
1542 4294 1613 4348 ad
1662 4294 2004 4350 Anselmum

356 4377 623 4434 veniebat
648 4377 774 4433 laete
805 4394 932 4434 sese
963 4396 1093 4434 cum
1122 4397 1187 4435 eo
1220 4382 1465 4452 agendo.
1497 4385 1552 4435 et
1583 4381 1805 4436 curiam
1829 4383 1877 4437 ei
1921 4384 2003 4438 fa-

355 4466 580 4521 ciendo.
608 4466 778 4521 Dedit
806 4467 1141 4537 quoqueilli
1160 4468 1502 4538 hospitium,
1534 4468 1593 4523 in
1626 4485 1741 4539 quo
1773 4486 2005 4525 conver-

2156 556 2463 630 utriusque
2485 560 2672 615 sancti
2703 562 2809 616 viri
2859 562 3187 636 humilitas,
3241 569 3298 622 et
3349 566 3407 622 in
3459 567 3807 626 alterutrum

2154 645 2427 703 charitas.

2286 736 2647 793 CCCXXXIV.
2678 740 2918 795 Anselmi
2945 757 3068 796 cum
3094 743 3348 812 pontiﬁce
3377 744 3665 815 colloquia.

2222 826 2308 879 Ad
2341 826 2461 880 haec
2510 826 2762 883 Anselmi
2819 845 2951 884 cum
3006 830 3279 902 pontifice
3327 830 3637 904 colloquia,
3675 851 3803 907 qua:

2151 914 2473 971 Eadmerus
2505 916 2722 982 laudat,
2758 918 3051 988 pertinent
3081 918 3236 974 haud
3285 920 3534 977 dubium
3585 922 3813 995 aliquot

2150 1003 2279 1073 ejus
2311 1005 2497 1059 sancti
2529 1005 2635 1059 viri
2668 1005 2945 1077 epistolae,
3010 1007 3069 1062 in
3104 1008 3321 1080 quibus
3377 1010 3557 1066 variis
3608 1012 3810 1069 dubiis

2150 1094 2464 1163 respondet
2483 1094 2653 1164 juxta
2678 1096 2733 1149 id
2751 1096 2905 1166 quod
2939 1113 2973 1151 a
2989 1114 3140 1169 papa
3158 1096 3392 1153 Urbano
3414 1099 3700 1155 audierat.
3723 1101 3807 1157 Ita

2148 1182 2320 1251 epist.
2356 1183 2476 1249 130,
2511 1182 2611 1238 lib.
2647 1201 2727 1249 ιιι,
2763 1185 2822 1240 Ρ.
2849 1186 3205 1242 monachum
3237 1188 3433 1243 Sancti
3454 1188 3685 1244 Martini
3706 1190 3808 1246 Sa-

2147 1271 2367 1341 giensis
2398 1271 2471 1326 ab
2498 1272 3243 1346 denndaJerosolymorum
3266 1276 3410 1331 urbe
3429 1276 3802 1343 dehortatur,

2146 1360 2302 1429 quod
2334 1358 2450 1414 tale
2480 1360 2590 1415 iter
2617 1365 2747 1415 voto
2781 1362 3121 1419 stabilitatis
3160 1367 3216 1419 et
3252 1364 3621 1431 obedientiaa,
3671 1383 3804 1437 quis

2145 1447 2463 1518 apostolico
2476 1449 3037 1514 debetur,contrariu
3050 1469 3103 1507 m
3118 1457 3289 1507 esset.
3318 1454 3371 1508 Is
3392 1452 3548 1508 enim
3561 1495 3574 1517 ,
3599 1454 3804 1526 inquit

2143 1536 2475 1605 Anselmus,
2508 1554 2712 1606 magna
2740 1542 3061 1596 auctoritate
3074 1546 3428 1613 praeceperat.
3464 1560 3533 1597 ne
3550 1546 3807 1599 monachi

2143 1624 2293 1681 hanc
2325 1628 2468 1681 viam
2498 1630 2806 1698 arriperent
2837 1629 3036 1702 absque
3061 1632 3286 1702 praelati
3305 1632 3632 1687 obedientia.
3668 1635 3801 1704 Ego,

2142 1719 2208 1769 ut
2238 1716 2457 1778 subdit.
2503 1731 2746 1788 praesens
2803 1718 2961 1789 ad/‘ui
3016 1720 3231 1791 quando
3263 1722 3425 1775 istam
3471 1724 3801 1777 sententiam

2139 1805 2464 1874 apostolicus
2488 1808 2873 1877 propugnabit.
2907 1806 3299 1878 Apostolicum
3324 1824 3479 1875 vero,
3504 1810 3673 1880 cujus
3703 1810 3802 1867 hic

2136 1893 2447 1949 Anselmus
2479 1910 2688 1951 nomen
2726 1896 2951 1961 reticet,
2996 1896 3300 1952 Urbanum
3347 1898 3535 1954 fuisse
3579 1899 3795 1956 diserte

2138 1982 2347 2037 asserit
2377 1983 2668 2039 Gofl'ridus
2698 1984 3009 2040 Vindocini
3042 1985 3224 2040 abbas
3255 1987 3424 2058 epist.
3458 1987 3547 2051 21,
3582 1987 3680 2043 lib.
3718 2005 3773 2043 Iv

2135 2071 2195 2125 in
2228 2088 2344 2142 qua
2375 2072 2633 2127 Odonem
2693 2074 2963 2129 abbatem
3015 2074 3252 2146 Majoris
3301 2076 3658 2143 Monasterii,
3708 2077 3798 2134 uti

2136 2164 2332 2215 censet
2351 2162 2721 2227 Sirmondus,
2756 2163 2826 2217 ab
2860 2164 3062 2218 eodem
3084 2164 3795 2236 peregrinandidesiderio

2136 2249 2429 2305 retrahere
2486 2254 2768 2317 conatur;
2806 2273 2834 2301 ‹‹
2869 2251 3023 2322 quod
3082 2251 3374 2315 Urbanus,
3438 2254 3537 2325 qui
3599 2255 3795 2312 eundo

2132 2338 2458 2394 Jerusalem
2491 2339 2848 2411 peregrinari
2880 2345 3236 2412 praeceperat
3264 2340 3450 2406 laicis,
3479 2342 3666 2414 ipsam
3704 2359 3802 2414 pe-

2135 2427 2586 2498 regrinationem
2621 2429 2929 2484 monachis
2984 2428 3400 2500 prohibuisset,
3452 2431 3607 2503 quod
3636 2448 3697 2487 se
3729 2448 3798 2488 ex

2132 2515 2259 2586 ipso
2289 2517 2585 2587 pontificis
2635 2533 2733 2572 ore
2785 2518 3079 2574 audivisse
3136 2522 3405 2574 testatur.
3444 2542 3471 2569 ››
3503 2519 3631 2576 Alia
3672 2520 3796 2576 vice

2131 2605 2447 2660 Auselmus
2479 2607 2553 2660 ab
2584 2605 2816 2661 Urbano
2846 2605 3185 2678 postulavit,
3215 2610 3277 2661 ut
3300 2607 3411 2661 sibi
3437 2607 3799 2679 quandoque

2130 2692 2328 2748 liceret
2357 2710 2650 2749 canonum
2683 2694 2933 2765 rigorem
2962 2693 3135 2766 paulo
3166 2699 3512 2766 temperare,
3555 2713 3689 2751 cum
3733 2697 3792 2752 id

2132 2798 2325 2836 rerum
2362 2782 2540 2838 statui
2570 2783 2629 2838 in
2660 2784 2869 2856 Anglia
2886 2783 3322 2839 conducibilius
3341 2784 3451 2839 sibi
3472 2784 3788 2841 videretur.

2132 2870 2293 2935 Quod
2328 2875 2456 2925 tum
2493 2872 2563 2925 ab
2597 2887 2663 2927 eo
2695 2871 2987 2944 pontifice,
3020 2877 3146 2927 tum
3181 2873 3356 2928 etiam
3391 2890 3424 2927 a
3452 2872 3673 2928 Pascali
3705 2874 3791 2929 fa-

2131 2959 2237 3014 cile
2266 2959 2619 3030 impetravit,
2676 2965 2741 3015 ut
2788 2978 2856 3015 ex
2890 2962 3153 3031 ejusdem
3188 2959 3489 3016 Paschalis
3536 2960 3787 3032 epistola

2128 3053 2304 3119 patet,
2339 3047 2440 3103 lib.
2466 3066 2550 3112 III,
2583 3066 2745 3104 num.
2774 3048 3010 3104 t5inter
3033 3048 3459 3106 Anselmianas.
3482 3050 3784 3106 Interdum

2132 3137 2481 3208 quaestiones
2510 3137 2685 3193 etiam
2718 3138 2790 3192 de
2820 3138 2996 3193 variis
3015 3138 3423 3194 ecclesiasticae
3454 3137 3781 3209 disciplinas

2131 3226 2495 3297 capitibusin
2529 3226 2620 3282 his
2635 3226 2942 3299 colloquiis
2957 3226 3346 3282 familiaribus
3360 3225 3780 3281 miscebantur.

2132 3313 2230 3370 His
2261 3316 2553 3370 accenseri
2603 3316 2791 3383 debet,
2826 3320 2892 3370 ut
2936 3316 3173 3387 quidem
3203 3314 3449 3380 videtur,
3482 3331 3549 3369 ea
3595 3331 3775 3386 quam

2128 3406 2339 3459 tractat
2359 3403 2671 3459 Anselmus
2695 3403 2795 3459 lib.
2830 3421 2912 3471 ιη,
2948 3405 3118 3476 epist.
3154 3404 3276 3469 159,
3311 3403 3382 3459 de
3413 3401 3581 3457 altari
3615 3405 3770 3475 quod

2127 3508 2156 3545 e
2187 3508 2293 3546 suo
2322 3491 2448 3547 loco
2482 3496 2705 3547 motum
2732 3492 2939 3560 fuerat,
2973 3509 3044 3547 an
3074 3492 3309 3547 deberet
3338 3492 3548 3546 iterum
3575 3508 3778 3547 conse-

2125 3580 2294 3634 crari.
2328 3581 2405 3634 Eo
2434 3579 2564 3647 loci,
2600 3581 2753 3635 sicut
2784 3585 2840 3636 et
2868 3584 2962 3636 Ivo
2985 3581 3153 3652 epist.
3186 3582 3258 3635 72
3286 3584 3343 3635 et
3366 3581 3455 3647 80,
3475 3583 3652 3650 atque
3674 3580 3780 3636 alii

2123 3668 2250 3736 ejus
2282 3668 2380 3722 αενὶ
2414 3669 2747 3733 canonistae,
2781 3685 2894 3724 non
2922 3670 3096 3724 modo
3128 3667 3326 3735 altare,
3360 3668 3461 3722 sed
3493 3671 3551 3723 et
3581 3667 3774 3740 ipsam

2121 3755 2425 3811 ecclesiam
2457 3772 2524 3811 ea
2553 3756 2856 3811 occasione
2885 3757 2955 3811 de
2987 3773 3132 3811 novo
3162 3755 3617 3810 consecrandam
3646 3772 3781 3811 esse

2122 3849 2377 3910 censent,
2413 3845 2566 3915 quod
2598 3844 2791 3900 Lobiis
2822 3845 3037 3900 factum
3057 3844 3240 3899 fuisse
3271 3844 3557 3900 discimus
3588 3843 3644 3898 in
3670 3843 3779 3899 (ἔθα

2121 3933 2227 3987 stis
2256 3934 2384 4002 ejus
2414 3933 2523 3988 loci
2556 3934 2835 3988 abbatum
2866 3937 3024 3988 torno
3041 3933 3116 3987 Vl
3144 3931 3462 4003 Spicilegii,
3484 3948 3617 4003 pag.
3641 3932 3773 3998 609;

2119 4025 2177 4075 at
2207 4021 2317 4076 iste
2349 4022 2494 4076 ritus
2527 4022 2698 4076 modo
2730 4024 2789 4076 in
2820 4021 3269 4077 desuetudinem
3301 4020 3465 4075 abiit.
3511 4020 3639 4074 Haec
3661 4036 3767 4073 au-

2118 4113 2236 4163 tem
2262 4108 2503 4179 quaestio
2562 4109 2940 4164 assistentibus
2998 4107 3321 4180 quibusdam
3374 4109 3657 4179 episcopis,
3707 4112 3780 4161 ut

2115 4199 2427 4252 Anselmus
2487 4202 2760 4261 testatur,
2822 4213 3017 4253 coram
3075 4196 3306 4252 Urbano
3372 4196 3587 4268 agitata
3638 4195 3772 4263 fuit,

2114 4285 2341 4340 cunctis
2365 4303 2432 4340 ea
2462 4302 2590 4357 quas
2611 4286 2725 4340 sibi
2756 4289 2913 4341 recta
2958 4284 3309 4340 videbantur
3352 4283 3531 4339 libere
3578 4283 3771 4353 profe-

2115 4372 2396 4428 rentibus.
2432 4373 2594 4429 Unde
2614 4377 2770 4445 patet
2785 4373 3116 4444 complures
3132 4373 3189 4427 in
3203 4370 3494 4442 ejusmodi
3517 4370 3777 4427 collatio-

2113 4462 2307 4527 nibus,
2333 4466 2390 4516 et
2419 4462 2655 4533 quidem
2688 4462 2899 4517 diversi
2934 4461 3158 4516 ordinis
3178 4460 3447 4516 homines
3478 4460 3768 4515 adfuisse.

355 4554 749 4609 sabamur.....
783 4554 911 4626 Ipse
941 4556 1225 4611 Anselmus
1279 4556 1337 4609 in
1369 4561 1655 4611 conventu
1690 4556 1999 4625 nobilium,
2033 4563 2079 4626 D
2109 4555 2289 4615 Certe,
2323 4551 2576 4605 utmodo
2596 4550 2957 4614 videbamus.
2981 4548 3770 4619 etAnselmusarchiepisco-

352 4641 412 4697 in
442 4642 1009 4712 processionibus,in
1029 4643 1381 4700 stationibus
1404 4661 1635 4716 semper
1665 4648 1720 4699 et
1740 4644 1952 4717 ubique
1970 4663 2003 4700 a
2112 4656 2241 4710 pus,
2274 4638 2631 4694 etGotl‘ridus
2662 4638 2842 4693 abbas
2859 4642 3173 4709 prasentes
3204 4642 3390 4704 erant,
3406 4653 3539 4691 cum
3564 4640 3765 4692 actum

353 4747 506 4803 papa
534 4732 828 4787 secundus
856 4736 998 4791 erat.
1032 4750 1146 4805 prie
1159 4734 1385 4787 cunctis
1418 4732 1997 4793 honoratus.cunctis

352 4823 643 4891 acceptus.
679 4820 822 4875 Rem
856 4821 1053 4876 subdit
1090 4820 1149 4874 in
1178 4821 1310 4875 Vita
1358 4825 1682 4877 memoratu
1733 4820 1992 4892 dignam.

350 4908 523 4981 Angli
554 4907 673 4965 illis
702 4909 1064 4980 temporibus
1097 4909 1337 4965 Romam
1368 4910 1664 4964 venientes
1686 4910 1862 4980 pedes
1882 4912 1996 4964 An-

350 4996 519 5052 selmi
552 4998 623 5053 ad
654 4997 843 5053 instar
874 4998 1087 5069 pedum
1116 4997 1359 5052 Romani
1394 4996 1686 5065 pontificis
1716 5014 1825 5052 sua
1840 4996 1997 5051 obla-

348 5085 505 5141 tione
534 5084 820 5142 honorare
851 5084 1279 5141 desiderabant.
1319 5107 1345 5133 υ
1380 5084 1495 5139 Nec
1535 5101 1666 5138 vero
1717 5084 1993 5139 invidiam

347 5190 416 5229 ea
446 5174 517 5228 de
548 5190 609 5228 re
639 5173 898 5245 aliquam
922 5189 1133 5244 passus
1164 5177 1252 5227 est
1271 5172 1563 5241 Urbanus,
1607 5173 1720 5226 aud
1756 5172 1815 5226 id
1846 5188 1995 5243 aegre

347 5276 610 5331 unquam
640 5260 802 5327 tulit;
837 5262 954 5316 imo
984 5278 1116 5317 cum
1136 5260 1465 5316 rescivisset
1491 5260 1834 5315 Anselmum
1858 5260 1994 5316 huic

348 5345 670 5416 Anglorum
700 5346 985 5402 devotioni
1011 5348 1378 5418 acquiescere
1392 5363 1694 5419 nunquam
1716 5346 1989 5415 voluisse,

310 5428 647 5487 admiratus
703 5435 760 5486 in
820 5433 1037 5489 homine
1094 5435 1463 5489 lm-nn'litatem
1510 5435 1808 5506 mundique
1863 5452 1990 5490 con-

345 5523 625 5590 temptum.
649 5520 818 5590 jussit
847 5523 899 5573 ci
927 5539 1038 5577 sese
1060 5525 1121 5577 in
1150 5541 1207 5579 se
1226 5528 1425 5588 tenere,
1445 5526 1494 5577 et
1524 5524 1740 5577 nullum
1761 5523 1890 5576 bene
1904 5526 1990 5593 fa-

345 5625 462 5663 cere
504 5609 653 5663 ultra
712 5609 971 5664 volentem
1020 5612 1344 5681 prohibere;
1403 5610 1491 5665 sed
1533 5626 1712 5666 omnes
1756 5628 1858 5682 pro
1888 5613 1992 5667 tali

2108 4728 2217 4782 fuit
2251 4727 2308 4782 in
2323 4726 2611 4798 ejusmodi
2625 4726 3215 4798 pontiﬁcisconsessu
3237 4726 3309 4781 de
3342 4724 3765 4781 monachorum

2106 4815 2580 4872 Jerosolimitana
2630 4815 3113 4888 peregrinatione.
3168 4815 3334 4869 Forte
3397 4812 3497 4868 uni
3553 4828 3623 4867 ex
3670 4812 3768 4868 his

2108 4904 2413 4976 colloquiis
2445 4904 2787 4959 interfuerat
2807 4902 3275 4975 archipresbyter
3303 4900 3763 4973 Andegavensis,

2107 4995 2203 5064 qui
2232 4993 2478 5047 Roberto
2500 4991 2930 5058 Abrissellensi,
2966 4997 3030 5046 ut
3058 4991 3119 5046 in
3151 4991 3278 5060 ejus
3330 4990 3463 5044 Vita
3489 4989 3761 5055 habetur,

2109 5080 2449 5153 preponenti
2483 5079 2856 5135 Petronillam
2888 5079 3125 5134 viduam
3151 5083 3215 5134 ut
3235 5078 3536 5134 abbatissa
3565 5077 3756 5143 ﬁeret,

2105 5170 2299 5242 palam
2331 5174 2584 5223 testatus
2613 5172 2720 5235 est,
2755 5184 2827 5222 ne
2855 5166 2912 5222 id
2949 5170 3363 5236 remoraretur,
3416 5181 3479 5221 se
3500 5164 3765 5221 audiisse

2104 5273 2239 5313 cum
2270 5257 2463 5311 Romae
2496 5258 2647 5310 esset
2667 5256 2738 5310 ab
2762 5255 2993 5311 Urbano
3011 5255 3059 5311 ΙΙ
3082 5254 3173 5310 vid
3185 5270 3319 5310 nam
3338 5258 3593 5326 quatuor
3613 5252 3765 5308 viro-

2104 5362 2233 5401 rum
2262 5360 2364 5415 pro
2397 5343 2743 5399 necessitate
2773 5343 3019 5398 abbatiae
3053 5342 3266 5416 praafici
3298 5359 3492 5415 posse.

2102 5431 2448 5490 CCCXXXV.
2482 5432 2969 5488 Schismaticorum
2988 5435 3051 5488 in
3080 5434 3397 5488 Anselmum
3430 5432 3759 5487 reverentia.

2171 5523 2358 5576 Tanta
2406 5536 2537 5574 vero
2583 5521 2913 5577 sanctitatis
2967 5528 3024 5577 et
3072 5520 3349 5577 doctrinae
3408 5521 3585 5583 fama,
3640 5534 3763 5589 qua

2103 5611 2297 5665 Romae
2331 5608 2583 5681 pollebat
2620 5609 2951 5677 Anselmus,
3006 5609 3160 5666 haud
3210 5607 3440 5683 inutiljs
3489 5605 3759 5663 Ecclesia
