3998 6158
180 367 305 433 249

1785 366 1991 430 νιΤΑ.

3470 364 3592 428 250

183 503 315 571 fuit,
348 519 484 562 cum
515 502 685 562 multi
717 501 1075 563 schismatici
1106 519 1174 562 ea
1202 499 1451 578 permoti
1499 499 1571 561 ad
1610 498 1827 560 Urbani
1858 499 1912 569 Α
1946 517 2129 577 papae,
2160 500 2259 577 qui
2286 499 2454 571 locus,
2484 500 2569 559 uti
2602 500 2925 562 Eadme‘rus
2955 499 3345 578 prosequitur,
3360 516 3471 560 non
3500 500 3592 560 ob-

181 594 574 652 obedientiam
604 596 753 651 tanti
783 596 888 652 viri
919 593 1183 669 exemplo
1214 592 1835 659 accesserint,fremen-

178 684 362 751 tibus,
395 684 479 738 uti
512 684 783 740 observat
830 684 1085 740 Joannes
1128 683 1575 741 Sarisberiensis
1614 682 1673 736 in
1708 682 1835 751 ejus

176 772 331 840 Vita,
365 773 751 830 Henricianis.
780 775 993 829 Mirum
1038 777 1129 830 est
1175 773 1330 845 quod
1362 790 1429 828 ea
1466 772 1538 827 de
1568 788 1629 827 re
1660 771 1836 826 habet

180 862 528 917 Eadmerus.
566 863 729 931 Quid,
775 862 984 934 inquit,
1048 865 1285 935 referam
1348 862 1641 916 nonnullos
1696 862 1837 915 cives

183 952 361 1017 Urbis,
413 966 647 1023 quorum
694 954 890 1020 ingens
935 952 1228 1007 multitudo
1274 959 1495 1023 propter
1521 949 1838 1022 fidelitatem

181 1042 532 1111 imperatoris
561 1042 672 1102 ipsi
717 1055 879 1112 papae
923 1049 1041 1096 erat
1089 1044 1319 1113 infesta,
1350 1055 1747 1110 nonnunquam
1778 1039 1838 1093 in

179 1145 355 1183 unum
382 1129 743 1199 conglobatos,
777 1131 1094 1184 Anselmum
1123 1147 1157 1184 a
1187 1131 1476 1185 Lateranis
1495 1128 1564 1183 ad
1592 1131 1837 1183 sanctum

177 1218 404 1271 Petrum
431 1221 651 1272 euntem
697 1234 820 1272 cum
861 1221 977 1273 suis
1002 1222 1220 1290 propter
1252 1218 1437 1273 odium
1462 1233 1622 1289 papa:
1651 1232 1841 1288 capere

177 1308 451 1373 volentes;
484 1306 575 1361 sed
614 1322 743 1361 mox
788 1309 901 1362 viso
948 1308 1105 1363 vultu
1152 1310 1268 1377 ejus
1319 1309 1538 1362 territos
1588 1308 1843 1377 projectis

174 1397 353 1450 armis
383 1403 531 1451 terra
556 1398 930 1467 procumbere,
958 1400 1010 1451 et
1053 1412 1107 1451 se
1152 1398 1309 1451 illius
1360 1396 1730 1451 benedictione
1758 1395 1846 1450 dc-

173 1501 399 1557 poscere
428 1486 718 1556 insigneri.
750 1484 880 1539 Haec
912 1485 968 1539 in
1003 1485 1301 1555 specimen
1330 1484 1505 1551 dicta,
1540 1484 1707 1556 plura
1740 1484 1840 1539 ha-

175 1575 399 1630 bentur
425 1575 583 1646 apud
617 1574 967 1628 Eadmerum
1000 1577 1056 1628 et
1086 1572 1231 1629 alios
1262 1578 1529 1629 auctores
1572 1572 1841 1643 Anglica-

177 1680 308 1725 nos.
344 1679 499 1735 quos
529 1661 836 1719 consulere
866 1661 1022 1718 licet.

304 1752 679 1808 CCCXXXVI.
716 1752 963 1808 Urbanus
998 1754 1179 1809 Romae
1210 1751 1477 1823 synodum
1505 1753 1714 1807 indicit.

248 1840 526 1934 Urbanus
553 1840 1187 1934 itaque,deﬁcientibus
1218 1842 1277 1896 in
1303 1841 1438 1934 dies
1467 1842 1661 1934 Roma:
1691 1841 1843 1934 Hen-
1876 1869 1922 1934 Β

175 1928 540 1985 ricianorum
568 1928 813 1993 viribus,
838 1930 1028 2003 magis
1062 1946 1128 1985 ac
1163 1930 1351 2002 magis
1385 1930 1445 1985 in
1480 1931 1845 1987 adversarios

178 2016 551 2090 praevalebat,
582 2017 665 2073 ita
696 2023 758 2074 ut
788 2017 975 2074 Natali
1008 2018 1241 2074 Domini
1294 2036 1416 2074 cum
1466 2037 1667 2091 magna
1696 2037 1845 2091 pace,

180 2107 378 2178 inquit
410 2106 738 2176 Bertoldus,
772 2109 967 2163 Romae
1000 2108 1315 2173 celebrato,
1350 2108 1565 2165 Urbem
1608 2110 1847 2164 omnino

180 2197 292 2251 sub
326 2213 439 2251 suo
469 2196 730 2251 dominio
762 2202 899 2252 tunc
932 2197 1222 2252 habuerit.
1254 2200 1393 2253 Nam
1435 2203 1504 2261 et,
1536 2203 1601 2253 ut
1650 2214 1846 2269 prose-

179 2285 388 2357 quitur
417 2282 515 2339 ille
546 2289 768 2351 auctor,
801 2287 1084 2341 castellum
1115 2288 1306 2342 Sancti
1332 2288 1526 2353 Angeli
1563 2304 1687 2341 cum
1717 2289 1848 2342 aliis

178 2374 590 2429 munitionibus
647 2376 709 2429 in
763 2391 863 2429 sua
917 2378 1180 2445 potestate
1244 2374 1500 2439 detinuit,
1560 2391 1848 2447 omnesque

178 2464 416 2521 amulos
444 2479 569 2518 suos
600 2466 659 2518 in
688 2466 906 2518 civitate
929 2481 1053 2519 cum
1086 2465 1181 2519 Dei
1210 2464 1482 2535 adjutorio
1510 2467 1644 2520 satis
1666 2465 1845 2519 virili-

179 2560 260 2607 ter
288 2559 391 2606 aut
414 2553 678 2623 placavit,
728 2561 823 2607 aut
870 2555 926 2607 vi
969 2552 1301 2624 perdomuit.
1336 2552 1499 2609 Unde
1549 2569 1682 2608 cum
1725 2569 1755 2608 e
1787 2570 1847 2609 re

179 2638 520 2695 Christiana
537 2647 797 2696 censeret
812 2657 940 2696 esse
963 2641 1221 2713 pontifex
1242 2640 1511 2714 generale
1532 2641 1845 2697 concilium

179 2729 520 2796 convocari,
584 2729 853 2801 synodum
922 2746 1082 2786 suam
1158 2733 1219 2785 in
1283 2733 1447 2787 tertia
1514 2730 1847 2786 hebdomade

182 2818 363 2873 Romae
394 2818 781 2874 celebrandam
806 2823 927 2889 post
956 2820 1188 2884 Pascha,
1219 2822 1404 2875 missis
1436 2820 1639 2875 litteris
1659 2836 1847 2890 usque-

180 2922 399 2978 quaque
448 2907 820 2962 denuntiavit.
881 2909 1024 2963 Eum
1083 2924 1217 2963 vero
1277 2907 1570 2979 reliquum
1613 2913 1845 2979 tempus

183 3011 377 3066 usque
411 2995 481 3050 ad
517 2996 723 3068 synodi
757 2995 1207 3052 celebrationem
1229 2997 1287 3051 in
1312 2997 1461 3052 Urbe
1487 2998 1845 3069 transegisse

181 3100 247 3138 ex
278 3083 573 3138 Eadmero
620 3088 677 3138 et
728 3083 1038 3140 Bertholdo
1078 3084 1243 3141 facile
1273 3084 1587 3157 colligitur,
1616 3084 1748 3141 licet
1778 3101 1845 3140 ea

182 3187 309 3243 quae
340 3176 487 3225 tunc
518 3170 592 3225 ab
622 3170 722 3225 illo
753 3176 916 3243 gesta
946 3172 1163 3227 fuerint
1184 3172 1664 3245 ignoremus,nisi
1688 3174 1842 3245 quod

1941 595 2092 650 scuri
2112 595 2330 650 honoris
2377 596 2438 650 in
2484 595 2589 650 tali
2632 606 2895 652 conventu
2940 597 3074 653 solet
3100 597 3310 653 haberi.
3343 600 3505 654 Certe
3534 596 3592 653 in

1946 683 2187 740 concilio
2236 684 2506 739 Remensi
2556 702 2707 740 anno
2770 686 2910 740 1099
2960 687 3238 743 sedebant
3286 687 3485 743 Patres
3533 687 3594 743 in

1942 773 2163 828 modum
2209 788 2426 830 coronae
2481 774 2771 845 dispositi;
2813 775 2893 829 ita
2942 779 3007 830 ut
3056 776 3168 830 Leo
3221 775 3290 831 IX
3340 775 3596 848 pontifex

1946 863 2154 918 sedens
2188 879 2338 917 verso
2368 863 2522 917 vultu
2552 863 2621 917 ad
2649 865 2959 934 sepulcrum
3001 867 3177 919 sancti
3206 866 3455 937 Remigii,
3490 865 3593 921 ha-

1946 952 2105 1006 beret
2136 969 2201 1007 ex
2232 952 2497 1023 opposito
2528 956 2654 1006 ante
2682 954 2861 1007 oculos
2902 953 3247 1009 Remensem
3296 959 3352 1010 et
3398 956 3593 1011 Trevi-

1947 1057 2173 1095 rensem
2190 1039 2782 1112 archiepiscopos,qui
2798 1042 3019 1112 primas
3033 1043 3198 1097 sedes
3212 1044 3594 1114 occupabant.

1948 1130 2010 1185 In
2043 1130 2334 1184 veteribus
2360 1130 2665 1186 Remensis
2695 1130 3001 1203 Provinciae
3052 1133 3447 1187 monumentis
3492 1131 3598 1188 Ca-

1950 1220 2303 1275 meracensis
2345 1220 2677 1292 episc0pus,
2729 1237 2795 1274 cx
2848 1220 3114 1292 opposito
3165 1220 3597 1293 metropolitani

1949 1308 2142 1363 locum
2175 1308 2387 1363 habere
2420 1308 2880 1380 conspicitur,ut
2909 1312 2963 1364 et
2996 1308 3256 1365 Delensis
3286 1310 3341 1364 in
3368 1309 3597 1381 provin-

1951 1398 2040 1454 cia
2070 1397 2554 1469 Turonensi,quas
2586 1398 2713 1453 duae
2746 1397 3009 1453 Ecclesiae
3034 1400 3139 1454 etsi
3172 1404 3311 1455 sunt
3340 1398 3600 1456 illustres

1952 1487 2103 1541 inter
2132 1484 2515 1546 alias.neutra
2534 1489 2731 1540 tamen
2764 1504 2879 1542 sua:
2902 1486 3207 1559 provinciae
3237 1492 3367 1561 post
3387 1492 3600 1543 metro-

1953 1574 2157 1644 polim,
2190 1573 2605 1645 protothronus
2637 1591 2737 1629 seu
2769 1575 3048 1646 primaria
3099 1578 3265 1633 sedes
3314 1580 3420 1632 est.
3456 1577 3601 1632 Nam

1952 1663 2011 1717 in
2050 1662 2276 1733 Belgica
2308 1666 2565 1718 secunda
2588 1663 2739 1718 hanc
2770 1663 3112 1733 dignitatem
3145 1665 3603 1730 Suessionensis,

1952 1756 2008 1807 et
2056 1752 2112 1805 in
2168 1752 2537 1817 Lugdunensi
2593 1752 2765 1807 tertia
2812 1753 3310 1809 Cenomannensis
3347 1754 3607 1810 Ecclesia

1954 1857 2184 1912 semper
2208 1840 2571 1907 obtinuit,uti
2604 1858 2670 1897 ex
2699 1842 3115 1898 vetustioribus
3153 1842 3470 1898 Galliarum
3503 1860 3606 1899 no-

1959 1929 2105 1985 titiis
2138 1934 2384 1985 constat.

2029 2017 2352 2073 Concilium
2412 2018 2471 2073 in
2522 2018 2769 2073 basilica
2824 2019 3017 2074 Sancti
3067 2018 3217 2075 Petri
3251 2017 3606 2074 celebratum

1957 2102 2140 2161 fuisse
2187 2107 2401 2162 diserte
2454 2106 2632 2162 habet
2676 2112 2844 2163 vetus
2890 2109 3069 2163 codex
3117 2108 3245 2177 ejus
3293 2124 3606 2176 canonum,

1959 2194 2250 2249 Lamberti
2283 2196 2682 2251 Atrebalensis
2713 2196 2988 2265 dictus,et
3018 2196 3257 2268 quidem
3279 2195 3610 2252 hebdomaia

1957 2287 2119 2338 tertia
2169 2285 2408 2353 Paschze,
2460 2301 2560 2339 seu
2611 2293 2728 2357 post
2787 2285 3017 2350 Pascha,
3072 2289 3136 2340 ut
3194 2284 3498 2340 Bertoldus
3555 2289 3612 2340 et

1959 2372 2322 2428 llovedemus
2351 2372 2599 2438 habent;
2630 2378 2686 2427 et
2718 2378 2913 2445 aperte
2944 2372 3183 2428 omnino
3214 2373 3391 2428 codex
3439 2373 3610 2428 Lam-

1956 2462 2124 2528 berti,
2160 2463 2216 2517 in
2248 2462 2484 2518 secunda
2525 2463 2815 2518 Dominica
2867 2470 2988 2533 post
3033 2462 3210 2525 Albus,
3244 2478 3352 2533 qua
3392 2463 3608 2518 miseri-

1954 2550 2143 2606 cordia
2174 2552 2391 2606 Domini
2419 2558 2694 2605 causatur.
2730 2550 2785 2604 Is
2836 2566 2968 2604 cum
3004 2550 3313 2622 subjungit
3342 2550 3608 2621 ejusdem

1956 2639 2160 2710 synodi
2193 2639 2423 2695 decreta
2451 2639 2628 2709 pridie
2664 2638 2929 2693 Kalendas
2977 2638 3109 2693 Maii
3149 2639 3280 2694 data
3312 2634 3491 2695 fuisse
3520 2640 3608 2694 in-

1955 2728 2085 2782 nuit
2116 2729 2405 2800 synodum
2430 2728 2780 2800 perdurasse
2798 2726 3615 2783 totahachebdomada.Unde

1954 2832 2060 2872 nec
2092 2816 2418 2872 Chronicon
2468 2816 2850 2872 Malleacense
2903 2817 3209 2883 aberravit,
3247 2816 3347 2872 ubi
3398 2816 3612 2887 legitur

1952 2905 2103 2960 hanc
2136 2906 2394 2977 synodus
2423 2924 2503 2961 V’I
2535 2905 2827 2961 Kalendas
2862 2906 2997 2961 Maii
3026 2905 3372 2961 celebratam
3406 2904 3608 2973 fuisse;

1955 3011 2063 3049 nec
2093 2995 2321 3051 codices
2353 3012 2386 3050 a
2419 2995 2606 3057 Binio,
2631 2994 2963 3058 Sirmondo,
2991 2999 3091 3049 aut
3124 2995 3343 3051 Labbeo
3364 2994 3611 3061 laudati,

1953 3083 2053 3155 qui
2086 3083 2239 3139 diem
2271 3086 2305 3137 7
2336 3087 2435 3138 aut
2458 3085 2629 3150 6,aut
2650 3084 2822 3139 etiam
2859 3101 2893 3139 η
2929 3083 3217 3139 Kalendas
3240 3081 3373 3138 Maii
3406 3083 3611 3156 praefe-

1954 3176 2105 3226 rant.
2142 3175 2304 3227 Certe
2336 3171 2463 3243 ipsa
2495 3170 2801 3226 Dominica
2832 3170 3014 3225 tertiae
3053 3171 3452 3237 hebdomadas,
3486 3187 3612 3243 quae

179 3239 280 3314 illo
313 3257 628 3314 intervallo
676 3239 791 3314 duo
843 3259 1145 3333 privilegia
1194 3239 1436 3317 totidem
1469 3239 1841 3317 monasteriis
1872 3239 1914 3305 (ἶ
1956 3259 2065 3315 hoc
2108 3278 2262 3315 anno
2310 3239 2374 3315 in
2420 3259 2575 3315 diem
2623 3262 2692 3313 24
2742 3258 2976 3330 Aprilis,
3026 3275 3129 3313 seu
3175 3275 3275 3313 vm
3309 3239 3614 3314 Kalendas

181 3348 572 3413 concesserit,
595 3365 725 3420 quis
748 3349 1360 3419 supersunt.Primum
1391 3353 1481 3405 est
1514 3349 1853 3405 monasterii

177 3435 542 3491 Anianensis
572 3434 632 3490 in
659 3436 978 3499 Occitania,
1014 3435 1364 3509 inscriptum'
1398 3438 1564 3493 Petro
1585 3438 1852 3507 ejusdem

177 3524 288 3580 loci
321 3524 550 3590 abbati,
583 3524 787 3579 datum
821 3524 1094 3580 Laterani
1130 3524 1220 3581 die
1251 3526 1336 3582 Η.
1361 3526 1621 3582 Alterum
1672 3526 1764 3581 die
1790 3527 1855 3580 19

179 3612 451 3685 ejusdem
485 3611 710 3667 mensis
740 3614 799 3666 in
829 3614 1041 3683 porticu
1075 3614 1219 3669 beati
1260 3614 1432 3679 Petri,
1476 3631 1592 3685 quo
1644 3631 1851 3669 mona-

179 3702 436 3756 sterium
469 3701 668 3756 Sancti
696 3700 994 3755 Saturnini
1026 3700 1085 3754 in
1120 3700 1353 3756 dioecesi
1382 3701 1726 3773 Urgellensi,
1760 3719 1853 3758 cu-

173 3791 272 3861 jus
308 3789 523 3844 Petrus
554 3794 695 3843 tunc
726 3789 909 3844 abbas
939 3789 1424 3861 erat,insignibus
1455 3790 1773 3863 privilegiis
1797 3795 1853 3846 et

171 3878 417 3949 juribus
449 3876 919 3932 decoratur.Hezc
948 3877 1065 3931 duo
1096 3876 1399 3949 privilegia
1431 3895 1464 3933 a
1498 3878 1663 3934 Petro
1710 3879 1849 3933 scri-

176 3965 373 4021 niario
407 3964 649 4036 scripta,
687 3970 743 4020 et
775 3982 877 4036 per
906 3981 1149 4019 manum
1180 3965 1425 4021 Joannis
1456 3966 1682 4022 diaconi
1716 3968 1850 4022 data

177 4054 489 4110 dicuntur.
512 4052 702 4109 Aliam
734 4053 953 4109 Urbani
985 4053 1209 4109 bullam
1240 4053 1631 4126 laudant,qua
1663 4055 1847 4111 Gello-

179 4159 365 4198 nense
394 4140 597 4198 Sancti
621 4139 913 4197 Guillelmi
938 4142 1008 4197 de
1037 4143 1266 4198 Deserto
1298 4143 1719 4198 monasterium
1744 4159 1842 4198 an-

177 4235 270 4287 tea
299 4231 550 4286 Anianaa
583 4230 941 4300 subjectum,
972 4232 1043 4285 ab
1091 4247 1157 4286 eo
1201 4231 1344 4301 jugo
1390 4229 1691 4286 liberatur.
1738 4232 1844 4287 Sed

174 4336 303 4375 eam
341 4319 545 4374 videre
577 4335 690 4375 non
721 4318 1021 4386 licuit,nec
1053 4320 1110 4375 in
1140 4318 1479 4375 alterutrius
1506 4320 1845 4375 monasterii

178 4408 421 4464 arehivo
450 4407 722 4463 habetur.

473 4495 865 4552 CCCXXXVII.
898 4498 1207 4552 Concilium
1239 4498 1556 4552 Romanum.

1966 3348 2099 3403 Maii
2130 3347 2443 3414 incidebat,
2478 3345 2808 3418 complures
2848 3346 3141 3400 antistites
3193 3348 3381 3400 Romae
3433 3343 3612 3399 simul

1965 3435 2298 3507 congregati
2331 3435 2610 3508 rescripto
2641 3433 2940 3507 pontificio
2972 3435 3026 3488 in
3062 3432 3308 3507 gratiam
3350 3432 3612 3505 Hugonis

1967 3525 2376 3597 Lugdunensis
2407 3541 2510 3596 pro
2541 3524 2796 3597 primatu
2830 3528 3031 3579 contra
3079 3523 3482 3579 Daimbertum
3512 3525 3610 3577 Se-

1962 3631 2283 3670 nonensem
2316 3613 2667 3670 decertantis
2715 3613 3208 3685 subscripserunt.
3244 3612 3321 3667 Ex
3364 3611 3473 3667 hoc
3520 3628 3609 3667 re-

1961 3703 2495 3775 scripto,discimus
2516 3702 2917 3758 Daimbertum
2940 3707 3077 3757 tunc
3101 3701 3378 3773 temporis
3399 3700 3614 3773 prima-

1958 3795 2086 3847 tum
2122 3792 2574 3863 Lugdunensem
2598 3790 2990 3865 agnovisse,et
3010 3794 3303 3861 comperta
3324 3789 3612 3846 habemus

1960 3880 2183 3953 aliquot
2214 3880 2544 3935 antistitum
2572 3879 2937 3950 nomina,qui
2970 3880 3227 3932 Romano
3260 3877 3343 3931 illi
3368 3878 3610 3935 concilio

1959 3967 2371 4024 interfuerunt.
2406 3969 2448 4023 Ii
2483 3972 2857 4038 sunt,przeter
2886 3966 3280 4020 Daimbertum
3312 3965 3609 4021 Senonen-

1958 4074 2080 4112 sem
2116 4060 2173 4112 et
2203 4055 2426 4127 aliquot
2447 4055 2771 4110 cardinales
2788 4053 3053 4109 Ecclesiae
3075 4054 3345 4107 Romanis
3378 4054 3611 4127 presby-

1957 4150 2131 4211 teros,
2157 4144 2469 4199 Anselmus
2499 4143 2844 4210 Cantuariaz,
2871 4141 3257 4213 Leodegarius
3279 4140 3607 4214 Biturigum

1957 4239 2015 4288 et
2040 4236 2285 4288 Amatus
2318 4230 2640 4304 Burdigalae
2674 4229 3143 4303 metropolitani;
3186 4229 3441 4301 episcopi
3472 4247 3608 4286 vero

1958 4322 2291 4378 Gualterius
2346 4320 2710 4382 Albanensis.
2761 4319 2882 4375 Odo
2929 4319 3236 4383 Ostiensis,
3270 4319 3608 4376 Guntardus

1954 4408 2622 4476 Tundanus,Leutaldus
2642 4408 3091 4464 Silvanectensis
3113 4411 3169 4462 et
3190 4409 3419 4463 Ismeon
3442 4407 3609 4464 Dien-

1955 4500 2168 4571 sis,qui
2196 4501 2371 4554 etiam
2403 4498 2649 4553 ultimus
2670 4504 2793 4553 erat
2816 4498 3077 4571 Hugonis
3102 4496 3511 4570 Lugdunensis
3532 4496 3610 4553 le-

245 4584 488 4639 Interea
519 4583 763 4639 Romam
795 4586 1217 4641 conveniebant
1239 4601 1307 4641 ex
1326 4586 1502 4641 variis
1525 4586 1843 4658 provinciis
1875 4604 1923 4669 Ι)
1954 4593 2144 4661 gatus.
2173 4588 2449 4653 Quamvis
2482 4592 2675 4642 autem
2708 4588 2921 4643 unicus
2952 4585 3067 4641 'hic
3117 4589 3473 4641 memoratur
3503 4585 3610 4642 Re-

171 4671 445 4744 episcopi
478 4672 551 4727 ad
584 4672 893 4727 concilium
919 4674 990 4729 ab
1012 4673 1245 4729 Urbano
1275 4676 1842 4749 convocatum,quod

169 4777 447 4831 magnum
478 4761 793 4816 concilium.
825 4760 1171 4817 Hovedenus
1227 4764 1539 4830 generalem
1574 4764 1845 4838 synodum

173 4849 364 4903 codex
418 4848 737 4919 Lamberti,
790 4848 1116 4915 Bertoldus,
1165 4855 1366 4905 auctor
1409 4849 1652 4923 aequalis
1696 4851 1839 4906 Vitae

170 4936 425 4993 Joannis
454 4936 912 5003 Ternannensis,
953 4943 1011 4994 et
1053 4938 1150 4994 alii
1199 4938 1514 5011 appellant.
1549 4940 1694 4995 Huic
1740 4941 1851 4995 150

174 5028 454 5097 episcopos
483 5030 534 5084 et
563 5026 804 5091 abbates,
835 5027 1371 5099 innumerabilesque
1399 5028 1622 5083 clericos
1662 5029 1843 5084 inter-

175 5115 366 5170 fuisse
405 5115 617 5171 scribit
662 5114 818 5170 idem
870 5115 1195 5182 Bertoldus,
1229 5117 1298 5170 ad
1332 5131 1508 5187 quam
1539 5116 1839 5187 primates,

176 5203 659 5275 archiepisc0pos
672 5203 1043 5275 etepiscopos
1063 5209 1403 5259 convocatos
1433 5205 1613 5259 fuisse
1631 5205 1845 5278 legitur

176 5292 235 5346 in
270 5292 473 5347 codice
506 5291 819 5359 Lamberti,
854 5307 1119 5364 quosque
1147 5309 1221 5347 ea:
1244 5292 1409 5347 Italia
1430 5301 1480 5348 et
1511 5292 1691 5349 Gallia
1712 5310 1843 5349 con-

177 5386 474 5454 gregatos,
498 5379 557 5436 in
579 5380 803 5435 modum
826 5382 1281 5448 coronze,sedisse
1301 5382 1625 5437 Eadmerus
1651 5382 1843 5438 obser-

178 5469 579 5525 vat.Anselmo
602 5474 802 5525 autem
820 5469 1223 5526 Cantuariensi
1246 5469 1839 5543 archiepiscopo,cum

180 5558 413 5613 nullum
444 5558 556 5614 sibi
589 5559 956 5631 assignatum
990 5559 1181 5615 locum
1214 5559 1643 5626 haberet,sedes
1666 5560 1841 5631 jussu

179 5648 478 5718 pontiﬁcis
514 5652 569 5704 in
601 5665 803 5704 corona
836 5651 1015 5720 posita
1069 5657 1169 5718 est,
1218 5648 1274 5703 id
1325 5652 1413 5704 est
1460 5662 1527 5703 ex
1575 5647 1839 5721 opposito

1954 4677 2175 4732 mensis
2208 4676 2514 4748 provinciae
2549 4675 2823 4730 Letaldus
2855 4673 3388 4747 episcopus,plures
3409 4677 3605 4730 tamen

1954 4766 2289 4821 interfuisse
2323 4764 2458 4819 huic
2492 4765 2712 4837 synodo
2743 4781 2773 4819 e
2822 4781 2931 4819 sua
2969 4764 3264 4836 provincia
3310 4766 3606 4820 Manasses

1951 4852 2435 4925 metropolitanus
2462 4856 2711 4908 testatur
2739 4851 2799 4907 in
2829 4852 3076 4924 cpistola
3098 4868 3274 4924 quam
3307 4850 3459 4905 infra
3485 4850 3606 4905 lau-

1951 4942 2224 4997 dabimus
2272 4940 2342 4995 de
2391 4940 2709 4996 Mox-inensi
2757 4941 3046 5012 episcopo.
3081 4942 3242 4994 Certe
3291 4938 3349 4992 id
3389 4936 3606 4993 diserte

1951 5029 2222 5095 habetur,
2254 5030 2311 5084 in
2354 5029 2550 5085 codice
2580 5029 2876 5085 Lamberti
2925 5033 3050 5083 tum
3102 5044 3235 5092 ms.,
3269 5030 3395 5080 tum
3447 5025 3603 5081 edito

1951 5123 2106 5173 tomo
2137 5117 2182 5171 V
2214 5116 2717 5173 Miscellaneorum
2757 5115 2990 5180 Baluzii,
3025 5116 3081 5170 id
3115 5131 3229 5186 quo
3262 5113 3380 5167 haec
3428 5114 3603 5169 verba

1950 5206 2226 5277 leguntur
2258 5224 2270 5262 :
2308 5208 2441 5261 Huic
2470 5223 2678 5278 quoque
2706 5207 2935 5262 concilio
2966 5221 3090 5259 cum
3133 5203 3339 5257 czeteris
3378 5202 3603 5258 Remen-

1949 5296 2027 5349 sis
2070 5295 2365 5365 provinciae
2417 5297 2679 5367 episcopis
2727 5294 2984 5364 interfuit
3032 5291 3342 5346 Lambertus
3381 5291 3605 5347 Atreba-

1952 5384 2118 5438 lensis
2165 5386 2464 5455 episcopus.
2500 5383 2583 5439 lbi
2632 5384 2809 5439 etiam
2858 5383 3119 5448 aderant,
3153 5380 3237 5435 uti
3268 5380 3432 5435 exiis
3476 5397 3602 5453 quae

1953 5471 2125 5526 modo
2175 5472 2439 5527 dicemus
2487 5472 2724 5545 patebit,
2776 5470 3079 5526 Bisancius
3128 5468 3602 5542 archiepiscopus

1950 5560 2614 5632 'l‘ranensis,Reingerus
2643 5559 2979 5625 Luccensis,
3006 5557 3371 5615 Humbaldus
3407 5558 3601 5615 Antis-

1958 5648 2315 5705 siodorensis
2363 5652 2418 5703 et
2461 5647 2805 5704 Gotofredus
2855 5646 3285 5719 Magalonensis
3325 5648 3600 5720 episcopi,
