3998 6158
423 331 537 396 231

1730 333 1798 394 B.
1847 331 2138 397 URBANI
2184 335 2234 398 ll
2281 335 2527 401 PAPIE.

3720 342 3835 408 232

421 464 637 542 quibus
687 463 930 541 adjungi
977 463 1150 524 debet
1176 462 1530 541 Nurgandus
1559 460 1884 537 aduensis,
1917 463 2009 524 cui
2041 481 2074 524 a
2102 464 2156 537 Α
2185 471 2282 527 tur
2309 467 2434 545 ipse
2464 467 2780 529 Anselmus
2810 464 2911 531 lib.
2945 469 3282 548 m,epist.73
3303 475 3376 531 ad
3398 471 3742 533 Paschalem
3764 476 3830 535 ΙΙ.

421 562 591 616 Roma
639 574 850 614 reverso
908 558 1060 630 apud
1110 556 1437 623 Sedelocum,
1471 555 1723 612 occurrit
1759 556 1924 631 Ilugo
1947 558 2072 630 jam

417 652 560 704 tunc
590 646 1044 703 Flaviniacensis
1076 647 1277 711 abbas,
1311 646 1394 700 uti
1431 644 1551 717 ipse
1583 650 1782 700 narrat
1813 647 1870 700 in
1894 645 2073 701 Chro—

418 736 840 808 nico.Denique
872 735 944 791 iis
975 736 1152 790 etiam
1182 736 1664 790 annumerandus
1686 751 1815 791 esse
1848 736 2076 791 videtur

420 826 585 898 Hugo
620 823 1195 895 GratianOpolitanus
1235 823 1501 890 antistes,
1531 824 1629 895 qui
1661 828 1794 896 post
1821 825 2070 880 reditum

418 914 638 971 Urbani
669 913 960 986 pontiﬁcis
994 912 1050 966 in
1086 911 1311 968 Italiam
1335 912 1566 968 duobus
1589 914 1758 968 annis
1779 913 1833 967 in
1863 913 2072 985 Apulia

413 1003 756 1060 inﬁrmitate
788 1002 1060 1056 detentus
1092 1006 1488 1057 commoratus
1519 1007 1627 1068 est,
1661 1006 1725 1057 ut
1756 1003 1879 1074 ipse
1901 1008 2071 1058 testa-

413 1098 511 1149 tur
530 1093 589 1147 in
612 1090 811 1146 libello
829 1091 910 1146 De
928 1091 1525 1162 controversia,quam
1550 1090 1757 1146 habuit
1777 1107 1910 1146 cum
1935 1091 2071 1146 Gui-

412 1184 562 1239 done
591 1180 909 1237 Viennensi
942 1179 1243 1236 occasione
1276 1179 1756 1236 Salmoriacensis
1786 1179 2070 1236 archidia-

411 1276 679 1330 conatus.

483 1362 613 1418 Haac
640 1377 812 1433 porro
853 1359 1111 1432 synodus
1142 1362 1456 1414 convocata
1505 1356 1721 1412 dicitur
1765 1357 1823 1412 in
1873 1356 2068 1413 codice

411 1449 704 1507 Lamberti
733 1464 834 1521 pro
863 1464 1046 1502 errore
1075 1455 1125 1502 et
1154 1447 1452 1504 haaresibus
1486 1446 1886 1508 Grmcorummd
1921 1464 2066 1518 quos

408 1542 539 1612 ejus
571 1538 801 1593 decreta
834 1537 1008 1593 etiam
1055 1541 1313 1608 spectare
1363 1535 1669 1608 subjungit
1716 1535 1807 1590 his
1851 1536 2064 1604 verbis,

409 1630 566 1702 apud
598 1625 897 1684 Baluzium
936 1625 1136 1681 relatis
1171 1644 1183 1681 :
1220 1626 1417 1694 Qualia
1448 1631 1634 1680 autem
1678 1625 1893 1679 decreta
1913 1640 2061 1696 pra?-

404 1719 578 1774 dictus
605 1733 751 1788 papa
783 1716 1074 1782 Urbanus,
1108 1715 1172 1769 de
1205 1716 1401 1770 Latina
1423 1722 1474 1769 et
1503 1713 1689 1770 Graeca-
1731 1715 1969 1769 Ecclesia
2015 1721 2067 1769 et

405 1807 470 1863 de
496 1807 775 1862 ministris
803 1805 1075 1870 altaris,et
1107 1804 1171 1858 de
1201 1804 1470 1859 ordinatis
1499 1820 1532 1856 (ι
1582 1803 1980 1866 Simoniacis,et
2000 1802 2064 1858 de
2096 1836 2144 1900 Β

409 1896 689 1968 beneﬁciis
721 1902 770 1950 et
797 1895 993 1964 ofﬁciis
1022 1893 1400 1950 ecclesiasticis
1424 1908 1524 1964 per
1546 1893 1838 1964 pecuniam
1858 1909 1892 1946 a
1911 1891 2066 1962 Ieptis

406 1990 534 2042 ante
559 2000 754 2056 corpus
787 1984 930 2038 beati
958 1983 1111 2037 Petri
1131 1981 1638 2047 dederit,studiosus
1661 1981 1824 2036 lector
1845 1981 2068 2048 legendo

403 2075 655 2130 invenire
681 2074 895 2145 poterit.
929 2071 1090 2127 Unde
1121 2070 1336 2126 mirum
1388 2075 1478 2125 est
1525 2069 1670 2124 nihil
1715 2068 1966 2141 speciale
1997 2069 2067 2124 de

405 2163 740 2220 Graecorum
763 2161 1059 2216 erroribus
1087 2159 1145 2214 in
1167 2158 1422 2232 vulgatis
1446 2159 1626 2230 hujus
1649 2156 1879 2212 concilii
1901 2173 2067 2213 cano-

405 2252 582 2308 nibus
612 2266 934 2306 occurrere.
971 2250 1030 2304 Id
1063 2248 1208 2303 forte
1240 2246 1449 2315 evenit,
1475 2247 1628 2319 quod
1661 2246 1874 2301 horum
1897 2262 2066 2301 cano-

404 2353 547 2392 num
579 2334 1078 2401 collectores,cum
1113 2335 1299 2390 Latini
1335 2334 1655 2401 fuerint,ea
1685 2338 1916 2390 tantum
1938 2351 2063 2405 qum

403 2426 476 2481 ad
507 2423 896 2481 occidentales
920 2424 1292 2497 pertinebant
1315 2422 1647 2491 retulerint;
1686 2423 2063 2494 quemadmo-

401 2515 544 2570 dum
570 2515 627 2570 id
661 2513 814 2586 quod
832 2513 1136 2570 occasione
1150 2512 1335 2568 sancti
1357 2510 1617 2567 Anselmi
1642 2512 1939 2566 decretum
1959 2511 2062 2567 ibi-

401 2605 534 2660 dem
559 2603 727 2671 fuit,a
747 2601 889 2658 solis
909 2601 1246 2674 Anglicanis
1267 2599 1652 2673 scriptoribus
1676 2604 2055 2656 memoratur.

399 2693 489 2748 Sic
521 2692 700 2748 etiam
730 2689 1037 2746 Bertoldus
1068 2693 1125 2745 et
1154 2689 1250 2745 alii
1287 2689 1508 2761 passim
1543 2692 1809 2744 auctores
1841 2689 1912 2744 de
1950 2687 2059 2744 hac

400 2781 622 2854 synodo
653 2778 1024 2834 solummodo
1055 2777 1294 2844 habent,
1328 2777 1625 2832 Urbanum
1659 2775 1716 2831 in
1750 2793 1818 2831 ea
1839 2778 2055 2849 praede-

399 2884 701 2926 cessorum
732 2882 975 2922 suorum
1008 2869 1225 2921 statuta
1252 2865 1904 2932 conﬁrmasse,iterasse
1925 2882 2059 2921 ana-

399 2957 662 3014 themata
678 2956 738 3011 in
750 2955 1090 3010 Guibertum
1107 2955 1354 3027 ejusque
1366 2953 1678 3026 complices
1692 2955 1818 3026 jam
1843 2953 2056 3026 saepius

397 3046 518 3104 lata
539 3049 595 3103 et
613 3043 1288 3115 conﬁrmata,egisseque
1315 3043 1386 3099 de
1412 3043 1804 3116 promovenda
1821 3043 2054 3098 Jeroso-

395 3135 680 3210 lymitana
710 3131 1096 3205 expeditione.
1148 3132 1412 3187 Canones
1460 3148 1593 3187 vero
1634 3131 2050 3203 septemdecim

2188 562 2254 618 Et
2311 562 2550 635 quidem
2607 562 2754 619 Boso
2813 568 3017 636 postea
3071 563 3232 620 Becci
3265 563 3466 632 abbas,
3497 563 3722 622 amicus
3777 570 3835 624 et

2183 651 2509 724 discipulus
2540 652 2724 708 sancti
2754 651 3036 720 Anselmi,
3069 669 3375 724 nunquam
3402 653 3614 710 adduci
3646 655 3834 726 potuit

2183 746 2247 796 ut
2279 741 2606 797 hominium
2640 741 2761 813 regi
2792 742 3058 808 Henrico,
3093 742 3192 814 qui
3224 743 3618 798 Nortmannia
3658 744 3829 800 etiam

2181 831 2299 884 dux
2330 833 2473 901 erat,
2503 830 2986 902 prastaret,quod
3020 830 3074 885 id
3111 847 3172 886 se
3205 847 3505 903 nunquam
3539 831 3827 887 facturum

2181 918 2476 990 pollicitus
2508 935 2655 991 papa
2691 919 2877 974 fuerat
2907 923 2972 973 ut
2998 917 3058 972 in
3089 919 3217 990 ejus
3239 919 3369 974 Vita
3394 919 3829 993 legitur.Neque

2181 1007 2274 1062 hic
2305 1007 2696 1064 omittendum
2713 1012 2800 1064 est
2830 1008 2983 1079 quod
3019 1008 3340 1081 Reingerus
3372 1009 3681 1065 Luccensis
3710 1009 3828 1082 epi-

2180 1113 2394 1168 scopus
2427 1097 2483 1151 in
2514 1097 2717 1152 eadem
2737 1095 2956 1168 synodo
2971 1096 3180 1152 fecisse
3209 1097 3281 1152 ab
3294 1097 3578 1152 Eadmero
3596 1097 3825 1152 dicitur.

2179 1186 2282 1243 Hic
2309 1185 2524 1258 quippe
2553 1203 2582 1240 a
2617 1185 2891 1257 pontifice
2922 1191 3157 1258 propter
3187 1201 3482 1251 sonoram,
3506 1203 3624 1257 qua
3651 1186 3826 1258 polle-

2179 1275 2299 1343 bat,
2332 1290 2530 1330 vocem
2567 1273 2906 1346 designatus
2933 1273 3002 1328 ad
3026 1272 3273 1346 legenda
3317 1273 3544 1345 publice
3592 1291 3719 1346 quaa
3767 1274 3826 1331 in

2177 1364 2398 1436 synodo
2430 1366 2647 1418 statuta
2699 1363 2949 1429 fuerant,
2985 1379 3116 1417 cum
3166 1362 3220 1416 id
3273 1367 3704 1432 exsequeretur,
3739 1377 3826 1418 re.-

2177 1458 2348 1524 pente
2372 1453 2694 1524 interrupta
2722 1452 3084 1506 decretorum
3118 1449 3287 1516 serie,
3322 1454 3546 1506 mutato
3575 1451 3735 1506 vultu
3762 1469 3828 1506 ac

2175 1541 2330 1596 vocis
2362 1545 2417 1596 et
2449 1542 2626 1596 totius
2657 1539 2914 1611 corporis
2942 1539 3386 1603 habitu,terram
3406 1539 3549 1610 pede
3574 1555 3680 1594 suo
3702 1555 3826 1595 ver-

2176 1631 2388 1684 berans
2420 1628 2605 1684 multa
2634 1628 2969 1684 interseruit
2992 1628 3050 1682 in
3074 1627 3334 1682 Anselmi
3368 1627 3734 1694 honorem,et
3757 1629 3825 1683 de

2173 1719 2268 1774 his
2299 1735 2424 1791 quae
2458 1718 2554 1773 ille
2585 1735 2618 1773 a
2645 1733 2776 1790 rege
2804 1715 3158 1789 Angelorum
3187 1733 3397 1788 passus
3427 1716 3826 1789 fuerat,gravi-

2177 1812 2266 1863 ter
2300 1812 2677 1879 conquestus,
2713 1807 2867 1877 quod
2918 1809 3048 1878 post
3077 1808 3301 1860 tantam
3335 1804 3394 1859 in
3428 1805 3569 1860 urbe
3600 1821 3823 1860 moram

2179 1913 2294 1951 non
2320 1897 2370 1952 ei
2406 1895 2610 1951 fuisset
2641 1893 3182 1961 satisfactum.Sed,
3217 1896 3509 1949 momenta
3535 1909 3704 1965 papa,
3737 1892 3825 1950 le-

2177 1984 2430 2040 ctionem
2463 2000 2753 2040 canonum
2788 1986 3283 2054 persecutusque
3317 1982 3547 2038 decreta
3569 1998 3636 2037 ea
3667 1983 3737 2038 de
3765 1998 3826 2038 re

2177 2072 2426 2138 fuerant,
2462 2077 2526 2127 ut
2569 2089 2701 2127 mox
2733 2071 3094 2138 dicebamus,
3132 2071 3367 2127 tandem
3421 2086 3556 2126 cum
3606 2070 3828 2127 caeteris

2175 2161 2537 2232 approbavit.

2247 2249 2471 2304 Interea
2503 2248 2758 2321 pontifex
2789 2247 2947 2302 haud
2978 2245 3307 2320 negligebat
3356 2263 3557 2302 eorum
3589 2263 3824 2318 causas,

2174 2338 2274 2409 qui
2309 2339 2380 2392 ad
2417 2337 2610 2410 ipsum
2661 2336 3058 2402 recurrebant,
3091 2335 3305 2407 quibus
3352 2335 3441 2392 vel
3490 2335 3614 2408 ipse
3663 2335 3826 2393 solus

2172 2426 2540 2499 providebat;
2574 2428 2674 2480 aut
2703 2428 2857 2481 certe
2885 2441 2984 2480 eas
3014 2424 3298 2480 referebat
3327 2424 3399 2478 ad
3431 2425 3741 2497 synodum,
3772 2425 3825 2480 si

2170 2514 2317 2570 tanti
2347 2518 2562 2582 essent,
2591 2519 2656 2568 ut
2681 2514 2739 2569 id
2771 2530 2958 2585 operas
2991 2512 3241 2585 pretium
3272 2517 3442 2569 esset.
3477 2513 3547 2568 Et
3578 2514 3821 2584 quidem

2170 2603 2418 2660 durante
2443 2601 2708 2670 concilio,
2743 2618 2951 2674 nempe
2987 2601 3078 2658 die
3124 2603 3195 2656 26
3226 2601 3435 2673 Aprilis
3477 2601 3550 2657 ad
3590 2603 3822 2675 petitio-

2170 2708 2302 2747 nem
2324 2692 2562 2747 Andreas
2577 2691 2808 2746 abbatis
2823 2689 3243 2745 monasterium
3264 2688 3484 2746 Casalis
3501 2690 3825 2757 Benedicti,

2168 2781 2324 2852 quod
2356 2778 2454 2835 ille
2482 2779 2636 2851 apud
2685 2779 2976 2852 Bituriges
3000 2780 3168 2850 juxta
3195 2777 3825 2836 Vallumbrosanorum

2166 2868 2437 2924 instituta
2466 2869 2575 2924 sub
2607 2866 2808 2940 regula
2839 2867 3024 2923 sancti
3057 2866 3353 2923 Benedicti
3392 2872 3824 2933 construxerat,

2165 2957 2318 3013 bona
2349 2974 2414 3012 ac
2445 2956 2848 3029 possessiones
2874 2956 3256 3024 confirmavit,
3283 2955 3419 3011 data
3448 2955 3818 3012 hulla.Aliud

2162 3045 2532 3118 privilegium
2555 3045 2649 3101 die
2679 3046 2942 3116 sequenti
2995 3045 3065 3100 ad
3109 3044 3445 3116 petitionem
3474 3045 3658 3100 Amati
3683 3045 3826 3101 Bur-

2163 3133 2483 3209 digalensis
2530 3132 2971 3205 archiepiscopi,
3005 3136 3063 3188 et
3112 3131 3381 3188 Fulconis
3428 3132 3676 3199 abbatis,
3709 3133 3818 3204 qui

393 3225 574 3297 huius
600 3220 956 3293 concilii,qui
972 3220 1144 3294 vulgo
1166 3220 1804 3291 circumferunturjam
1827 3220 1886 3274 in
1901 3221 2052 3292 prio—
2081 3196 2124 3262 Ο
2163 3196 2307 3279 forte
2333 3239 2464 3278 cum
2491 3238 2557 3278 eo
2589 3221 2846 3277 antistite
2864 3223 3110 3277 Romam
3127 3221 3199 3276 ad
3222 3219 3531 3276 concilium
3553 3226 3815 3290 venerat,

391 3315 560 3371 ribus
591 3310 852 3368 conciliis
881 3315 948 3366 ut
978 3309 1297 3383 plurimum
1332 3308 1684 3382 promulgati
1725 3309 2050 3378 fuerant,ut

389 3401 604 3476 legenti
637 3400 957 3473 patebit.At
988 3415 1281 3471 nusquam
1313 3397 1575 3454 invenire
1605 3397 1952 3470 licuit,quod
1976 3398 2047 3453 de

389 3493 593 3550 eadem
625 3490 846 3562 synodo
874 3489 1048 3543 refert
1078 3491 1280 3543 auctor
1309 3487 1579 3543 Chronici
1620 3485 2042 3552 Malleacensis,

387 3581 448 3638 in
482 3597 551 3636 ea
582 3577 803 3634 scilicet
833 3594 866 3632 a
891 3575 1161 3648 pontifice
1191 3577 1491 3631 decretum
1524 3575 1798 3644 fuisse,ut
1829 3574 2046 3648 singuli

387 3665 702 3726 Christiani
735 3663 894 3720 omni
928 3663 1070 3720 feria
1104 3667 1266 3719 sexta
1297 3668 1596 3720 servarent
1615 3663 1913 3735 jejunium
1943 3680 2045 3736 pro

381 3756 618 3831 peccatis
647 3755 782 3819 suis,
815 3760 864 3808 et
889 3753 1130 3808 maxime
1153 3768 1256 3824 pro
1287 3753 1404 3807 illis
1434 3753 1630 3823 quibus
1662 3768 1772 3808 non
1816 3755 2047 3824 confessi

385 3853 513 3902 sunt
537 3847 901 3900 immemores.

459 3934 619 4002 Quod
640 3933 712 3988 ad
736 3947 829 3988 res
847 3928 1199 4004 Anglicanas
1229 3929 1800 4002 spectat,Eadmerus
1831 3930 1980 3986 libro
2001 3948 2041 3986 ιι

381 4026 694 4090 Novorum,
727 4024 784 4077 et
815 4023 947 4093 post
972 4037 1105 4075 eum
1164 4018 1448 4092 Rogerius
1496 4019 1863 4087 Hovedenus,
1898 4019 2039 4075 scri-

384 4115 553 4182 bunt,
590 4134 618 4162 ‹‹
651 4111 950 4168 Urbanum
984 4109 1043 4164 in
1070 4109 1272 4164 eadem
1321 4109 1540 4179 synodo
1591 4109 1943 4166 sententiam
1975 4126 2042 4164 ex

385 4199 937 4259 communicationis
965 4197 1278 4270 protulisse
1320 4197 1380 4252 in
1425 4198 1789 4254 adversarios
1826 4201 2040 4254 sanctae

381 4289 672 4354 Ecclesiae,
705 4304 773 4343 ac
804 4286 864 4341 in
895 4303 1100 4342 omnes
1130 4284 1328 4353 laicos,
1365 4287 1464 4358 qui
1511 4286 1888 4343 investituras
1937 4286 2036 4340 da-

377 4379 540 4443 bant,
593 4379 696 4431 aut
743 4372 986 4429 clericos
1035 4373 1134 4445 qui
1178 4390 1278 4429 eas
1326 4374 1710 4445 accipiebant,
1747 4377 1848 4428 aut
1879 4374 2034 4444 ejus-

380 4465 538 4521 modi
552 4462 822 4519 homines
835 4463 905 4518 ad
924 4461 1181 4517 officium
1202 4461 1320 4516 dati
1335 4461 1578 4517 honoris
1589 4463 2031 4517 consecrabant.

2157 3312 2447 3369 concessit
2471 3310 2825 3380 monasterio
2851 3310 3076 3366 Sanctae
3116 3308 3316 3364 Crucis
3350 3309 3815 3382 Burdigalensis.

2229 3405 2295 3457 At
2326 3399 2558 3474 negotia
2588 3399 2830 3471 majoris
2879 3397 3162 3454 momenti
3209 3397 3269 3452 in
3317 3396 3558 3452 concilio
3591 3401 3817 3454 tracta-

2155 3490 2477 3546 bantur.Ex
2508 3489 2581 3544 iis
2614 3489 2724 3543 fuit
2747 3486 3108 3544 canonizatio
3135 3487 3322 3542 sancti
3373 3485 3592 3542 Nicolai
3644 3487 3816 3542 Pere-

2153 3579 2306 3648 grini
2342 3597 2354 3634 :
2390 3577 2534 3633 tales
2560 3577 2718 3632 enim
2749 3592 2958 3632 causas
2991 3576 3162 3647 juxta
3193 3573 3352 3629 illius
3403 3575 3503 3629 invi
3544 3574 3813 3646 discipli-

2156 3685 2289 3722 nam
2317 3667 2594 3746 plenariae
2624 3664 2824 3736 synodi
2851 3664 3130 3720 communi
3155 3664 3616 3733 assensuﬁrmari
3637 3663 3816 3718 debe-

2154 3773 2214 3811 re
2235 3756 2361 3828 ipse
2379 3754 2786 3824 Urbanusjam
2810 3756 2980 3808 antea
3031 3753 3101 3807 ad
3145 3751 3520 3808 Benedictum
3555 3751 3821 3807 Namne-

2153 3847 2400 3908 tensem,
2433 3845 2498 3896 ut
2527 3858 2631 3897 suo
2655 3840 2778 3896 loco
2809 3840 3395 3908 diximus,statuerat.
3427 3842 3617 3911 Atque
3665 3840 3821 3896 adeo

2152 3930 2457 3988 Bisancius
2510 3929 2827 3984 Tranensis
2882 3927 3377 4000 archiepiscopus,
3435 3927 3537 3999 qui
3587 3926 3821 3983 Nicolai

2152 4018 2650 4076 canonizationem
2715 4016 3198 4090 prosequebatur,
3257 4016 3542 4072 miracula
3607 4017 3679 4071 ab
3747 4033 3821 4074 eo

2150 4112 2400 4181 patrata,
2447 4105 2817 4179 precipiente
2859 4104 3112 4171 Urbano,
3143 4119 3335 4159 coram
3382 4107 3638 4162 universo
3681 4121 3819 4162 con-

2148 4199 2276 4252 cilio
2305 4197 2585 4256 recitavit;
2618 4193 2833 4266 quibus
2882 4191 3045 4248 lectis
3098 4192 3356 4264 pontifex
3386 4191 3436 4246 ei
3469 4192 3820 4250 facultatem

2149 4285 2437 4341 concessit
2466 4288 2532 4338 ut
2561 4282 2852 4353 quidquid
2891 4281 2999 4336 hac
3046 4281 3107 4335 in
3136 4297 3198 4334 re
3248 4278 3460 4335 melius
3487 4279 3817 4351 videretur,

2146 4375 2216 4430 ad
2255 4372 2347 4428 Dei
2379 4371 2626 4445 gloriam
2661 4370 3011 4437 institueret,
3036 4369 3188 4426 datis
3219 4385 3287 4425 ea
3315 4369 3385 4424 de
3406 4384 3468 4424 re
3496 4367 3716 4426 litteris
3739 4371 3817 4427 ad

2146 4462 2388 4529 clerum,
2425 4460 2650 4517 nobiles
2699 4465 2756 4515 et
2803 4459 3034 4532 plebem
3090 4457 3406 4514 Tranensis
3445 4456 3725 4526 civitatis,
3759 4465 3821 4514 et

379 4552 642 4624 Denique
672 4551 730 4606 in
773 4566 892 4617 eos,
943 4549 1042 4622 qui
1101 4567 1205 4621 pro
1253 4549 1666 4606 ecclesiasticis
1713 4551 2038 4607 honoribus
2067 4563 2115 4628 D
2148 4552 2388 4625 quidem
2419 4551 2489 4605 ad
2522 4550 2679 4605 hunc
2710 4548 3041 4617 annum,ad
3071 4564 3246 4619 quem
3278 4547 3592 4620 pertinere,
3624 4547 3816 4603 etiam

379 4642 662 4699 laicorum
687 4639 954 4696 homines
989 4638 1154 4706 ﬁunt,
1172 4640 1327 4712 quod
1361 4639 1714 4696 exsecrabile
1745 4640 2032 4707 videatur,

373 4730 569 4804 inquit
597 4728 876 4802 pontifex,
911 4729 1281 4784 sacerdotum
1313 4745 1547 4796 manus,
1569 4747 1694 4802 quas
1724 4729 1780 4784 in
1807 4732 2032 4784 tantam

376 4818 758 4878 eminentiam
787 4821 1184 4886 excreverunt,
1219 4819 1473 4890 ut,quod
1506 4817 1652 4873 nulli
1684 4816 2023 4890 angelorum

375 4923 720 4966 concessum
752 4905 1051 4973 est,Deum
1084 4909 1294 4962 cuncta
1322 4911 1615 4963 creantem
1635 4924 1740 4962 suo
1767 4906 2031 4962 ministeo

376 4999 462 5054 rio
493 4999 772 5064 creenl,et
800 5011 933 5050 eum
946 4995 1072 5050 lem
1096 4995 1291 5068 ipsum
1318 5013 1419 5068 pro
1444 4996 1841 5068 redemptione
1864 5000 1920 5052 et
1940 5012 2030 5050 sa-

372 5086 495 5143 lute
525 5086 708 5142 totius
740 5083 945 5140 mundi
977 5084 1194 5138 summi
1225 5084 1324 5140 Dei
1357 5084 1546 5141 Patris
1567 5085 1868 5141 obtutibus
1891 5084 2028 5139 olfe-

375 5179 540 5242 rant;
574 5175 632 5229 in
663 5173 813 5229 hanc
844 5172 1226 5245 ignominiam
1261 5173 1512 5239 detrudi,
1551 5180 1611 5228 ut
1642 5173 1863 5229 ancilla:
1888 5174 2032 5228 ﬁant

377 5279 580 5319 earum
613 5262 1240 5333 manuum,quasdieac
1254 5266 1422 5318 nocte
1453 5261 1722 5318 obscenis
1744 5261 2032 5334 contagiis

375 5349 780 5422 inquinentur,
816 5373 842 5399 η
875 5355 985 5406 etc.
1020 5351 1137 5406 Hac
1168 5349 1392 5423 prolata
1421 5350 1712 5406 sententia
1743 5349 2031 5406 acclama-

374 5444 504 5495 tum
534 5441 622 5493 est
649 5438 721 5491 ab
754 5438 1030 5495 omnibus
1065 5458 1076 5495 :
1109 5440 1374 5511 Fiat,ﬁat,
1408 5441 1457 5494 et
1486 5441 1546 5495 in
1577 5439 1662 5494 his
1686 5455 2031 5495 consumma-

372 5533 489 5584 tum
514 5530 592 5581 est
621 5526 1072 5584 concitiam.H.ec
1103 5529 1300 5585 omnia
1332 5546 1390 5584 se
1425 5528 1482 5584 in
1509 5530 1738 5584 concilio
1791 5546 1823 5583 a
1873 5545 2034 5585 vene-

380 5633 436 5672 re
469 5616 581 5672 illis
612 5615 892 5670 memoria:
915 5615 1132 5675 domino
1146 5635 1285 5691 papa
1309 5619 1521 5676 Urbano
1545 5617 1838 5674 audivisse
1863 5620 2036 5675 testa-

2147 4642 2371 4713 absque
2397 4638 2535 4695 ullis
2567 4637 2860 4694 chronicis
2894 4637 3070 4703 notis,
3103 4637 3294 4708 quivis
3326 4635 3492 4691 facile
3524 4651 3592 4690 ex
3627 4634 3815 4693 dictis

2144 4729 2440 4802 intelligit.

2209 4819 2622 4891 Compressum
2654 4815 2827 4871 etiam
2863 4815 2973 4870 hac
3011 4814 3071 4869 in
3125 4814 3346 4886 synodo
3394 4812 3505 4868 fuit
3555 4813 3814 4869 Tarven-

2137 4906 2338 4965 nensis
2368 4904 2636 4961 Ecclesiae
2662 4903 2944 4971 schisma,
2978 4903 3322 4958 confirmato
3371 4901 3430 4958 in
3474 4902 3603 4972 ejus
3633 4902 3812 4957 urbis

2138 4993 2398 5053 antistite
2427 4993 2670 5060 Joanne,
2706 5010 2879 5065 quem
2918 4991 3233 5048 dimcesani
3273 4990 3535 5057 abbates,
3567 4991 3810 5061 rejectis

2140 5084 2291 5152 aliis,
2325 5081 2680 5154 delegerant,
2715 5085 3029 5153 postquam
3060 5079 3355 5135 Gerardus
3385 5078 3508 5150 qui,
3533 5077 3617 5133 uti
3651 5077 3808 5133 dixi-

2141 5171 2363 5237 mus,in
2389 5169 2772 5226 Nemausensi
2806 5167 3054 5224 concilio
3085 5184 3118 5223 a
3145 5166 3270 5222 suis
3301 5166 3523 5222 muniis
3545 5182 3805 5237 suspen-

2140 5278 2244 5318 sus
2276 5260 2482 5327 fuerat,
2538 5259 2597 5313 in
2649 5257 3072 5314 monasterium
3121 5257 3338 5312 Montis
3387 5255 3582 5311 Sancti
3629 5253 3807 5328 Eligii

2141 5349 2500 5409 secessisset.
2534 5347 2722 5420 Hujus
2751 5346 2834 5402 rei
2865 5345 3194 5419 praecipuus
3221 5348 3420 5402 auctor
3465 5344 3577 5399 fuit
3626 5343 3808 5399 Lam-

2141 5441 2342 5496 bertus
2373 5438 2554 5494 abbas
2585 5435 3108 5503 Sithiensis,sancti
3139 5433 3399 5490 Anselmi
3431 5432 3810 5504 amicus,qui

2143 5546 2211 5586 ea
2235 5529 2306 5584 de
2349 5544 2432 5598 re,
2465 5536 2530 5582 ut
2577 5525 2950 5582 Malbrancus
3000 5525 3194 5592 refert,
3228 5523 3549 5578 orationem
3601 5537 3811 5577 coram

2144 5615 2351 5691 synodi
2401 5615 2671 5673 Patribus
2719 5615 2944 5672 habuit.
2995 5614 3243 5670 Litteras
3289 5612 3358 5668 de
3407 5610 3515 5667 hoc
3565 5610 3810 5681 negotio
