3998 6158
148 340 272 408 353

1753 346 1959 412 VITA.

3439 344 3559 408 ΞΜ

150 478 394 554 scripsit
419 477 677 555 pontifex
697 481 770 540 ad
794 479 1122 542 Manassem
1153 484 1499 542 Remensem
1521 482 1799 558 archiepi-
1828 480 1884 552 Α
1914 479 2193 540 abbatum
2217 481 2534 557 colligitur,
2558 478 2718 539 illius
2739 494 2940 538 curam
2961 479 3187 555 Hugoni
3211 468 3407 538 abbati
3428 479 3560 537 Clu-

149 586 423 642 scopum,
454 577 581 628 tum
615 574 685 628 ad
715 573 1174 643 Tarvennenses,
1205 591 1270 630 ac
1295 574 1469 631 etiam
1503 577 1574 631 ad
1603 575 1799 648 ipsum

147 659 461 726 Joannem,
497 661 590 716 cui
621 663 889 734 prohibet
930 679 1002 719 ne
1049 663 1312 720 electioni
1364 682 1482 720 suae
1515 665 1804 721 contraire

148 749 394 815 audeat;
427 751 528 804 sed
562 750 647 804 hae
678 751 869 807 solum
920 751 1137 807 ultimae
1189 758 1523 825 supersunt,
1556 771 1704 825 quas
1737 771 1804 810 ex

148 837 418 907 ejusdem
436 838 682 894 Joannis
700 841 848 899 Vita.
869 841 1005 895 olim
1026 842 1420 912 praferentur.
1437 844 1584 898 Loco
1608 849 1802 899 autem

145 942 354 980 earum
381 943 510 998 qua:
533 928 603 982 ad
629 929 958 985 Manassem
983 931 1209 1002 scripta:
1241 933 1713 998 erant,dabimus
1743 933 1803 987 in

147 1014 485 1084 Appendice
505 1015 770 1086 ejusdem
793 1017 1210 1090 archiepiscopi
1229 1019 1534 1090 epistolam
1553 1022 1620 1076 ad
1645 1021 1804 1093 ipsos

148 1102 616 1164 Tarvennenses,
640 1121 756 1175 qua
781 1121 880 1161 eos
911 1106 981 1160 ad
1007 1107 1288 1162 Joannem
1315 1109 1484 1180 juxta
1515 1111 1807 1182 pontificis

147 1197 208 1246 et
233 1190 474 1246 concilii
505 1193 781 1248 mandata
813 1196 1252 1267 suscipiendum
1285 1198 1646 1264 adhortatur,
1672 1200 1805 1271 qui—

148 1280 261 1334 bus
304 1281 504 1351 reipsa
538 1297 636 1336 eos
675 1283 939 1354 paruisse
971 1301 1039 1339 ex
1083 1284 1468 1357 ipsorummet
1493 1287 1702 1343 litteris
1734 1291 1804 1344 ad

149 1369 539 1424 Lambertum
569 1371 1032 1439 Atrebatensem,
1059 1390 1090 1426 a
1121 1373 1354 1429 Baluzio
1401 1380 1558 1431 tomo
1592 1376 1637 1428 V
1669 1377 1805 1433 Mis-

146 1456 356 1512 cellan.
385 1457 585 1512 relatis
615 1464 790 1530 patet.
818 1461 901 1514 lbi
948 1462 1101 1516 enim
1135 1478 1190 1518 se
1213 1480 1375 1535 papae
1408 1465 1617 1520 litteras
1649 1483 1807 1522 acce-

145 1545 302 1617 pisse
333 1545 504 1600 aiunt
524 1563 687 1617 super
704 1550 1416 1617 conﬁrmationeelectionis
1438 1553 1626 1609 damni
1643 1557 1807 1610 Joan-

146 1636 230 1688 nis
263 1635 648 1690 archidiaconi
679 1635 1074 1698 Atrebatensis;
1098 1639 1313 1710 quibus
1342 1657 1405 1697 se
1430 1643 1589 1698 corde
1613 1648 1663 1699 et
1693 1647 1811 1700 ani-

146 1739 231 1776 mo
264 1723 776 1794 obtemperaturos
826 1727 1188 1796 profitentur.
1223 1730 1292 1783 Et
1345 1731 1582 1801 quidem
1637 1733 1810 1803 paulo

149 1811 595 1881 post,videlicet
626 1830 663 1866 ιι
713 1830 898 1868 nonas
944 1815 1101 1870 Junii
1137 1817 1316 1887 hujus
1362 1821 1521 1885 anni,
1554 1822 1809 1877 Joannes
1840 1855 1887 1919 Β

150 1900 452 1919 μυί-,μμ
493 1917 508 1919 _
565 1900 608 1919 ,ε
701 1905 711 1919 .
893 1908 902 1919 .
980 1908 988 1919 .
1631 1911 1666 1919 ..

150 1900 457 1971 presbyter
484 1900 792 1957 ordinatus
822 1908 940 1970 est;
975 1908 1098 1958 tum
1156 1923 1356 1962 mense
1404 1911 1666 1980 sequenti
1715 1929 1809 1975 xv]

151 1987 445 2044 Kalendas
474 1991 746 2062 Augusti,
773 1992 968 2047 Remis
999 2010 1032 2048 a
1067 1994 1332 2051 Manasse
1364 2000 1811 2071 metropolitano

150 2081 528 2131 consecratus
586 2079 920 2149 episcopus,
957 2082 1194 2136 tandem
1238 2083 1552 2140 Tarvennae
1599 2103 1813 2143 summa

149 2165 281 2218 cieri
297 2181 592 2235 procerum
621 2176 673 2221 et
688 2169 881 2238 populi
909 2171 1274 2227 exsultatione
1295 2182 1590 2245 susceptus,
1615 2193 1669 2230 ιχ
1693 2179 1790 2231 Kal

146 2253 390 2318 eiusdem
415 2258 623 2310 mensis
644 2257 913 2312 cathedrae
928 2265 1064 2329 pont
1076 2260 1246 2328 iﬁcali
1275 2263 1681 2319 inthronizatus
1711 2249 1810 2329 est:

148 2346 208 2395 ut
237 2341 422 2396 refert
457 2342 717 2398 Joannes
764 2344 891 2414 ejus
921 2325 1068 2401 Vitas
1097 2325 1323 2402 auctor
1370 2351 1610 2421 aequalis
1657 2325 1813 2425 apud

149 2429 509 2486 Bollandum
538 2431 632 2487 die
670 2435 739 2486 27
769 2433 1053 2501 Januarii,
1079 2451 1193 2506 quo
1240 2438 1368 2507 ejus
1418 2441 1701 2496 memoria
1747 2442 1806 2497 in

149 2518 380 2588 aliquot
413 2519 842 2591 Martyrologiis
875 2521 1216 2579 celebratur.

217 2608 400 2663 Porro
425 2608 771 2664 Lambertus
793 2610 994 2674 abbas,
1014 2612 1113 2683 qui
1139 2630 1243 2685 pro
1266 2613 1548 2672 electione
1569 2618 1812 2674 Joannis

151 2697 208 2751 in
240 2696 471 2767 synodo
522 2714 825 2768 perorasse
865 2700 1099 2768 dicitur,
1133 2702 1605 2761 Cluniacensium
1655 2708 1814 2762 fama

153 2784 407 2850 illectus,
443 2802 541 2841 eos
582 2786 640 2841 in
682 2804 855 2842 suum
889 2789 1086 2844 Sancti
1117 2791 1333 2847 Bertini
1367 2796 1811 2862 monasterium,

155 2875 207 2928 in
241 2891 364 2945 quo
426 2875 739 2947 disciplina
797 2876 1082 2949 regularis
1141 2881 1489 2953 intepuerat,
1540 2885 1813 2941 inducere

148 2963 513 3034 jampridem
556 2963 975 3033 meditabatur;
1007 2973 1336 3039 opportuna
1378 2970 1556 3041 hujus
1586 2973 1813 3028 itineris

154 3051 409 3105 Romani
456 3067 600 3106 usus
648 3052 972 3119 occasione,
1007 3053 1064 3108 id
1097 3054 1430 3126 impetravit
1457 3059 1526 3112 ab
1557 3059 1809 3126 Urbano,

155 3139 579 3195 interveniente
591 3138 913 3195 Clementia
929 3142 1426 3214 comitissa,cujus
1444 3146 1514 3200 ad
1537 3149 1808 3203 eumdem

1912 572 2168 628 niacensi
2192 572 2262 628 ad
2286 571 2565 645 Stephani
2591 571 2820 628 comitis
2842 573 3088 643 ejusque
3109 569 3305 626 uxoris
3332 587 3558 644 preces,

1911 662 2291 717 committere.
2316 662 2554 716 Exstant
2575 678 2642 716 ea
2673 662 2744 716 de
2774 678 2832 716 re
2855 661 3068 717 Urbani
3095 660 3318 726 litterae,
3343 660 3561 731 quibus

1913 751 2166 821 pontifex
2189 751 2244 804 id
2270 751 2624 806 exsecutioni
2650 749 2915 805 mandari
2947 749 3227 821 praecipit,
3253 750 3333 805 ita
3361 755 3558 805 tamen

1911 843 1977 894 ut
2005 838 2102 893 ille
2152 840 2296 893 locus
2329 841 2548 910 proprio
2596 838 2787 894 abbate
2840 855 2951 893 non
3008 847 3208 893 careat.
3266 840 3559 902 Quantum

1911 943 2044 982 vero
2075 926 2460 982 laborandum
2485 927 2657 982 fuerit
2680 931 2745 981 ut
2766 927 2886 981 haec
2908 927 3142 981 abbatia
3162 944 3196 981 a
3219 926 3562 982 Cluniacen-

1915 1015 2068 1069 sium
2094 1017 2238 1086 jugo
2272 1016 2641 1081 eximeretur,
2679 1032 2747 1070 ex
2786 1015 3052 1070 Guidone
3082 1015 3425 1070 discendum
3476 1020 3567 1071 est

1915 1104 1972 1158 in
2007 1103 2196 1160 Gestis
2229 1105 2506 1158 abbatum
2555 1104 2748 1159 Sancti
2783 1103 3056 1159 Germani
3103 1107 3260 1158 tomo
3294 1103 3316 1159 Ι
3349 1103 3564 1160 Biblio-

1913 1193 2093 1248 thecm
2126 1194 2460 1248 Labbeanm.

1988 1281 2387 1354 Disceptatum
2420 1286 2509 1337 est
2552 1285 2754 1352 postea
2801 1298 2997 1338 coram
3045 1283 3308 1352 ejusdem
3359 1283 3562 1356 synodi

1919 1370 2187 1426 Patribus
2209 1372 2279 1425 de
2303 1371 2612 1426 cmmcterii
2637 1372 2771 1440 jure
2794 1371 2850 1424 in
2880 1371 3020 1426 urbe
3040 1372 3370 1443 Burdigala,
3395 1374 3566 1443 cujus

1918 1460 2345 1532 possessionem
2397 1459 2651 1514 ecclesiae
2701 1460 2892 1514 Sancti
2935 1461 3170 1514 Andreae
3215 1461 3567 1517 cathedralis

1920 1549 2178 1603 canonici
2207 1549 2314 1603 sibi
2342 1549 2536 1603 deberi
2561 1550 3228 1614 contendebant,contra
3245 1550 3568 1605 nitentibus

1919 1636 2145 1692 clericis
2178 1637 2371 1692 Sancti
2419 1636 2698 1692 Severini.
2734 1639 2843 1692 Sed
2878 1637 2936 1691 hi
2970 1637 3160 1691 ultimi
3213 1654 3391 1693 causa
3420 1638 3566 1692 ceci-

1921 1725 2149 1791 derunt,
2176 1729 2240 1778 ut
2269 1742 2336 1778 ex
2373 1725 2586 1779 Urbani
2614 1726 2892 1797 rescripto
2924 1726 3231 1788 discimus,
3256 1727 3411 1797 quod
3439 1730 3570 1798 post

1921 1812 2142 1884 aliquot
2175 1813 2298 1868 dies
2328 1830 2393 1868 ea
2425 1814 2494 1869 de
2546 1829 2604 1868 re
2636 1814 2706 1868 ad
2740 1814 3052 1870 canonicos
3084 1815 3281 1870 Sancti
3334 1815 3568 1872 Andreas

1921 1903 2098 1958 dedit.

1993 1993 2113 2046 lluc
2144 2008 2376 2064 quoque
2417 1993 2774 2047 advenerunt
2822 1993 3087 2048 monachi
3142 1992 3568 2076 Molismenses,

1921 2081 2294 2151 conquesturi
2324 2081 2603 2136 adversus
2625 2081 2942 2137 Robertum
2967 2098 3139 2137 suum
3166 2099 3368 2138 eorum
3395 2083 3572 2139 abba-

1921 2172 2061 2232 tem,
2085 2168 2182 2239 qui
2228 2169 2371 2239 ipsis
2416 2168 2678 2225 dimissis
2708 2169 2778 2224 ad
2811 2168 3250 2225 Cisterciensem
3281 2186 3568 2238 eremum,

1923 2273 2070 2312 nova
2094 2258 2173 2310 ibi
2197 2262 2385 2312 erecta
2405 2257 2657 2325 abbatia,
2678 2258 3212 2330 transmigraverat.
3234 2263 3445 2314 Eorum
3470 2275 3572 2332 pe-

1920 2345 2110 2400 titioni
2144 2351 2477 2400 annuerunt
2523 2346 2751 2401 concilii
2798 2348 3028 2414 Patres;
3062 2353 3118 2402 et
3148 2348 3270 2418 ipse
3316 2347 3573 2420 pontifex

1923 2434 2267 2504 infatigabili
2316 2435 2762 2500 Molismensiu-m,
2809 2441 2874 2489 ut
2919 2435 2978 2489 in
3036 2434 3321 2489 Chronico
3381 2435 3574 2490 Arela-

1921 2523 2071 2580 tensi
2126 2523 2357 2594 legitur,
2391 2524 2612 2594 querela
2668 2528 2835 2579 actus
2897 2523 3084 2596 legato
3137 2540 3244 2578 suo
3275 2523 3335 2578 in
3366 2523 3572 2580 Galliis

1922 2612 2152 2684 Hugoni
2190 2611 2443 2683 scripsit,
2479 2616 2543 2666 ut
2595 2613 2843 2668 Roberto
2875 2612 2943 2666 ad
2977 2629 3116 2668 suos
3166 2612 3572 2669 Molismenses

1923 2702 2172 2757 reditum
2205 2700 2555 2771 persuadere
2601 2706 2939 2768 conaretur;
2973 2706 3075 2756 aut
3103 2700 3151 2756 si
3183 2702 3238 2756 id
3282 2702 3405 2757 fieri
3455 2718 3571 2758 non

1922 2792 2139 2862 posset,
2174 2807 2264 2844 res
2294 2788 2374 2844 ita
2422 2795 2752 2862 componat,
2779 2795 2843 2844 ut
2873 2791 3183 2861 utriusque
3234 2790 3573 2845 monasterii

1923 2879 2130 2932 fratres
2160 2876 2219 2930 in
2250 2893 2356 2932 suo
2389 2878 2606 2949 quique
2651 2877 2777 2933 loco
2808 2877 3082 2948 deinceps
3116 2878 3296 2949 quieti
3342 2895 3573 2950 perma-

1922 2969 2116 3021 neant.
2141 2970 2278 3019 Dato
2297 2982 2364 3021 ea
2379 2966 2450 3020 de
2467 2981 2528 3020 re
2554 2967 2804 3032 decreto,
2822 2984 2936 3038 quo
2954 2970 3188 3021 cavetur
3209 2983 3278 3022 ne
3299 2967 3575 3039 deinceps

1922 3054 2190 3110 monachi
2242 3069 2444 3108 eorum
2491 3055 2983 3110 monasteriorum
3015 3070 3044 3108 e
3085 3055 3208 3110 loco
3259 3055 3330 3110 ad
3379 3054 3574 3111 locum

1921 3143 2345 3214 transmigrare
2393 3147 2657 3213 pergant.
2681 3142 2898 3198 Urbani
2947 3142 3195 3214 epistola
3224 3142 3461 3199 dabitur
3506 3159 3575 3198 ex

155 3228 495 3300 pontiﬁcem
518 3227 742 3284 litteras
761 3245 829 3283 ea
847 3228 917 3284 de
935 3247 992 3284 re
1011 3231 1322 3288 deferebat.
1341 3233 1407 3288 Et
1424 3234 1660 3304 quidem
1685 3237 1813 3291 abs-
1842 3218 1884 3285 (ἶ
1921 3230 2095 3286 variis
2125 3231 2360 3302 scriptis
2390 3234 2446 3285 et
2474 3229 2674 3297 editis;
2709 3235 2767 3285 ei»
2797 3235 2995 3302 postea
3016 3231 3281 3300 ejusdem
3313 3248 3380 3286 ea
3409 3232 3481 3286 d6
3515 3248 3576 3287 re

153 3332 264 3388 que
284 3315 409 3370 ulla
429 3333 594 3372 mora
612 3315 838 3372 litteras
857 3319 925 3372 ad
944 3318 1244 3390 Hugonem
1259 3320 1518 3377 Cluniaci
1538 3323 1806 3379 abbatem

152 3404 390 3476 scripsit
419 3405 697 3476 pontifex,
730 3422 984 3476 eumque
1008 3408 1238 3462 monuit
1267 3413 1332 3463 ut
1362 3410 1558 3464 Sancti
1590 3411 1809 3466 Bertini

150 3493 451 3548 Sithiense
472 3493 896 3549 monasterium
921 3496 1030 3550 sub
1049 3513 1158 3550 sua
1179 3513 1318 3552 cura
1340 3498 1637 3569 reciperet,
1654 3502 1809 3572 quod

151 3581 447 3637 Robertus
496 3581 943 3638 Flandrensium
995 3600 1190 3639 comes
1236 3602 1328 3640 an.
1366 3587 1505 3642 1106
1534 3605 1601 3643 ex
1649 3606 1810 3659 pere-

149 3669 482 3741 grinatione
509 3670 1002 3742 Jerosolymitana
1035 3690 1322 3740 reversus,
1355 3677 1640 3732 Attrebati
1674 3695 1810 3733 con-

150 3758 430 3826 ﬁrmavit,
465 3762 529 3813 ut
553 3775 621 3814 ex
650 3761 780 3831 ejus
812 3759 1014 3815 charta
1043 3766 1226 3833 patet,
1259 3762 1440 3819 relata
1485 3765 1543 3820 in
1591 3766 1810 3821 Biblio-

147 3846 317 3902 theca
349 3845 636 3914 Cluniao.,
673 3846 781 3902 col.
815 3849 938 3902 538.
969 3850 1116 3913 Quin
1163 3856 1218 3905 et
1267 3851 1393 3922 ipse
1443 3854 1808 3922 Lambertus,

151 3940 279 4006 post
313 3951 507 4007 pauca
535 3935 734 3991 relicto
758 3938 1098 3993 monasterii
1122 3939 1212 3994 sui
1241 3940 1545 4012 regimine,
1581 3941 1810 3998 Clunia-

150 4041 280 4079 cum
317 4024 586 4091 secessit,
612 4041 677 4080 ac
731 4042 882 4080 nova
904 4027 1274 4098 professione
1296 4045 1424 4085 sese
1447 4031 1661 4103 regulae
1686 4033 1814 4087 stri-

150 4113 304 4167 ctius
340 4112 634 4179 astrinxit,
651 4113 807 4167 unde
829 4116 1206 4185 postmodum
1227 4116 1298 4170 ad
1323 4134 1491 4172 suam
1517 4119 1811 4176 abbatiam

149 4202 465 4264 remissus,
491 4200 618 4271 ejus
650 4217 851 4256 curam
904 4219 1090 4274 usque
1134 4204 1206 4258 ad
1255 4205 1384 4259 vitae
1440 4206 1613 4262 finem
1675 4209 1810 4281 egit.

147 4289 440 4343 Caeterum
474 4288 744 4344 monachi
776 4289 1114 4358 Bertiniani,
1145 4292 1262 4348 imo
1294 4297 1350 4347 et
1380 4293 1506 4364 ipse
1539 4296 1814 4352 Lamber-

147 4381 239 4431 tus
271 4377 437 4432 haud
467 4376 568 4431 diu
591 4377 994 4434 Cluniacensis
1021 4379 1250 4434 abbatis
1279 4386 1408 4452 post
1438 4381 1592 4437 beati
1623 4384 1814 4457 Hugo-

1919 3321 2217 3375 decretum
2261 3336 2328 3374 ex
2375 3319 2648 3374 Orderico
2678 3318 2872 3373 Vitali.
2919 3318 3205 3372 Craterum
3253 3319 3439 3391 Hugo,
3486 3336 3573 3375 re—

1919 3409 2102 3480 ceptis
2152 3408 2366 3463 Urbani
2425 3407 2657 3471 litteris,
2702 3424 2824 3462 rem
2885 3423 3019 3461 cum
3074 3406 3204 3462 aliis
3265 3407 3574 3479 provinciae

1919 3497 2206 3569 episcopis
2247 3502 2304 3550 et
2346 3495 2659 3551 abbatibus
2689 3496 2748 3550 in
2781 3494 3069 3568 colloquio
3100 3496 3255 3568 apud
3305 3497 3574 3552 Portum-

1917 3583 2155 3640 Ancillae
2175 3583 2463 3649 tractavit,
2481 3588 2655 3654 atque
2676 3583 2755 3638 ibi
2775 3584 3074 3639 decretum
3097 3589 3187 3640 est
3207 3587 3271 3638 ut
3289 3584 3575 3641 Robertus

1922 3673 2148 3729 reddita
2177 3672 2446 3745 episcopo
2477 3672 2847 3728 Cabilonensi
2878 3673 3043 3746 virga
3072 3672 3439 3729 Cisteriensis
3471 3674 3574 3730 ab-

1921 3763 2108 3828 batiaa,
2143 3761 2530 3832 relaxatisque
2561 3763 2632 3817 ab
2665 3762 3006 3817 obedientiae
3041 3762 3429 3834 promissione
3460 3762 3572 3819 sibi

1922 3852 2075 3907 facta
2101 3850 2406 3906 monachis
2426 3849 2930 3917 Cisterciensibus,
2957 3849 3312 3917 Molismum,
3339 3867 3472 3906 cum
3500 3850 3571 3906 iis

1922 3941 2022 4012 qui
2055 3957 2189 3996 eum
2234 3939 2397 4010 sequi
2429 3938 2718 3994 voluerint
2759 3943 3172 4004 reverteretur;
3205 3939 3290 3992 ita
3321 3942 3384 3993 ut
3426 3938 3570 3993 nulli

1923 4028 2214 4099 deinceps,
2240 4027 2350 4081 nisi
2378 4027 2543 4096 juxta
2565 4027 2720 4098 quod
2756 4025 3037 4097 permittit
3068 4025 3250 4080 sancti
3278 4024 3571 4081 Benedicti

1925 4117 2144 4189 regula,
2179 4116 2464 4170 transitus
2495 4115 2564 4170 ad
2600 4114 2759 4169 aliud
2794 4114 3213 4169 monasterium
3247 4113 3442 4169 licitus
3474 4114 3567 4168 sit.

1889 4196 1893 4201 ’
1924 4207 2214 4262 Robertus
2238 4205 2450 4275 itaque,
2469 4203 2732 4258 Alberico
2756 4204 2813 4257 in
2837 4202 3279 4258 Cisterciensem
3303 4201 3571 4257 abbatem

1924 4295 2038 4350 sibi
2070 4294 2407 4361 substituto,
2433 4291 2769 4348 Molismum
2797 4290 3046 4362 repetiit,
3069 4290 3267 4362 ibique
3300 4290 3371 4345 ad
3393 4290 3570 4345 finem

1923 4385 2052 4438 vitae
2097 4382 2498 4455 perseveravit.
2533 4383 2661 4437 Hazo
2711 4381 2878 4436 initia
2928 4385 3066 4435 sunt
3109 4379 3332 4434 ordinis
3359 4378 3572 4434 Cister-

146 4466 235 4520 nis
269 4470 527 4520 mortem
550 4466 762 4538 jugum
794 4468 941 4522 ferre
971 4466 1301 4540 valuerunt,
1326 4470 1406 4524 uti
1421 4471 1548 4526 fuse
1578 4478 1818 4528 narrant
1926 4473 2160 4536 oiensis,
2183 4472 2398 4542 quibus
2430 4471 2582 4527 sicut
2625 4476 2684 4526 et
2713 4470 3008 4526 natalibus
3055 4468 3240 4523 sancti
3293 4467 3571 4522 Bernardi

146 4553 376 4643 lperius
422 4553 815 4643 inChronico
863 4556 1128 4624 ejusdem
1174 4556 1304 4623 loci,
1340 4562 1396 4613 et
1441 4559 1812 4615 Malbrancus
1842 4579 1889 4643 Β
1925 4577 2078 4616 anno
2107 4562 2236 4615 1091
2263 4559 2444 4616 exorti
2467 4558 2797 4614 illustratus
2821 4563 2909 4614 est
2932 4557 3143 4614 Urbani
3177 4557 3569 4629 pontiﬁcatus.

144 4639 243 4694 lib.
273 4658 331 4695 ιι
358 4645 438 4696 De
462 4641 719 4697 Morinis.
744 4643 985 4698 Exstant
1005 4659 1071 4698 ea
1103 4644 1174 4699 de
1205 4661 1265 4700 re
1296 4645 1534 4701 Honorii
1567 4665 1727 4719 papa;
1762 4649 1811 4704 II

142 4727 354 4784 littera
386 4729 447 4783 in
478 4729 726 4801 gratiam
773 4730 922 4785 Petri
962 4731 1383 4803 Cluniacensis,
1417 4735 1489 4790 ad
1538 4737 1807 4792 abbatem

143 4818 345 4872 Sancti
379 4817 620 4884 Bertini,
654 4819 754 4890 qui
787 4820 837 4875 ei
883 4820 1116 4874 obedire
1151 4820 1530 4895 detrectabat,
1556 4825 1656 4880 sed
1691 4825 1810 4882 haec

147 4906 343 4961 fusius
375 4907 654 4978 prosequi
685 4925 801 4962 non
832 4913 1015 4963 vacat.

216 4994 508 5050 Eamdem
541 4996 658 5050 fere
701 4996 1019 5065 fortunam,
1045 4998 1146 5053 sed
1178 4999 1251 5054 ob
1284 4999 1544 5057 diversas
1576 5019 1807 5074 causas,

147 5087 459 5154 expertum
494 5086 584 5138 est
621 5084 680 5138 in
728 5084 838 5139 hac
884 5086 1105 5156 synodo
1156 5088 1576 5144 monasterium
1610 5092 1806 5148 Sancti

146 5171 427 5226 Germani
455 5189 636 5243 prope
664 5172 1157 5237 Antissiodorum,
1193 5177 1362 5244 cujus
1395 5177 1576 5232 abbas
1607 5179 1662 5233 in
1699 5181 1806 5235 Ne-

150 5260 455 5316 mausensi
506 5260 748 5316 concilio
794 5267 1206 5318 exauctoratus
1238 5267 1442 5319 tuerat.
1477 5273 1618 5321 Cum
1651 5269 1809 5324 enim

151 5349 382 5417 perdiu,
433 5349 535 5404 sed
585 5366 819 5422 semper
862 5351 1100 5416 frustra,
1153 5355 1374 5407 tentata
1428 5353 1636 5411 fuisset
1683 5359 1811 5428 ejus

151 5436 382 5492 abbatis
415 5438 732 5505 restitutio,
764 5439 1044 5510 locusque
1095 5440 1238 5495 adeo
1287 5440 1537 5513 insignis
1587 5445 1810 5516 absque

152 5526 334 5595 capite
368 5525 428 5580 in
482 5527 650 5596 pejus
697 5527 936 5584 omnino
968 5527 1174 5593 abiret,
1206 5528 1399 5584 visum
1449 5537 1538 5588 est
1582 5534 1811 5590 concilii

155 5612 424 5671 Patribus
489 5621 619 5686 post
679 5617 1020 5680 triennium,
1057 5615 1138 5672 uti
1171 5634 1238 5673 ex
1271 5617 1461 5675 Gestis
1519 5623 1646 5690 ejus
1701 5622 1810 5678 loci

1920 4649 2001 4705 De
2031 4649 2122 4704 his
2163 4647 2504 4703 consulendi
2550 4649 2882 4718 Manriquez
2914 4647 2972 4702 in
3003 4646 3328 4701 Annalibus
3359 4645 3572 4700 Cister-

1920 4736 2236 4802 ciensibus,
2283 4735 2592 4791 Ordericus
2638 4736 2866 4801 Vitalis,
2920 4751 3247 4808 anonymus
3297 4737 3498 4789 auctor
3541 4750 3576 4788 a

1920 4825 2148 4882 Labbeo
2179 4829 2336 4879 tomo
2369 4825 2389 4880 Ι
2422 4823 2787 4879 Bibliotheca:
2809 4825 3024 4892 editus,
3049 4824 3149 4894 qui
3181 4823 3357 4878 etiam
3379 4825 3574 4877 vetera

1918 4914 2330 4978 instrumenta,
2360 4913 2512 4968 sicut
2537 4916 2593 4967 et
2622 4912 2718 4966 alii
2750 4914 2971 4985 passim
3005 4909 3264 4967 Historia:
3297 4907 3572 4965 ecclesia-

1921 5004 2078 5059 sticas
2109 5003 2424 5074 scriptores
2457 5001 2675 5072 passim
2709 5003 3001 5057 exhibent.

1990 5092 2203 5147 Eodem
2239 5107 2392 5146 anno
2441 5094 2497 5146 et
2547 5091 2694 5146 forte
2737 5089 2913 5145 etiam
2970 5088 3029 5142 in
3089 5085 3288 5141 eadem
3349 5083 3572 5156 synodo

1921 5179 2226 5234 restitutus
2270 5179 2376 5234 fuit
2426 5179 2484 5234 in
2535 5179 2782 5251 gradum
2842 5193 3014 5232 suum
3075 5173 3248 5229 Fulco
3307 5171 3573 5228 Divensis

1921 5268 2143 5323 Sanctae
2189 5268 2380 5323 Mariae
2428 5268 2764 5324 monasterii
2797 5267 2856 5321 in
2886 5262 3312 5321 Northmannia
3364 5261 3568 5329 abbas,

1920 5357 2018 5428 qui
2065 5358 2363 5428 instigante
2413 5356 2637 5424 Satana,
2673 5360 2738 5411 ut
2777 5357 2903 5427 jam
2955 5371 3023 5409 ex
3053 5349 3310 5408 Orderici
3359 5349 3508 5406 libro
3536 5368 3574 5406 x

1921 5445 2196 5514 diximus,
2231 5447 2430 5516 injuste
2459 5447 2785 5501 crimina-tus
2822 5449 2872 5501 et
2901 5443 3172 5514 depositus
3203 5440 3392 5496 fuerat
3438 5443 3574 5497 ante

1921 5549 2106 5588 annos
2138 5537 2381 5605 septem,
2408 5550 2556 5604 quos
2587 5535 2644 5588 in
2678 5539 2873 5590 monte
2900 5533 3133 5598 Casino,
3163 5527 3388 5586 monitu
3410 5533 3476 5584 ut
3495 5529 3574 5583 vi-

1923 5623 2092 5678 detur
2126 5621 2359 5689 Urbani,
2388 5624 2458 5677 ad
2505 5639 2677 5694 quem
2711 5623 3069 5696 confugerat,
3098 5618 3399 5690 transegit.
3435 5617 3578 5689 Ejus.
