3998 6158
392 295 513 361 ΩΒ

1695 284 1766 348 Β.
1812 281 2109 349 URBANI
2150 281 2204 347 II
2248 282 2499 348 PAP2E.

3684 285 3813 346 256

396 425 793 490 destitutionis
829 428 888 487 et
923 420 1312 485 restitutionis
1339 422 1576 496 tempus
1606 433 1674 478 ex
1703 417 1908 479 eodem
1938 435 2043 477 au-
2071 415 2128 489 Α
2154 415 2335 494 tione,
2363 435 2493 494 qua;
2522 416 2721 477 omnia
2760 415 3111 494 rescriptum
3154 413 3300 476 illud
3343 415 3512 477 valde
3557 416 3813 480 dubium

395 525 553 579 ctore
589 516 1057 592 colligimus,qui
1109 515 1311 572 scribit
1341 512 1652 569 Fulconem
1702 526 1855 566 anno
1908 510 2046 566 1106

395 611 654 678 Guentsa,
678 608 738 664 id
759 613 848 664 est
874 605 1202 669 Wintoniaa,
1219 604 1279 658 in
1300 601 1506 675 Anglia’
1527 600 1743 657 obiisse
1766 617 1826 655 IIl
1851 600 2046 655 Nonas

394 699 632 772 Aprilis,
665 715 780 755 suae
819 694 1204 752 restitutionis
1255 708 1409 747 anno
1458 690 1707 762 septimo
1738 706 1866 762 quae
1895 690 2046 744 facta

396 790 585 845 fuerat
613 791 745 859 post
782 785 927 841 alios
977 786 1198 854 septem
1240 798 1425 836 annos
1458 797 1607 851 quos
1656 778 1819 834 exsul
1851 776 2045 834 Casini

396 880 679 950 exegerat.
700 876 864 930 Hunc
885 888 1016 928 vero
1043 876 1170 926 tum
1194 870 1253 925 in
1278 870 1573 925 abbatiam
1604 885 1773 924 suam
1804 867 2046 923 rediisse

394 984 519 1023 cum
542 978 704 1037 papae
731 962 980 1034 apicibus
1010 961 1265 1016 affirmat
1294 959 1447 1014 idem
1476 957 1825 1026 Ordericus;
1860 961 1919 1012 at
1947 956 2033 1011 ha

395 1054 599 1110 littera
633 1051 950 1124 perierunt.

671 1138 1092 1194 CCCXXXVIII.
1127 1137 1410 1192 Anselmus
1443 1137 1607 1190 Roma
1638 1137 1770 1189 exit.

464 1229 661 1285 Prima
691 1231 884 1284 autem
920 1231 1049 1299 post
1079 1225 1336 1281 solutum
1369 1223 1681 1280 concilium
1714 1222 1807 1278 die
1836 1222 2045 1278 Ansel-

395 1335 549 1383 mus,
583 1320 729 1373 teste
780 1316 1087 1380 Eadmero,
1124 1319 1354 1384 recepta
1407 1329 1441 1367 a
1489 1312 1761 1383 pontifice
1812 1310 2047 1366 licentia

396 1406 668 1473 abeundi,
702 1406 886 1461 Roma
916 1403 1112 1469 exivit,
1153 1420 1220 1458 ac
1278 1402 1571 1474 superatis
1620 1401 1867 1465 viarum,
1899 1417 2047 1470 quas

396 1494 627 1551 Henrici
659 1496 717 1549 et
744 1492 1003 1550 Guiberti
1038 1493 1293 1547 fautores
1331 1491 1715 1562 occupabant,
1747 1487 2045 1561 periculis,

397 1585 748 1657 Lugdunum
783 1582 1041 1655 pervenit
1080 1579 1415 1647 incolumis,
1450 1580 1547 1634 ubi
1582 1579 1655 1634 ab
1687 1579 1925 1650 Hugone
1958 1595 2048 1632 ar-

398 1670 766 1744 chiepiscopo
799 1686 1032 1725 summo
1063 1685 1198 1724 cum
1240 1669 1459 1724 honore
1508 1671 1784 1737 exceptus
1827 1670 1933 1721 est.
1966 1665 2049 1719 Ad

397 1766 666 1818 nostrum
700 1760 1038 1816 institutum
1074 1775 1188 1813 non
1231 1756 1440 1813 attinet
1485 1756 1672 1812 fusius
1717 1756 1844 1825 ejus
1875 1754 2051 1809 Gesta

397 1850 695 1923 persequi,
728 1866 853 1921 quae
885 1865 953 1903 ex
982 1848 1266 1903 Eadmero
1309 1845 1557 1916 aliisque
1587 1842 1922 1916 Anglicanis
1952 1859 2050 1897 au-

399 1939 658 1996 ctoribus
690 1938 1005 2010 repetenda
1038 1939 1196 1991 sunt.

622 2026 986 2083 CCCXXXIX.
1018 2026 1380 2095 Privilegium
1410 2021 1829 2078 Psalmodiense.

473 2118 589 2173 Hac
616 2117 821 2172 eadem
870 2115 983 2180 die,
1034 2130 1242 2186 nempe
1296 2112 1573 2168 Kalendis
1604 2111 1760 2181 Maii,
1798 2108 2055 2182 pontifex

402 2204 741 2263 monasterii
798 2202 1253 2259 Psalmodiensis
1297 2202 1356 2256 in
1388 2199 1770 2271 Septimania,
1829 2212 2055 2269 posses-

402 2294 598 2351 siones
646 2298 705 2348 et
751 2290 1054 2364 privilegia
1099 2289 1484 2355 confirmavit,
1519 2289 1655 2344 dato
1713 2286 2054 2358 diplomate,

402 2383 557 2456 quod
587 2398 657 2438 ex
685 2368 1070 2453 autdgrapho,
1103 2378 1292 2435 lacero
1348 2377 1584 2451 quidem
1640 2381 1697 2432 et
1750 2392 1894 2447 pene
1920 2391 2055 2429 con-

403 2474 661 2543 sumpto,
687 2469 788 2526 sed
821 2473 1017 2524 tamen
1050 2467 1307 2523 indubia:
1338 2466 1470 2521 fidei
1505 2466 1760 2522 dabitur.
1787 2464 1904 2519 Hoc
1936 2479 2058 2518 mo-

404 2560 723 2617 nasterium
758 2561 891 2630 post
919 2558 1109 2614 varias
1140 2557 1403 2612 fortunas
1449 2555 1522 2611 ad
1565 2556 1765 2627 Aquas
1796 2556 2057 2608 mortuas

405 2646 838 2723 (-Aiguesmortes)
895 2645 1249 2702 translatum
1286 2650 1345 2701 et
1382 2643 1642 2701 smculari
1695 2637 2056 2715 toga‘dona-

405 2744 533 2803 tum
564 2738 799 2794 tandem
832 2736 903 2791 ab
935 2735 1160 2806 aliquot
1201 2733 1371 2791 annis
1414 2732 1697 2789 Alesiensi
1730 2731 1921 2803 (Alcis)
1956 2747 2056 2785 no-

405 2844 476 2884 vo
504 2824 886 2898 episcopatui,
940 2841 1009 2879 ex
1058 2822 1442 2879 Nemausensi
1493 2822 1773 2890 detracto,
1823 2819 2058 2874 unitum

407 2920 515 2974 est.
547 2917 685 2971 Post
715 2914 864 2969 duos
888 2912 1011 2969 dies
1043 2911 1303 2984 pontifex
1349 2909 1697 2982 rescriptum
1745 2908 1908 2965 dedit
1954 2923 2059 2980 pro

409 3003 704 3061 canonicis
721 3000 1274 3073 Burdegalensibus,
1291 3000 1441 3072 quod
1470 3000 1643 3055 modo
1666 2997 2056 3054 laudavimus.

411 3093 479 3150 Et
506 3092 598 3148 die
627 3089 917 3162 sequenti,
952 3091 1019 3145 10
1059 3089 1217 3155 Maii,
1252 3087 1619 3161 privilegium
1661 3087 1892 3159 insigne
1920 3102 2059 3141 con-

2156 513 2396 579 faciunt,
2431 528 2504 568 ne
2535 511 2726 569 dicam
2763 511 3002 568 falsum.
3037 512 3160 568 lmo
3192 527 3345 569 anno
3378 511 3518 569 1089
3547 512 3815 585 pontifex

2155 603 2332 667 idem,
2364 601 2509 658 visis
2548 605 2615 657 ut
2658 602 2914 658 vidimus
2963 603 3193 658 cartulis
3238 605 3288 658 et
3339 602 3681 673 pactionibus
3739 618 3815 659 ex

2155 697 2401 763 utraque
2432 696 2594 763 parte
2635 691 2876 764 prolatis
2922 691 2983 747 in
3033 690 3278 747 concilio
3307 690 3688 763 Melphitano,
3720 708 3816 748 se-

2154 781 2414 836 cundum
2455 782 2740 836 Cavenses
2787 780 3282 852 pronuntiaverat.
3317 781 3467 844 Quin
3514 785 3573 837 et
3622 798 3816 853 nuper

2155 869 2490 942 accepimus
2518 870 2629 924 viri
2688 870 2999 941 cujusdam
3028 870 3087 925 in
3120 870 3214 927 his
3268 870 3535 943 partibus
3591 870 3812 926 eruditi

2155 959 2588 1015 observationes
2630 959 2690 1015 in
2745 959 2854 1015 hoc
2910 959 3301 1032 privilegium,
3327 961 3483 1032 quod
3540 965 3814 1016 accurate

2154 1048 2505 1120 expenderet
2536 1048 2741 1116 factas,
2776 1048 2833 1102 in
2876 1049 3093 1120 quibus
3124 1050 3205 1104 ait
3255 1067 3315 1104 se
3372 1049 3517 1104 illud
3569 1049 3813 1121 quidem

2155 1138 2214 1191 in
2249 1136 2482 1192 archivo
2504 1136 2989 1209 archiepiscopali
3012 1137 3237 1193 Salerni
3260 1139 3581 1209 inspexisse
3605 1139 3664 1194 in
3687 1154 3817 1211 per-

2156 1242 2403 1299 gameno
2446 1227 2730 1299 scriptum
2776 1227 3001 1299 integro
3046 1232 3103 1283 et
3144 1244 3306 1294 sano,
3334 1229 3435 1283 sed
3478 1228 3816 1287 charactere

2156 1314 2256 1386 qui
2290 1314 2381 1369 his
2413 1314 2776 1386 temporibus
2807 1332 2924 1370 non
2966 1317 3253 1379 convenit,
3287 1334 3421 1371 cum
3456 1317 3611 1373 notis
3641 1316 3815 1372 chr0—

2156 1403 2303 1458 nicis
2336 1404 2437 1458 sed
2487 1403 2670 1470 falsis,
2706 1404 2927 1474 absque
2983 1403 3104 1460 ullo
3153 1405 3340 1477 signo,
3375 1408 3478 1462 aut
3534 1404 3726 1477 sigillo
3759 1407 3819 1461 et

2158 1492 2610 1563 subscriptione.
2646 1493 2715 1547 Et
2745 1492 2984 1563 quidem
3020 1510 3322 1564 nunquam
3354 1493 3426 1549 ab
3455 1510 3521 1549 eo
3553 1498 3820 1566 tempore

2160 1580 2285 1636 suis
2316 1580 2636 1653 privilegiis
2666 1581 2880 1637 excidit
2910 1581 3185 1638 Cavensis
3213 1582 3619 1646 abbatia.Qum
3636 1584 3817 1638 etiam

2160 1667 2439 1740 peculiari
2472 1669 2753 1740 rescripto
2782 1684 3055 1741 expresse
3081 1670 3445 1726 confirmavit
3486 1674 3620 1743 post
3661 1671 3817 1726 mul-

2083 1795 2128 1859 Β
2161 1762 2251 1814 tos
2281 1757 2575 1813 variorum
2617 1762 2951 1830 temporum
2992 1759 3295 1831 pontifices
3327 1758 3640 1832 Gregorius
3668 1760 3815 1816 XIV.

2163 1845 2311 1901 Illud
2342 1851 2539 1901 tamen
2572 1845 2978 1918 qualecunque
3008 1848 3085 1903 sit
3128 1847 3506 1904 Salernitanse
3550 1848 3820 1905 Ecclesiae

2162 1934 2447 2007 scriptum
2478 1952 2546 1990 ex
2575 1935 2817 2008 Ugbello
2858 1936 3114 2003 dabitur,
3145 1937 3217 1993 de
3265 1938 3434 2008 cuius
3481 1937 3819 1995 sinceritate

2155 2023 2450 2095 judicium
2482 2022 2615 2080 aliis
2648 2024 3065 2097 permittimus.

2249 2128 2487 2186 CCCXL.
2521 2129 3006 2203 Archidi'aconatus
3036 2129 3492 2187 Salmoriaocnsis
3522 2132 3741 2203 Hugoni

2582 2200 3086 2273 Gratianopolitano
3114 2204 3400 2259 asseritur.

2237 2288 2404 2345 Initio
2433 2289 2593 2344 Junii
2636 2290 2929 2357 Urbanus,
2962 2306 2993 2346 e
3022 2291 3299 2347 Vaticano
3344 2293 3693 2348 Lateranum
3727 2306 3821 2348 re-

2164 2394 2389 2443 versus,
2423 2377 2649 2450 Hugoni
2702 2378 3079 2451 Lugdunensi
3111 2396 3217 2435 suo
3264 2380 3325 2435 in
3371 2379 3573 2437 Galliis
3601 2380 3822 2436 vicario

2167 2466 2469 2538 rescripsit
2496 2481 2538 2523 ιι
2561 2466 2757 2522 Nonas
2776 2467 3039 2537 ejusdem
3065 2468 3287 2524 mensis
3318 2469 3374 2522 in
3408 2470 3660 2540 gratiam
3682 2470 3824 2526 Gra-

2166 2554 2600 2628 tianopolitana
2639 2554 2909 2611 Ecclesias
2960 2556 3239 2613 adversus
3288 2557 3614 2614 Guidonem
3644 2557 3820 2614 Vien-

2166 2660 2408 2701 nensem
2440 2642 2963 2716 archiepiscopum,
2987 2644 3088 2716 qui
3110 2662 3314 2701 rursus
3336 2646 3821 2704 S‘almoriacensis

2168 2732 2679 2789 archidiaconatus
2708 2731 2995 2789 Ecclesias
3026 2734 3333 2790 invaserat.
3358 2735 3421 2791 In
3452 2735 3568 2792 ﬁne
3595 2735 3821 2791 littera-

2168 2837 2301 2877 rum
2331 2821 2548 2875 fatetur
2598 2820 3082 2890 religiosissimus
3134 2823 3392 2894 pontifex
3423 2840 3484 2880 se
3512 2824 3823 2896 hucusque

2168 2910 2228 2965 in
2261 2908 2668 2982 permittendis
2698 2911 2853 2981 apud
2884 2909 3100 2966 Gallias
3131 2911 3539 2985 episcoporum
3570 2912 3822 2968 transla-

2168 2998 2429 3055 tionibus
2453 2997 2629 3053 nimis
2655 2998 2881 3054 facilem
2911 2997 3093 3055 fuisse
3110 3018 3123 3068 ;
3140 3004 3268 3055 tum
3286 3001 3446 3057 addit
3466 3019 3527 3057 se
3548 3001 3824 3073 deinceps

2164 3088 2334 3159 juxta
2361 3086 2603 3142 Nicaeus:
2637 3087 2843 3158 synodi
2874 3090 3093 3143 statuta
3122 3088 3194 3144 ab
3219 3104 3283 3144 eo
3304 3090 3492 3145 abusu
3516 3089 3823 3144 abstentu-

411 3180 589 3237 cessit
631 3158 986 3236 monasterio
1016 3158 1341 3250 Conquenti
1386 3158 1541 3247 apud
1589 3158 1909 3240 Ruthenos,
1943 3189 2057 3245 quo
2089 3158 2132 3224 C
2169 3158 2505 3246 rum,atque
2522 3175 2733 3231 hocest
2748 3175 3024 3231 ultimum
3043 3176 3389 3248 rescriptum
3404 3181 3557 3249 quod
3579 3177 3822 3250 quidem

410 3271 563 3341 ejus,
588 3269 727 3340 jura
783 3271 841 3323 et
890 3266 1294 3338 possessiones
1323 3265 1766 3333 confirmantur,
1803 3265 2059 3319 resecato

411 3359 602 3416 abusu
633 3356 734 3429 qui
777 3356 838 3411 in
884 3354 1003 3410 illis
1035 3355 1300 3427 partibus
1331 3353 1673 3424 invaluerat,
1726 3355 2063 3408 sanctorum

412 3444 900 3519 reliquias,etiam
927 3443 1123 3499 invitis
1145 3442 1470 3509 monachis,
1489 3443 1560 3497 ad
1589 3441 1803 3512 placita
1831 3439 2067 3512 publica

412 3533 731 3591 deferendi.
757 3530 933 3587 Paulo
977 3535 1128 3601 post,
1158 3529 1217 3585 id
1248 3534 1338 3585 est
1367 3530 1461 3584 die
1506 3530 1572 3584 14
1619 3528 1776 3595 Maii,
1809 3528 2067 3600 pontifex

415 3619 811 3679 Ruthenensis
842 3619 1047 3675 matris
1076 3618 1329 3674 θῡθιθδὶω
1360 3617 1680 3681 canonicis,
1704 3617 1803 3688 qui
1837 3615 2064 3689 regula-

416 3727 538 3768 rem
568 3709 746 3764 vitam
777 3705 1031 3778 amplexi
1063 3707 1311 3773 fuerant,
1346 3704 1646 3778 privilegia
1675 3705 1981 3767 concessit,
2013 3708 2075 3759 et

414 3799 611 3856 varias
642 3794 1041 3879 possessiones
1062 3795 1133 3849 ad
1153 3795 1328 3850 vitam
1349 3810 1722 3851 communem
1740 3793 2069 3849 ducendam

416 3888 499 3946 eis
530 3884 800 3950 asseruit,
833 3885 970 3939 dato
1021 3882 1355 3956 diplomate.
1389 3883 1603 3938 Eodem
1652 3899 1854 3939 mense
1896 3882 2069 3948 Maio,

416 3976 579 4032 nulla
609 3973 909 4047 assignate
938 3971 1050 4039 die,
1072 3972 1452 4045 consignatur
1474 3971 1690 4028 Urbani
1721 3972 2071 4043 rescriptum

420 4066 492 4122 ad
522 4062 795 4121 Alfenum
818 4059 1251 4117 Salernitanum
1284 4060 1760 4131 antistitem,quo
1791 4059 2074 4116 revocatis

422 4172 456 4211 a
495 4169 557 4209 se
604 4168 707 4224 per
762 4149 1221 4221 subreptionem,
1254 4152 1320 4203 ut
1374 4147 1454 4204 ibi
1513 4148 1750 4215 dicitur,
1781 4147 2075 4204 concessis

424 4238 779 4298 monasterio
800 4237 1038 4294 Cavensi
1067 4235 1406 4309 privilegiis,
1429 4235 1574 4291 illud
1598 4241 1655 4292 et
1675 4236 1790 4292 alia
1809 4236 2076 4307 ejusdem

423 4327 690 4386 dicecesis
722 4325 1077 4381 monasteria
1106 4324 1539 4396 archiepiscopo
1566 4324 1758 4379 reddit
1788 4329 1846 4379 et
1874 4324 2079 4379 confir-

424 4421 567 4474 mat.
599 4416 812 4471 Datum
871 4414 1055 4469 fertur
1110 4413 1304 4468 Romas
1364 4429 1515 4468 anno
1551 4413 1710 4480 1098,
1741 4411 1944 4467 indict.
1976 4428 2075 4478 v11,

2169 3279 2302 3319 cum
2326 3263 2481 3319 notis
2497 3262 2789 3320 chronicis
2810 3264 3165 3336 supersit,ab
3182 3264 3412 3321 Urbano
3430 3265 3633 3320 datum
3650 3263 3822 3321 :huic

2171 3352 2333 3409 aliud
2383 3352 2776 3424 subjungetur
2829 3352 2943 3424 ipsi
2993 3353 3222 3426 Hugoni
3282 3353 3823 3427 GratianOpolitano

2173 3441 2548 3513 inscriptum,
2577 3457 2694 3511 quo
2734 3441 2946 3509 eidem,
2990 3445 3047 3497 et
3086 3442 3479 3515 Magalonensi
3526 3444 3824 3515 episcopo,

2175 3529 2567 3601 cognitionem
2599 3545 2787 3586 causae
2809 3546 2937 3603 quas
2963 3531 3117 3587 inter
3131 3530 3480 3603 Vigilienses
3508 3536 3566 3588 et
3594 3531 3827 3589 Clunia-

2176 3634 2380 3674 censes
2413 3618 2734 3675 monachos
2763 3621 3115 3687 vertebatur,
3146 3619 3491 3689 committit“;
3526 3619 3627 3676 sed
3669 3622 3832 3676 caret

2178 3706 2338 3762 omni
2389 3708 2672 3779 temporis
2715 3710 2873 3764 nota.
2908 3708 3149 3764 Exstant
3179 3709 3238 3764 in
3270 3707 3573 3765 Chartario‘
3601 3708 3833 3764 Galme-

2178 3794 2418 3851 liacensi
2464 3794 2589 3850 alia:
2639 3795 2839 3852 Calixti
2898 3795 3102 3853 litterae
3158 3798 3347 3854 eidem
3405 3798 3634 3871 Hugoni
3681 3801 3743 3854 et
3770 3796 3833 3852 P.

2179 3883 2379 3940 Diensi
2409 3884 2698 3955 episcopis
2730 3885 2800 3940 de
2830 3885 3034 3941 eadem
3062 3885 3367 3957 Vigiliensi
3390 3882 3661 3953 Ecclesia,
3689 3902 3840 3959 quas

2180 3971 2240 4027 in
2272 3987 2389 4029 uno
2420 3972 2546 4027 cod.
2578 3971 2810 4028 Urbano
2840 3973 3092 4029 tributae
3121 3973 3477 4039 invenimus,
3497 3975 3597 4030 sed
3632 3990 3838 4047 perpe-

2183 4077 2332 4127 ram,
2366 4064 2432 4114 ut
2462 4077 2530 4115 ex
2574 4059 2705 4116 aliis
2749 4061 2980 4116 duobus
3027 4061 3310 4132 exemplis
3341 4065 3587 4130 constat,
3623 4068 3688 4118 et
3717 4064 3841 4133 ejus

2182 4149 2311 4205 data
2337 4150 2551 4203 Privati
2593 4148 2713 4203 Kal.
2755 4148 2909 4213 Maii,
2942 4165 3070 4220 quae
3106 4148 3339 4203 Urbano
3388 4149 3708 4206 convenire
3752 4165 3843 4205 ne-

2185 4235 2331 4308 quit.
2356 4234 2668 4292 Gratianus
2688 4236 2777 4304 35,
2803 4251 2859 4308 q.
2884 4238 2920 4290 2
2947 4239 3004 4291 et
3025 4236 3079 4302 3,
3102 4235 3306 4293 laudat
3338 4236 3741 4308 fragmentum
3772 4235 3844 4292 al-

2185 4325 2372 4381 terius
2418 4323 2682 4395 rescripti
2713 4323 2931 4380 Urbani
2984 4324 3057 4380 ad
3105 4326 3375 4380 eumdem
3435 4325 3748 4399 Hugonem
3778 4324 3845 4380 de

2187 4411 2648 4469 extraordinaria
2677 4410 3021 4484 pollutione,
3055 4413 3209 4486 quod
3250 4430 3357 4470 suo
3383 4413 3508 4470 loco
3539 4413 3699 4471 inter
3721 4414 3844 4486 ejus

426 4520 629 4562 mense
658 4502 828 4568 Maio,
862 4518 990 4573 quas
1038 4504 1186 4556 notae
1236 4500 1349 4555 sibi
1379 4517 1495 4557 non
1527 4500 1818 4557 coberent.
1850 4500 1921 4555 Et
1949 4499 2079 4571 qui-
2109 4516 2158 4581 ι)
2188 4502 2419 4558 decreta
2451 4500 2793 4572 proferetur.

426 4595 561 4651 dem
593 4608 746 4648 anno
781 4590 941 4656 1098,
977 4606 1178 4646 mense
1211 4589 1381 4657 Maio,
1404 4591 1531 4662 jam
1562 4594 1628 4646 ut
1657 4588 1899 4661 quidem
1924 4588 2083 4644 vide-

428 4688 548 4752 tur,
582 4681 875 4754 profectus
904 4679 963 4734 in
989 4676 1260 4750 Apuliam
1292 4682 1415 4734 erat
1444 4678 1736 4748 Urbanus,
1768 4694 1950 4749 quare
1981 4693 2082 4749 po-

428 4773 548 4830 tius
577 4772 769 4827 visum
798 4772 886 4825 est
918 4767 1061 4823 illud
1101 4768 1174 4825 ad
1216 4772 1559 4839 praesentem
1590 4782 1832 4834 annum,
1869 4767 1962 4821 cui
1994 4765 2082 4820 in-

431 4860 610 4918 dictio
636 4877 713 4916 v11
745 4857 1031 4925 convenit,
1082 4872 1368 4912 revocare.
1392 4855 1604 4911 Mirum
1647 4857 1738 4909 est
1781 4858 1997 4921 autem,
2031 4854 2081 4908 si

433 4949 782 5021 rescriptum
804 4946 914 5001 hoc
939 4945 1233 5001 sincerum
1255 4944 1351 5009 sit,
1378 4944 1672 4999 Urbanum
1697 4942 1758 4997 in
1779 4958 1847 4997 ea
1867 4941 2083 4998 dixisse

435 5039 550 5099 sibi
582 5039 928 5108 subreptum
963 5050 1147 5105 usque
1177 5037 1315 5088 tunc
1347 5031 1529 5087 fuisse
1559 5047 1627 5086 ea
1656 5030 1715 5085 in
1745 5046 1826 5094 re,
1860 5034 1916 5085 et
1944 5031 2087 5085 visis

435 5133 581 5183 tunc
607 5126 865 5197 primum
902 5124 1096 5179 Romae
1129 5119 1448 5193 privilegiis
1480 5117 1741 5173 Ecclesiae
1774 5117 2087 5173 Salernita-

439 5233 547 5281 nae,
571 5230 699 5284 quae
730 5211 1017 5267 hactenus
1059 5208 1173 5265 sibi
1212 5208 1577 5279 incomperta
1613 5205 1862 5273 fuerant,
1886 5223 2090 5263 emen-

440 5305 614 5361 dasse
645 5298 1017 5367 sententiam,
1050 5313 1184 5353 cum
1216 5295 1520 5352 Salernum
1561 5298 1733 5352 antea
1762 5312 1878 5351 non
1909 5295 2091 5352 semel

441 5390 684 5448 adiisset
704 5393 836 5461 post
857 5402 1133 5445 concessa
1154 5384 1393 5442 Cavensi
1413 5385 1768 5442 monasterio
1791 5384 2096 5459 privilegia

441 5486 497 5536 et
521 5480 660 5550 jura
702 5496 854 5534 anno
894 5474 1234 5549 praecedenti
1269 5474 1326 5530 in
1361 5474 1471 5530 hac
1526 5474 1777 5547 ipsemet
1831 5475 2094 5530 residens

444 5567 868 5633 conﬁrmasset,
894 5563 1056 5622 nulla
1086 5564 1264 5636 hujus
1294 5563 1691 5635 subreptionis
1737 5563 1893 5619 facta
1931 5579 2094 5619 men-

2442 4588 2707 4644 CCCXLI.
2742 4591 3085 4663 Rescriptum
3119 4606 3219 4662 pro
3251 4591 3590 4648 Corbiniaoo.

2262 4679 2346 4733 Ad
2379 4682 2640 4733 extrema
2669 4695 2900 4751 quoque
2932 4679 3148 4735 Urbani
3180 4679 3555 4752 pontificatus
3583 4683 3844 4752 tempora

2196 4766 2586 4823 revocandum
2617 4782 2745 4822 esse
2775 4767 3070 4824 credimus
3102 4769 3230 4839 ejus
3254 4769 3599 4840 rescriptum
3634 4769 3694 4824 in
3725 4781 3844 4840 gra-

2194 4855 2337 4911 tiam
2371 4853 2792 4912 monachorum
2826 4857 3025 4913 Sancti
3058 4856 3305 4930 Remigii
3341 4850 3667 4919 Remensis.
3702 4868 3841 4927 quos

2196 4942 2603 5016 Ingelramnus
2655 4943 2901 5000 Laudini
2949 4946 3195 5000 antistes
3252 4944 3498 5000 vexabat
3549 4943 3842 5001 occasione

2198 5032 2400 5088 altaris
2447 5032 2794 5088 Corbiniaci.
2829 5032 2898 5088 Et
2927 5033 3166 5104 quidem
3216 5049 3350 5089 cum
3409 5049 3561 5089 anno
3615 5035 3841 5089 tantum

2203 5119 2777 5191 10981ngelramnus
2826 5120 2978 5176 hanc
3034 5121 3235 5178 sedem
3295 5121 3519 5191 iniisse,
3548 5114 3843 5179 Elinando,

2199 5208 2298 5283 qui
2331 5208 2621 5264 Manassis
2668 5207 3100 5280 metropolitani
3133 5209 3487 5266 ordinationi
3531 5220 3684 5265 anno
3715 5202 3846 5262 1096

2199 5296 2565 5365 interfuerat,
2600 5296 2873 5353 defuncto
2922 5296 3173 5367 dicatur,
3217 5296 3374 5353 haud
3428 5297 3643 5353 minus
3675 5306 3843 5367 quam

2201 5384 2379 5440 unius
2411 5384 2641 5440 circiter
2661 5386 2798 5441 anni
2820 5386 3078 5458 spatium
3100 5384 3371 5459 exigitur,
3389 5391 3455 5441 ut
3483 5383 3580 5440 ille
3608 5382 3843 5441 antistes

2204 5472 2511 5530 monachis
2533 5474 2832 5547 negotium
2863 5476 3202 5543 facessierit,
3219 5479 3275 5531 et
3303 5475 3417 5549 ipsi
3448 5474 3520 5530 ad
3553 5473 3843 5530 Urbanum

2205 5563 2557 5620 recurrerint
2586 5566 2761 5636 atque
2789 5564 3160 5637 impetrarint
3190 5563 3333 5620 illud
3364 5562 3730 5636 rescriptum.
