3998 6158
148 342 267 402 257

393 473 681 535 CCCXLII.
712 477 1035 543 Adalbertus
1062 479 1231 536 abbas
1258 476 1573 551 Salia/fusae.

219 564 382 620 Inter
410 565 532 621 haec
562 566 657 623 die
684 567 758 624 24
785 567 966 636 Junii,
997 567 1310 624 Nativitate
1341 568 1526 625 sancti
1560 567 1809 623 Joannis

150 654 452 724 Baptistae,
486 655 863 712 Gebehardus
895 656 1113 712 Urbani
1142 657 1202 713 in
1239 656 1553 713 Germania
1581 656 1810 729 legatus

148 741 541 799 Adalbertum
582 745 641 800 in
692 745 1124 803 Schaﬁ‘usensis
1168 745 1507 807 monasterii
1539 745 1812 801 abbatem

152 830 407 887 solemni
438 831 557 887 ritu
587 832 882 889 benedixit
910 833 1035 890 loco
1067 833 1348 890 Gerhardi
1374 833 1496 906 qui,
1522 837 1814 889 annuente

151 919 527 990 pontifice,ut
548 937 617 976 ex
639 921 907 979 Bertoldo
938 922 1217 990 diximus,
1250 922 1591 980 monasterii
1613 937 1813 977 curam

156 1007 485 1067 dimiserat.

227 1098 288 1154 Si
322 1097 723 1167 Theobaldus,
756 1103 822 1156 ut
848 1100 1068 1172 vulgati
1118 1098 1368 1172 catalogi
1416 1099 1655 1166 habent,
1707 1097 1819 1154 hoc

154 1190 391 1241 tantum
406 1203 562 1245 anno
577 1188 915 1244 monasterii
927 1186 1329 1244 Malleacensis
1342 1186 1599 1260 regimen
1628 1201 1820 1243 susce-

155 1274 208 1345 pi
217 1273 391 1340 t,buc
404 1291 639 1347 quoque
654 1276 1123 1349 consignandum
1144 1280 1234 1332 est
1254 1275 1471 1333 Urbani
1495 1276 1816 1343 decretum,

156 1379 271 1434 quo
294 1364 493 1434 jussit
520 1370 585 1420 ut
614 1364 709 1420 ille
747 1365 931 1422 abbas
960 1366 1189 1438 Hugoni
1219 1364 1610 1429 Cluniacensi,
1642 1379 1818 1436 quem

156 1451 361 1523 procul
394 1452 577 1517 dubio
605 1453 947 1521 otl‘enderat,
979 1453 1358 1519 satisfaceret.
1392 1452 1543 1516 Quid
1573 1453 1653 1508 rei
1685 1468 1818 1525 age-

157 1545 320 1596 retur
366 1539 532 1597 haud
572 1546 778 1597 notum
826 1547 934 1598 est.
966 1544 1038 1598 At
1091 1541 1311 1598 Urbani
1355 1542 1706 1598 sententiam
1754 1557 1823 1599 ex

160 1628 466 1685 Paschalis
497 1629 544 1685 ΙΙ
574 1631 705 1700 ejus
723 1630 1082 1689 successoris
1103 1630 1355 1702 epistola
1376 1632 1565 1687 ms.ad
1586 1634 1822 1687 Petrum

163 1717 589 1778 Pictavicnsem
619 1718 893 1786 dicimus,
919 1718 978 1774 in
1004 1735 1122 1790 qua
1153 1726 1285 1791 post
1315 1718 1598 1774 nonnulla
1616 1720 1686 1774 de
1709 1735 1825 1774 mo-

165 1807 426 1862 nasterio
457 1807 655 1863 Sancti
687 1807 960 1880 Cypriani
987 1808 1296 1881 praemissa
1326 1807 1448 1863 haec
1493 1808 1694 1863 subdit
1717 1826 1730 1863 :
1753 1808 1827 1863 De

166 1895 512 1951 lalleacensi
559 1912 769 1968 quoque
813 1896 1008 1952 abbate
1048 1898 1409 1969 praecipimus
1438 1900 1497 1951 ut
1518 1897 1684 1967 juxta
1730 1895 1824 1951 da-

165 1986 308 2041 mini
340 1984 552 2040 Urbani
588 1988 921 2056 praeceptum
965 1985 1155 2040 abbati
1203 1985 1561 2040 Cluniacensi
1603 1985 1823 2055 satisfa-

164 2075 271 2128 ciat
298 2090 317 2126 :
349 2074 605 2144 alioquin
634 2073 753 2130 vide
779 2089 850 2130 ne
880 2081 938 2128 tu
960 2090 1062 2145 pro
1091 2075 1170 2129 eis
1193 2074 1335 2128 sedis
1354 2074 1664 2144 apostolicae
1685 2073 1827 2127 indi-

164 2163 489 2231 gnationem
527 2164 858 2234 emperiaris,
891 2166 945 2218 et
990 2164 1100 2234 ipsi
1144 2163 1474 2231 condignam
1502 2163 1827 2218 sententiam

166 2265 273 2305 non
302 2250 597 2321 eﬂ‘ugiant.
634 2251 798 2306 Forte
829 2250 924 2305 ille
955 2250 1159 2318 abbas,
1193 2249 1349 2323 sicut
1380 2255 1437 2307 et
1467 2249 1828 2322 Cyprianen-

169 2337 270 2407 sis,
305 2337 589 2395 Cluniaco
619 2338 833 2409 subjici
864 2338 1193 2395 recusabat.

235 2426 563 2484 CCCXLIII.
586 2428 991 2499 Magalonensis
1015 2428 1267 2484 Ecclesiae
1289 2428 1426 2500 jura
1454 2426 1757 2487 vindicata.

238 2516 412 2573 Circa
438 2518 641 2573 eadem
673 2522 936 2589 tempora
966 2516 1351 2589 Raymundus
1380 2532 1575 2575 comes
1614 2515 1830 2588 Melgo-

173 2605 391 2661 riensis
418 2622 452 2660 a
480 2605 791 2662 Gotofredo
814 2606 1083 2677 episcopo
1104 2605 1683 2677 Magalonensi,quod
1703 2606 1833 2675 ejus

172 2693 445 2751 Ecclesia!
467 2694 608 2765 jura
642 2694 955 2750 invasisset
989 2695 1554 2760 excommunicatus,
1587 2695 1831 2749 Romam

174 2784 463 2855 perrexit;
496 2781 895 2849 Gotofredum,
931 2782 1031 2856 qui
1057 2782 1231 2855 paulo
1263 2787 1397 2838 ante
1426 2781 1833 2854 illum,procul

173 2870 353 2926 dubio
386 2874 454 2926 ut
480 2869 727 2927 concilio
754 2870 1084 2934 interesset,
1118 2870 1411 2942 profectus
1442 2871 1650 2938 fuerat,
1666 2886 1831 2926 secu-

172 2963 287 3014 tus.
322 2957 475 3014 Cum
504 2974 639 3019 vero
670 2959 842 3017 ambo
872 2975 1069 3014 coram
1100 2960 1374 3030 pontiﬁce
1403 2975 1641 3015 causam
1663 2975 1833 3015 suam

176 3047 460 3118 egissent,
516 3062 711 3103 comes
762 3047 987 3119 paterni
1044 3047 1381 3105 testamenti
1432 3047 1631 3102 violati
1698 3064 1834 3103 reus

177 3135 483 3191 convictus
511 3138 603 3190 est
633 3135 705 3191 ab
736 3133 1026 3207 episcopo;
1061 3150 1241 3207 quare
1271 3151 1339 3190 ea
1369 3152 1496 3207 qua;
1538 3136 1834 3192 invaserat

1756 344 1935 407 Vl'l‘A
1954 391 1967 406 .

1838 483 1893 549 Α
1923 484 2048 534 tum
2080 478 2256 536 etiam
2288 481 2362 537 ob
2391 480 2520 551 eius
2551 480 2805 539 auctoris
2826 474 3240 539 famam.Hunc
3263 482 3419 537 enim
3443 497 3575 538 esse

3452 346 3570 409 238

1920 568 2322 625 Hildebertum
2350 569 2557 627 multis
2587 570 2719 626 aliis
2751 572 2986 644 scriptis
3019 569 3400 638 celebrem,et
3422 575 3570 625 tem-

1920 673 2127 728 porum
2157 657 2697 727 circumstantiae,et
2725 660 2880 732 styli,
2910 661 2957 716 si
2993 677 3125 715 mea
3154 676 3246 715 me
3277 676 3391 714 non
3426 658 3577 715 fallit

1922 746 2680 817 conjectura,conformitas,
2713 749 2807 803 vix
2837 749 3144 804 dubitandi
3166 748 3361 803 locum
3400 748 3574 803 relin-

1924 840 2135 906 quunt.
2167 839 2253 890 An
2285 852 2418 891 vero
2449 835 2672 908 aliquid
2694 854 2761 892 ea
2792 838 2862 891 de
2893 853 2952 891 re
2983 838 3254 892 statuerit
3284 837 3573 903 Urbanus,

1924 923 2235 991 incertum,
2269 929 2327 979 et
2356 924 2502 980 forte
2532 929 2718 980 morte
2744 924 3101 996 interceptus
3132 925 3189 979 id
3221 942 3337 980 non
3369 925 3575 997 potuit,

1925 1016 1983 1069 at
2014 1012 2073 1067 in
2103 1012 2368 1081 ejusdem
2401 1014 2743 1070 monasterii
2773 1014 3073 1069 Chartario
3097 1013 3347 1069 habetur
3364 1030 3582 1070 concor.

1923 1101 2016 1155 dia
2041 1102 2194 1156 inter
2221 1101 2533 1158 canonicos
2563 1106 2621 1157 et
2648 1103 2776 1172 ejus
2806 1102 2916 1157 loci
2948 1102 3267 1157 monachos
3314 1106 3579 1174 tempore

1925 1189 2243 1245 Hildeberti
2286 1191 2548 1262 episcopi
2594 1194 2651 1245 et
2694 1190 2945 1245 Ramulﬁ
2995 1191 3224 1245 abbatis
3269 1190 3432 1259 inita,
3465 1207 3583 1263 qua

1928 1282 2276 1334 conventum
2324 1279 2454 1346 fuit,
2489 1283 2554 1333 ut
2600 1278 2863 1334 canonici
2914 1279 3298 1350 sepelirentur
3339 1279 3579 1351 quidem

1928 1367 1987 1421 in
2018 1367 2350 1423 ccemeterio
2380 1367 2783 1433 Vincentiano,
2826 1368 2925 1421 sed
2961 1368 3019 1421 in
3064 1367 3187 1423 loco
3237 1367 3579 1435 honestiori,

1929 1460 2106 1527 atque
2135 1473 2169 1511 a
2200 1455 2479 1512 laicorum
2504 1455 2826 1528 sepulturis
2848 1456 3317 1527 sejuncto,quam
3340 1472 3584 1512 conven-

1931 1545 2152 1601 tionem
2182 1545 2363 1616 hujus
2393 1544 2698 1601 occasione
2729 1544 2958 1600 discidii
2984 1544 3196 1600 factam
3223 1544 3405 1601 fuisse
3424 1545 3583 1601 haud

1934 1632 2301 1689 dubitamus.

2271 1721 2557 1777 CCCXLV.
2595 1722 2801 1778 Urbani
2828 1722 3007 1777 obitus
3036 1722 3236 1778 Romae.

2006 1810 2132 1865 Huc
2159 1809 2412 1881 denique
2460 1810 2713 1865 revocari
2763 1814 2952 1881 potest
2991 1809 3206 1865 Urbani
3238 1808 3486 1882 epistola
3514 1808 3588 1864 ad

1938 1898 2236 1955 Albertum
2265 1898 2606 1970 episcopum
2640 1900 2977 1966 Metensem,
3002 1899 3328 1954 aGratiano
3360 1899 3410 1966 l,
3445 1915 3500 1970 q.
3532 1898 3586 1966 5,

1935 2003 1985 2042 c.
2018 1987 2072 2054 3,
2105 1985 2306 2053 relata,
2336 1988 2407 2041 de
2437 1988 2692 2058 quodam
2738 1987 2839 2058 qui
2889 1986 3085 2042 oblata
3122 1987 3368 2058 pecunia
3398 2002 3590 2042 sacer-

1936 2076 2162 2130 dotium
2196 2076 2385 2130 fuerat
2410 2075 2679 2146 adeptus.
2714 2075 2816 2129 Hic
2849 2092 3058 2147 nempe
3085 2075 3442 2144 Albertus,is
3464 2075 3592 2148 ipse

1936 2168 2025 2218 est
2055 2164 2339 2218 Adalbero
2386 2178 2491 2218 seu
2538 2162 2766 2232 Albero,
2802 2162 2901 2233 qui
2933 2168 3065 2235 post
3115 2163 3433 2219 Hermanni
3466 2162 3590 2218 obi-

1936 2256 2063 2307 tum
2096 2252 2167 2307 ab
2196 2250 2444 2306 Henrico
2488 2251 2630 2321 imp.
2667 2250 2723 2304 in
2774 2251 2971 2307 sedem
3021 2251 3337 2306 Metensem
3390 2255 3596 2307 contra

1939 2340 2270 2412 Popponem
2328 2339 2519 2396 fuerat
2573 2339 2862 2394 intrusus.
2922 2339 3071 2410 (Vide
3117 2340 3444 2395 Chronicon
3503 2339 3593 2394 Si-

1938 2428 2186 2495 thiense,
2254 2446 2310 2500 p.
2379 2428 2531 2498 600.)
2594 2427 2756 2482 Certe
2832 2444 2899 2482 ex
2971 2427 3103 2481 Vita
3156 2426 3351 2482 Sancti
3408 2427 3592 2483 Theo-

1940 2517 2081 2590 geri,
2118 2533 2296 2588 quam
2328 2532 2458 2571 saec.
2492 2517 2592 2571 XII
2622 2515 2683 2570 in
2717 2515 2877 2571 Actis
2909 2517 3007 2571 SS.
3045 2516 3168 2571 ord.
3203 2515 3389 2571 sancti
3421 2516 3596 2571 Bene-

1940 2606 2077 2661 dicti
2112 2604 2573 2669 dabimus,sicut
2603 2610 2661 2659 et
2690 2603 2798 2659 hac
2845 2603 3061 2659 Urbani
3100 2603 3366 2675 epistola,
3400 2603 3595 2676 colligi

1941 2699 2135 2767 potest
2160 2693 2315 2748 hunc
2344 2693 2647 2748 Albertum
2664 2709 2767 2748 seu
2784 2692 3130 2748 Alberonem
3158 2691 3474 2764 aliquando
3491 2708 3595 2764 pro

1940 2783 2214 2854 episcOpo
2245 2781 2511 2837 habitum
2544 2781 2833 2836 fuisse.De
2862 2781 2971 2836 hoc
3002 2781 3130 2836 fuse
3161 2780 3282 2853 agit
3310 2780 3597 2852 praedicta

1940 2870 2083 2925 Vita:
2116 2874 2319 2926 auctor
2346 2871 2594 2941 ejusque
2626 2870 3050 2942 depositionem
3090 2867 3150 2923 in
3200 2868 3446 2945 concilio
3478 2870 3589 2925 Re—

1943 2960 2130 3015 mensi
2164 2975 2316 3013 anno
2347 2959 2489 3014 1115
2513 2959 2862 3030 ρνωείάθηῐθ
2910 2958 3142 3014 Conone
3178 2957 3376 3031 legato.
3398 2958 3596 3014 decre-

1942 3052 2063 3103 tam
2112 3052 2331 3111 narrat,
2382 3046 2477 3101 cui
2528 3047 2653 3118 ipse
2694 3046 3030 3118 Theogerus
3079 3047 3435 3102 substitutus
3486 3050 3596 3101 est.

1945 3136 2230 3191 Caeterum
2282 3139 2413 3207 post
2460 3135 2611 3191 hanc
2659 3135 2967 3207 epistolam
2998 3136 3122 3191 alia;
3179 3135 3497 3202 nonnulla,
3543 3140 3603 3192 et

178 3224 237 3276 ia
285 3225 589 3295 praesentia
636 3223 1006 3281 cardinalium
1052 3229 1111 3279 et
1156 3223 1408 3279 aliorum
1455 3224 1713 3280 virorum
1763 3223 1833 3279 il-
1865 3210 1907 3276 C
1946 3224 2171 3296 aliquot
2199 3224 2415 3279 Urbani
2432 3225 3281 3296 decretasuhjungentur,quaa
3309 3240 3445 3279 cum
3468 3223 3602 3279 nul-

180 3300 466 3367 lnstrium
494 3314 772 3384 guerpivit
801 3313 860 3366 in
888 3328 1059 3367 manu
1087 3311 1299 3368 domini
1320 3328 1543 3385 papae,a
1571 3329 1685 3384 quo
1708 3317 1841 3384 post

179 3400 404 3456 factum
431 3399 546 3472 ipsi
578 3400 932 3469 bominium,
962 3400 1307 3457 comitatum
1339 3401 1575 3473 recepit,
1602 3418 1671 3457 ea
1701 3417 1837 3457 con-

180 3488 404 3544 ditione
443 3493 509 3543 ut
538 3489 799 3545 Romano
858 3488 1118 3559 pontiﬁci
1175 3489 1426 3562 singulis
1484 3492 1655 3544 annis
1710 3489 1839 3545 auri

178 3576 419 3643 unciam
450 3576 820 3648 persolveret.
854 3577 983 3632 Haec
1033 3581 1227 3633 autem
1267 3577 1465 3634 omnia
1494 3578 1554 3633 in
1585 3578 1838 3650 patriam

175 3681 453 3729 reversus
476 3665 569 3719 die
598 3664 933 3721 Nativitatis
980 3666 1203 3721 Sanctae
1252 3666 1445 3721 Maria
1493 3667 1553 3720 in
1604 3666 1837 3738 publico

175 3753 392 3825 placito
423 3769 619 3811 comes
649 3752 1097 3821 conﬁrmavit,et
1127 3755 1327 3810 statim
1358 3756 1430 3811 ad
1452 3760 1724 3811 sanctum
1745 3754 1839 3811 Ja-

171 3842 389 3898 cobum
423 3842 718 3913 profectus
749 3844 857 3897 est.
888 3842 1357 3898 Instrumentum
1400 3859 1469 3899 ea
1516 3845 1588 3899 de
1638 3861 1698 3898 re
1730 3845 1836 3899 hoc

170 3947 330 3986 anno
359 3930 500 3986 1099
529 3930 855 3984 confectum
888 3930 1147 3985 referunt
1176 3930 1467 3988 Arualdus
1498 3932 1569 3987 de
1588 3931 1839 3989 Verdala

170 4024 336 4074 tomo
369 4019 392 4074 Ι
426 4017 795 4074 Bibliotheca:
853 4034 1012 4074 novae
1074 4019 1417 4086 Labbeanae,
1466 4020 1526 4076 in
1585 4021 1839 4077 Historia

174 4108 441 4179 episcop.
477 4106 979 4177 Magalonensium
1011 4105 1224 4174 Gariel,
1259 4112 1317 4162 et
1356 4125 1424 4164 ex
1477 4113 1639 4181 parte
1670 4110 1835 4165 Sam-

172 4193 482 4251 marthani
510 4197 670 4248 tomo
701 4193 749 4248 Il
779 4191 977 4249 Galliae
1009 4193 1372 4250 Christianae.

242 4298 565 4355 CCCXLIV.
601 4299 1067 4427 Cwmeterium
1092 4301 1364 4357 Vincentio
1399 4302 1766 4360 Cenomannis

871 4388 989 4427 asse
1047 4388 1158 4427 um.

871 4388 1158 4428 assertum.

244 4460 469 4514 Exorta
496 4463 588 4515 est
620 4459 774 4515 circa
824 4460 981 4515 idem
1029 4465 1264 4532 tempus
1314 4462 1509 4533 gravis
1539 4463 1834 4519 contentio

1945 3312 2063 3368 lam
2113 3317 2217 3367 aut
2264 3317 2419 3368 certe
2463 3312 2977 3367 indeterminatam
3028 3317 3226 3367 notam
3270 3312 3598 3383 praeferant,

1947 3399 2119 3456 alicui
2151 3404 2306 3456 certo
2336 3418 2490 3455 anno
2521 3400 2868 3472 consignare
2906 3401 2994 3456 fas
3026 3417 3140 3456 non
3173 3400 3302 3455 fuit.

2018 3489 2288 3545 Urbanus
2321 3493 2454 3561 post
2484 3489 2748 3545 inﬁnitos
2773 3488 3001 3545 labores
3032 3506 3134 3561 pro
3158 3487 3412 3545 Ecclesia
3430 3503 3602 3561 supe-

1946 3582 2123 3644 ratos,
2152 3579 2328 3633 rebus
2367 3579 2496 3649 jam
2549 3578 2791 3633 omnino
2842 3579 3081 3645 sedatis,
3126 3578 3604 3650 recuperatisque

1946 3683 2093 3738 quas
2123 3666 2183 3721 in
2223 3666 2373 3722 Urbe
2407 3667 2534 3739 ipsa
2566 3667 2925 3723 schismatici
2949 3666 3151 3722 tandiu
3175 3671 3604 3739 occupaverant

1947 3754 2397 3822 munitionibus,
2421 3772 2487 3810 ac
2512 3754 2793 3811 Romanis
2823 3755 3099 3810 omnibus
3130 3755 3241 3811 sibi
3275 3755 3602 3812 conciliatis

1945 3843 2190 3915 ipsaque
2222 3842 2536 3898 universali
2569 3842 2824 3898 Ecclesia
2851 3842 2912 3897 in
2935 3843 3424 3913 tranquilliorem,
3447 3843 3603 3899 ultra

1945 3948 2125 4003 quam
2156 3930 2327 4004 longe
2358 3935 2531 3986 antea
2559 3931 2768 3986 fuisset
2797 3935 2853 3986 et
2884 3931 3105 4002 sperari
3139 3934 3355 4001 posset,
3379 3935 3599 3986 statum

1946 4020 2470 4084 revocata,tandem
2505 4018 2844 4073 meritorum
2871 4018 3055 4073 multo
3080 4018 3267 4090 magis
3288 4033 3464 4089 quam
3483 4018 3601 4073 die-

1946 4124 2075 4162 rum
2111 4106 2538 4178 plenus,morte
2568 4107 2789 4177 ejus,ut
2825 4106 3087 4162 nonnulli
3120 4109 3387 4163 auctores
3405 4105 3601 4161 obser-

1942 4195 2382 4266 varunt,eclipsi
2410 4194 2656 4266 aliisque
2675 4194 2817 4250 visis
2835 4194 3164 4250 cmlestibus
3188 4194 3596 4267 praenuntiata,

1945 4285 2016 4339 ad
2085 4300 2327 4355 superos
2387 4283 2634 4338 evolavit
2699 4300 2764 4339 eo
2831 4284 2957 4356 ipso
3024 4288 3306 4356 tempore,
3366 4299 3481 4355 quo
3536 4282 3598 4339 in

1944 4372 2175 4429 Oriente
2207 4388 2373 4428 sacra
2399 4372 2897 4444 Jerosolymorum
2943 4373 3147 4427 civitas
3177 4390 3212 4428 a
3239 4371 3599 4429 Christiano-

1944 4479 2075 4516 rum
2123 4461 2399 4528 exercitu,
2443 4478 2621 4533 quam
2667 4462 2738 4516 ad
2793 4462 2943 4516 hanc
2987 4461 3413 4533 expeditionem
3466 4462 3602 4535 pius

171 4548 333 4618 apud
380 4547 789 4603 Cenomannos
830 4548 981 4603 inter
1010 4547 1321 4604 canonicos
1351 4548 1605 4606 ecclesiae
1638 4551 1832 4607 cathe-
1864 4573 1911 4637 Ι)
1944 4550 2203 4623 pontifex
2243 4565 2618 4621 summopere
2663 4550 3025 4617 incitaverat,
3059 4556 3227 4623 capta
3272 4555 3379 4607 est.
3412 4556 3602 4608 Rom

170 4635 363 4691 dralis
419 4640 479 4691 et
533 4636 731 4691 Sancti
788 4635 1075 4692 Vincentii
1144 4638 1462 4694 monachos
1530 4640 1833 4696 occasione
1864 4635 1897 4637 —
1944 4639 2002 4695 in
2052 4640 2323 4694 morbum
2378 4639 2602 4705 incidit,
2655 4644 2719 4694 ut
2752 4645 3007 4696 testatur
3035 4639 3347 4695 Ordericus
3390 4638 3598 4695 Vitalis

171 4724 357 4779 unius
386 4723 651 4779 canonici
692 4724 975 4794 defuncti,
1026 4724 1195 4796 cujus
1246 4741 1458 4797 corpus
1508 4726 1747 4797 quidam
1802 4745 1834 4784 e

167 4810 594 4868 canonicorum
644 4829 818 4885 grege
867 4812 1093 4868 factiosi
1147 4813 1207 4867 in
1258 4817 1414 4869 terra
1460 4816 1705 4886 profana
1736 4832 1830 4873 se-

168 4900 631 4972 pelierant;cum
666 4906 862 4957 tamen
883 4901 987 4971 jus
1015 4906 1169 4958 esset
1195 4902 1616 4959 monachorum
1635 4906 1831 4961 Sancti

170 4988 491 5055 Vincentii,
522 4989 716 5061 prisca
742 4989 1163 5045 consuetudine
1193 4990 1371 5046 simul
1402 4998 1459 5046 et
1484 4992 1609 5065 lege
1634 4994 1829 5050 firma-

169 5082 324 5143 tum,
359 5082 425 5132 ut
453 5077 714 5149 episcopi
744 5081 804 5131 et
833 5076 1097 5132 canonici
1146 5077 1204 5131 in
1256 5093 1459 5134 eorum
1503 5081 1831 5137 cmmeterio

168 5164 584 5237 sepelirentur.
618 5164 757 5220 Post
784 5163 1000 5220 multas
1046 5164 1223 5232 rixas,
1254 5181 1390 5221 cum
1442 5166 1563 5223 hac
1609 5175 1834 5225 contro-

166 5254 366 5309 versia
393 5253 653 5326 episcopi
703 5252 1048 5309 auctoritate
1093 5254 1367 5326 componi
1399 5272 1514 5312 non
1544 5258 1832 5329 potuisset

169 5359 298 5398 rem
326 5341 603 5399 monachi
638 5343 712 5398 ad
742 5341 1043 5398 Urbanum
1074 5342 1355 5415 detulere,
1399 5345 1472 5400 ad
1502 5361 1677 5417 quem
1708 5348 1829 5419 epi-

168 5447 389 5503 scopus
419 5431 477 5486 in
510 5447 717 5487 eorum
748 5432 999 5503 gratiam
1032 5431 1341 5502 epistolam
1380 5434 1635 5507 scripsit.
1668 5440 1830 5493 Hanc

167 5517 229 5574 in
250 5519 594 5592 Appendice
623 5536 659 5577 a
688 5519 987 5577 Chartario
1012 5519 1392 5579 Vincentiano
1439 5522 1710 5582 exhibere
1743 5526 1829 5582 vi-

168 5624 305 5669 sum
335 5614 444 5687 est,
472 5614 607 5675 tum
638 5609 796 5691 quod
827 5609 888 5669 in
917 5624 986 5673 ea
1010 5612 1133 5673 tota
1160 5608 1243 5673 rei
1273 5610 1452 5675 series
1483 5619 1826 5694 exponetur,

1943 4728 2091 4783 libro
2120 4746 2173 4795 ι,
2207 4727 2393 4793 initio,
2429 4728 2529 4782 ubi
2563 4728 2860 4783 mercedem
2889 4747 2922 4784 a
2948 4731 3054 4785 Deo
3097 4733 3449 4801 percepturus
3495 4744 3598 4800 pro

1944 4817 2097 4872 bonis
2124 4816 2548 4887 studiis,quibus
2578 4819 2827 4889 apprime
2852 4820 3060 4889 ﬂoruit,
3094 4818 3171 4874 θεέ
3190 4820 3292 4873 hac
3327 4819 3442 4874 vita
3487 4819 3597 4872 mi-

1940 4907 2119 4973 gravit
2146 4922 2196 4958 IV
2232 4905 2499 4959 Kalendas
2548 4907 2796 4977 Augusti.
2846 4911 3009 4962 Certe
3055 4923 3189 4961 eum
3240 4907 3435 4961 Romae
3485 4904 3597 4959 hac

1941 4996 2033 5050 die
2089 4994 2304 5049 obiisse
2361 5011 2511 5049 anno
2570 4994 2707 5049 l099
2753 5002 2981 5051 constat
3024 5012 3092 5050 ex
3138 4993 3433 5049 Paschalis
3463 4992 3596 5064 ejus

1941 5083 2298 5139 successoris
2327 5083 2572 5155 epistola
2616 5101 2685 5138 ea
2726 5085 2796 5140 de
2844 5101 2907 5139 re
2942 5084 3160 5155 scripta
3184 5082 3256 5138 ad
3289 5082 3593 5154 Hugonem

1940 5172 2212 5228 abbatem
2242 5171 2708 5239 Cluniacensem,
2743 5189 2919 5245 quam
2953 5173 3007 5227 in
3042 5169 3372 5244 Appendice
3393 5175 3594 5226 nostra

1939 5261 2278 5316 referemus.
2332 5260 2739 5316 Pontiﬁcatum
2799 5261 2988 5316 tenuit
3040 5275 3226 5315 annos
3281 5275 3360 5326 x1,
3422 5275 3593 5315 men-

1939 5365 2034 5404 ses
2066 5366 2136 5413 IV,
2170 5348 2296 5403 dies
2325 5365 2482 5403 xvui.
2518 5349 2822 5405 Bertoldus
2845 5365 3088 5404 numero
3111 5348 3361 5403 rotundo
3382 5363 3593 5406 menses

1938 5440 2179 5509 quinque
2208 5437 2645 5510 scripsit,atque
2676 5438 2746 5493 de
2776 5438 2870 5492 his
2902 5436 3064 5492 nulla
3081 5442 3172 5494 est
3192 5437 3348 5510 apud
3370 5442 3592 5495 veteres

1937 5531 2039 5583 aut
2080 5526 2430 5582 recentiores
2486 5525 2796 5595 dissensio,
2830 5525 2936 5583 etsi
2968 5524 3236 5583 nonnulli
3280 5527 3354 5583 ob
3398 5526 3592 5584 varias

1938 5615 2321 5697 computandi
2343 5614 2602 5675 rationes
2627 5614 2758 5696 ejus
2791 5614 2998 5675 mortis
3027 5631 3249 5675 annum
3281 5614 3451 5676 aliter
3493 5630 3591 5675 ex-
