3998 6158
408 321 528 382 259

1703 318 1773 385 Β.
1822 316 2114 387 URBANI
2159 322 2210 384 Il
2257 322 2513 384 ΡΑΡᾸΞ.

3698 322 3821 383 260

406 455 745 525 presserint.
780 456 944 513 Hunc
990 461 1187 515 tamen
1224 456 1325 514 die
1368 474 1427 512 ιιι
1475 456 1767 513 Kalendas
1807 457 2058 528 Augusti
2092 462 2145 528 Α
2175 472 2339 528 quam
2388 455 2692 511 laudabilia
2735 456 2977 526 fuerunt,
3018 457 3197 511 nitore
3240 457 3499 526 famaque
3541 458 3821 536 magnitu-

404 542 550 599 fortc
579 560 772 601 errore
802 545 1045 614 librarii,
1075 546 1254 602 vitam
1285 545 1510 601 {iniisse
1534 544 1747 618 legitur
1775 546 1829 600 in
1880 545 2055 601 Chro«

403 630 533 686 nico
555 633 1045 707 Kemperlegiensi
1071 640 1228 690 tomo
1250 633 1500 689 lBaluzii
1527 633 2050 690 Miscellaneorum.

402 719 604 776 Ceteri
634 722 855 793 passim
882 727 1148 779 auctores
1179 722 1599 779 Chronicorum
1629 723 1785 779 diem
1822 741 1877 778 ιν
1907 723 2056 779 assi-

401 812 606 881 gnant,
639 810 857 881 quibus
888 811 1384 867 monasteriorum
1419 816 1476 868 et
1505 810 1753 867 aliarum
1785 811 2055 868 ecclesia-

402 913 533 952 rum
580 896 922 971 Necrologia
970 899 1364 967 consentiunt,
1398 905 1638 972 excepto
1668 899 2055 970 Molismensi,

399 985 459 1041 in
503 1002 620 1058 quo
648 987 742 1041 die
774 1003 837 1042 ιιι
866 993 1248 1055 memoratur,
1290 990 1420 1060 ejus
1468 989 1573 1045 loci
1617 991 2058 1058 congregationis

399 1074 613 1130 dictus.
665 1073 920 1132 Celebris
967 1092 1102 1132 vero
1152 1076 1432 1149 deinceps
1480 1077 1594 1132 fuit
1641 1076 1703 1133 in
1763 1077 2058 1149 plerisque

397 1161 542 1218 locis
571 1163 698 1234 ejus
730 1165 1035 1233 memoria,
1068 1164 1142 1220 ob
1176 1169 1410 1236 recepta
1436 1165 1509 1221 ab
1538 1180 1606 1220 eo
1639 1163 2059 1232 beneﬁcia,vel-

398 1252 484 1306 uti
512 1250 572 1305 in
598 1250 987 1320 Cluniacensi,
1023 1252 1080 1307 in
1113 1256 1270 1308 Cassa
1302 1253 1511 1309 Deensi
1560 1254 1718 1326 apud
1761 1252 2054 1309 Cornelio-

398 1355 554 1407 nem,
589 1339 649 1394 in
677 1339 1043 1396 Flavianensi
1075 1342 1273 1397 Sancti
1307 1340 1539 1415 zEgidii,
1564 1342 1625 1397 in
1659 1341 2057 1398 Lemovicensi

396 1428 593 1485 Sancti
626 1428 938 1496 Martialis,
970 1430 1027 1484 in
1060 1429 1385 1485 Pictavensi
1419 1430 1757 1486 Monasterii
1797 1430 1960 1497 Novi,
1995 1429 2055 1486 in

395 1517 876 1583 Nantuacensi,in
908 1517 1240 1573 Divionensi
1263 1519 1455 1574 Sancti
1481 1516 1808 1591 Benigni,et
1828 1518 1887 1573 in
1924 1517 2058 1574 aliis

396 1604 647 1661 aliarum
679 1605 1067 1661 Ecclesiarum
1097 1605 1455 1679 Necrologiis
1501 1623 1650 1679 quas
1700 1607 1825 1678 ipse
1854 1623 2054 1664 sacra-

397 1698 578 1762 verat,
611 1697 715 1749 aut
742 1693 1061 1767 privilegiis
1091 1695 1409 1751 munierat.

462 1781 687 1854 Corpus
712 1784 840 1853 ejus
853 1799 921 1838 ex
937 1782 1322 1838 mdibusl’etri
1356 1783 1568 1839 Leonis
1600 1784 1756 1856 apud
1779 1788 2049 1839 sanctum

394 1869 697 1926 Nicolaum
724 1870 782 1924 in
813 1886 1045 1926 carcere
1074 1870 1371 1939 Tulliano,
1396 1870 1497 1927 ubi
1528 1887 1873 1944 supremum
1896 1871 2051 1928 diem

394 1959 637 2025 obierat,
673 1975 775 2031 per
801 1958 1099 2031 regionem
1129 1959 1629 2015 Transtiberinam
1663 1959 1922 2016 delatum
1966 1965 2056 2017 est

391 2046 454 2103 in
483 2047 783 2103 basilicam
816 2046 1244 2116 Vaticanam,in
1277 2065 1395 2120 qua
1414 2048 1733 2104 honorifice
1755 2048 2052 2121 sepultum

392 2139 504 2193 est.
536 2136 599 2192 In
643 2136 839 2192 Gestis
888 2136 1179 2192 Lamberti
1208 2137 1609 2193 Atrebatensis
1655 2137 1936 2210 episcopi,
1966 2138 2051 2194 di-

391 2240 518 2297 gnae
542 2226 817 2280 memoriae
843 2224 1138 2293 religiosus
1164 2241 1312 2296 papa
1343 2226 1593 2281 Urbanus
1639 2225 1858 2281 dicitur
1905 2242 2052 2282 anno

395 2312 553 2380 1099,
606 2329 662 2368 ιν
716 2312 981 2368 kalendas
1034 2313 1286 2381 Augusti,
1333 2314 1635 2370 indictione
1661 2331 1740 2369 vu
1773 2316 2053 2386 ingressus

388 2404 541 2458 uiam
586 2403 856 2457 universa
906 2403 1095 2457 carnis
1142 2405 1193 2457 et
1240 2403 1487 2472 sepultus
1533 2403 1593 2457 in
1638 2404 1861 2459 ecclesia
1910 2404 2054 2460 beati

388 2491 547 2548 Petri
560 2491 802 2562 apostoli
820 2491 988 2563 juxta
1015 2497 1265 2546 sanctum
1290 2491 1525 2546 Leonem
1548 2507 1753 2562 papam
1779 2495 1832 2547 et
1866 2492 2048 2563 Ephe—

389 2581 503 2636 sini
530 2579 752 2635 concilii
779 2582 1071 2635 auctorem.
1105 2578 1360 2635 Manlius
1390 2584 1449 2634 et
1477 2577 1577 2635 alii
1627 2579 1729 2650 qui
1778 2580 1850 2636 de
1896 2579 2050 2635 Vati-

391 2685 538 2725 cana
566 2666 807 2724 basilica
836 2666 1144 2740 scripsere,
1179 2671 1511 2723 memorant
1541 2666 1760 2722 Urbani
1803 2670 2046 2739 sepultu-

389 2774 513 2813 ram
537 2758 671 2813 satis
700 2755 926 2828 pulchro
968 2755 1240 2811 schemate
1283 2759 1651 2811 constructam
1692 2757 1885 2826 fuisse,
1918 2773 2046 2827 quae

389 2846 680 2917 hodieque
712 2861 889 2917 prope
918 2844 1238 2899 oratorium
1266 2843 1505 2899 Adriani
1539 2842 1713 2916 primi
1743 2843 1970 2911 visitur,
2013 2862 2047 2900 a

392 2933 665 2997 ﬁdelibus
697 2933 1065 3004 frequentata
1094 2932 1167 2987 ob
1198 2931 1659 2997 memoriam,uti
1682 2931 1857 2987 refert
1877 2932 2048 2988 Baro-

393 3023 548 3089 nius,
582 3021 731 3077 tanti
758 3019 1073 3093 pontiﬁcis,
1108 3021 1249 3076 adeo
1279 3020 1351 3075 de
1382 3019 1655 3076 universa
1692 3025 1894 3076 sancta
1940 3022 2043 3076 Ec-

392 3111 568 3167 clesia
594 3112 745 3167 bene
774 3109 989 3165 meriti.
1017 3108 1342 3181 Exsequias
1390 3110 1519 3180 ejus
1567 3108 1823 3164 celebres
1865 3108 2043 3165 fuisse

2168 545 2317 600 dinis
2346 560 2463 602 suae
2480 562 2581 617 per
2608 544 2792 600 orbem
2820 543 2927 599 late
2960 543 3244 614 divulgata
3286 552 3433 612 sunt,
3467 544 3825 600 inimicorum

2165 636 2333 689 etiam
2362 634 2603 689 lamenta
2631 648 2691 689 eo
2719 633 2973 704 defuncto
3002 636 3298 688 contestata
3343 641 3491 688 sunt.
3524 634 3593 689 Et
3641 632 3819 704 paulo

2166 722 2413 778 inferius
2439 722 2581 778 dicit
2615 740 2626 777 :
2665 722 2878 778 Urbano
2901 738 3048 793 papa
3074 723 3131 776 in
3163 722 3318 777 domo
3347 722 3570 777 Domini
3588 722 3822 788 lucente,

2165 814 2229 866 in
2261 810 2510 867 tenebras
2537 810 2603 866 de
2629 809 2879 866 cordibus
2908 811 3227 866 mortalium
3260 810 3743 882 praedicationibus
3770 814 3825 867 et

2164 901 2427 971 exemplis
2455 899 2724 969 dignitate
2751 899 3049 971 eﬂ'ugante,
3083 899 3346 956 Guiberti
3363 901 3605 955 conatus
3637 898 3821 955 fuisse

2165 988 2381 1044 irritos.
2418 987 2618 1059 Ipsum
2657 988 2910 1059 denique
2956 997 3141 1044 sancte
3186 987 3583 1059 tripudiantem
3623 975 3822 1044 abiisse

2166 1081 2483 1141 asseverat,
2540 1070 2705 1132 tanta
2751 1079 2873 1132 erat
2922 1077 3051 1147 ejus
3097 1077 3158 1131 in
3203 1076 3306 1132 Dei
3355 1075 3817 1133 misericordiam

2165 1163 2410 1219 ﬁducia!
2445 1164 2729 1219 Eumdem
2762 1164 2936 1219 morti
2961 1164 3292 1237 proximum
3315 1167 3581 1220 instinctu
3601 1164 3813 1232 divino,

2165 1251 2520 1308 cardinalem
2588 1253 2926 1309 Reimerum
2978 1253 3250 1309 abbatem
3316 1253 3646 1309 Romanum
3704 1252 3819 1309 sibi

2166 1357 2567 1399 successorem
2604 1341 2948 1415 designasse
2977 1343 3153 1397 refert
3178 1340 3461 1397 Albcrtus-
3491 1340 3817 1408 Stadensis,

2167 1432 2322 1502 quod
2355 1430 2454 1487 alii
2487 1431 2663 1487 etiam
2694 1431 3006 1503 scriptores
3035 1432 3439 1488 observarunt.
3475 1434 3546 1486 At
3576 1429 3820 1487 Fulche-

2165 1519 2289 1576 rius
2351 1519 2724 1576 Carnotensis
2791 1518 3061 1575 Balduini
3126 1520 3282 1593 regis
3344 1517 3824 1591 Jeroolymitani

2164 1607 2505 1681 capellanus
2536 1610 2595 1664 in
2628 1608 2776 1664 libro
2806 1608 2888 1665 De
2916 1608 3284 1681 expeditione
3302 1607 3818 1680 Jerosolymitana,

2164 1697 2247 1752 ait
2278 1696 2556 1753 Urbanum
2584 1699 2767 1752 virum
2798 1699 3082 1766 egregium
3126 1698 3241 1752 vita
3269 1704 3321 1752 et
3345 1696 3587 1752 moribus
3627 1697 3819 1767 fuisse,

2162 1787 2261 1856 qui
2287 1801 2499 1857 semper
2525 1786 2780 1843 Ecclesiae
2808 1790 3015 1842 sanctae
3039 1789 3245 1841 statum
3274 1785 3568 1841 sublimius
3609 1799 3825 1856 promo-

2162 1874 2397 1930 vendum
2444 1889 2609 1945 super
2657 1875 2847 1929 omnia
2895 1875 3136 1930 consulte
3180 1890 3247 1929 ac
3285 1877 3505 1930 strenue
3542 1872 3821 1929 moderari

2160 1964 2375 2032 sategit.
2409 1963 2616 2018 Postea
2648 1979 2784 2018 eum
2816 1979 2949 2017 cum
2979 1961 3253 2017 Guiberto
3284 1978 3653 2034 comparans,
3686 1961 3770 2017 ait
3801 1979 3815 2017 :

2165 2051 2502 2108 «Urbanum
2534 2051 2724 2107 virum
2747 2051 3089 2122 prudentem
3114 2054 3172 2106 et
3191 2050 3589 2106 venerandum
3610 2054 3816 2122 pacem

2163 2157 2468 2196 renovasse
2481 2139 2864 2211 Ecclesiaeque
2896 2140 3026 2209 jura
3050 2137 3332 2194 modosin
3347 2137 3625 2209 pristinos
3651 2137 3819 2195 resti-

2160 2229 2428 2294 tuisse,et
2456 2244 2560 2300 per
2588 2228 2854 2300 regiones
2886 2226 3271 2295 incedentem,
3304 2225 3552 2299 populos
3601 2226 3659 2282 in
3711 2226 3819 2284 ali-

2161 2318 2398 2390 quantis
2426 2316 2627 2372 devios
2656 2315 2770 2371 Deo
2797 2315 3169 2383 conciliasse;
3205 2318 3289 2370 »et
3315 2315 3817 2387 quoniam,inquit,

2157 2410 2351 2461 cuncta
2382 2420 2509 2476 quae
2537 2406 2637 2460 Dei
2662 2408 2792 2460 sunt
2821 2406 3068 2461 exaltare
3094 2406 3316 2459 omnino
3343 2403 3610 2471 studebat,
3633 2419 3820 2460 omnes

2155 2496 2271 2566 fere
2296 2495 2621 2566 paternitati
2664 2507 2783 2550 suae
2809 2493 2908 2548 sub
2938 2494 3054 2564 ejus
3096 2492 3405 2548 obedientia
3436 2493 3668 2548 libenter
3705 2508 3821 2549 sese

2157 2582 2505 2638 dediderunt.
2536 2583 2687 2637 Tum
2714 2581 2880 2636 addit
2910 2598 2958 2636 ;‹‹
2983 2581 3265 2636 Eumdem
3296 2585 3450 2636 recte
3478 2579 3732 2636 electum
3759 2584 3819 2636 et

2156 2670 2229 2723 ab
2255 2666 2545 2739 episcopis
2571 2665 2969 2722 cardinalibus
2998 2670 3424 2735 consecratum,
3449 2683 3483 2721 a
3516 2667 3725 2738 majori
3754 2670 3815 2723 et

2156 2755 2432 2812 sanctiori
2464 2754 2663 2827 populi
2698 2758 2861 2826 parte
2891 2758 3254 2825 acceptatum
3274 2754 3488 2824 fuisse;
3523 2754 3661 2811 licet
3678 2757 3811 2826 ejus

2154 2861 2331 2916 opera
2360 2842 2676 2899 adversarii
2700 2842 2887 2915 ipsius
2915 2842 3072 2898 velut
3092 2843 3258 2899 irrita
3286 2847 3344 2900 et
3375 2843 3538 2899 nulla
3558 2844 3808 2916 vilipen-

2153 2935 2375 2989 derent.
2408 2955 2436 2984 »
2471 2932 2732 3004 Denique
2761 2931 2842 2987 ait
2876 2950 2888 2987 :
2927 2931 3171 2989 Urbanus
3195 2934 3510 3003 prosperior
3534 2937 3586 2988 et
3596 2934 3807 3005 justior

2151 3031 2286 3088 erat,
2315 3020 2433 3076 imo
2462 3025 2513 3077 et
2540 3022 2755 3092 fortior,
2805 3028 2984 3091 utpote
3032 3022 3129 3090 qui
3173 3020 3495 3091 cupiditates
3540 3024 3806 3092 tanquam

2151 3110 2324 3166 hostes
2347 3109 2591 3183 subjecit.
2616 3110 2696 3164 Ex
2728 3107 2839 3164 alia
2868 3124 3001 3164 vero
3032 3114 3194 3181 parte
3240 3130 3268 3158 «
3315 3108 3661 3165 Guibertum
3710 3125 3803 3164 re-

390 3203 640 3257 testatus
670 3202 761 3254 est
791 3198 914 3270 ipse
942 3198 1071 3269 ejus
1100 3198 1349 3264 amicus,
1381 3196 1483 3269 qui
1513 3215 1610 3252 eas
1640 3197 1880 3264 curavit,
1891 3213 2044 3269 prae-
2075 3186 2118 3251 C
2157 3202 2471 3271 praesentat
2498 3198 2773 3269 superbiae
2799 3198 3023 3253 stimulo
3056 3198 3355 3264 irritatum,
3387 3196 3487 3268 qui
3517 3195 3804 3269 populum

387 3290 582 3361 cipuus
644 3291 845 3343 sancta
903 3287 1159 3342 Romana?
1215 3287 1474 3344 Ecclesiae
1527 3288 1699 3356 ﬁlius,
1760 3286 1844 3341 uti
1907 3303 2043 3342 eum

389 3375 646 3450 appellat
692 3374 967 3431 Gol’ridus
1025 3374 1333 3430 Vindocini
1392 3375 1573 3430 abbas
1633 3375 1732 3429 lib.
1784 3392 1841 3440 v,
1884 3391 1972 3447 ep.
2008 3375 2044 3429 9

388 3466 598 3521 Petrus
628 3465 739 3519 Leo
771 3463 829 3518 in
861 3463 990 3532 ejus
1019 3462 1500 3534 epitaphio,quod
1531 3462 1590 3516 in
1621 3462 1953 3534 Appendice
1975 3479 2044 3518 ex

388 3552 660 3608 Orderico
686 3550 863 3605 Vitali
894 3550 1215 3606 referemus
1244 3566 1379 3605 cum
1411 3549 1542 3606 aliis
1587 3550 1949 3607 carminibus
1988 3555 2045 3607 et

389 3639 615 3713 elogiis,
641 3655 768 3711 quae
806 3654 941 3693 cum
991 3638 1120 3709 ejus
1168 3638 1304 3693 Vita
1347 3655 1415 3693 ex
1465 3637 1768 3704 Pandulfo,
1802 3639 2044 3695 Domni-

388 3729 552 3785 zonis
583 3726 852 3783 versibus
881 3730 939 3781 et
970 3725 1102 3782 aliis
1123 3725 1406 3782 analectis
1436 3725 1553 3782 huc
1584 3727 1776 3798 potius
1807 3728 2044 3799 rejicere

387 3816 605 3882 visum,
635 3831 814 3886 quam
846 3812 940 3868 hic
972 3812 1261 3879 exhibere,
1278 3829 1348 3869 ne
1375 3813 1623 3869 nimium
1652 3814 2044 3888 interrumpa-

389 3909 485 3960 tur
511 3901 866 3959 narrationis
897 3900 1099 3957 series.
1153 3902 1298 3974 Ejus
1336 3917 1405 3957 ex
1427 3902 1662 3973 sequias
1683 3905 1844 3958 totius
1889 3904 2044 3960 urbis

385 3993 647 4049 Romana
676 3992 825 4046 luctu
853 3992 904 4045 et
934 3991 1165 4046 tristitia
1212 3988 1536 4046 celebratas
1596 3991 1778 4047 fuisse
1835 3992 2046 4048 asserit

387 4080 689 4139 Paschalis
717 4080 848 4150 eius
881 4095 1188 4136 successor
1236 4080 1294 4135 in
1341 4078 1590 4152 epistola
1626 4082 1753 4151 jam
1786 4080 2041 4149 laudata,

387 4172 460 4226 ob
488 4170 713 4226 scilicet
743 4168 1030 4225 amissum
1079 4172 1313 4225 tantum
1343 4168 1677 4241 pontiﬁcem
1716 4170 1964 4226 doctrina
1994 4174 2046 4226 et

384 4259 500 4314 vita
528 4262 650 4313 tam
682 4256 929 4313 clarum.

458 4345 626 4401 Hunc
654 4345 716 4399 in
748 4344 976 4400 ﬂorenti
1010 4344 1201 4400 adhuc
1233 4350 1397 4401 aetate
1442 4362 1510 4400 ex
1556 4345 1667 4402 hac
1704 4346 1831 4403 luce
1861 4346 2045 4403 fuisse

387 4438 657 4505 ereptum
718 4431 932 4505 legitur
990 4432 1045 4487 in
1100 4432 1283 4489 altero
1338 4434 1465 4505 ejus
1523 4434 1837 4507 epitaphio,
1888 4435 2042 4507 quod

2152 3288 2223 3343 ad
2255 3286 2654 3343 confusionem
2685 3285 2899 3341 auxilio
2932 3285 3301 3359 imperatoris
3339 3284 3616 3341 suffultus
3663 3302 3807 3342 con-

2152 3375 2385 3441 citabat,
2419 3378 2592 3447 quem
2625 3374 2760 3430 licet
2788 3390 2957 3430 suam
3008 3376 3160 3429 inter
3212 3373 3324 3430 sibi
3369 3374 3807 3431 consentientes

2151 3468 2498 3537 potestatem
2530 3468 2842 3532 exerceret,
2872 3468 2929 3518 et
2957 3463 3215 3534 potentia
3243 3479 3309 3517 ac
3340 3461 3556 3518 divitiis
3596 3462 3809 3518 aﬂlue-

2152 3559 2259 3618 ret,
2289 3576 2317 3603 ››
2347 3567 2651 3624 nunquam
2684 3556 2880 3607 tamen
2907 3552 3139 3624 populus
3166 3552 3362 3607 melior
3392 3551 3556 3623 sequi
3601 3550 3803 3607 voluit.

2151 3642 2449 3698 Consentit
2514 3639 2793 3711 antiquus
2859 3644 3061 3696 auctor
3135 3638 3415 3695 Gestorum
3472 3641 3843 3696 Francorum-

2150 3732 2588 3802 expugnantium
2633 3730 2956 3796 Jerusalem,
2999 3730 3096 3800 qui
3151 3729 3423 3784 eumdem
3467 3728 3808 3801 pontificem

2153 3820 2333 3875 fuisse
2365 3818 2446 3874 ait
2473 3820 2658 3874 virum
2685 3819 2978 3889 egregium,
3016 3822 3129 3873 vita
3166 3821 3217 3872 et
3263 3818 3504 3874 moribus
3551 3819 3809 3889 omnique

2147 3906 2445 3980 prudentia
2470 3908 2805 3977 scientiaque
2851 3904 3115 3969 edoctum,
3148 3911 3255 3960 etc.
3302 3910 3446 3960 Eum
3496 3904 3691 3960 adhuc
3720 3904 3808 3961 vi-

2150 4000 2381 4052 ventem
2428 3997 2607 4050 virum
2652 3994 2880 4049 scientia
2909 3996 2959 4046 et
2988 3993 3256 4061 religione
3280 3994 3810 4064 manantis-simum

2152 4083 2466 4157 appellavit
2478 4082 2796 4139 Deusdedit
2810 4086 2949 4136 tunc
2964 4081 3120 4136 cardi
3130 4080 3279 4136 nalis
3292 4081 3595 4153 presbyter
3605 4082 3809 4138 Sancti

2152 4171 2305 4228 Petri
2334 4172 2405 4227 ad
2436 4169 2685 4225 Vincula
2718 4168 2868 4224 tituli
2900 4168 3188 4237 Eudoxiaa,
3221 4169 3322 4240 qui
3354 4166 3598 4224 alteram
3630 4186 3807 4227 cano-

2153 4276 2295 4315 num
2323 4258 2721 4315 collectionem
2754 4256 2865 4313 sub
2896 4242 3036 4329 ejus'
3056 4257 3391 4330 pontificatu
3426 4256 3812 4316 cdidiLAdel-

2138 4346 2332 4404 'ferius
2359 4364 2494 4403 vero
2535 4352 2738 4404 auctor
2781 4347 2957 4402 etiam
3006 4344 3248 4418 aequalis
3294 4345 3352 4400 in
3403 4345 3559 4401 Actis
3608 4346 3810 4403 Sancti

2152 4436 2371 4492 Nicolai
2407 4435 2704 4508 Peregrini
2734 4440 2898 4508 parte
2928 4453 2988 4501 ιι,
3023 4437 3183 4507 cap.l
3209 4435 3364 4506 apud
3395 4433 3810 4491 Bollandianos

389 4521 654 4593 Philippo
687 4520 855 4609 Bona:
886 4520 1020 4591 Spei
1052 4521 1245 4576 abbati
1279 4522 1569 4578 tributum
1600 4523 1736 4579 item
1769 4540 1838 4580 ex
1865 4523 2042 4579 Orde-
2078 4545 2122 4609 ο
2152 4525 2247 4581 die
2271 4541 2313 4580 ιι
2333 4523 2514 4592 Junii,
2549 4524 2633 4579 sic
2664 4523 2839 4580 habet
2862 4542 2913 4579 :«
2945 4523 3089 4579 Cum
3122 4524 3394 4579 Romanis
3425 4522 3582 4578 sedis
3602 4539 3813 4579 secun-

389 4611 511 4666 rico
545 4610 617 4665 ad
655 4607 874 4664 calcem
935 4609 1233 4665 dabimus.
1292 4610 1361 4665 Et
1415 4610 1654 4683 quidem
1713 4611 2046 4684 gravissimi
2079 4607 2105 4609 _
2155 4615 2288 4679 dus,
2333 4614 2478 4669 forte
2509 4617 2768 4680 sanctus,
2803 4612 3266 4685 gloriosissimus
3310 4611 3601 4679 Urbanus,
3634 4628 3811 4683 opere

387 4698 796 4770 labores,quos
828 4701 945 4753 toto
976 4697 1067 4753 sui
1100 4699 1478 4770 pontiﬁcatus
1500 4704 1761 4772 tempore
1782 4701 2038 4772 pertulit,

386 4787 664 4860 variaque
697 4786 907 4841 itinera
929 4786 988 4841 in
1012 4786 1288 4843 extremis
1303 4786 1432 4842 vitae
1450 4804 1568 4843 suae
1590 4790 1760 4844 annis
1783 4790 2043 4846 confecta

386 4877 532 4933 satis
571 4875 835 4932 indicant
878 4891 1013 4931 eum
1062 4882 1201 4931 tunc
1247 4875 1528 4948 temporis
1581 4877 1743 4933 senio
1792 4878 2041 4934 fractum

389 4982 507 5021 non
537 4963 1025 5035 fuisse.Ejusdcm
1059 4964 1317 5035 corporis
1339 4971 1397 5019 et
1418 4964 1627 5019 animae
1653 4966 1818 5021 dotes
1840 4967 2041 5038 paucis

386 5054 646 5126 exponit,
678 5058 745 5109 ut
766 5054 894 5125 jam
925 5052 1490 5118 diximus,0dericus
1523 5052 1727 5109 Vitalis
1759 5053 1907 5111 libro
1943 5072 2046 5111 vm

390 5142 489 5197 ubi
521 5142 726 5197 scribit
758 5159 771 5197 :
807 5142 949 5196 Eum
981 5156 1203 5213 corpore
1240 5157 1501 5211 magnum
1549 5141 1751 5210 fuisse,
1782 5143 2044 5200 modestia

387 5229 700 5295 discretum,
732 5231 999 5302 religione
1024 5231 1350 5297 maximum,
1404 5231 1678 5301 sapientia
1705 5235 1757 5286 et
1785 5232 2043 5303 eloquen-

387 5319 467 5373 tia
485 5319 1045 5390 prsecipuumquem
1074 5319 1427 5390 apostolicam
1454 5317 1636 5373 sedem
1664 5327 1885 5376 strenue
1903 5323 2042 5377 viri-

391 5406 624 5477 literque
650 5407 878 5473 rexisse,
909 5405 990 5463 ait
1032 5406 1200 5462 initio
1247 5405 1380 5461 libri
1411 5423 1444 5460 x
1476 5413 1528 5461 et
1554 5407 1855 5464 mercedem
1877 5426 1912 5465 a
1940 5410 2044 5466 Deo

385 5497 772 5568 perceptarum
797 5510 896 5567 pro
925 5496 1079 5551 bonis
1107 5494 1525 5570 studiis,quibus
1551 5498 1801 5569 apprime
1840 5500 2046 5572 florue-

390 5591 498 5658 rat,
540 5598 609 5646 ac
658 5581 757 5645 hoc
795 5582 999 5647 mundo
1046 5585 1328 5661 migrasse.
1380 5583 1566 5664 Cujus,
1616 5584 1830 5665 inquit,
1882 5603 2048 5665 opera

2150 4709 2207 4758 et
2239 4702 2504 4758 doctrina
2533 4705 2881 4773 prmpotens,
2914 4704 2972 4756 et
3001 4699 3344 4770 eloquentiae
3388 4699 3548 4755 fonte
3591 4699 3807 4754 redun-

2152 4792 2298 4846 dans
2327 4789 2728 4862 apostolorum
2757 4793 2815 4844 et
2844 4787 3298 4860 apostolicorum
3326 4787 3576 4860 vestigia
3604 4802 3805 4860 prose-

2152 4894 2360 4951 quens,
2393 4895 2459 4933 ac
2490 4876 2766 4950 pastorali
2798 4894 2937 4932 cura
2969 4877 3226 4932 intentus
3256 4875 3637 4932 ecclesiarum
3679 4874 3804 4931 feli-

2150 4968 2296 5022 citer
2325 4968 2676 5039 gubernaret
2721 4965 3027 5038 regimina,
3062 4987 3088 5015 »
3122 4969 3230 5020 etc.
3275 4964 3650 5021 Paucioribu’s
3677 4980 3802 5019 ver-

2153 5055 2243 5111 bis
2273 5056 2472 5110 omnia
2501 5052 2793 5110 concludit
2819 5052 3006 5126 elogia
3048 5052 3313 5110 Gerohus
3341 5053 3401 5108 in
3431 5056 3804 5125 Syntagmate

2152 5144 2352 5216 cap.16
2380 5143 2535 5216 apud
2568 5139 2985 5215 Tegnagellum
3011 5140 3339 5198 :«Urbanus
3360 5141 3513 5196 sicut
3534 5141 3590 5194 in
3615 5138 3807 5212 digni-

2152 5236 2291 5297 tate,
2323 5232 2404 5287 ita
2432 5245 2666 5303 quoque
2695 5230 2906 5285 virtute
2936 5229 3193 5302 Gregorii
3227 5229 3347 5296 VII,
3380 5230 3498 5285 imo
3528 5232 3586 5285 et
3613 5228 3802 5300 ipsius

2154 5321 2305 5376 Petri
2362 5319 2690 5391 legitimum
2737 5334 2800 5375 se
2858 5334 3258 5375 successorem
3320 5317 3599 5374 exhibuit.
3656 5339 3683 5367 «
3734 5315 3804 5371 Et

2150 5408 2448 5465 Berardus
2479 5406 2747 5463 Cbronici
2779 5406 3161 5463 Casaurensis
3191 5406 3599 5479 scriptor,eum
3629 5401 3803 5461 sicuti

2155 5498 2249 5555 alii
2281 5501 2550 5553 auctores
2580 5495 2800 5568 passim
2830 5499 3084 5553 sanctum
3129 5500 3188 5551 et
3232 5499 3441 5554 sanctae
3483 5511 3585 5551 seu
3635 5495 3805 5550 beata

2153 5586 2545 5654 recordationis
2573 5587 2755 5648 virum
2785 5583 3062 5665 appellat,
3084 5583 3145 5645 in
3174 5600 3290 5661 quo
3320 5583 3581 5651 Ecclesia
3599 5582 3804 5643 habuit
