3998 6158
178 328 293 387 261

1785 322 2003 393 Vl'l‘A.‘

3480 330 3601 396 9.62

154 462 391 517 “bonum
437 468 714 534 pastorem
765 459 1199 520 Christianitatis
1244 468 1547 520 amatowm
1601 472 1652 520 et
1715 464 1846 535 ﬁdei
1872 467 1925 533 Α
1957 467 2172 537 ptores,
2201 463 2302 520 sed
2333 462 2509 521 etiam
2538 466 2845 538 pontiﬁces
2874 464 3123 523 Romani
3154 466 3214 521 in
3237 466 3362 524 suis
3382 468 3596 541 episto-

178 549 541 619 defensorem.
573 549 740 608 Unde
771 569 888 608 sua
914 551 1067 607 atati
1096 551 1425 625 gratulatur
1463 552 1720 609 Joannes
1767 553 1839 608 de

180 635 342 693 Colle
371 637 560 694 Medio
590 642 796 696 auctor
818 639 961 695 Vita
988 639 1145 699 beati
1165 640 1413 697 Joannis
1432 640 1839 708 Tervsnensis,

180 726 343 797 quod
376 727 488 784 sub
535 727 778 796 Urbani,
828 745 1001 803 quem
1046 727 1222 801 paulo
1271 733 1443 785 antea
1494 731 1843 801 fortissimun

180 814 519 874 Simoniacae
539 819 707 889 pestis
736 819 1174 890 impugnatorem
1203 816 1613 891 appellaverat,
1657 817 1845 891 ponti-

180 903 362 960 ﬁcatu
392 904 638 962 ecclesia
683 906 1059 979 potissimum
1106 905 1407 962 Gallicana
1449 905 1728 980 religione
1787 909 1846 962 et

180 992 437 1049 scientia
454 997 800 1066 prastantes
824 996 1128 1068 episcopos
1148 995 1476 1051 habuerit.»
1491 995 1534 1051 Ο
1556 1000 1841 1067 tempora,

180 1081 401 1153 inquit,
432 1081 646 1152 felicia,
676 1084 892 1157 quibus
931 1100 1183 1157 superne
1230 1082 1463 1140 iudulta
1522 1083 1845 1155 probantur

178 1170 499 1226 beneficia!
532 1173 674 1228 Ecce
700 1172 933 1229 Urbano
963 1174 1331 1245 prasidente,
1365 1172 1598 1229 Urbano
1647 1176 1844 1246 pasto-

178 1256 410 1315 ralibus
443 1276 622 1332 supra
654 1276 888 1335 gregem
912 1262 1285 1317 Dominicum
1328 1260 1586 1317 excubiis
1636 1260 1844 1335 invigi-

176 1345 364 1413 lante,
414 1352 475 1403 et
523 1365 627 1421 per
664 1349 898 1423 singula
939 1348 1109 1405 ovilis
1154 1350 1246 1405 sui
1294 1349 1412 1405 late
1459 1347 1844 1406 sollicitorum

178 1435 489 1492 custodias
537 1438 939 1494 excubitorum
990 1438 1309 1511 prudenter
1382 1438 1709 1508 ordinante,
1772 1440 1844 1495 ab

180 1524 415 1595 ovibus,
461 1543 612 1599 quas
659 1526 790 1592 tibi,
847 1526 1098 1593 Christe,
1170 1527 1471 1584 redemisti
1544 1528 1847 1600 rapacium

180 1628 423 1669 morsus
445 1611 723 1687 luporum
753 1614 1022 1687 prohibet
1041 1615 1375 1670 efﬁcaciter.
1404 1637 1431 1665 »
1455 1615 1620 1670 Hunc
1652 1616 1846 1687 ipsum

180 1700 475 1775 privilegii
505 1701 886 1759 ecclesiastici
938 1702 1421 1759 ardentissimum
1480 1704 1845 1759 defensorem

1948 552 2023 608 lis
2054 569 2119 608 ac
2149 552 2395 610 decretis
2424 554 2646 626 passim
2676 554 2993 629 appellant,
3017 571 3050 612 a
3068 556 3228 629 cujus
3242 558 3438 613 semita
3460 574 3604 613 nun-

1949 658 2115 715 quam
2141 658 2478 698 recessurum
2504 642 2802 700 Paschalis
2832 645 2960 716 ejus
2990 662 3292 702 successor
3330 646 3507 703 variis
3541 647 3600 703 in

1950 729 2356 787 occasionibus
2385 736 2744 803 protestatus
2774 739 2882 799 est,
2915 750 2981 788 ac
3011 733 3385 806 potissimum
3426 734 3486 790 in
3534 750 3604 791 ea

1952 818 2086 874 ﬁdei
2103 819 2485 890 professione,
2509 836 2686 893 quam
2707 821 2766 877 in
2785 821 3030 878 concilio
3049 822 3425 880 Lateranensi
3446 840 3603 881 anno

1951 906 2092 962 4112
2121 908 2338 973 emisit,
2366 924 2543 981 quam
2571 908 2825 965 universi
2856 908 3067 965 Patres
3083 911 3209 966 suis
3238 910 3606 968 acclamatio-

1952 994 2128 1051 nibus
2159 997 2645 1068 approbaverunt.
2679 994 2892 1053 Eodem
2922 1000 3104 1053 sancti
3130 997 3236 1053 viri
3286 999 3455 1056 titulo
3499 1001 3605 1057 do-

1956 1086 2129 1138 natur
2157 1101 2191 1138 a
2210 1083 2465 1139 Gotfrido
2485 1082 2924 1150 Vindocinensi,
2950 1086 3023 1141 ab
3045 1090 3281 1142 auctore
3301 1086 3446 1143 Vita
3468 1105 3602 1145 san-

1953 1171 2031 1226 cti
2066 1171 2214 1228 Petri
2244 1172 2518 1229 Cavensis
2547 1173 2777 1229 abbatis
2798 1179 2855 1229 et
2884 1175 2955 1230 ab
2982 1174 3116 1230 aliis
3139 1175 3607 1247 passim.Sancta3

1952 1263 2237 1317 memoria:
2261 1277 2465 1332 papam
2497 1262 2774 1318 Urbanum
2805 1263 3134 1333 pandentem
3174 1264 3341 1336 plane
3387 1267 3438 1319 et
3478 1281 3607 1321 vere

1954 1350 2311 1421 apostolicum
2338 1351 2521 1405 virum
2552 1349 2807 1423 appellat
2836 1351 3043 1407 Petrus
3066 1352 3354 1408 Diaconus
3374 1352 3523 1409 libro
3546 1370 3603 1410 xv

1956 1438 2222 1493 Chronici
2255 1438 2612 1504 Casinensis,
2646 1438 2823 1494 Plura
2851 1438 3027 1495 habet
3059 1441 3333 1498 Domnizo
3365 1442 3426 1498 in
3475 1442 3602 1498 suis

1953 1526 2222 1583 versibus
2253 1544 2401 1599 quos
2430 1528 2613 1584 habes
2646 1529 2714 1583 ad
2750 1527 2988 1584 calcem.
3030 1528 3292 1585 Sanctum
3324 1531 3605 1588 Urbanum
3640 1574 3649 1584 .

1957 1613 2222 1670 absolute
2236 1614 2747 1687 appellantBerard
2757 1633 2827 1672 us
2840 1618 2957 1688 iam
2971 1616 3248 1674 laudatus
3261 1618 3606 1676 inChronico

1956 1703 2304 1759 Casaurensi
2329 1708 2386 1759 et
2405 1704 2842 1761 vetustissimus
2863 1709 3069 1761 auctor
3090 1706 3355 1763 Historia
3375 1708 3606 1764 Jeroso-

181 1789 336 1899 feliﬁi
364 1789 534 1899 pbitu
566 1796 886 1891 eacessisse
916 1789 1122 1899 sspibjit
1151 1790 1503 1892 Laurentius
1541 1792 1613 1847 de
1636 1792 1847 1899 Leodio
1878 1835 1924 1899 Β
1957 1789 2449 1899 l‘ymitana‘tomo‘
2462 1793 2494 1899 ﬁl
2525 1792 2711 1894 Musei
2739 1792 2920 1899 Italici
2953 1792 3352 1899 Mabilloniaqi
3385 1795 3604 1853 editus.

186 1878 244 1933 in
261 1878 934 1952 Historiaepiscoporum
948 1878 1433 1947 Virdunensium,
1448 1880 1577 1951 ejus
1598 1884 1847 1936 mortem
1878 1878 1924 1899 υ
1956 1879 2217 1952 Denique
2232 1879 2550 1937 Pandulfus
2564 1882 2621 1937 in
2644 1883 2773 1953 ejus
2787 1880 2921 1937 Vita
2939 1882 3142 1938 scribit
3163 1884 3457 1952 eumdem,
3477 1900 3606 1941 con-

185 1966 242 2022 in
274 1971 595 2041 conspectu
626 1967 857 2024 Domini
891 1969 1206 2041 pretiosam
1239 1968 1422 2024 fuisse
1448 1972 1703 2025 testatur
1742 1968 1846 2025 Pa-

185 2053 410 2112 schalis
436 2057 567 2128 ejus
596 2072 905 2113 successor
926 2056 984 2112 in
1035 2073 1187 2129 sape
1217 2056 1456 2113 laudata
1473 2057 1721 2131 epistola
1754 2057 1848 2113 his

183 2145 413 2202 verbis:
448 2146 675 2213 Urbani,
703 2144 917 2218 inquit,
948 2146 1207 2202 doctrina
1222 2154 1275 2202 et
1294 2148 1423 2212 vita,
1443 2163 1605 2218 quam
1636 2149 1844 2213 sancta,

184 2251 353 2307 quam
398 2242 562 2305 grata
606 2239 716 2291 Deo
762 2236 1058 2303 exstiterit,
1112 2237 1292 2291 exitus
1350 2238 1587 2307 profecto
1653 2236 1851 2291 melior

186 2324 497 2396 approbat.
531 2324 693 2381 Unde
721 2324 839 2381 Deo
868 2341 937 2381 ea
955 2325 1027 2381 de
1060 2340 1121 2380 re
1141 2323 1361 2397 gratias
1411 2324 1669 2398 agendas
1719 2341 1849 2381 esse

184 2410 509 2467 concludit.
543 2412 800 2485 Denique
829 2414 1170 2486 Aymericus
1199 2412 1272 2469 de
1295 2412 1469 2468 Perac
1494 2412 1676 2469 abbas
1711 2413 1849 2469 Moi-

185 2500 477 2557 siacensis
488 2505 622 2573 post
632 2503 1004 2559 enarratasin
1038 2501 1322 2557 Chronico
1345 2500 1562 2557 multas
1581 2502 1847 2573 ejusdem

189 2589 491 2662 pontiﬁcis
513 2590 794 2659 actiones,
818 2591 987 2663 plura
1004 2591 1209 2664 paucis
1229 2590 1424 2647 verbis
1444 2589 1850 2647 concludenda

187 2695 321 2735 esse
349 2678 501 2734 dicit
536 2703 556 2729 ι
590 2696 725 2735 eum
757 2678 983 2735 felicem
1016 2678 1385 2752 pradicando
1415 2680 1488 2734 ob
1518 2678 1847 2751 impensam

190 2767 322 2839 ejus
347 2768 412 2824 in
430 2785 524 2825 res
545 2785 744 2824 sacras
767 2772 826 2824 et
845 2767 971 2824 loca
992 2768 1106 2824 Deo
1129 2768 1320 2824 dicata
1340 2785 1563 2835 curam,
1578 2768 1650 2823 ob
1666 2767 1850 2824 schis-

192 2856 368 2912 matis
398 2857 902 2930 exstirpationem,
923 2873 1126 2930 regum
1150 2855 1688 2930 potentissimorum
1727 2872 1850 2912 cor-

191 2944 551 3014 rectionem;
591 2962 658 3001 ac
706 2944 890 3001 multo
940 2947 1012 3001 ob
1063 2963 1204 3001 suas
1248 2946 1493 3000 virtutes
1540 2950 1598 3000 et
1643 2944 1852 3001 merita

193 3032 517 3089 feliciorem
547 3049 675 3105 qua
718 3034 767 3089 ei
818 3032 1066 3090 caelestis
1118 3033 1315 3107 gloria
1364 3032 1701 3089 fruitionem
1747 3033 1848 3088 Dei

1953 1970 2212 2040 fessorem
2268 1977 2319 2025 et
2374 1970 2573 2025 bonum
2624 1970 2829 2026 Christi
2883 1971 3140 2027 athletam
3195 1975 3308 2030 Deo
3361 1975 3611 2030 animam

1955 2057 2283 2113 reddidisse:
2316 2073 2489 2130 quem
2521 2058 2578 2113 in
2603 2058 2717 2114 vita
2739 2058 3041 2116 Paschalis
3070 2061 3198 2132 ejus
3229 2063 3608 2132 successoris,

1953 2148 2214 2202 solemnis
2243 2134 2523 2203 memoria:
2552 2147 2837 2203 dominum
2861 2149 3145 2207 Urbanum
3157 2167 3361 2224 papam
3379 2170 3608 2225 magna-

1954 2236 2172 2291 nimum
2200 2234 2360 2290 dicit.

2026 2323 2151 2377 Non
2184 2323 2381 2395 itaque
2412 2323 2628 2378 mirum
2651 2323 2832 2379 videri
2855 2325 3044 2395 debet,
3074 2327 3121 2382 si
3156 2327 3372 2385 Urbani
3395 2346 3609 2386 nomen

1958 2409 2016 2465 in
2054 2408 2346 2483 plerisque
2375 2410 2805 2484 Martyrologiis
2836 2418 2939 2469 aut
2969 2419 3305 2471 sanctorum
3329 2417 3609 2492 catalogis
3688 2492 3695 2499 κ

1956 2499 2050 2554 die
2077 2499 2148 2554 29
2176 2499 2339 2567 Julii,
2373 2516 2489 2572 quo
2509 2499 2756 2556 excessit
2785 2517 2816 2557 e
2845 2503 2965 2558 vita
2984 2502 3334 2577 inscriptum
3359 2507 3610 2579 reperia-

1956 2591 2073 2667 tur;
2094 2588 2364 2659 quamvis
2386 2590 2514 2661 ejus
2536 2589 2908 2646 festivitatem
2938 2608 3242 2665 nunquam
3266 2594 3327 2649 in
3349 2594 3611 2652 Ecclesia

1956 2674 2307 2732 celebratam
2341 2676 2522 2733 fuisse
2554 2677 2854 2734 fatendum
2879 2680 2974 2736 sit.
2998 2680 3098 2737 His
3119 2682 3310 2738 verbis
3331 2684 3460 2756 ejus
3482 2700 3612 2739 me-

1957 2764 2142 2820 moria
2171 2764 2230 2819 in
2262 2765 2672 2840 Martyrologio
2704 2767 3078 2826 Benedictino
3109 2770 3347 2826 Arnoldi
3377 2771 3608 2830 Wionis

1956 2856 2013 2907 et
2043 2853 2305 2926 Hugonis
2336 2853 2597 2911 Menardi
2630 2856 2896 2913 habetur:
2932 2859 3116 2916 Romae
3155 2859 3417 2932 depositio
3466 2863 3611 2919 beati

1961 2941 2168 2997 Urbani
2188 2958 2346 3014 papa
2372 2944 2617 3012 secundi,
2650 2945 2923 3016 quondam
2950 2949 3206 3004 monachi
3237 2947 3611 3007 Cluniacensi:

1959 3031 2231 3088 Cruciataz
2277 3030 2348 3086 ad
2402 3035 2868 3104 recuperationem
2921 3043 3078 3091 terra
3125 3040 3327 3093 sancta
3374 3041 3611 3096 auctoris

194 3121 604 3178 misericordia
623 3122 1049 3194 acquisierunt;
1080 3138 1261 3194 quare
1274 3120 1639 3194 amplissimo
1656 3121 1850 3178 studio
1891 3195 1920 3200 _
1959 3120 2332 3190 libertatisque
2349 3121 2729 3177 ecclesiastica
2742 3122 3046 3196 defensoris
3060 3126 3346 3195 acerrimi;
3375 3129 3476 3200 qui
3487 3130 3615 3199 post

196 3225 324 3266 esse
345 3209 692 3271 latendum.
725 3211 880 3282 quod
912 3212 1042 3283 ejus
1075 3212 1418 3267 sanctissimi
1441 3211 1552 3265 viri
1578 3210 1849 3282 precibus
1880 3195 1923 3261 C
1957 3209 2157 3264 multas
2180 3208 2255 3264 ab
2292 3210 2524 3265 Henrico
2569 3195 2899 3282 imperatore
2944 3214 3014 3268 IV
3056 3223 3302 3285 acceptas
3345 3195 3608 3288 injurias,

196 3298 434 3356 sublato
464 3298 738 3371 pestifero
769 3298 1110 3372 schismate,
1156 3298 1372 3355 ulceris
1414 3299 1715 3355 inveterati
1766 3299 1855 3354 fo-

197 3392 489 3457 mentum,
521 3391 581 3443 et
607 3387 718 3444 sub
748 3388 988 3443 obtentu
1011 3389 1187 3445 unius
1206 3387 1597 3444 valentissimi
1630 3386 1854 3443 domini

192 3492 395 3533 veram
424 3474 590 3548 pacis
620 3480 677 3531 et
719 3475 1230 3549 redintegrationis
1286 3476 1562 3532 unionem
1611 3475 1857 3532 ecclesia

193 3564 504 3637 acceperit.
538 3585 569 3615 υ
602 3564 821 3620 Catera
863 3565 993 3635 ejus
1021 3564 1231 3638 elogia,
1280 3581 1407 3637 qua
1427 3564 1649 3638 passim
1699 3564 1853 3637 apud

193 3658 468 3709 auctores
490 3657 825 3723 occurrunt,
860 3669 1157 3709 recensere
1188 3652 1268 3709 nil
1305 3655 1493 3724 juvat,
1543 3670 1678 3709 cum
1732 3653 1854 3708 hac

194 3759 325 3815 qua
356 3740 720 3815 protulimus
749 3742 819 3797 ad
854 3742 1227 3799 asserendam
1260 3744 1388 3815 ejus
1419 3742 1748 3799 sanctitatis
1770 3741 1852 3797 fa-

194 3847 357 3886 mam
393 3831 633 3886 abunde
665 3830 982 3886 sufficiant.

264 3919 561 3975 Eumdem
590 3935 725 3974 vero
775 3923 906 3991 post
946 3919 1172 3975 obitum
1223 3917 1504 3975 claruisse
1553 3917 1854 3974 miraculis

193 4009 367 4066 testis
397 4011 490 4063 est
519 4007 834 4064 Guibertus
870 4007 1173 4082 Novigenti
1223 4008 1427 4074 abbas,
1476 4008 1563 4063 vir
1611 4007 1855 4064 minime

190 4096 500 4164 credulus,
532 4102 591 4152 et
620 4114 655 4152 a
710 4095 994 4170 religione
1019 4095 1292 4153 muliebri
1323 4096 1581 4152 multum
1604 4095 1850 4153 alienus.

187 4186 281 4242 Sic
310 4190 517 4241 autem
550 4184 618 4240 de
650 4200 717 4240 eo
748 4184 952 4240 scribit
982 4184 1147 4240 initio
1173 4183 1307 4240 libri
1334 4202 1375 4240 ιι
1402 4185 1669 4241 Historia
1699 4184 1845 4241 Jero

186 4272 584 4347 solymitana.
618 4295 645 4321 ‹‹
679 4274 1006 4329 Attestatur
1050 4272 1231 4329 statui
1282 4273 1496 4330 mentis
1546 4272 1680 4328 ﬁnis
1726 4274 1856 4346 ejus

185 4363 516 4436 splendens
543 4360 864 4417 miraculis.
897 4361 1180 4418 Defuncto
1216 4362 1373 4418 enim
1394 4378 1462 4417 ac
1507 4362 1735 4433 sepulto
1765 4378 1853 4429 eo,

184 4452 347 4509 sicut
361 4450 686 4506 succedens
707 4450 756 4506 ei
781 4450 1069 4506 Ostiensis
1091 4450 1422 4523 episcopus,
1444 4467 1579 4506 cum
1594 4450 1853 4523 plurima

1959 3300 2077 3368 post
2104 3298 2369 3353 exsilium
2396 3300 2447 3353 et
2490 3313 2680 3369 graves
2725 3314 3028 3365 arumnas,
3073 3302 3295 3373 aliaque
3341 3304 3399 3359 id
3439 3321 3612 3374 genus

1963 3385 2181 3441 tandem
2237 3387 2522 3441 sanctitate
2567 3386 2749 3441 clarus
2810 3389 3081 3458 confessor
3126 3390 3396 3446 occubuit.
3449 3392 3607 3449 Idem

1959 3476 2242 3530 sanctitate
2270 3472 2412 3528 clari
2439 3472 2694 3546 elogium
2726 3474 2776 3529 ei
2810 3475 3092 3531 tribuitur
3117 3477 3177 3533 in
3200 3477 3476 3553 Dorganii
3497 3481 3607 3537 Ka-

1961 3561 2243 3628 lendario,
2268 3561 2849 3634 ubipratereaOfﬁcii
2878 3564 3058 3619 beata
3075 3565 3268 3622 Maria
3289 3566 3609 3638 institutor,

1962 3654 2019 3706 et
2053 3649 2261 3723 pulsus
2278 3666 2575 3722 campana
2589 3666 2761 3707 mane
2771 3656 2829 3708 et
2851 3669 3089 3727 vespere
3101 3655 3170 3711 ad
3189 3655 3612 3715 Salutationem

1962 3737 2284 3812 angelicam
2317 3741 2566 3795 inventor
2593 3739 2772 3797 fuisse
2794 3741 3026 3797 dicitur.
3053 3744 3412 3803 Memoratur
3431 3747 3608 3804 etiam

1961 3845 2093 3883 cum
2129 3828 2272 3884 beati
2302 3828 2471 3884 titulo
2503 3829 2656 3900 apud
2686 3828 3023 3902 Philippum
3059 3832 3391 3891 Ferrarium
3422 3836 3479 3892 in
3514 3853 3609 3893 ca-

1961 3916 2154 3989 talogo
2176 3921 2536 3982 sanctorum,
2551 3917 2651 3988 qui
2670 3933 2781 3971 non
2803 3916 3098 3974 habentur
3117 3920 3177 3975 in
3201 3921 3612 3996 Martyrologio
3649 3963 3654 3970 -

1964 4005 2245 4059 Romano.
2280 4003 2454 4059 Plura
2482 4004 2700 4060 habent
2731 4005 3042 4063 Bucelinus
3080 4007 3139 4061 in
3162 4008 3485 4083 Menologio
3511 4012 3616 4068 Be-

1963 4092 2278 4156 nedictino,
2329 4094 2659 4165 Saussayus
2706 4093 2765 4148 in
2817 4094 3227 4170 Martyrologio
3290 4096 3610 4169 Gallicana,

1959 4180 2251 4237 Arnoldus
2281 4180 2455 4236 Wion
2487 4180 2544 4236 in
2578 4181 2756 4254 Ligno
2786 4181 2938 4237 vita.
2964 4184 3067 4240 His
3086 4185 3339 4241 addendi
3358 4186 3607 4244 Vincen-

1960 4269 2079 4325 tius
2110 4267 2553 4335 Bellovacensis,
2585 4275 2823 4328 sanctus
2850 4273 3201 4342 Antoninus,
3225 4274 3608 4348 Trithemius,

1962 4357 2209 4423 Platina,
2242 4356 2486 4413 Michael
2518 4358 2919 4433 Buchingerus
2962 4362 3398 4433 Colmariensis,
3451 4364 3609 4422 Onu-

1963 4445 2476 4513 frius-Panvinius,
2507 4447 2813 4504 Ciaconius
2841 4454 2900 4505 ct
2930 4449 3050 4519 alii,
3083 4450 3183 4522 qui
3216 4451 3287 4508 de
3304 4452 3447 4510 viris
3468 4471 3610 4510 san-

184 4541 362 4614 sigua
381 4540 511 4611 jam
545 4538 771 4607 ﬁerent,
805 4538 991 4595 astitit
1019 4538 1264 4612 quidam
1288 4538 1554 4610 sepulcro
1574 4538 1854 4611 illiusju-
1882 4556 1930 4622 Β
1962 4536 2072 4591 ctis
2096 4534 2278 4590 autde
2290 4535 2667 4606 pontificibus
2682 4536 2962 4594 Romanis
2979 4538 3201 4611 aliquid
3221 4541 3610 4615 scripserunt,

183 4629 376 4696 venis,
409 4631 472 4684 et
490 4627 891 4683 membrorum
914 4628 1197 4683 damnum
1222 4626 1330 4683 sibi
1373 4627 1731 4700 imprecatus
1763 4632 1853 4684 est

185 4719 235 4774 si
268 4734 377 4790 per
402 4715 625 4773 Urbani
675 4716 903 4785 merita,
955 4716 1055 4789 qui
1107 4715 1228 4771 Odo
1281 4716 1569 4772 diceretur
1614 4715 1851 4788 signum

186 4822 464 4878 unquam
493 4805 712 4860 factum
742 4805 940 4872 fuerit,
969 4821 1036 4861 ac
1068 4806 1250 4860 ﬁeret.
1284 4804 1543 4860 Necdum
1576 4803 1781 4876 pedem
1821 4819 1853 4860 e

187 4891 321 4949 loco
349 4891 671 4961 extulerat,
685 4909 816 4949 cum
844 4892 1034 4949 officio
1066 4890 1353 4948 sermonis
1394 4892 1631 4957 amisso,
1665 4894 1724 4946 et
1770 4890 1853 4946 al-

190 4987 317 5039 tero
348 4981 602 5038 laterum
635 4981 890 5053 paralysi
914 4981 1334 5038 intercurrente
1354 4981 1856 5052 correpto,postri-

191 5071 287 5127 die
308 5068 529 5127 Urbani
550 5069 836 5125 virtutum
860 5068 1197 5125 testimonia
1220 5073 1495 5125 mortuus
1515 5067 1642 5139 ipse
1663 5068 1853 5140 perhi-

188 5159 341 5215 buit.
368 5182 396 5207 »ι
422 5158 582 5215 Idem
606 5156 958 5214 miraculum
974 5156 1395 5214 auctorveteris
1414 5155 1683 5213 Chronici
1696 5156 1852 5229 apud

189 5248 514 5305 Chesnium
544 5245 606 5301 in
637 5245 1080 5320 probationibus
1106 5245 1373 5303 Historia
1394 5246 1607 5302 domus
1629 5244 1850 5301 Castel-

190 5335 480 5392 lionensis
508 5351 637 5408 cap.
670 5336 705 5391 8
734 5338 952 5391 narrat.
1004 5334 1148 5391 Hinc
1196 5335 1337 5392 non‘
1361 5334 1578 5391 mirum
1624 5333 1674 5391 si
1723 5335 1852 5405 ejus

189 5422 531 5499 sepulcrum
558 5440 593 5479 a
623 5422 896 5480 ﬁdelibus
926 5424 1357 5497 frequentatum
1379 5422 1518 5480 olim
1540 5423 1724 5479 fuisse
1758 5423 1851 5479 di-

191 5517 378 5571 catur.
410 5512 584 5570 Certe
613 5528 748 5571 eum
778 5516 985 5572 sanctae
1013 5516 1115 5572 aut
1142 5513 1315 5571 beatae
1351 5513 1638 5571 memoriae
1668 5514 1853 5571 virum

191 5608 251 5665 et
274 5603 598 5685 pontiﬁcem
627 5619 745 5663 non
776 5601 971 5667 solum
1000 5607 1221 5667 veteres
1244 5618 1311 5665 ac
1332 5600 1684 5667 recentiores
1706 5602 1850 5665 scri-

1960 4625 2061 4681 sed
2093 4640 2239 4696 quos
2270 4623 2615 4697 singillatim
2660 4642 2960 4683 recensere
3007 4644 3110 4684 nec
3137 4634 3325 4697 vacat,
3370 4648 3476 4688 nec
3522 4636 3615 4689 est

1960 4729 2147 4785 opera
2180 4712 2453 4784 pretium.
2489 4711 2611 4769 Uno
2660 4715 2855 4782 verbo,
2903 4716 3101 4775 nullus
3145 4718 3329 4776 ferme
3357 4721 3612 4777 occurrit

1962 4804 2164 4857 auctor
2219 4800 2659 4868 Chronicorum,
2719 4808 2821 4859 aut
2865 4804 3135 4863 Historia
3180 4807 3606 4878 ecclesiastica,

1960 4893 2128 4945 vetus
2158 4893 2260 4946 aut
2288 4906 2510 4960 recens,
2543 4890 2642 4962 qui
2675 4891 2812 4947 data
2840 4910 3036 4966 opera,
3069 4900 3170 4952 aut
3199 4900 3353 4955 certe
3382 4913 3486 4968 pro
3517 4913 3610 4953 oc-

1962 4979 2211 5044 casione,
2230 4984 2498 5034 nostrum
2516 4978 2814 5037 Urbanum
2832 4981 3108 5039 laudibus
3127 4988 3469 5055 prosecutus
3492 5001 3608 5042 non

1962 5067 2155 5122 fuerit.
2188 5067 2297 5122 Eos
2319 5066 2526 5123 saltem
2549 5068 2898 5142 pracipuos,
2923 5070 3292 5127 laudavimus
3314 5072 3440 5128 suis
3462 5071 3607 5130 locis

1961 5172 2094 5212 cum
2126 5172 2251 5212 sese
2279 5159 2606 5229 Opportuna
2629 5157 2841 5214 obtulit
2869 5159 2925 5215 id
2958 5158 3207 5215 faciendi
3249 5161 3497 5217 occasio.

2033 5246 2245 5301 Locum
2275 5245 2452 5300 etiam
2478 5245 2633 5303 inter
2661 5247 2979 5320 scriptores
3008 5248 3435 5307 ecclesiasticos
3477 5266 3607 5307 me-

1962 5334 2078 5390 ruit
2102 5333 2391 5402 Urbanus,
2421 5335 2512 5390 cui
2546 5352 2663 5391 non
2695 5335 2885 5393 solum
2916 5336 3106 5394 varias
3148 5338 3452 5412 epistolas,
3503 5341 3605 5397 sed

1961 5422 2077 5479 alia
2105 5438 2336 5494 quoque
2355 5423 2640 5496 opuscula
2659 5424 2924 5481 nonnulli
2950 5426 3303 5497 tribuerunt,
3327 5433 3393 5486 ut
3411 5430 3608 5487 videre

1960 5516 2048 5569 est
2076 5512 2230 5586 apud
2264 5511 2569 5579 Platinam,
2617 5512 2890 5570 Wionem
2938 5519 2997 5572 et
3039 5515 3263 5576 similes
3312 5523 3603 5578 auctores.

1958 5600 2198 5663 Carolus
2228 5618 2263 5661 a
2291 5606 2491 5665 sancto
2536 5600 2750 5665 Jaooho
2793 5602 2855 5663 in
2905 5604 3259 5671 bibliotheca
3305 5607 3607 5691 pontiﬁcis
