4000 6176
371 285 491 347 2ῐὶ3
1679 280 1748 342 Β.
1797 281 1951 344 URB

2228 280 2481 343 ΡΑΡᾹΞ.
3660 282 3803 344 264

371 417 722 475 refertillum
742 418 1050 491 scripsisse
1071 421 1274 475 contra
1294 413 1701 472 haereticorum
1724 415 2018 488 dogmata,
2049 417 2106 485 Α
2135 416 2245 471 sub
2270 415 2486 470 Urbani
2512 414 2855 487 pontiﬁcatu
2874 413 3233 485 claruerunt,
3260 420 3362 473 aut
3375 417 3447 475 de
3464 415 3804 477 cardinali-

371 514 428 564 et
466 508 538 564 de
585 508 821 579 injuriis
869 507 976 565 sibi
1028 508 1101 564 ah
1150 506 1393 563 Henrico
1442 505 1794 577 imperatore
1840 503 2018 559 illatis
2130 504 2241 560 bus
2273 520 2422 577 quos
2451 504 2523 560 ad
2557 504 3068 578 hancdignitatem
3087 505 3394 579 promovit.
3419 508 3525 565 Ast
3542 523 3679 564 cum
3719 506 3805 561 de

370 614 505 653 cum
568 596 827 670 Gregorii
883 596 981 652 VII
1038 595 1325 669 legatione
1382 595 1750 667 fungeretur,
1810 598 2019 664 praeter
2127 592 2357 669 primis,
2389 609 2524 648 cum
2553 609 2683 649 sese
2712 593 2924 650 obtulit
2952 596 3202 663 occasio,
3224 596 3535 667 siquando
3556 594 3800 668 aliquid

368 686 659 742 orationes
690 685 1004 742 nonnullas
1024 690 1081 740 et
1101 685 1291 739 varias
1316 682 1614 756 epistolas.
1640 683 1782 755 Ejus
1803 683 2015 738 oratio-
2127 682 2199 737 ad
2232 680 2493 739 Ecclesia
2526 682 2836 739 utilitatem
2865 683 3262 750 contulerunt,
3305 685 3431 741 suis
3475 683 3618 741 locis
3664 684 3804 757 egi-

367 790 472 830 nes
513 791 661 847 quas
709 775 770 830 in
818 773 1060 830 concilio
1109 772 1557 829 Claromontano
1606 770 2017 844 pronuntiasse
2126 787 2282 837 mus,
2334 775 2391 826 et
2426 769 2755 827 cardinales
2801 773 3280 839 memoravimus,
3332 790 3481 845 quos
3528 789 3601 831 ex
3646 789 3802 845 pro-

366 864 583 920 dicitur
602 880 737 919 cum
760 862 962 936 paucis
979 861 1463 930 aliis,babemus;
1492 877 1713 917 necnon
1736 858 2017 933 epistolas
2125 857 2423 915 habilibus
2478 859 2686 917 saltem
2738 862 3112 935 argumentis
3159 862 3231 918 ab
3281 861 3513 918 Urbano
3553 865 3803 919 creatos

365 952 510 1008 satis
540 968 754 1025 magno
781 967 1046 1018 nurnero;
1081 955 1140 1006 at
1160 954 1367 1006 caetera
1386 947 1671 1021 opuscula
1693 948 2011 1004 nescimus.
2123 947 2310 1004 fuisse
2339 947 2853 1021 deprehendimus,
2878 967 2991 1005 non
3012 966 3163 1022 opus
3184 955 3273 1006 est
3292 950 3388 1007 hic
3408 951 3481 1006 de
3514 950 3804 1022 utrisque

366 1040 496 1095 Haec
526 1040 672 1096 forte
700 1057 769 1096 ex
801 1038 1029 1097 Platina
1056 1038 1153 1094 ille
1179 1042 1382 1094 auctor
1411 1038 1708 1104 hauserat,
1743 1036 1843 1108 qui
1895 1037 2010 1091 ait:
2125 1036 2314 1093 fusius
2335 1037 2565 1111 agendi.
2591 1038 2928 1096 Cardinales
2953 1039 3797 1112 omninotrigintaetseptem,

367 1130 644 1187 Urbanum
670 1130 1081 1184 sanctissimum
1123 1129 1442 1199 pontiﬁcem
1486 1143 1598 1183 non
1638 1142 1796 1198 opere
1838 1126 2015 1181 solum
2122 1129 2333 1197 praeter
2378 1126 2630 1199 ignotos,
2673 1126 2745 1183 ab
2808 1126 3041 1184 Urbano
3106 1132 3408 1200 promotos
3472 1132 3797 1185 recensent

362 1227 413 1275 et
438 1219 706 1290 exemplo,
738 1234 926 1273 verum
960 1219 1126 1272 etiam
1155 1218 1394 1287 scriptis,
1424 1220 1613 1271 contra
1634 1215 2013 1271 haereticorum
2121 1213 2446 1282 Ciaconius,
2481 1214 2845 1287 Onupbrius,
2876 1219 2933 1271 et
2957 1232 3025 1272 ex
3068 1216 3143 1272 iis
3193 1215 3312 1272 alii.
3361 1217 3471 1273 Sed
3521 1232 3791 1289 quorum

362 1306 615 1379 dogmata
641 1306 933 1363 Ecclesium
954 1307 1317 1377 conﬁrmasse.
1348 1303 1578 1361 Similia
1597 1305 1778 1360 ferme
1795 1303 2015 1359 habent
2121 1300 2534 1375 plerarumque
2564 1304 2805 1359 nomina
2835 1305 2993 1361 nuda
3028 1306 3378 1361 referuntur.
3429 1306 3512 1360 Ex
3558 1304 3632 1363 iis
3684 1321 3796 1362 se-

362 1396 768 1469 Bergomensis
802 1394 947 1450 libro
986 1412 1064 1450 xu
1111 1398 1169 1451 et
1215 1392 1574 1449 Trithemius
1618 1393 1677 1448 in
1726 1390 2011 1447 Chronico
2121 1394 2280 1462 ptem
2313 1390 2594 1464 episcOpi,
2625 1408 2882 1464 quorum
2906 1393 3169 1466 quinque
3188 1392 3486 1450 Paschalis
3507 1392 3795 1450 electioni

361 1482 763 1556 Hirsaugiensi
795 1483 862 1537 ad
908 1498 1129 1537 annum
1179 1482 1323 1537 l087
1372 1480 1471 1536 ubi
1523 1481 1595 1535 de
1648 1479 1879 1536 Urbano
1930 1478 2012 1534 ita
2120 1479 2547 1536 interfuerunt:
2584 1480 2706 1537 Odo
2741 1480 2963 1537 scilicet
2993 1482 3301 1551 Ostiensis,
3332 1482 3551 1539 Urbani
3603 1483 3663 1537 in
3712 1498 3794 1539 ea

362 1571 580 1628 scribit:
620 1574 711 1628 Vir
735 1573 847 1643 fuit
874 1570 1124 1627 doctrina
1152 1574 1203 1626 et
1229 1570 1515 1625 sanctitate
1537 1569 1868 1641 praecipuus,
1915 1570 2013 1638 qui
2120 1568 2257 1625 sede
2277 1585 2598 1638 successor,
2632 1569 2734 1642 qui
2767 1570 3104 1628 Paschalem
3138 1571 3515 1639 consecravit,
3548 1569 3795 1629 θυωθ-

359 1662 521 1717 verbo
577 1663 631 1715 et
685 1675 842 1731 opere
894 1660 1063 1714 simul
1119 1676 1183 1715 ac
1231 1659 1454 1729 scriptis
1521 1666 1711 1714 contra
1775 1656 2011 1712 insultas
2119 1656 2243 1721 rius
2273 1656 2645 1726 Albanensis,
2675 1658 2827 1714 beati
2857 1658 3011 1715 Petri
3037 1659 3210 1733 Igniti
3257 1676 3581 1727 successor,
3635 1659 3793 1717 Milo

361 1749 745 1807 haereticorum
770 1746 986 1821 fortiter
1012 1747 1313 1819 defensavit
1363 1746 1679 1814 Ecclesium,
1730 1746 2010 1817 multaque
2037 1786 2085 1851 Β
2118 1763 2188 1802 ex
2234 1745 2567 1846 Albiniano.
2616 1748 2903 1804 monacho
2970 1748 3280 1821 episcopus
3356 1749 3788 1826 Prinnestinus,

358 1839 577 1910 scripsit
602 1843 762 1909 atque
786 1838 975 1892 statuit
1001 1836 1073 1891 ad
1119 1838 1416 1893 utilitatem
1458 1851 1824 1901 communem,
1880 1850 2007 1905 qua:
2038 1834 2085 1851 ³¹
2116 1834 2435 1891 Mauricius
2468 1834 2568 1908 qui
2598 1836 2813 1892 Joanni
2843 1837 3147 1892 Portuensi
3194 1838 3255 1893 in
3281 1836 3469 1894 Gallia
3497 1838 3789 1897 defuncto

361 1926 758 1983 saneaUrbano
787 1926 1005 1998 optime
1051 1924 1419 1993 conveniunt,
1467 1929 1525 1979 et
1573 1923 1624 1978 si
1672 1921 1843 1995 plura
1890 1937 2006 1976 non
2116 1922 2418 1990 successit,
2455 1927 2512 1979 et
2533 1923 2901 1980 Crescentius
2921 1925 3283 1993 Sabinensis,
3308 1926 3479 1997 cujus
3500 1927 3792 1983 decessor

334 2014 674 2088 .scripserit,
704 2031 1032 2086 quamquae
1063 2013 1232 2069 nobis
1259 2016 1595 2085 supersunt.
1619 2012 1835 2066 Verum
1858 2014 1924 2065 ut
1944 2012 2010 2065 ut
2114 2010 2375 2069 Ubaldus
2421 2012 2596 2068 etiam
2647 2013 2719 2069 ab
2770 2012 3002 2070 Urbano
3052 2018 3355 2086 promotus
3406 2014 3594 2071 fuerat
3641 2018 3797 2087 post

358 2105 438 2161 sit
464 2104 535 2160 de
566 2104 694 2175 ejus
726 2104 979 2175 scriptis,
1013 2107 1168 2158 certo
1199 2104 1426 2158 constat
1456 2118 1591 2157 eum
1614 2100 1795 2156 fuisse
1813 2099 2004 2154 virum
2111 2099 2371 2173 Gregorii
2402 2104 2670 2157 mortem.
2705 2102 3003 2174 Septimus
3033 2119 3101 2159 ex
3146 2102 3263 2159 illis
3311 2102 3602 2176 episcopis
3651 2104 3791 2159 fuit

356 2193 593 2248 doctum
624 2195 681 2246 et
709 2190 1024 2246 eruditum.
1058 2189 1341 2246 Rhetorem
1370 2188 1635 2244 absolute
1664 2204 1799 2243 eum
1836 2188 2004 2243 Dom-
2112 2188 2368 2245 Joannes
2400 2188 2639 2245 Tusculi
2671 2188 3003 2263 episcopus,
3038 2191 3110 2247 de
3141 2207 3256 2263 quo
3289 2191 3480 2247 multa
3508 2190 3781 2248 diximus

357 2281 485 2337 nizo
515 2280 736 2353 passim
769 2277 1041 2350 appellat.
1076 2279 1563 2334 Litteratissimum
1611 2280 1663 2332 et
1706 2275 2007 2347 facundum
2114 2292 2313 2350 supra.
2346 2277 2671 2350 Presbyteri
2703 2280 2770 2334 16
2800 2278 2961 2335 fuere
2991 2279 3295 2336 Oderisius
3340 2279 3536 2336 Casini
3592 2279 3789 2336 abbas

355 2368 677 2425 Pandulfus
712 2367 771 2422 in
831 2366 1043 2422 Gelasii
1100 2366 1150 2422 ll
1199 2366 1369 2431 Vita;
1429 2370 1487 2423 et
1542 2365 1831 2430 doctorem,
1890 2380 2005 2436 quo
2114 2382 2182 2421 ex
2213 2365 2455 2422 diacono
2485 2367 2788 2438 presbyter
2817 2368 2890 2423 ab
2920 2367 3154 2424 Urbano
3185 2368 3513 2436 ordinatus,
3556 2368 3791 2425 Robor-

355 2457 639 2514 moriente
667 2457 867 2512 diserta
897 2457 1088 2526 lingua
1119 2457 1267 2511 orbis
1296 2456 1410 2510 ruit
1442 2453 1775 2510 Baldericus
1797 2454 1855 2508 in
1877 2453 2006 2523 ejus
2114 2457 2211 2510 tus
2253 2454 2411 2509 tituli
2459 2454 2658 2511 Sancti
2716 2455 3050 2521 Clementis,
3109 2455 3380 2512 Albertus
3429 2460 3632 2529 postea
3686 2473 3789 2512 ar-

355 2544 652 2619 epitaphio
680 2545 740 2599 in
769 2544 1101 2617 Appendice
1131 2543 1335 2600 relato.
1371 2543 1528 2599 Idem
1572 2541 1897 2597 Pandull‘us
1945 2539 2006 2595 in
2116 2542 2523 2616 chiepiscopus
2573 2544 2949 2615 Sipontinus;
3000 2545 3322 2618 Raynerius
3382 2546 3484 2618 qui
3543 2545 3788 2603 Urbano

358 2633 545 2705 ipsius
573 2633 724 2698 Vita,
757 2648 936 2703 quam
960 2632 1136 2688 etiam
1160 2632 1239 2688 ibi
1263 2632 1543 2701 invenies,
1566 2647 1701 2686 eum
1725 2629 1806 2686 ait
1824 2631 2008 2685 virum
2115 2633 2226 2687 sub
2261 2632 2555 2688 Paschalis
2585 2633 2821 2690 nomine
2863 2635 3164 2700 successit,
3206 2633 3369 2690 tituli
3417 2634 3613 2691 Sancti
3651 2633 3791 2691 Cle-

356 2721 539 2779 fuisse
579 2728 883 2788 strenuum,
929 2720 1135 2775 divinis
1185 2720 1481 2790 Scripturis
1527 2719 1800 2774 eruditum
1847 2726 2007 2788 atque
2116 2720 2352 2777 mentis:
2388 2720 2713 2793 Rangerius
2744 2738 2813 2777 ex
2844 2721 3129 2778 monacho
3160 2721 3406 2793 Majoris
3441 2723 3787 2789 Monasterii

354 2810 734 2867 ecclesiasticis
791 2809 1183 2865 traditionibus
1238 2809 1527 2876 imbutum,
1590 2812 1643 2865 et
1699 2811 1759 2879 in
1814 2826 2006 2864 eorum
2115 2808 2590 2882 archiepiscopus
2613 2810 2960 2884 Rhegiensis
2981 2811 3052 2866 ab
3080 2811 3287 2867 eodem
3319 2811 3594 2884 pontiﬁce
3626 2813 3793 2868 ordi-

356 2900 731 2955 observatione
748 2898 1250 2953 constantissimum
1270 2901 1751 2969 perseveratorem.
1802 2897 2002 2953 Inﬁni-
2113 2902 2324 2965 natus;
2369 2898 2674 2954 Albericus
2718 2898 2873 2954 tituli
2926 2898 3196 2955 Eudoxiae
3256 2900 3454 2956 Sancti
3502 2900 3653 2956 Petri
3702 2900 3798 2963 ad,

356 2991 453 3044 tus
483 2986 619 3053 sim,
648 2986 699 3042 si
727 3003 795 3041 ea
825 2986 1024 3041 omnia
1053 3002 1180 3058 qum
1215 2984 1435 3057 passim
1463 2986 1617 3057 aqnd
1644 2990 1910 3041 auctores
1932 2984 2003 3041 de
2111 2985 2382 3055 Vincula,
2430 2987 2795 3059 proindeque
2843 2988 3162 3043 Deusdedit
3214 2987 3426 3044 celebri
3484 3004 3783 3044 canonum

356 3076 485 3147 ejus
515 3076 781 3131 doctrina
811 3079 867 3131 et
897 3073 1227 3147 eloquentia
1246 3073 1538 3130 habentur
1562 3075 2001 3147 huccongerere
2113 3074 2408 3131 collectori
2475 3075 2786 3144 suffectus;
2862 3074 3068 3133 Petrus
3137 3075 3293 3132 tituli
3364 3076 3604 3148 Equitii,
3665 3092 3779 3133 seu

355 3164 552 3236 velim,
599 3181 745 3236 quas
794 3163 1171 3237 potissimum
1220 3163 1280 3218 in
1329 3178 1396 3218 eo
1444 3162 1827 3218 laudaverunt
1876 3163 2005 3233 ejus
2039 3151 2081 3216 C
2119 3164 2465 3220 Sanctorum
2493 3164 2645 3220 Petri
2674 3168 2734 3220 et
2764 3164 2998 3220 Martini
3044 3165 3105 3220 in
3155 3165 3485 3232 Montibus;
3538 3164 3778 3222 amicus

357 3253 544 3310 aetatis
573 3258 861 3319 auctores,
890 3252 992 3325 qui
1022 3253 1095 3308 de
1124 3252 1308 3308 sacris
1350 3251 1817 3325 expeditionibus
1864 3252 2005 3307 scri-
2112 3254 2294 3309 abbas
2317 3253 2717 3311 Witurnensis
2746 3254 2900 3310 tituli
2934 3254 3156 3310 Sancta:
3180 3253 3380 3311 Crucis
3422 3254 3482 3309 in
3531 3253 3780 3311 Jerusa-

355 3359 543 3415 psere:
573 3360 754 3421 unum
792 3359 895 3415 pro
927 3341 1204 3397 omnibus
1234 3341 1439 3397 audire
1469 3342 1725 3396 sufliciat
1763 3340 2005 3397 Guiber-
2113 3342 2264 3411 lem;
2298 3341 2517 3398 Paulus
2549 3342 2705 3398 tituli
2747 3343 2941 3399 Sancti
2984 3342 3172 3410 Xisti;
3228 3342 3563 3400 Bonifacius
3608 3342 3776 3398 tituli

356 3437 486 3488 tum
516 3431 819 3504 Novigenti
850 3431 1141 3498 abbatem,
1174 3430 1275 3501 qui
1314 3429 1386 3486 de
1434 3429 1526 3485 his
1576 3428 1657 3484 ita
1702 3428 2004 3501 loquitur:
2117 3431 2315 3486 Sancti
2360 3429 2568 3499 Marci;
2620 3431 2876 3487 Joannes
2924 3431 3078 3487 tituli
3129 3432 3353 3489 Sancta
3416 3430 3778 3501 Anastasim,

361 3542 391 3572 ‹‹
419 3520 561 3590 Ejus
590 3518 845 3575 scientiae
892 3517 1152 3587 litterali,
1194 3516 1542 3589 eloquentiae
1589 3518 2011 3589 cooperabatur
2118 3519 2404 3575 Rohertus
2432 3518 2779 3576 Parisiensis
2801 3519 3017 3589 Callus,
3049 3518 3207 3576 tituli
3256 3520 3453 3577 Sancti
3500 3518 3774 3588 Eusebii;

358 3608 610 3681 agilitas.
643 3608 767 3662 Non
799 3607 957 3661 enim
1000 3606 1051 3662 ei
1104 3606 1296 3662 minor
1342 3605 1647 3662 videbatur
1685 3606 1747 3662 in
1795 3606 2008 3662 Latinae
2118 3607 2294 3664 Risus
2326 3607 2487 3663 tituli
2519 3608 2870 3665 Sanctorum
2907 3609 3201 3665 Laurentii
3264 3613 3322 3665 et
3364 3608 3622 3677 Damasi,
3674 3608 3783 3681 qui

359 3694 766 3768 prosecutione
796 3693 1108 3750 locutionis
1139 3693 1400 3763 libertas,
1435 3711 1614 3766 quam
1646 3694 1862 3750 forensi
1882 3693 2008 3749 cui-
2118 3696 2591 3769 archiepiscopus
2622 3696 2901 3754 Barensis
2933 3696 3072 3764 fuit;
3107 3698 3441 3753 Bernardus
3461 3696 3781 3755 Ubertinus

360 3783 503 3840 libet
531 3787 722 3857 potest
758 3799 886 3839 esse
937 3782 993 3837 in
1048 3785 1312 3839 materno
1359 3799 1626 3839 sermone
1671 3782 2006 3855 pernicitas.
2119 3802 2188 3841 ex
2216 3784 2645 3840 Camaldulensi
2671 3785 2903 3852 ordine,
2936 3785 3090 3841 tituli
3144 3785 3341 3842 Sancti
3390 3785 3777 3858 Chrysogoni,

360 3872 475 3931 Nec
496 3871 903 3928 altercantium
925 3870 1242 3926 multitudo
1265 3870 1635 3939 obtendebat,
1661 3870 2013 3927 concinnan-
2117 3877 2245 3929 tum
2277 3874 2590 3947 episcopus
2624 3873 2986 3942 Parmensis;
3019 3873 3411 3931 Theodericus
3443 3875 3774 3931 Germanus

360 3962 438 4017 tis
468 3960 815 4035 ingenium;
851 3960 975 4029 sed,
1008 3959 1145 4016 licet
1174 3959 1637 4032 praedicabilium
1665 3960 2009 4034 grammati-
2117 3961 2275 4018 tituli
2335 3963 2681 4019 Sanctorum
2728 3962 2974 4019 Joannis
3023 3967 3080 4018 et
3136 3962 3322 4031 Pauli,
3396 3962 3777 4035 postmodum

362 4067 565 4107 corum
637 4050 943 4123 elegantiis
1019 4049 1386 4119 ambiretur,
1470 4054 1527 4105 et
1601 4053 1832 4106 oratum
1910 4065 2008 4104 su-
2120 4050 2324 4107 multis
2354 4051 2746 4123 legationibus
2776 4051 2836 4106 in
2867 4051 3179 4107 Germania
3209 4049 3483 4118 celebris;
3514 4048 3776 4107 Landul-

360 4140 760 4212 perexundare
789 4139 1008 4212 copias,
1041 4155 1129 4205 ac,
1158 4155 1500 4195 sermonum
1523 4154 2013 4210 quorumcunque
2120 4140 2214 4195 ius
2244 4138 2398 4195 tituli
2430 4139 2662 4195 Lucinae
2706 4139 2904 4195 Sancti
2949 4138 3266 4197 Laurentii.
3318 4139 3420 4194 His
3466 4138 3779 4203 addendus

362 4229 600 4284 facetias
630 4227 1069 4301 superequitare
1109 4227 1345 4284 litterali
1397 4226 1720 4283 luculentis
1761 4227 2011 4299 putaha-
2120 4227 2416 4286 Gofi‘ridus
2445 4227 2754 4283 Vindocini
2788 4228 2990 4295 abbas,
3023 4234 3201 4300 atque
3230 4244 3298 4284 eo
3326 4226 3565 4283 nomine
3585 4226 3775 4282 cardi~

362 4322 478 4370 tur.
515 4338 543 4365 »
574 4315 852 4386 Ejusdem
882 4315 1159 4387 epistolas
1187 4332 1343 4371 succo
1371 4317 1560 4388 plenas
1584 4315 1787 4371 laudat
1804 4320 2012 4387 Bergo-
2120 4316 2272 4373 nalis
2295 4321 2515 4373 Sanctae
2548 4315 2777 4383 Priscae,
2811 4332 2985 4387 quem
3021 4315 3144 4388 ipse
3175 4315 3445 4370 Urbanus
3471 4313 3775 4386 presbyte-

365 4403 608 4473 mensis,
642 4420 789 4475 quas
819 4405 965 4458 tanti
996 4404 1133 4461 fecit
1164 4403 1474 4469 Baronius,
1507 4408 1572 4459 ut
1609 4421 1708 4459 eas
1743 4412 1818 4461 tot
1841 4405 2015 4475 fuisse
2120 4423 2251 4462 rum
2292 4405 2602 4463 ordinavit.
2656 4404 2889 4461 Diaconi
2938 4408 3313 4461 recensentur
3362 4403 3458 4471 13;
3502 4402 3543 4457 ii
3592 4405 3772 4457 sunt:

362 4508 602 4565 gemmas
657 4496 783 4563 quot
834 4493 1012 4563 apices
1068 4509 1182 4547 non
1233 4492 1584 4581 dubitaverit
1641 4508 2008 4581 asseverare:
2041 4518 2086 4581 D
2120 4494 2470 4561 Bernardus,
2520 4493 2835 4567 Gregorius
2895 4494 3078 4550 abbas
3144 4490 3540 4581 Sublacensis,
3603 4487 3803 4581 tituli

366 4597 617 4655 quarum
668 4596 891 4653 magna:
941 4580 1124 4653 partis
1176 4581 1471 4651 jacturam
1525 4579 1653 4635 ideo
1716 4579 2006 4653 deplorat,
2041 4578 2079 4581 _
2119 4585 2343 4639 Sanctae
2376 4583 2562 4639 Lucize
2589 4583 2661 4638 ad
2706 4586 2930 4654 septem
2977 4581 3154 4649 Solia,
3206 4579 3547 4645 Damianus,
3593 4578 3772 4634 Joan-

366 4669 666 4727 referendo
724 4669 783 4725 in
834 4668 1131 4740 specimen
1174 4668 1401 4741 aliquot
1456 4669 1781 4741 fragmenta
1830 4668 2006 4737 illius,
2119 4689 2243 4741 nes,
2274 4674 2408 4739 Azo,
2442 4671 2553 4727 Leo
2615 4670 2996 4737 Marsicanus,
3020 4668 3344 4725 monachus
3413 4665 3771 4736 Casinensis,

366 4776 493 4833 quis
525 4759 598 4815 ad
631 4757 876 4814 Lucium
907 4754 1505 4830 praepositum‘sancti
1531 4757 1785 4814 Juventii
1807 4757 2011 4814 inscri-
2119 4761 2221 4833 qui
2253 4758 2471 4815 Urbani
2505 4757 2742 4815 nomine
2771 4756 3103 4830 complures
3132 4755 3412 4829 epistolas
3462 4754 3776 4827 scripsisse

367 4854 469 4922 pta
514 4852 641 4917 est;
702 4846 763 4902 in
817 4846 1033 4919 quibus
1091 4863 1287 4902 revera
1338 4846 1597 4918 pontifex
1654 4846 2008 4902 reconditam
2120 4848 2364 4916 dicitur;
2397 4848 2470 4903 de
2498 4863 2565 4902 eo
2594 4847 2826 4919 egimus
2856 4846 2885 4919 Ξ
2912 4847 3012 4914 51;
3041 4845 3287 4902 Jonatas
3326 4843 3481 4899 tituli
3528 4844 3773 4909 Sancto-

367 4955 642 5013 magnam
673 4937 1061 5004 eruditionem
1092 4935 1322 4992 exhibet
1354 4937 1411 4989 in
1443 4936 1805 5007 proferendis
1836 4952 2010 4990 sacra:
2121 4954 2250 4992 rum
2300 4936 2522 4991 Cosmus
2571 4941 2629 4992 et
2687 4935 2954 4991 Damiani
2984 4952 2998 5003 ;
3065 4934 3405 4990 Theodinus
3435 4931 3776 4988 Casincnsis

365 5029 676 5101 Scripturas
726 5031 783 5082 et
839 5030 1177 5081 sanctorum
1238 5024 1473 5080 Patrum
1533 5023 1888 5080 testimoniis
1938 5024 2011 5081 ad
2120 5025 2466 5091 monachus,
2498 5024 2653 5080 tituli
2686 5025 2909 5080 Sanctae
2941 5023 3135 5079 Mariae
3166 5022 3227 5078 in
3279 5021 3542 5097 Porticu;
3590 5020 3778 5076 Theo-

367 5117 779 5174 stabiliendam
812 5115 883 5170 de
910 5114 1102 5170 valore
1134 5113 1411 5186 baptismi
1442 5117 1501 5169 et
1524 5111 1773 5169 aliorum
1820 5128 2010 5168 sacra-
2120 5114 2332 5170 baldus
2378 5112 2535 5169 tituli
2582 5116 2806 5169 Sanctae
2850 5110 3041 5167 Mariae
3090 5110 3296 5178 Novae;
3348 5126 3545 5165 comes
3611 5106 3771 5163 tituli

368 5211 701 5261 mentorum
728 5202 994 5260 Ecclesiae
1025 5201 1320 5259 catholica:
1346 5202 1745 5259 traditionem.
1794 5200 2011 5256 Verum
2121 5204 2346 5259 Sancta:
2372 5201 2564 5258 Mariae
2589 5201 2652 5256 in
2682 5200 2963 5272 Aquirio;
3012 5198 3325 5272 Gregorius
3373 5198 3528 5253 tituli
3576 5195 3773 5252 Sancti

368 5292 491 5348 haec
521 5291 768 5364 epistola
791 5291 1029 5348 omnino
1070 5291 1296 5365 integra
1345 5308 1481 5347 cum
1525 5290 1656 5347 aliis
1704 5287 2013 5362 permultis
2121 5289 2344 5364 Angeli,
2368 5290 2471 5361 qui
2492 5293 2693 5362 postea
2715 5289 2824 5345 sub
2847 5289 3086 5345 nomine
3111 5287 3431 5344 Innocentii
3453 5284 3775 5358 llpontifex

370 5384 539 5436 antea
588 5380 801 5454 ignotis
850 5380 911 5435 in
961 5381 1167 5454 pontif.
1218 5381 1386 5453 epist.
1438 5378 1776 5437 collectione
1825 5378 2013 5452 profe-
2122 5379 2334 5447 evasit;
2364 5382 2620 5434 Joannes
2648 5375 2807 5432 tituli
2844 5377 3043 5433 Sancti
3090 5374 3354 5443 Adriani,
3405 5390 3473 5431 ac
3521 5372 3773 5446 denique

373 5473 551 5525 retur.
2120 5469 2378 5526 Joannes
2422 5465 2739 5539 Cajetanus
2777 5466 2999 5525 Sanctae
3058 5466 3253 5523 Mariae
3302 5463 3365 5521 in
3439 5460 3771 5531 Cosmedin,

442 5557 628 5619 Locus
659 5556 753 5616 hic
784 5560 938 5616 esset
966 5558 1037 5617 de
1066 5558 1207 5618 viris
1249 5558 1583 5621 illustribus
1627 5557 1860 5635 agendi,
1913 5558 2013 5635 qui
2123 5555 2339 5616 Urbani
2371 5552 2777 5629 cancellarius,
2809 5559 2868 5615 et
2911 5555 3152 5617 tandem
3200 5553 3461 5633 pontifex
3506 5551 3772 5611 Gelasiue
