3998 6158
3676 339 3803 402 284

2411 495 3796 526 Ἤ

390 493 3711 529 Wm—

389 344 510 408 283
1690 339 1762 404 Β.
1807 340 2020 406 URBA

2147 341 2202 407 II
2246 341 2497 408 PAPJE.

1724 788 2121 845 PONTIFICIS
2171 790 2449 848 ROMANI

765 934 1759 1092 EPISTOL/E
1901 936 2143 1087 ET
2276 939 2787 1094 PRIVI
2828 933 3399 1093 LEGIA

1176 1278 1216 1333 Ι.
2056 1282 2110 1348 Α
2141 1281 2239 1337 ria;
2260 1282 2539 1355 Gregorio
2569 1299 2803 1355 semper
2832 1281 3171 1339 ostendistis
3219 1281 3499 1338 ﬁdelitate
3519 1284 3578 1337 et
3612 1282 3786 1338 devo-

378 1387 674 1460 Epistotola
708 1385 918 1460 Urbani
939 1400 1101 1460 papa?
1127 1387 1181 1440 Il
1208 1384 1277 1439 ad
1304 1385 1753 1460 Salsburgensem
1785 1385 2027 1460 aliosque
2138 1370 2316 1435 tione,
2350 1376 2407 1427 et
2430 1372 2829 1428 benevolentia
2860 1371 3107 1427 ﬁrmiter
3149 1371 3455 1436 maneatis,
3490 1374 3787 1426 sanctam-

448 1462 738 1533 ερίεοοροδ-
789 1456 1098 1533 "—505.11?
1150 1472 1256 1533 ςςυα
1301 1458 1361 1533 in
1408 1458 2027 1533 διυηηιιιιηρρηιίῇοθτη
2136 1476 2251 1533 que
2301 1461 2624 1517 Romanam
2675 1460 2993 1517 Ecclesiam
3043 1465 3288 1516 matrem
3341 1464 3616 1526 vestram,
3657 1478 3785 1517 om-

448 1528 709 1587 electidne
755 1537 924 1584 certos
953 1530 1108 1599 facit,
1140 1528 1491 1600 hortaturque
1542 1538 1603 1584 ut
1662 1529 1901 1583 viriliter
1924 1546 2026 1600 pro

450 1602 687 1660 Ecclesia
718 1603 942 1657 certent.

981 1689 1168 1761 (Anno
1225 1687 1411 1757 4088.)

376 1801 543 1874 [Dom
575 1799 857 1856 MARTENE
886 1796 1062 1874 Agnpl.
1094 1796 1299 1874 collect.
1336 1794 1535 1874 1,520,
1563 1810 1634 1851 ex
1677 1812 1780 1850 ms.
1832 1794 2025 1852 Sancti

909 1866 1166 1926 Germani
1192 1883 1224 1922 a
1246 1866 1473 1937 Pralis.]

376 1994 385 2001 ’
445 1997 723 2053 Ηιιωιιωε
754 1992 1088 2067 episcopus,
1122 2008 1324 2047 servus
1356 2006 1654 2046 servorum
1706 1990 1827 2057 Dei,
1851 2008 2022 2047 vene-

374 2085 543 2143 rabili
560 2076 1004 2155 Salisburgensi
1027 2078 1485 2153 archiepiscopo,
1504 2079 1847 2152 caaterisque
1865 2097 2020 2136 reve-

373 2174 742 2232 rendissimis
793 2169 1106 2245 episcopis,
1140 2168 1490 2237 Pataviensi,
1521 2168 2018 2241 Wirceburgensi,

372 2260 811 2329 Wormatiensi,
849 2258 1227 2333 Augustensi,
1265 2257 1715 2324 Constantiensi,
1748 2263 1805 2313 et
1850 2275 2022 2315 vene-

374 2354 574 2411 randis
603 2351 934 2417 abbatibus,
964 2353 1022 2405 et
1048 2346 1494 2421 gloriosissimis
1528 2350 1845 2403 Wstaom
1869 2349 1929 2403 Β.
1964 2352 2023 2404 et

374 2445 435 2500 B.
451 2448 629 2516 atque
648 2440 927 2503 omnibus
943 2437 1266 2510 majoribus
1279 2439 1337 2493 et
1354 2435 1678 2492 minoribus
1700 2437 1851 2492 beati
1869 2437 2020 2511 Petri

372 2534 666 2601 ﬁdelibus,
693 2529 940 2586 salutem
962 2531 1019 2582 et
1048 2525 1430 2597 apostolicam
1460 2523 1946 2580 benedictionem.

2134 1550 2310 1606 nibus
2330 1551 2550 1623 quibus
2578 1550 2824 1606 valeatis
2856 1549 3093 1606 auxiliis
3118 1555 3174 1606 et
3190 1542 3450 1605 consiliis
3469 1550 3782 1622 adjuvetis.

2136 1639 2212 1695 De
2276 1657 2368 1695 me
2418 1656 2587 1712 porro
2645 1640 2722 1695 ita
2754 1638 2813 1694 in
2843 1639 3120 1695 omnibus
3150 1640 3444 1706 conﬁdite,
3477 1644 3536 1695 et
3564 1640 3785 1696 credite

2134 1727 2286 1784 sicut
2313 1729 2383 1785 de
2410 1728 2751 1785 beatissimo
2794 1728 2961 1784 Patre
3013 1731 3213 1783 nostro
3273 1745 3425 1800 papa
3478 1728 3783 1801 Gregorio,

2131 1819 2304 1888 cujus
2358 1834 2428 1874 ex
2484 1822 2604 1873 toto
2649 1817 2816 1889 sequi
2847 1816 3094 1890 vestigia
3125 1816 3389 1888 cupiens,
3422 1817 3619 1874 omnia
3648 1833 3782 1889 quae

2135 1893 2355 1978 respuit
2385 1922 2617 1978 respuo,
2650 1921 2777 1978 quae
2816 1904 3117 1961 damnavit
3146 1906 3387 1969 damno,
3417 1922 3546 1978 quae
3576 1904 3786 1961 dilexit

2131 2012 2372 2067 prorsus
2390 2011 2480 2050 am
2490 1994 2727 2068 plector,
2744 2011 2869 2066 quae
2892 2011 3023 2050 vero
3046 1997 3174 2049 rata
3196 1998 3253 2050 et
3281 1993 3571 2050 catholica
3597 1994 3784 2050 duxe-

2132 2083 2206 2139 rit
2236 2084 2518 2140 conﬁrmo
2534 2090 2592 2138 et
2613 2083 2890 2155 approbo,
2906 2088 2961 2139 et
2977 2083 3048 2138 ad
3073 2087 3435 2155 postremum
3461 2083 3522 2139 in
3554 2086 3782 2139 utram-

2131 2189 2244 2245 que
2266 2178 2489 2245 partem
2513 2170 2900 2244 qualiteripse
2930 2171 3115 2228 sensit
3144 2171 3203 2227 in
3236 2171 3514 2229 omnibus
3535 2171 3780 2228 omnino

2131 2262 2318 2318 sentio
2375 2265 2550 2333 atque
2611 2260 2931 2316 consentio.
2960 2260 3126 2315 Nunc
3157 2276 3293 2333 ergo
3335 2277 3538 2333 precor
3564 2265 3623 2317 et
3651 2277 3781 2317 am-

2130 2349 2351 2423 plector
2405 2350 2829 2405 fraternitatem
2887 2353 3164 2414 vestram,
3200 2353 3265 2404 ut
3304 2348 3493 2422 agatis
3537 2348 3785 2406 viriliter

2130 2443 2303 2510 atque
2317 2442 2673 2509 constanter,
2693 2442 2749 2494 et
2766 2437 3171 2494 confortemini
3186 2436 3245 2492 in
3266 2438 3526 2511 potentia
3545 2438 3781 2495 virtutis

2131 2528 2229 2583 Dei
2264 2527 2647 2583 ascendentes
2676 2542 2745 2583 ex
2773 2526 3015 2583 adverso
3044 2530 3101 2583 et
3126 2532 3486 2599 opponentes
3540 2544 3780 2583 murum

444 2623 627 2677 Nosse
649 2617 920 2674 volumus
954 2613 1376 2671 beatitudinem
1407 2618 1829 2685 vestramque
1870 2613 2023 2669 circa
2051 2648 2099 2714 Β
2130 2633 2235 2689 pro
2266 2616 2441 2672 domo
2465 2614 2743 2682 lsrael,ut
2764 2614 3160 2671 strenuissimi
3205 2616 3437 2671 Domini
3469 2615 3781 2689 bellatores

374 2727 480 2767 nos
508 2712 675 2781 gesta
702 2709 842 2762 sunt
888 2704 1112 2760 noviter
1143 2720 1156 2758 :
1194 2702 1665 2758 reverendissimi
1723 2701 2016 2774 siquidem

374 2799 581 2854 fratres
602 2795 785 2852 nostri
808 2792 1063 2866 episc0pi
1085 2796 1143 2847 et
1166 2788 1515 2858 cardinales,
1538 2789 1830 2847 Saviensis
1858 2792 2017 2847 vide-

371 2886 527 2943 licet.
541 2881 1021 2947 Tusculancnsis,
1040 2878 1414 2943 Albanensis,
1427 2878 1732 2951 Signensis
1745 2884 2020 2952 praeterea

371 2981 430 3033 et
459 2958 793 3033 Portuensis
815 2969 1189 3042 legationem,
1220 2972 1277 3023 et
1304 2983 1679 3034 consensum,
1710 2973 1765 3024 et
1796 2969 2019 3040 petitio-

372 3082 506 3122 nem
538 3064 729 3120 t'erens
750 3058 1016 3117 omnium
1045 3056 1306 3114 ﬁdelium
1330 3055 1613 3112 laicorum
1641 3061 1853 3113 nostrae
1868 3059 2017 3128 parti

372 3154 692 3211 faventium
713 3149 1055 3207 clericorum
1079 3147 1274 3202 Romae
1296 3143 1663 3216 eligentium,
1697 3150 1755 3201 et
1785 3144 2015 3219 religio-

371 3242 643 3301 sissimus
668 3239 851 3296 abbas
878 3235 1209 3292 Casinensis
1244 3233 1513 3290 omnium
1541 3233 2018 3305 diaconorum,et

372 3335 437 3390 R.
471 3327 785 3389 cardinalis
815 3325 970 3383 tituli
1000 3326 1058 3381 S.
1092 3323 1405 3380 Clementis
1457 3325 1723 3379 omnium
1748 3324 2013 3380 cardina-

369 3422 539 3486 lium,
573 3436 678 3475 nec
740 3434 855 3473 non
886 3419 943 3472 et
974 3414 1035 3469 B.
1070 3413 1379 3485 praal‘ectus
1430 3410 1696 3467 omnium
1754 3411 2016 3468 ﬁdelium

370 3510 677 3575 laicorum,
696 3522 816 3562 una
836 3521 970 3560 cum
989 3504 1057 3558 21
1091 3500 1381 3573 episcopis
1411 3504 1471 3555 et
1499 3504 1755 3571 quatuor
1784 3502 2016 3558 abbati-

372 3600 484 3655 bus
501 3596 654 3668 apud
671 3592 1042 3650 Terracinam
1067 3587 1462 3656 coadunati,et
1487 3588 1762 3644 triduano
1785 3589 2018 3659 jejunio

373 3702 508 3743 cum
533 3682 735 3740 multis
763 3679 1035 3752 precibus
1064 3675 1455 3733 communiter
1485 3675 1797 3743 celebrato,
1825 3678 2016 3732 Domi-

373 3775 505 3832 nico
528 3771 765 3829 tandem
789 3768 953 3824 dieiv
984 3766 1121 3821 ldus
1151 3763 1341 3819 Martii
1372 3762 1517 3818 mihi
1546 3763 1811 3820 omnium
1866 3765 2017 3820 indi-

373 3862 659 3939 gnissimo
689 3862 895 3916 contra
921 3872 1095 3912 omne
1125 3858 1325 3909 votum
1356 3855 1414 3908 et
1452 3852 1832 3925 desiderium,
1865 3859 2017 3911 Deus

376 3953 508 4020 scit,
524 3956 585 4009 et‘
601 3948 923 4023 plurimum
950 3941 1221 4001 renitenti
1235 3940 1495 4013 regimen
1511 3941 1669 3998 sedis
1688 3943 2017 4015 apostolicae

375 4016 742 4107 commisere,
756 4041 815 4094 et
830 4033 1095 4092 omnium
1114 4036 1233 4087 tam
1250 4029 1626 4103 praesentium
1640 4046 1818 4103 quam
1842 4035 1900 4087 et
1919 4032 2021 4087 ab-
2050 4016 2094 4084 C

375 4131 632 4189 sentium
663 4126 1077 4202 praedictorum
1100 4119 1363 4176 ﬁdelium
1386 4135 1676 4176 consensu
1700 4136 1795 4176 mc
1814 4120 2029 4193 eligen-

370 4225 482 4289 tes,
512 4224 571 4275 et
599 4214 1003 4273 auctoritatem
1026 4216 1201 4283 atque
1222 4208 1535 4281 imperium
1567 4213 1784 4264 sanctae
1811 4225 2026 4266 memo-

375 4308 473 4364 riis
524 4306 1016 4378 praedecessorum
1072 4314 1337 4354 meorum
1367 4296 1632 4368 Gregorii
1690 4302 1747 4352 et
1775 4296 2026 4354 Victoris

374 4396 590 4453 habere
605 4410 668 4449 se
692 4407 869 4464 super
887 4388 995 4444 hoc
1018 4389 1370 4446 asserentes.
1389 4383 1560 4457 longe
1589 4383 1782 4455 impar
1801 4385 2026 4442 viribus

372 4484 527 4541 meis
547 4482 956 4554 imposuerunt
980 4493 993 4541 ;
1015 4475 1116 4532 sed
1144 4472 1447 4545 quoniam,
1472 4474 1536 4528 ut
1566 4476 1700 4527 ante
1733 4478 1912 4530 Deum
1942 4474 2024 4531 lo-

376 4588 543 4645 quar,
578 4567 742 4625 nulla
788 4562 1028 4622 honoris
1058 4559 1397 4625 ambitione,
1419 4557 1583 4615 nulla
1611 4561 1850 4617 omnino
1882 4580 2026 4634 prie-

375 4657 734 4733 sumptione,
769 4654 871 4712 sed
904 4653 1028 4711 sola
1056 4654 1142 4707 tot
1174 4652 1588 4720 tantorumque
1616 4648 2027 4722 religiosorum

374 4750 637 4813 virorum
662 4763 779 4803 non
800 4744 1025 4816 absque
1046 4736 1307 4815 periculo
1324 4737 1749 4794 contemnenda
1759 4738 2029 4798 obedien-

375 4838 477 4909 tia,
500 4836 801 4895 conﬁdens
832 4834 1077 4905 insuper
1095 4830 1167 4887 de
1191 4825 1595 4884 misericordia
1607 4827 2027 4900 omnipotentis

375 4928 757 4997 Dei,tantum
815 4939 966 4980 onus
1012 4920 1071 4975 in
1103 4915 1374 4992 praesenti
1404 4913 1465 4970 in
1518 4919 1640 4971 tam
1698 4916 2027 4987 periculoso

376 5020 640 5090 tempore
669 5013 869 5071 subire
896 5028 1028 5067 sum
1060 5011 1315 5064 coactus.
1351 5004 1649 5076 Rogamus
1678 5008 1737 5059 et
1764 5006 2029 5065 obsecra-

377 5120 512 5162 mus
541 5105 601 5160 in
628 5102 869 5161 Domino
920 5100 1082 5164 Jesu,
1115 5101 1181 5153 ut
1212 5094 1274 5149 in
1316 5108 1385 5148 ea
1446 5108 1624 5165 quam
1683 5094 1942 5165 coepistis
1970 5101 2030 5154 et

380 5207 559 5263 quam
580 5191 818 5248 domino
837 5192 895 5247 et
914 5181 1328 5261 praedecessori
1365 5184 1564 5237 nostro
1597 5180 1775 5237 beata:
1807 5200 2026 5241 memo-

452 5331 527 5402 (3)
581 5331 820 5389 Creatus
875 5336 966 5388 est
1023 5341 1333 5402 summusA
1356 5322 1615 5402 pontifex
1675 5323 1945 5402 Urbanus
1977 5327 2026 5384 ΙΙ

381 5394 591 5474 quarto
613 5402 749 5474 ldus
778 5402 989 5474 Martii,
1014 5414 1168 5474 anno
1192 5394 1490 5474 5088.:‘Die
1521 5394 1718 5460 altera,
1752 5394 1809 5450 id
1843 5402 1932 5474 est
1962 5415 2026 5474 ιιι

2058 5384 2104 5450 Ι)
2133 5384 2498 5459 denuntiavit.
2517 5397 2633 5453 Has
2655 5412 2827 5459 porro
2846 5384 3073 5454 litteras
3092 5415 3128 5453 a

2131 2705 2299 2762 stetis
2319 2704 2378 2760 in
2400 2703 2597 2778 prelio
2614 2703 2675 2759 in
2691 2704 2785 2760 die
2806 2703 3013 2777 ipsius.
3037 2704 3155 2761 Vos
3198 2720 3335 2778 ergo
3370 2704 3472 2777 qui
3500 2704 3777 2777 spiritua-

2126 2793 2261 2850 liter
2281 2794 2444 2862 estis,
2466 2810 2566 2850 eos
2582 2794 2683 2866 qui
2698 2792 2969 2849 instructi
2989 2811 3101 2850 non
3121 2798 3257 2849 sunt
3278 2794 3471 2850 verbis
3492 2800 3551 2851 et
3585 2811 3780 2850 exem-

2127 2883 2241 2956 plis
2264 2883 2554 2948 instruite,
2577 2885 2637 2937 et
2657 2881 3044 2937 exhortamini
3069 2881 3223 2938 sicut
3245 2881 3410 2938 scitis
3439 2886 3499 2938 et
3526 2882 3781 2940 necessi-

2124 2976 2217 3029 tas
2229 2971 2598 3045 exigithujus
2617 2969 2925 3043 periculosi
2947 2970 3249 3044 temporis.
3266 2972 3409 3027 Cum
3427 2973 3581 3027 enim
3615 2972 3772 3044 apud

2125 3078 2226 3117 vos
2252 3076 2436 3126 eram,
2461 3059 2607 3115 tales
2639 3076 2741 3115 vos
2785 3076 2989 3115 omnes
3031 3058 3244 3127 inveni,
3281 3064 3345 3115 ut
3391 3076 3527 3115 voce
3582 3060 3774 3132 ipsius

2126 3148 2357 3207 Domini
2391 3165 2624 3221 possem
2657 3148 2907 3204 clamare
2940 3149 3147 3205 :Amen
3174 3149 3300 3204 dico
3337 3149 3503 3212 vobis,
3536 3165 3649 3205 non
3680 3150 3770 3204 in-

2126 3238 2252 3296 veni
2272 3246 2481 3294 tantum
2504 3237 2741 3308 ﬁdemin
2767 3238 2970 3299 Israel;
2989 3237 3086 3309 qui
3130 3244 3317 3291 autem
3341 3240 3775 3309 perseveraverit

2125 3330 2187 3385 in
2206 3328 2391 3398 ﬁnem,
2416 3326 2506 3382 hic
2530 3328 2714 3382 salvus
2741 3327 2863 3382 erit.
2900 3331 3142 3399 Insuper
3171 3326 3325 3397 apud
3353 3324 3775 3398 omnipotentis

2125 3417 2224 3473 Dei
2263 3414 2723 3472 misericordiam
2755 3414 3065 3471 continuas
3094 3429 3294 3487 preces
3324 3414 3625 3480 effundite,
3657 3430 3777 3487 qua

2124 3508 2299 3561 tenus
2329 3508 2387 3560 et
2417 3501 2733 3558 Ecclesiam
2766 3518 2934 3557 suam
2952 3506 3218 3557 sanctam
3234 3500 3293 3556 in
3312 3501 3562 3573 gradum
3583 3500 3776 3572 pristi-

2126 3610 2269 3650 num
2298 3591 2752 3649 misericorditer
2773 3594 3098 3645 restaurare
3111 3590 3406 3661 dignetur.
3425 3592 3445 3643 l
3451 3606 3554 3663 pse
3574 3592 3773 3644 autem

2126 3683 2279 3738 Deus
2311 3680 2472 3752 pacis
2489 3682 2748 3734 conterat
2761 3681 3035 3732 Satanam
3058 3678 3170 3733 sub
3192 3677 3440 3749 pedibus
3455 3676 3664 3734 vestris
3678 3693 3775 3733 ve-

2125 3770 2349 3827 lociter.
2388 3765 2586 3823 Gratia
2635 3764 2867 3821 Domini
2896 3763 3081 3819 nostri
3109 3765 3246 3820 Jesu
3285 3765 3499 3822 Christi
3530 3765 3609 3821 sit
3637 3782 3776 3822 cum

2126 3858 2402 3916 omnibus
2427 3854 2613 3919 vobis,
2644 3851 3014 3909 dilectissimi
3042 3851 3102 3908 in
3134 3853 3383 3910 Christo.

2200 3947 2412 4003 Datum
2446 3942 2600 4016 apud
2631 3941 3002 3999 Terracinam
3036 3958 3100 3998 ιιι
3132 3942 3269 3998 Idus
3300 3944 3377 4016 (3)
3409 3942 3623 4000 Martii.

2915 4048 2984 4104 Il.

2131 4141 2377 4215 Epistola
2439 4139 2645 4197 Urbani
2675 4139 2727 4215 ῃ
2754 4152 2919 4215 papae
2946 4137 3016 4193 ad
3062 4139 3342 4215 Erigonen:
3365 4138 3621 4215 abbatem
3650 4138 3782 4215 Clu,-

2204 4214 2535 4268 niacensem.
2566 4240 2637 4251 —
2666 4210 3053 4280 Pontiﬁcatum
3097 4209 3205 4265 sibi
3231 4209 3472 4265 delatum
3532 4211 3779 4267 nuntiat.

2208 4286 2374 4355 Rogat
2402 4284 2460 4338 ut
2488 4281 2559 4337 ad
2586 4297 2641 4337 se
2668 4282 2875 4336 veniat.

2741 4371 2929 4442 (Anno
2956 4369 3139 4440 1088).

2434 4460 2726 4532 [ΜΑιιιιιη
2757 4458 2959 4514 Annal.
2993 4458 3192 4515 Bened.
3226 4457 3293 4523 V,
3324 4458 3477 4530 251.]

2207 4568 2485 4623 Una/mus
2516 4565 2847 4637 episcopus,
2866 4580 3068 4621 servus
3091 4581 3391 4620 servorum
3419 4564 3540 4632 Dei,
3558 4565 3785 4621 Hucom

2135 4655 2622 4713 reverendissimo
2673 4652 2868 4709 abbati
2926 4651 3315 4720 Cluniacensi,
3347 4653 3625 4725 omnique
3652 4653 3787 4725 ejus

2135 4750 2337 4804 sancto
2361 4741 2668 4800 conventui
2692 4739 2941 4797 salutem
2960 4746 3019 4797 et
3038 4740 3420 4813 apostolicam
3439 4740 3788 4798 benedictio-

2135 4850 2294 4891 nem.
3216 4862 3249 4889 ι

2207 4920 2492 4989 Quoniam
2516 4919 2886 4977 sanctitatem
2914 4923 3173 4975 vestram
3193 4918 3339 4974 satis
3369 4918 3598 4975 avidam
3628 4917 3784 4975 exal-

2134 5009 2373 5069 tationis
2388 5011 2661 5066 Romanis
2680 5006 2948 5063 Ecclesia
2966 5005 3257 5074 novimus,
3276 5024 3346 5064 ea
3365 5007 3661 5081 quiscirca
3676 5023 3785 5063 nos

2135 5104 2265 5156 acta
2287 5101 2426 5155 sunt
2444 5094 2789 5168 compendio
2818 5094 2982 5151 vobis
3011 5094 3314 5153 notiﬁcare
3342 5111 3637 5163 curamus.
3671 5095 3785 5151 No-

2134 5190 2262 5243 tum
2275 5186 2474 5258 itaque
2488 5184 2735 5240 facimus
2748 5182 3047 5239 dilectioni
3061 5186 3285 5253 vestrae,
3298 5184 3454 5257 quod
3468 5182 3625 5257 apud
3638 5183 3785 5239 Ter-

2132 5331 2422 5411 θρεεεδεριίε
2447 5329 2564 5411 Βάἓὲ
2592 5324 3359 5411 νηοπιονίοιίηίὲνεθονίίραριτ.
3378 5327 3790 5411 oberretqu

3198 5397 3399 5455 aronio
3427 5397 3789 5454 desideratas

383 5466 520 5529 I'dus
541 5472 751 5541 Martii,
769 5473 963 5545 inquit
979 5466 1288 5545 Bertoldus
1309 5468 1381 5545 ad
1400 5466 1559 5521 hunc
1589 5470 2033 5545 ann_u_m,_tpissis
2142 5490 2209 5530 eo
2239 5466 2916 5545 libentiusevulgamus,
2938 5485 3053 5545 quo
3083 5469 3254 5543 plura
3280 5470 3353 5526 de
3382 5468 3674 5527 creatione
3689 5466 3793 5545 Ur:

383 5545 584 5601 litteris
655 5536 905 5615 omnibus
959 5542 1262 5608 catholicis,
1304 5542 1357 5595 et
1403 5554 1569 5615 suam
1622 5536 2032 5615 ordinationem
2140 5544 2276 5601 bani
2307 5536 2713 5615 “continent:
2744 5557 2871 5614 quas
2903 5536 3005 5598 aut
3024 5536 3302 5615 leguntur
3333 5556 3653 5614 nusquam,
3687 5543 3793 5597 aut

382 5616 634 5674 omnibus
663 5614 982 5682 declaravit,
1004 5617 1055 5669 et
1082 5630 1137 5669 se
1168 5615 1229 5669 in
1258 5610 1511 5669 omnibus
1540 5608 1872 5678 vestigiasui
1889 5628 2029 5684 pra:-

2138 5615 2312 5690 plane
2343 5613 2510 5671 aliter
2539 5613 2887 5669 referuntur.
