4000 6176
201 421 331 487 2Βῖ

1388 412 1796 481 ΕΡῙΒΤΟΙΑΕ
1835 410 1936 475 ET
1980 407 2453 474 PRIVILEGIA.

3472 366 3477 373 ’
3503 368 3623 474 eae

208 558 479 615 racinam
513 556 839 631 Campania
872 552 1165 613 civitatem
1199 557 1411 611 sancta
1441 548 1715 609 Romana
1765 550 1868 606 Ec-
1898 553 1953 617 Α
1981 546 2514 621 Gratianopolitano
2543 548 2824 623 (Hugoni),
2855 548 3052 606 Diensi
3101 550 3368 622 (Ismioni)
3417 552 3475 607 et
3527 549 3622 607 Vi-

205 647 404 705 clesia
438 645 693 721 episcopi
742 650 800 702 et
830 642 1180 714 cardinales,
1212 640 1550 700 Portuensis
1577 638 1868 708 videlicet,

209 737 587 808 Sabinensis,
618 735 1014 802 Tusculanus,
1043 732 1394 790 Albanensis
1448 735 1504 788 et
1541 728 1866 804 Signensis,

1972 636 2225 694 variensi
2254 637 2516 709 (Joanni),
2550 640 2607 694 et
2636 638 2905 697 universo
2925 636 3078 697 clero
3099 644 3157 697 et
3196 639 3412 714 populo
3448 641 3626 700 Vien-

1976 725 2178 784 nensis
2208 725 2497 794 Ecclesia,
2519 726 2770 785 salutem
2793 734 2851 786 et
2873 730 3254 804 apostolicam
3277 732 3629 792 benedictio-

209 844 353 883 cum
387 825 520 882 aliis
550 824 841 900 episcopis
871 839 1115 881 numero
1145 821 1435 880 sexdecim
1467 824 1526 877 et
1557 817 1870 876 abbatibus
1976 832 2134 873 nem.

212 918 494 989 quatuor,
525 913 773 988 aliisque
789 911 1245 986 quamplurimis
1271 909 1412 967 viris
1430 907 1717 982 religiosis
1738 923 1871 965 con-

2047 904 2334 962 Nolumus
2362 904 2541 963 latcre
2584 906 3005 965 fraternitatem
3056 914 3310 969 vestram
3340 930 3448 971 nos
3504 912 3631 971 sola

209 1003 633 1072 venientibus;
662 1019 799 1059 cum
852 1000 1188 1057 Portuensis
1245 999 1554 1072 episcopus
1604 995 1870 1053 omnium
1979 996 2169 1070 gratia
2197 995 2320 1063 Dei,
2352 995 2529 1052 nullis
2559 997 2776 1055 nostris
2801 999 3261 1071 pracedentibus
3282 1003 3526 1076 meritis,
3559 1004 3632 1061 de

213 1093 622 1149 Romanorum
651 1090 995 1147 clericorum
1044 1088 1340 1145 catholica
1375 1087 1521 1159 parti
1555 1085 1871 1141 faventium

212 1199 281 1238 se
310 1180 575 1254 legatum
606 1180 842 1247 diceret,
876 1179 1058 1234 abbas
1082 1194 1214 1234 vero
1244 1174 1579 1233 Casinensis
1600 1173 1874 1232 cardina-

210 1270 292 1326 lis
321 1269 612 1326 diaconus
670 1266 1011 1324 caterorum
1068 1264 1486 1331 diacouorum;
1520 1264 1582 1320 P.
1644 1278 1875 1336 quoque

211 1357 543 1415 cardinalis
571 1357 724 1413 tituli
757 1356 953 1412 Sancti
974 1355 1290 1411 Clementis
1326 1352 1587 1410 omnium
1610 1352 1875 1407 cardina-

214 1447 410 1516 lium;
440 1446 751 1521 prafectus
780 1450 975 1501 autem
999 1444 1170 1500 Urbis
1200 1442 1486 1499 laicorum
1518 1442 1783 1497 omnium
1815 1457 1879 1497 se

1982 1085 2246 1142 unanimi
2278 1090 2333 1141 et
2392 1085 2705 1142 universali
2763 1086 3181 1146 catholicorum
3235 1107 3524 1149 consensu
3555 1093 3631 1150 ad

1988 1177 2307 1233 Romanam
2332 1174 2650 1231 Ecclesiam
2668 1192 2733 1232 ac
2759 1176 3004 1234 Romani
3029 1179 3381 1252 pontificalis
3397 1180 3631 1241 culmen

1984 1264 2217 1321 electos.
2254 1264 2415 1320 Unde
2444 1265 2745 1336 quoniam,
2779 1270 2844 1322 ut
2860 1266 3152 1340 scriptura
3175 1272 3443 1337 testatur,
3457 1277 3622 1344 frater

1984 1356 2215 1425 fratrem
2271 1354 2555 1425 ndjuvam,
2609 1357 2803 1412 civitas
2862 1359 3079 1414 munita
3132 1361 3185 1415 et
3231 1361 3393 1431 forti:
3447 1361 3630 1431 (Prov.

1986 1459 2143 1510 xvm,
2180 1443 2289 1515 l9),
2322 1460 2598 1517 rogamus
2624 1461 2727 1500 vos
2756 1450 2814 1501 et
2869 1445 3244 1504 obsecramus
3275 1448 3335 1505 in
3390 1450 3634 1508 Domino

213 1538 377 1593 ferre
408 1539 697 1592 assereret
714 1533 1084 1609 legationem,
1109 1549 1362 1605 cumque
1386 1530 1879 1604 posttriduanum
1987 1531 2128 1587 Jesu
2160 1531 2408 1600 Lbristo,
2440 1536 2506 1588 ut
2565 1536 2685 1589 tam
2717 1550 2821 1607 pro
2868 1535 3037 1593 nobis
3067 1553 3244 1610 quam
3300 1555 3406 1612 pro
3434 1542 3638 1598 sancta

208 1625 546 1698 jejunium,
575 1622 1102 1697 supplicationibus
1159 1620 1364 1677 multis
1404 1620 1751 1692 magnisque
1806 1617 1879 1674 ad
1991 1624 2179 1676 matre
2208 1624 2401 1677 vestra
2457 1621 2719 1678 Romana
2764 1622 3021 1681 Ecclesia
3042 1624 3412 1684 incessanter
3441 1627 3635 1685 Domi-

220 1715 416 1771 Deum
466 1713 739 1787 precibus
786 1711 1163 1766 vehementer
1204 1709 1560 1776 insisterent,
1611 1724 1728 1780 quo
1773 1722 1882 1778 ego
1992 1726 2137 1765 num
2157 1710 2738 1783 exoretis,quatenus
2767 1714 2921 1785 quod
2939 1714 3067 1786 ejus
3088 1718 3232 1770 nutu
3256 1715 3641 1791 inchoarepo-
3704 1794 3713 1799 ί

223 1804 473 1878 quidem
509 1801 749 1857 omnino
805 1800 1017 1871 dignus
1049 1815 1161 1853 non
1197 1796 1305 1852 fuit
1356 1798 1590 1852 tandem
1622 1812 1715 1852 me
1770 1794 1879 1850 sibi
1992 1798 2534 1866 tuimus,universis
2565 1800 2938 1859 inimicorum
2976 1804 3297 1861 obstaculis
3322 1807 3638 1879 superatis,

222 1897 444 1966 quarto
466 1891 605 1948 Idus
625 1888 814 1946 Martii
850 1890 905 1944 in
940 1886 1272 1962 pontiﬁcem
1295 1886 1612 1986 elegerunt.
1639 1884 1881 1986 Quibus,
1920 1922 1965 1986 Β
1994 1888 2065 1986 ad
2099 1888 2570 1986 dignossibique
2604 1891 2899 1962 placentes
2929 1894 3170 1949 ell‘ectus
3202 1895 3641 1986 perducere‘va-

224 1987 415 2039 Deum
449 1984 652 2046 testor,
676 1995 791 2034 non
821 1975 1161 2034 ambitionis
1182 1992 1380 2042 causa,
1405 1992 1510 2031 nec
1531 1974 1782 2047 alicujus
1804 1973 1889 2030 di-

221 2070 476 2145 gnitatis
507 2066 797 2125 desiderio
826 2082 1138 2121 assensum
1186 2064 1403 2138 prabui
1432 2081 1446 2131 ;
1502 2064 1602 2119 sed
1635 2063 1774 2134 quia
1803 2067 1889 2118 tot

220 2158 531 2231 tantisque
566 2155 707 2213 viris
765 2155 1107 2211 inobediens
1165 2170 1293 2209 esse
1350 2153 1609 2217 verebar,
1668 2152 1889 2224 talique

222 2247 389 2322 quali
422 2251 687 2319 tempore
710 2245 758 2300 si
794 2248 1083 2317 quantum
1110 2243 1181 2299 ad
1215 2259 1306 2298 me
1335 2241 1689 2315 periclitanti
1703 2239 1892 2297 Eccle-

222 2338 326 2395 sia
344 2354 463 2393 non
486 2334 1074 2401 subvenirem,Deum
1092 2348 1185 2388 me
1207 2331 1499 2388 offendere
1521 2329 1887 2394 metuebam;

224 2425 564 2500 prasertim
594 2440 729 2480 cum
790 2423 1249 2496 pradecessores
1308 2436 1470 2475 meos
1516 2418 1671 2474 viros
1727 2418 1889 2474 omni

225 2512 609 2571 veneratione
639 2509 1223 2584 dignos,Gregorium
1255 2506 1480 2563 scilicet
1510 2511 1686 2580 atque
1706 2506 1894 2562 Victo-

230 2620 383 2670 rem,
414 2602 526 2659 hoc
555 2600 665 2677 sibi
698 2599 893 2656 divine
916 2598 1259 2672 pracepisse
1280 2600 1572 2652 asserunt.
1602 2596 1761 2667 Rogo
1782 2593 1891 2667 igi-

230 2698 356 2759 tur,
388 2688 956 2751 desiderantissime,
991 2686 1359 2758 nimiumque
1413 2689 1469 2741 te
1498 2684 1776 2757 deprecor
1808 2689 1890 2752 ut,

231 2782 282 2839 si
307 2798 433 2854 qua
452 2779 558 2836 tibi
581 2784 722 2835 sunt
744 2777 977 2851 pietatis
999 2775 1239 2839 viscera,
1255 2775 1303 2830 si
1328 2791 1445 2846 qua
1464 2773 1565 2828 ﬁlii
1589 2778 1646 2829 et
1667 2772 1891 2829 alumni

230 2871 321 2927 tui
353 2874 449 2926 est
479 2869 585 2925 tibi
607 2867 912 2935 memoria,
948 2881 1035 2920 me
1069 2863 1316 2919 multum
1352 2863 1407 2917 id
1441 2862 1770 2935 cupientem
1794 2866 1894 2919 tua

231 2956 556 3035 prasentia
578 2955 893 3020 consolari,
926 2958 1310 3025 sanctamque
1332 2955 1578 3008 matrem
1598 2955 1758 3007 tuam
1782 2951 1894 3006 Ro-

236 3063 487 3105 manam
518 3045 856 3110 Ecclesiam,
886 3043 935 3097 si
971 3059 1231 3114 unquam
1263 3039 1539 3113 possibile
1571 3038 1761 3107 fuerit,
1795 3043 1894 3095 tuo

236 3136 503 3194 multum
531 3133 704 3191 nobis
723 3130 970 3206 optabili
994 3131 1236 3187 adventu
1261 3131 1495 3186 visitare
1528 3128 1806 3201 digneris.
1826 3130 1897 3184 At

236 3242 403 3292 vero,
438 3224 487 3282 si
518 3224 579 3280 id
609 3223 733 3280 fieri
756 3221 978 3295 nequit,
1013 3224 1076 3275 ut
1102 3218 1247 3275 tales
1277 3219 1347 3274 de
1365 3218 1501 3274 ﬁliis
1532 3218 1650 3273 tuis
1668 3217 1893 3273 confra-

239 3289 441 3371 tribus
460 3313 610 3369 meis
634 3316 691 3369 te
719 3311 789 3367 ad
818 3289 923 3365 nos
945 3308 1224 3365 mandare
1240 3325 1355 3364 non
1381 3305 1657 3380 pigeat,in
1677 3305 1894 3377 quibus
1925 3289 1968 3356 C

240 3409 305 3461 te
331 3403 588 3473 videam,
620 3406 676 3457 te
706 3399 1048 3471 suscipiam,
1077 3404 1189 3453 tua
1234 3394 1650 3452 consolationis
1680 3393 1740 3449 in
1788 3394 1896 3449 im-

242 3490 474 3549 mensis
504 3486 1043 3564 pemurbationibus
1073 3485 1302 3558 positus
1331 3483 1505 3539 verba
1527 3498 1897 3556 cognoscam,

243 3580 351 3655 qui
382 3585 545 3635 tuam
577 3577 918 3634 charitatem
969 3578 1198 3647 tuaque
1245 3572 1573 3629 dilectionis
1628 3572 1899 3627 affectum

244 3669 397 3726 mihi
430 3668 865 3741 repraesentant,
919 3665 1015 3737 qui
1049 3661 1304 3735 qualiter
1334 3667 1388 3717 et
1420 3664 1478 3716 tu
1519 3659 1902 3732 omniumque

244 3761 498 3815 fratrum
534 3760 867 3812 nostrorum
902 3770 963 3809 se
992 3752 1205 3808 habeat
1230 3750 1598 3823 congregatio
1631 3748 1773 3804 mihi
1802 3749 1899 3805 de-

248 3845 543 3903 nuntient.
576 3844 785 3899 Precor
842 3847 1035 3898 autem
1066 3845 1128 3896 ut
1155 3857 1388 3895 omnem
1421 3843 1754 3895 sanctorum
1787 3838 1901 3892 fra-

245 3942 413 3993 trum
443 3931 956 4006 congregationem
1009 3944 1376 3985 commonere
1406 3927 1605 3994 facias,
1652 3930 1716 3981 ut
1747 3927 1903 3998 apud

247 4021 674 4096 omnipotentis
693 4019 795 4076 Dei
813 4017 1181 4076 clementiam
1206 4033 1405 4090 preces
1423 4015 1745 4080 effundant,
1769 4031 1907 4087 qua-

250 4119 432 4172 tenus
452 4117 511 4168 et
531 4127 639 4167 nos
654 4113 712 4166 ct
730 4107 1050 4165 Ecclesiam
1077 4122 1245 4164 suam
1269 4109 1555 4172 sanctam,
1575 4120 1702 4177 qua
1725 4101 1907 4158 tantis

250 4204 489 4259 videtur
514 4199 819 4270 subjacere
831 4194 1130 4269 periculis,
1150 4195 1208 4250 in
1235 4194 1550 4267 pristinum
1576 4196 1907 4248 restaurare

254 4296 479 4349 statum
509 4290 804 4362 dignetur.
832 4285 1070 4341 Noveris
1097 4285 1252 4339 enim
1288 4282 1562 4339 omnibus
1593 4280 1906 4353 specialius

254 4382 368 4438 hoc
398 4377 696 4452 negotium
729 4389 906 4446 super
935 4378 991 4429 te
1020 4372 1292 4446 pendere.
1326 4370 1487 4426 Vale.

327 4469 544 4527 Datum
576 4482 641 4523 III
670 4464 807 4522 Idus
837 4462 974 4520 Maii
1005 4462 1160 4536 apud
1186 4459 1562 4518 Terracinam
1595 4459 1719 4531 (3').

1040 4586 1136 4643 III.

258 4683 471 4759 Urbani
495 4683 549 4740 ll
568 4694 736 4759 papa
760 4677 995 4759 epistola
1015 4676 1111 4759 ad.
1130 4676 1425 4758 episcopos,
1730 4679 1781 4727 et
1806 4686 1910 4759 po:
1940 4657 1986 4722 D

324 4756 523 4830 putant
566 4743 899 4830 ίνὶἓηηεξιτςίρς
948 4743 1274 4830 provincia.
1307 4743 1319 4747 ⁷
1347 4776 1413 4786 -
1437 4819 1448 4830 Δ
1468 4744 1543 4800 De
1591 4743 1909 4830 .l’ienuel'tgi

331 4813 730 4898 archiepiscopo
758 4813 1026 4898 eligendo,
1057 4836 1179 4875 cum
1204 4817 1323 4875 hac
1346 4815 1656 4887 metropolis
1672 4814 1795 4887 jam
1815 4813 1913 4870 diu

328 4892 548 4972 pastoria
574 4892 712 4953 esset
738 4892 1013 4949 destituta.

889 4981 1073 5051 (Anno
1112 4977 1291 5047 1088.)

263 5096 354 5152 FD.
385 5093 681 5156 Bououa'r,
716 5088 950 5154 Recueil,
1012 5089 1153 5142 tom.
1190 5083 1331 5153 XIV,
1368 5098 1496 5156 pag.
1536 5080 1683 5156 _6_89,
1718 5096 1788 5136 at
1817 5080 1909 5136 Bi-

264 5160 282 5169 ’
534 5154 541 5156 ⁷
572 5154 761 5218 blioth.
793 5160 1051 5225 Floriac.,
1085 5160 1250 5230 parte
1280 5154 1601 5227 iu,'p.'7!i.]

334 5271 614 5330 [Insanus
643 5267 975 5341 episcopus,
1002 5280 1202 5320 servus
1233 5278 1533 5318 servorum
1564 5257 1661 5315 Dei
1682 5274 1913 5314 venera-

261 5360 484 5419 bilibus
513 5354 804 5430 episcopis
832 5358 890 5411 et
945 5349 1359 5419 confratribus,
1408 5346 1717 5406 Valentino
1750 5345 1912 5418 (Gon-

263 5450 465 5518 tardo),
495 5444 817 5503 Genevensi
846 5442 1147 5518 (Guidont),
1171 5437 1566 5497 Maurianensi
1598 5436 1910 5510 (Conrado),

332 5591 438 5673 (δ’)
468 5589 601 5673 Hm?
623 5534 1913 5673 ερίὲιοὶαξοείριξινξςξςέυςρέξεξεῖίοξὶςξξξεεῑεξς

261 5651 494 5726 ctionis,
520 5651 782 5733 adeo'que
799 5651 1278 5733 forte_lege_ndum
1312 5651 1775 5733 nilduséiartii,
1797 5651 1913 5706 nisi

261 5734 313 5791 si
329 5739 463 5808 post
483 5723 910 5789 dedicationem
930 5723 1165 5785 Bantini
1182 5723 1521 5783 monasterii
1539 5723 1913 5781 Terracinam

1998 1976 2245 2033 leamus.
2296 1978 2412 2033 Nos
2458 1983 2655 2035 autem
2712 1997 2817 2053 pro
2855 1985 3011 2038 certo
3069 1982 3268 2040 sciatis
3327 1984 3642 2042 Ecclesiam

1994 2068 2248 2122 vestram
2281 2065 2533 2122 multum
2583 2066 2848 2141 diligere,
2905 2086 3152 2144 eamque
3204 2072 3358 2130 inter
3408 2079 3646 2132 cateras

1996 2157 2208 2209 nostra
2244 2154 2619 2227 providentia
2678 2156 3026 2215 commissas
3082 2159 3372 2219 Ecclesiae
3429 2180 3644 2237 magno

1997 2242 2215 2299 amoris
2239 2247 2370 2300 voto
2391 2260 2601 2317 cupere
2628 2245 2934 2303 honorem.
2967 2248 3255 2313 Quoniam
3288 2250 3469 2324 igitur
3486 2252 3646 2324 jam-

1998 2331 2096 2386 diu
2121 2334 2312 2413 vestra
2332 2331 2671 2405 metropolis
2696 2336 2929 2406 pastore
2950 2336 3325 2409 cognoscitur
3343 2338 3643 2413 destituta,

1999 2408 2320 2492 apostolica
2347 2419 2510 2477 vobis
2541 2421 2921 2494 praceptione
2950 2408 3305 2482 mandamus
3335 2430 3401 2483 ut
3453 2408 3645 2485 eidem

2000 2507 2284 2575 Ecclesia,
2317 2509 2666 2581 quantocius
2692 2510 2981 2582 poteritis,
3012 2516 3217 2586 aptum
3269 2518 3327 2571 et
3368 2515 3645 2574 idoneum

2000 2602 2293 2670 pastorem
2324 2598 2536 2672 eligere
2552 2601 2897 2673 procuratis.
2915 2602 3104 2659 Tanta
3121 2603 3279 2660 enim
3300 2603 3501 2662 dilatio
3522 2622 3647 2663 ma-

1999 2703 2181 2760 gnum
2198 2686 2919 2763 detrimentum,magnam
2932 2691 3261 2749 animarum
3278 2692 3426 2752 solet
3442 2695 3649 2752 afferre

2000 2775 2339 2848 perniciem.
2362 2778 2656 2834 Canonica
2683 2778 2861 2835 etiam
2892 2782 3236 2838 auctoritate
3258 2787 3498 2841 cautum
3520 2801 3650 2842 esse

2002 2863 2208 2932 nostis,
2229 2865 2387 2937 quod
2409 2865 2562 2922 ultra
2580 2870 2700 2923 tres
2723 2884 2955 2926 menses
2975 2870 3246 2945 episcopo
3266 2888 3374 2930 suo
3393 2872 3652 2931 Ecclesia

1999 2970 2204 3009 vacare
2236 2971 2349 3009 non
2370 2955 2542 3012 debet
2564 2961 2803 3029 :quanto
2820 2957 3000 3033 igitur
3021 2960 3219 3016 minus
3231 2977 3336 3034 per
3362 2965 3449 3019 tot
3467 2979 3649 3021 anno-

2003 3059 2135 3098 rum
2168 3042 2493 3099 curricula!
2532 3044 2599 3100 Et
2629 3046 2907 3117 quoniam
2940 3048 3181 3105 solitum
3211 3053 3319 3120 est,
3352 3049 3413 3106 in
3462 3051 3652 3125 spatio

2006 3147 2121 3204 quo
2167 3136 2333 3187 vacat
2388 3130 2665 3199 Ecclesia,
2696 3151 2732 3189 a
2780 3135 3061 3193 nonnulls
3112 3136 3455 3212 irreligiosis
3499 3140 3656 3197 bona

2004 3221 2134 3291 ejus
2164 3237 2231 3275 ac
2261 3220 2542 3277 beneﬁcia
2572 3221 2768 3293 diripi,
2802 3223 3120 3296 apostolica
3166 3225 3276 3282 hoc
3317 3228 3655 3286 omnimodo

2007 3308 2350 3365 auctoritate
2380 3308 2845 3366 interdicendum
2869 3312 3221 3370 mandamus
3246 3331 3260 3383 ;
3292 3314 3403 3372 hoc
3423 3332 3657 3390 quoque

2009 3395 2336 3468 specialiter
2377 3397 2781 3471 pracipientes
2812 3404 2878 3456 ut
2906 3399 3160 3459 Ecclesia
3181 3402 3570 3475 Romanensis
3599 3408 3657 3461 et

2009 3481 2265 3539 Ecclesia
2277 3482 2338 3539 Β.
2348 3482 2497 3539 Petri
2511 3483 2582 3540 de
2601 3485 3066 3559 Campania,qua
3079 3489 3189 3546 sub
3202 3490 3338 3563 jure
3357 3506 3424 3548 ac
3436 3491 3659 3551 ditione

2007 3571 2358 3628 Viennensis
2392 3571 2658 3630 Ecclesia
2686 3576 3015 3650 antiquitus
3070 3577 3253 3636 fuisse
3310 3584 3656 3653 noscuntur,

2009 3660 2196 3718 eidem
2228 3662 2496 3720 Ecclesia
2543 3664 2739 3739 quiete
2792 3673 3193 3739 permaneant,
3226 3674 3285 3728 et
3341 3671 3505 3730 nulla
3533 3689 3658 3732 ma-

2010 3767 2126 3823 gna
2158 3767 2450 3824 parvaque
2479 3769 2730 3824 persona
2742 3755 2828 3813 vel
2845 3754 3004 3830 ipsas
3028 3758 3332 3829 Ecclesiae,
3354 3760 3441 3819 vel
3455 3778 3657 3820 earum

2011 3840 2166 3895 bona
2192 3838 2428 3899 Vienna
2471 3842 2756 3915 Ecclesia,
2815 3846 3036 3918 absque
3092 3847 3343 3920 alicujus
3396 3866 3659 3923 persona

2010 3927 2422 3986 molestatione
2449 3946 2554 3987 seu
2584 3931 3197 4006 diminutione,quieta
3215 3939 3273 3993 et
3292 3936 3519 3994 illibata
3535 3955 3661 4012 per-

2013 4032 2249 4071 manere
2279 4017 2389 4073 sub
2421 4017 2514 4075 sui
2545 4020 2838 4091 pontificis
2857 4022 3177 4095 apostolica
3205 4025 3547 4082 auctoritate
3566 4027 3663 4083 de-

2014 4102 2329 4159 cernimus.
2362 4104 2842 4179 Obtemperantes
2871 4125 2973 4166 vos
3019 4110 3394 4182 jussionibus
3442 4114 3659 4172 nostris

2014 4191 2386 4265 omnipotens
2408 4193 2563 4251 Deus
2588 4195 2912 4254 benedicat.

2791 4339 2885 4396 IV.

2021 4422 2228 4481 Urbani
2254 4425 2306 4481 II
2328 4439 2492 4509 papa
2520 4427 2750 4499 epistola
2778 4428 2872 4509 ad_
2903 4430 3273 4509 Lati/ramum
3306 4432 3668 4509 Cantaurian-

2088 4511 2203 4551 sem
2229 4499 2716 4576 archiepiscopum.
2738 4531 2803 4543 -—
2831 4501 2908 4557 De
2933 4499 3187 4562 Ecclesia
3212 4507 3486 4576 angustiis
3511 4524 3577 4564 ac
3602 4507 3669 4565 de

2089 4571 2328 4639 suscepto
2349 4569 2695 4641 pontiﬁcatu.

2644 4677 2834 4748 (Anno
2865 4680 3049 4750 1088.)

2130 4787 2345 4855 [Edidit
2374 4790 2734 4860 Tasmsnus,
2764 4794 3046 4868 Disquisit.
3078 4799 3276 4863 critic.,
3312 4814 3369 4870 p.
3403 4799 3554 4871 207.]

2020 4901 2301 4958 Uaaanvs
2313 4904 2856 4977 episcopus,servus
2877 4925 3175 4967 servorum
3189 4910 3310 4978 Dei,
3329 4912 3667 4969 Laammco

2020 4995 2232 5046 sancta
2245 4991 2691 5049 Cantuariorum
2702 4995 2969 5053 Ecclesia
2987 4997 3468 5056 reverendissimo
3487 4999 3674 5057 archi-

2021 5078 2293 5154 episcopo
2324 5079 2576 5157 salutem
2605 5087 2665 5140 et
2692 5084 3072 5157 apostolicam
3111 5085 3597 5145 benedictionem.

2089 5167 2214 5224 Non
2242 5168 2422 5225 latere
2435 5171 2730 5230 credimus
2741 5174 3115 5247 prudentiam
3128 5179 3312 5245 tuam,
3326 5174 3673 5236 cbarissime

2021 5256 2212 5325 Pater,
2246 5263 2390 5331 quot
2421 5260 2714 5332 procellis,
2746 5267 2890 5336 quot
2918 5263 3370 5338 tempestatibus
3399 5281 3469 5322 ex
3495 5265 3670 5340 longo

2012 5344 2139 5416 jam
2171 5349 2431 5419 tempore
2462 5350 2683 5422 patitur
2712 5350 2879 5409 navis
2927 5351 3077 5409 Petri
3098 5353 3321 5426 jactata
3348 5371 3451 5412 seu
3483 5353 3671 5429 negli-

2021 5437 2189 5502 gente
2222 5433 2320 5493 illo
2342 5452 2446 5493 seu
2474 5440 2672 5511 potius
2702 5439 3027 5498 dormiente
3055 5442 3128 5500 ad
3160 5441 3352 5517 ipsam
3380 5443 3499 5501 fere
3529 5445 3673 5502 sub-

2021 5577 2273 5653 revcrtit,
2314 5580 2558 5653 undein
2587 5582 2848 5639 Siciliam
2868 5584 3279 5643 transmiserit.
3302 5586 3668 5653 Quamquam

2021 5647 2178 5705 haud
2208 5649 2525 5710 verisimile
2555 5657 2644 5710 est
2673 5654 2973 5712 Urbanum
3004 5661 3122 5715 tam
3153 5674 3282 5716 sero
3321 5647 3486 5716 elect

2020 5737 2191 5779 suam
2213 5723 2621 5784 amantissimo
2641 5726 2798 5805 Patri
2831 5727 3214 5803 signiﬁcasse.
