3988 6164
400 253 513 317 291

1711 248 1782 310 B.
1828 212 2123 309 uanam
2166 247 2220 309 ῐῐ
2265 247 2515 309 eam.

3700 248 3837 310 292

399 384 733 453 recurretis,
768 384 1014 457 ejusque
1034 383 1260 455 judicio
1298 400 1427 456 qua
1455 382 1621 440 vobis
1664 388 1803 439 sunt
1849 380 2051 453 gravia
2078 382 2134 448 Α
2163 380 2491 452 apostolica
2521 378 2940 447 familiaritate,
2969 397 3147 453 quam
3179 396 3248 437 ex
3288 379 3660 438 nobilissima
3704 386 3829 437 tua

404 473 818 530 terminabitis.
851 473 1014 538 Quod
1032 472 1083 528 si
1114 473 1253 546 quid
1274 474 1418 528 forte
1447 472 1635 545 ipsius
1652 468 2049 544 quoquejudi-

402 561 490 618 cio
522 560 846 634 nequiverit
874 561 1125 629 deﬁniri,
1186 563 1257 618 ad
1308 559 1687 634 apostolicam
1735 560 1957 626 sedem,
1990 562 2054 613 ut

399 650 651 722 dignum
682 654 793 716 est,
822 648 980 706 velut
1009 649 1274 706 omnium
1305 650 1537 706 sedium
1555 646 1877 721 principem
1906 646 2053 702 refe-

400 742 582 794 retur.
616 738 724 803 Qui
756 742 953 794 autem
983 743 1241 795 vestrum
1274 737 1400 795 sine
1432 734 1895 809 metropolitanis
1926 751 2052 808 pro-

396 826 542 901 priis
575 832 738 893 sunt,
770 827 883 900 ipsi
901 827 1134 884 interim
1167 827 1323 884 velut
1349 826 1586 901 proprio
1601 825 1847 882 subesse
1875 824 2048 879 debe-

397 917 565 973 bunt.
601 915 823 972 Valete.

1151 1004 1300 1061 VIII.

398 1094 606 1153 Urbani
633 1094 684 1150 11
724 1086 1052 1166 cpistola'ad
1098 1095 1379 1166 [Iugonem
1405 1082 1668 1166 abban
1722 1091 2047 1147 Cluniacen-

569 1181 681 1222 scm
704 1163 769 1221 dc
790 1166 1043 1236 primatu
1069 1163 1265 1221 collato
1293 1164 1547 1221 Ecclesiae
1579 1163 1867 1221 Tolclanae.

1017 1252 1206 1324 (Anno
1238 1253 1423 1322 1088.)

579 1343 845 1413 [ΜΑΒιω..
878 1346 935 1399 et
961 1342 1160 1412 Hum,
1194 1342 1359 1399 Ouvr.
1384 1340 1561 1414 posth.
1596 1339 1694 1408 III,
1725 1340 1876 1410 350.]

444 1452 748 1518 Haemus,
780 1454 915 1518 etc.,
949 1449 1203 1519 Huoom,
1236 1447 1435 1505 abbati
1465 1445 1855 1515 Cluniacensi,
1887 1449 1999 1502 etc.

398 1542 403 1551 '
463 1538 870 1596 Venerabilem
902 1538 1139 1595 fratrem
1173 1542 1442 1595 nostrum
1482 1535 1844 1592 Bernardum
1880 1533 2044 1589 Tole-

393 1632 544 1684 tana
573 1626 843 1684 Ecclesia
872 1626 1183 1700 praesulem
1211 1630 1333 1682 tam
1364 1641 1470 1698 pro
1498 1628 1613 1681 tua
1653 1621 2044 1698 postulatione

398 1715 747 1782 dilectionis,
778 1731 956 1788 quam
984 1732 1088 1789 pro
1118 1716 1305 1787 ipsius
1321 1714 1643 1771 reverentia
1671 1712 1971 1786 religionis
1987 1715 2047 1768 et

391 1803 682 1862 Toletana
724 1803 992 1860 Ecclesia
1043 1803 1261 1860 honore
1308 1808 1636 1859 reverenter
1688 1800 2044 1873 excepimus.

394 1893 510 1966 Ipsi
541 1894 718 1949 etiam
750 1893 823 1948 ad
852 1892 1009 1949 sedis
1040 1891 1373 1963 apostolica
1394 1896 1454 1948 et
1481 1891 1756 1947 Romana
1779 1888 2046 1948 Ecclesia

392 1987 458 2038 ut
486 1981 694 2038 matris
714 1981 983 2038 omnium
1018 1981 1410 2052 maiestatem,
1432 1978 1933 2052 quemadmodum
1965 1977 2049 2032 di-

389 2086 574 2144 gnum
602 2073 695 2127 est
720 2071 922 2126 devote
950 2086 1018 2125 ac
1047 2068 1390 2140 simpliciter
1403 2067 1771 2124 concurrenti
1801 2065 2047 2139 antiqua

390 2158 659 2216 Ecclesia
677 2175 798 2214 sua
815 2162 987 2231 prout
1004 2158 1221 2231 rogasti
1236 2157 1607 2213 munimenta
1619 2155 2043 2225 concessimus,

389 2253 448 2305 et
478 2247 765 2321 privilegii
798 2246 980 2303 nostri
1014 2247 1290 2319 paginam
1309 2245 1558 2317 pristina
1587 2244 1820 2316 plenam
1851 2243 2042 2317 digni-

387 2340 527 2403 tate,
557 2335 809 2392 libenter
843 2334 1222 2391 indulsimus.
1266 2334 1586 2391 Primatem
1633 2333 2042 2406 episc0porum

386 2426 676 2493 omnium,
708 2424 810 2498 qui
838 2423 899 2481 in
929 2422 1227 2497 Hispaniis
1243 2423 2044 2495 suntetl‘eeimus,etquaque

386 2528 564 2587 super
590 2530 659 2570 eo
690 2518 793 2569 tua
821 2529 928 2570 nos
957 2511 1214 2569 charitas
1244 2511 1548 2585 ﬂagitavit,
1579 2528 1715 2566 cum
1749 2509 1912 2582 pallii
1934 2512 2043 2565 da-

385 2602 545 2659 tione
574 2601 1060 2659 contradidimus.
1081 2600 1209 2656 Tibi
1225 2617 1363 2673 ergo
1384 2617 1492 2673 par
1517 2597 1834 2656 estamoris
1857 2597 2037 2655 nostri

387 2690 584 2748 studio
615 2690 988 2761 respondere,
1019 2694 1078 2744 et
1108 2689 1326 2744 nostris
1355 2704 1422 2744 ac
1454 2688 1729 2744 Romana
1771 2685 2039 2743 Ecclesia

386 2777 621 2835 auxiliis
651 2777 901 2835 ﬁdeliter
928 2777 1242 2833 deservire.
1263 2777 1380 2832 Nos
1401 2775 1559 2832 enim
1590 2781 1648 2832 et
1676 2775 2040 2848 pracipuate

390 2885 457 2924 ac
483 2868 693 2924 fratres
721 2871 855 2923 tuos
884 2865 1191 2922 affectione
1220 2864 1546 2938 diligimus,
1579 2869 1637 2921 et
1676 2864 1875 2921 omnia
1913 2880 2039 2920 mo-

389 2955 629 3014 nasterii
662 2954 838 3012 vestri
868 2954 1016 3022 loca,
1048 2954 1148 3010 ubi
1166 2954 1425 3010 liberum
1474 2953 1667 3021 fuerit,
1724 2953 1781 3008 in
1827 2957 2037 3009 nostra

388 3042 718 3119 specialiter
747 3061 961 3100 manus
990 3043 1407 3117 protectionem
1439 3042 1827 3115 suscipimus;
1859 3041 1942 3097 ita
1970 3046 2039 3098 ut

2166 468 2370 542 tuique
2400 468 2647 525 canobii
2677 467 2974 541 religionis
3022 470 3366 538 reverentia,
3427 469 3760 543 singularis
3793 487 3839 526 a

2162 558 2333 616 nobis
2360 558 2603 614 debetur
2631 558 3375 633 prarogativadilectionis.
3410 559 3509 616 Est
3538 564 3835 631 praterea

2160 646 2314 720 quod
2346 664 2453 702 nos
2485 647 2590 701 tibi
2624 663 2737 702 non
2770 647 2988 713 minus,
3021 651 3239 720 tuoque
3261 647 3618 707 monasterio
3640 648 3834 704 faciat

2159 736 2470 803 debitores,
2503 735 2781 807 quoniam
2814 752 2916 808 per
2944 742 2998 792 te
3030 735 3365 793 monasticis
3396 736 3698 810 religionis
3723 752 3833 792 ru-

2157 824 3142 897 dimentasuscepiJntuocanobie
3172 828 3609 898 persecundam
3625 825 3827 882 sancti

2155 911 2407 985 Spiritus
2431 913 2679 986 gratiam
2703 929 2837 969 sum
2868 918 3130 981 renatus,
3152 915 3245 969 cui
3278 914 3563 970 hactenus
3584 914 3830 986 impen-

2154 1001 2297 1058 siori
2327 1001 2517 1075 gratia
2538 1002 2802 1057 Romana
2813 1001 3071 1058 Ecclesia
3082 1001 3411 1059 dilectionis
3424 1020 3490 1059 ac
3510 1002 3828 1076 protectio-

2157 1087 2463 1145 niscuram
2484 1088 2841 1161 impendisse
2876 1088 3261 1162 dignoscitur;
3293 1089 3587 1164 Quidquid
3631 1091 3824 1164 igitur

2156 1176 2461 1243 libertatis,
2494 1176 2782 1251 quidquid
2814 1177 3233 1246 immanitatis,
3252 1178 3539 1252 quidquid
3559 1181 3827 1236 auctori-

2154 1265 2293 1323 tatis
2326 1265 2453 1334 tibi,
2486 1266 2725 1339 tuisque
2754 1266 3216 1337 successoribus,
3250 1272 3472 1341 tuoque
3518 1268 3816 1337 canobio,

2155 1370 2259 1428 per
2287 1359 2723 1411 antecessorum
2742 1358 3077 1412 nostrorum
3106 1354 3413 1431 privilegia
3460 1372 3817 1414 concessum

2156 1444 2338 1500 fuisse
2367 1447 2616 1514 constat,
2647 1461 2755 1501 nos
2786 1460 3019 1517 quoque
3050 1444 3229 1516 hujus
3258 1444 3447 1502 nostri
3470 1445 3687 1503 decreti
3705 1461 3819 1519 pa-

2152 1533 2682 1607 ginaconl'erimus,
2703 1533 3015 1602 tradimus,
3040 1535 3481 1591 conﬁrmamus.
3505 1534 3815 1591 Hocinsu-

2152 1640 2257 1696 per
2270 1622 2519 1693 adiicien
2527 1627 2630 1690 tes,
2641 1628 2702 1678 ut
2716 1622 3137 1678 monasterium
3156 1616 3571 1680 SanctaMaria
3584 1624 3657 1680 de
3667 1623 3823 1681 Cha-

2156 1713 2345 1777 ritate,
2398 1712 2819 1768 monasterium
2880 1712 2939 1766 S.
2992 1711 3227 1767 Martini
3259 1713 3331 1767 de
3378 1712 3615 1787 Campis
3648 1713 3813 1786 apud

2155 1800 2432 1870 Parisios,
2467 1800 2888 1857 monasterium
2921 1801 3116 1857 Sancti
3146 1800 3407 1874 Dionysii
3450 1802 3607 1874 apud
3638 1802 3805 1857 Nun-

2154 1895 2418 1963 gentum,
2450 1891 2507 1946 S.
2544 1888 2738 1946 Maria
2769 1890 2839 1946 de
2870 1890 3109 1957 Nazara,
3141 1891 3201 1945 S.
3235 1889 3491 1947 Gervasii
3528 1891 3600 1947 de
3649 1889 3812 1959 Exis,

2152 1984 2208 2035 S.
2242 1980 2435 2035 Maria
2465 1979 2536 2035 de
2582 1978 2800 2047 Arulis,
2835 1980 2898 2036 S.
2954 1978 3107 2035 Petri
3162 1980 3233 2036 de
3281 1979 3813 2053 Campo-rotundo,

2152 2070 2212 2126 S.
2245 2068 2473 2125 Genesii
2507 2068 2562 2123 in
2594 2067 2827 2125 Elnensi
2859 2068 3218 2142 episcopatu,
3253 2069 3314 2126 S.
3372 2068 3502 2126 Puli
3542 2068 3605 2125 in
3638 2068 3814 2125 Valle

2152 2156 2281 2227 olei,
2314 2157 2373 2213 S.
2438 2157 2629 2213 Maria
2660 2159 2732 2213 de
2788 2156 3060 2224 Cubaria,
3094 2158 3152 2213 S.
3210 2157 3405 2213 Maria
3436 2156 3507 2213 de
3562 2156 3802 2228 Salella,

2150 2250 2208 2302 S.
2268 2245 2461 2302 Maria
2514 2245 2585 2300 de
2613 2244 2844 2313 Tolosa,
2876 2246 2936 2302 S.
2970 2244 3277 2315 Trinitatis
3332 2247 3394 2302 in
3419 2244 3799 2314 Marciniaco,

2152 2335 2306 2407 quod
2341 2339 2403 2390 tu
2436 2333 2495 2389 in
2528 2333 2720 2391 alodio
2741 2334 2976 2407 preprio
3007 2334 3328 2404 adiﬁcasti,
3353 2351 3659 2407 nunquam
3678 2323 3815 2405 tuo,

2147 2426 2503 2495 tuorumque
2532 2439 2938 2480 successorum
2973 2422 3243 2497 regimini
3274 2422 3638 2481 ordinatione
3661 2424 3809 2482 sub-

2148 2512 2436 2569 trahatur.
2470 2515 2686 2569 Catera
2696 2528 2828 2569 vero
2850 2511 3187 2585 omniaquae
3201 2516 3598 2570 antecessores
3617 2513 3807 2569 nostri

2148 2608 2340 2658 vestro
2353 2601 2708 2658 monasterio
2722 2599 3022 2675 privilegia
3040 2600 3334 2657 tradideru
3345 2608 3424 2669 nl,
3445 2617 3553 2658 nos
3567 2618 3806 2675 quoque

2147 2690 2549 2747 eontradimus
2597 2694 2774 2762 atque
2833 2689 3158 2747 ﬁrmamus.
3219 2689 3603 2747 Moisiaeense
3661 2708 3806 2748 sane

2146 2776 2499 2846 coenobium,
2533 2777 2591 2833 in
2621 2784 2861 2850 ea,‘qua
2892 2794 3048 2834 nunc
3068 2782 3179 2842 est,
3212 2778 3270 2833 in
3304 2782 3603 2851 posterum
3630 2776 3808 2835 liber-

2144 2870 2264 2922 tate
2316 2870 2668 2939 permaneat,
2730 2867 2841 2922 nisi
2901 2867 3046 2922 forte
3101 2867 3409 2940 episcopus
3469 2866 3802 2941 admiserit,

2145 2959 2382 3028 propter
2400 2955 2555 3027 quod
2575 2956 2703 3026 ejus
2730 2955 2938 3011 debeat
2954 2955 3172 3012 ditione
3183 2955 3420 3029 privari.
3452 2955 3803 3029 Quicunque

2145 3047 2340 3100 autem
2374 3042 2633 3100 melioris
2658 3042 2783 3099 vita
2802 3042 3084 3117 appetitu,
3102 3048 3362 3101 vestrum
3375 3042 3807 3103 volueritadve—

389 3114 495 3190 nec
521 3133 834 3206 episcopus
864 3114 1127 3205 quilibet,
1161 3148 1266 3188 nec
1285 3130 1537 3204 legatus,
1568 3131 1681 3186 nisi
1711 3131 1803 3186 cui
1822 3130 2039 3187 anubis
2066 3114 2111 3184 C
2149 3131 2274 3188 nire
2303 3131 2655 3200 coenobium,
2686 3114 3024 3201 libera—tibi,
3067 3133 3303 3207 tuisque
3351 3132 3803 3190 successoribus

387 3222 647 3295 idipsum
676 3220 1008 3294 specialiter
1035 3220 1366 3291 injunctum
1388 3220 1581 3296 fuerit,
1601 3224 1809 3292 prater
1837 3217 2039 3275 volun-

388 3317 568 3367 tatem
600 3315 762 3367 tuam
778 3310 851 3365 de
862 3308 1072 3366 vestris
1083 3310 1297 3365 audeat
1310 3308 1560 3381 negotiis
1566 3308 1856 3379 judicare,
1875 3307 2036 3363 salvo

388 3398 1143 3472 tamenjureepiscOporum
1165 3398 1319 3470 quod
1336 3397 1394 3452 in
1406 3396 1492 3453 eis
1504 3395 1791 3453 hactenus
1802 3395 2039 3452 habuis-

387 3483 1619 3559 senoscuntur.Vosergonostris‘semperin
1632 3485 2038 3541 omnibusves-

304 3604 319 3615 ο
386 3576 494 3632 tris
505 3576 580 3632 ad
600 3575 915 3633 Dominum
932 3574 1201 3646 precibus
1215 3589 1503 3629 memores
1516 3571 1667 3641 sitis;
1691 3577 1750 3629 et
1761 3572 1914 3629 sicut
1928 3588 2036 3628 nos

386 3681 490 3721 vos
502 3668 761 3720 etvestra
772 3661 1005 3734 speciali
1016 3666 1100 3718 ter
1115 3664 1398 3727 fovemus,
1418 3659 1500 3715 ita
1511 3677 1611 3718 vos
1626 3678 1733 3717 nos
1747 3661 1901 3734 apud
1924 3660 2035 3718 Do-

388 3751 617 3808 minum
646 3749 1029 3823 spiritualiter
1039 3749 1450 3807 commendare
1466 3749 1706 3818 curetis;
1730 3765 1955 3822 nosque
1972 3766 2039 3806 ac

389 3841 714 3897 Romanam
746 3838 1085 3909 Ecclesiam,
1106 3837 1205 3895 ubi
1233 3842 1483 3911 oportet,
1502 3844 1561 3895 et
1578 3837 1677 3893 ubi
1691 3837 2040 3895 facultasest

386 3929 696 4002 adiuvetis.
730 3927 1013 3985 Dominus
1042 3926 1414 4000 omnipotens
1441 3944 1552 3984 sua
1583 3943 1690 3984 nos
1722 3926 1912 4000 gratia
1949 3928 2038 3984 ἰο-

384 4022 536 4087 veat,
568 4022 872 4075 conservet
901 4033 967 4073 ac
994 4020 1279 4090 protegat.
1302 4019 1507 4074 Amen.

1170 4124 1256 4180 IX.

388 4214 638 4272 Urbanus
688 4214 737 4269 ll
761 4214 1092 4271 monasterii
1150 4212 1531 4271 Cluniacensi:
1588 4215 1949 4285 possessiones
1987 4215 2039 4268 et

451 4285 748 4356 privilegia
767 4286 1077 4355 conﬁrmat,
1092 4292 1144 4340 et
1165 4285 1575 4356 Hugoniabbali
1585 4287 1787 4350 mitra,
1816 4285 2037 4356 dalma-

454 4354 601 4423 lica,
630 4356 1084 4422 chirothecarum,
1115 4354 1495 4412 sandaliorum
1513 4371 1674 4411 usum
1701 4354 1963 4412 concedis.

1010 4444 1197 4515 (Anno
1231 4444 1412 4516 1088.)

690 4530 1049 4602 [Bibliotheca
1075 4532 1469 4601 Clum‘acensis,
1502 4550 1560 4606 p.
1591 4532 1743 4604 514.]

456 4637 736 4695 URBANUS
765 4638 1097 4711 episcopus,
1131 4654 1337 4696 servus
1354 4655 1655 4695 servorum
1668 4639 1789 4707 Dei,
1821 4639 2041 4696 lienem

382 4728 764 4786 sanctissimo
786 4727 982 4784 abbati
1005 4727 1372 4786 Cluniacensi
1382 4772 1397 4799 ,
1422 4730 1669 4801 ejusque
1693 4727 2044 4784 successori-

381 4818 497 4875 bus
527 4817 590 4874 in
622 4823 992 4891 perpetuum.

450 4906 599 4964 Cum
630 4906 912 4963 omnibus
928 4911 1144 4963 sancta
1177 4905 1317 4963 ﬁliis
1333 4905 1606 4963 Ecclesia
1624 4922 1695 4961 ex
1726 4906 1884 4961 sedis
1900 4920 2038 4977 apo-

382 4995 600 5053 stolica
631 4995 999 5067 auctoritate,
1031 5001 1089 5052 et
1104 4994 1504 5052 benevolentia
1531 4995 1826 5052 debitores
1840 4993 2038 5051 existi-

380 5101 537 5152 mus,
596 5084 1036 5143 venerabilibus
1091 5089 1289 5141 tamen
1347 5083 1614 5157 personis
1663 5090 1839 5156 atque
1869 5082 2036 5151 locis,

379 5173 633 5229 maxime
682 5191 812 5247 qua
872 5172 1207 5247 apostolica
1258 5173 1384 5230 sedi
1439 5190 1672 5246 semper
1726 5171 2039 5245 specialius

379 5260 753 5319 adhaeserunt
781 5280 849 5319 ac
862 5263 1152 5329 devotius,
1178 5280 1425 5335 quaque
1439 5260 1709 5336 ampliori
1736 5260 2039 5334 religionis

378 5349 565 5423 gloria
592 5352 874 5421 eminent,
908 5352 1271 5426 propensiori
1296 5369 1403 5409 nos
1434 5352 1707 5408 convenit
1734 5349 2040 5407 charitatis

377 5438 576 5496 studio
607 5437 936 5497 imminere.
968 5442 1099 5498 Tibi
1132 5458 1292 5519 ergo,
1327 5441 1721 5510 sanctissime,
1772 5456 2037 5497 reveren-

374 5525 608 5621 tissime
638 5545 703 5587 ac
737 5527 1114 5590 dilectissime
1145 5531 1345 5601 frater,
1364 5535 1486 5591 tam
1515 5547 1583 5590 ex
1611 5527 2037 5606 antiquasedis

2147 3220 2398 3277 facultas
2410 3225 2662 3293 maneat,
2678 3222 2999 3279 secundum
3032 3227 3291 3279 tenorem
3307 3222 3519 3295 regula
3533 3226 3590 3278 8.
3611 3221 3803 3279 Patris

2146 3309 2327 3365 nostri
2360 3309 2656 3366 Benedicti
2669 3326 2769 3366 eos
2785 3311 3104 3384 suscipere.
3121 3311 3402 3367 Praterea
3422 3311 3802 3368 decernimus

2145 3403 2319 3470 atque
2341 3397 2677 3454 stdbilimus
2707 3415 2778 3454 ne
2808 3399 2945 3472 quis
2976 3398 3133 3455 ultra
3161 3398 3390 3473 legatus
3413 3384 3658 3456 Romani
3693 3418 3803 3456 an-

2144 3487 2349 3542 tistitis
2366 3487 2519 3544 vices
2536 3489 2594 3543 in
2625 3488 2832 3545 vestris
2845 3489 3110 3562 partibus
3128 3505 3327 3562 agens,
3362 3490 3583 3562 absque
3608 3489 3800 3562 ipsius

2145 3575 2380 3633 licentia
2402 3576 2486 3632 vel
2520 3577 2923 3649 praeceptione,
2958 3577 3203 3634 buccam
3236 3578 3295 3633 in
3321 3595 3442 3644 vos,
3474 3582 3577 3634 aut
3604 3583 3801 3634 vestra

2145 3666 2503 3728 monasteria
2533 3665 2745 3721 audeat
2762 3664 3006 3739 aperire,
3039 3665 3126 3722 vel
3149 3666 3261 3722 nisi
3290 3666 3363 3722 ad
3390 3665 3647 3739 idipsum
3670 3683 3802 3739 spe-

2145 3753 2369 3809 cialiter
2395 3752 2700 3827 dirigatur.
2735 3755 3037 3827 Episcopis
3055 3773 3208 3827 vero,
3241 3755 3298 3810 in
3314 3771 3564 3828 quorum
3586 3755 3798 3812 diace-

2146 3842 2313 3898 sibus
2340 3846 2545 3899 vestra
2578 3849 2719 3899 sunt
2749 3843 3076 3914 facultates,
3107 3845 3347 3901 omnino
3376 3862 3493 3901 non
3523 3844 3696 3901 liceat
3723 3845 3799 3901 de

2143 3930 2356 3989 vestris
2384 3931 2690 3988 monachis
2721 3936 2824 3988 aut
2882 3931 3254 3990 monasteriis
3296 3933 3583 4005 judicare.
3624 3932 3797 3989 Salvo

2149 4020 2431 4077 canonico
2462 4020 2736 4092 illojure,
2770 4022 2925 4093 quod
2955 4021 3015 4076 in
3030 4021 3115 4077 eis
3132 4021 3417 4079 hactenus
3448 4021 3803 4077 habuerunt.

2145 4108 2203 4164 Si
2233 4107 2374 4181 quid
2406 4112 2602 4164 autem
2632 4125 2824 4165 causa
2856 4109 2915 4164 in
2959 4126 3059 4165 eos
3088 4108 3420 4178 habuerint,
3476 4115 3552 4177 te,
3597 4113 3805 4166 tuosve

2150 4213 2520 4253 successores
2541 4196 2852 4269 appellent.
2869 4198 3029 4264 Quod
3064 4198 3112 4255 si
3132 4214 3348 4271 pervos
3377 4199 3451 4254 lis
3478 4198 3812 4272 nequiverit

2148 4284 2480 4351 deﬁniri,ad
2504 4275 2701 4342 sedem
2721 4287 3101 4360 apostolicam
3120 4289 3424 4345 referatur.
3450 4289 3579 4360 ejus
3597 4286 3808 4356 solius,

2146 4372 2234 4429 vel
2266 4372 2440 4446 legati
2474 4375 2604 4445 ejus
2626 4375 2853 4445 judicio
2882 4375 3305 4432 deﬁniendum.
3329 4377 3457 4433 Tibi
3491 4376 3664 4449 plane
3709 4392 3810 4448 pe-

2069 4478 2118 4543 ])
2149 4462 2354 4520 culiari
2385 4463 2688 4520 devotione
2718 4465 3117 4532 concedimus,
3152 4470 3218 4521 ut
3248 4466 3307 4521 in
3355 4466 3805 4538 processionum

2156 4552 2591 4625 missarumque
2612 4550 2985 4609 solemnibus
2998 4554 3173 4610 mitra
3189 4555 3373 4610 utaris
3386 4552 3722 4626 episCOpali.
3745 4553 3811 4609 In

2152 4640 2462 4712 pracipuis
2492 4657 2625 4697 vero
2657 4639 3161 4711 festivitatibus,id
3175 4647 3265 4699 est
3280 4644 3337 4697 in
3352 4643 3639 4715 quinque,
3658 4658 3812 4715 quas

2151 4745 2476 4802 praeipuas
2506 4728 2757 4800 habetis,
2789 4735 2847 4785 et
2876 4731 2934 4785 in
2967 4730 3365 4803 Theophania,
3398 4737 3456 4787 et
3490 4732 3563 4787 ‘in
3592 4732 3809 4786 Ascen-

2149 4818 2333 4886 sione,
2368 4834 2472 4872 nec
2502 4835 2615 4873 non
2647 4824 2707 4873 et
2737 4818 2795 4873 in
2841 4818 3218 4876 Dedicatione
3262 4827 3471 4876 vestra
3516 4818 3839 4886 Ecclesia,-

2149 4904 2546 4974 dalmaticam,
2592 4906 2962 4964 ehirotheeas
3018 4912 3076 4963 et
3104 4909 3377 4965 sandalia
3421 4908 3707 4963 induaris.
3742 4907 3810 4963 Et

2147 4992 2258 5049 hoc
2283 4993 2355 5048 ad
2374 4998 2488 5048 tua
2507 4993 2808 5067 religionis
2821 4995 3171 5052 evidentiam
3205 5002 3380 5070 atque
3410 4996 3808 5053 ostensionem

2148 5085 2362 5137 nostra
2387 5080 2705 5153 peculiaris
2732 5082 3084 5154 dilectionis,
3108 5102 3285 5158 quam
3306 5103 3374 5142 ex
3404 5085 3541 5142 sede
3573 5088 3810 5157 aposto-

2149 5167 2268 5225 lica
2294 5170 2486 5243 magis
2499 5171 2724 5227 meritis
2739 5171 3111 5247 exigentibus
3132 5174 3505 5247 promereris.
3532 5174 3720 5229 Tuam
3735 5172 3810 5229 de

2149 5264 2361 5315 catero
2409 5260 2691 5316 condecet
2736 5263 3132 5334 sanctitatem,
3186 5263 3686 5336 quemadmodum
3733 5262 3809 5318 ab

2153 5346 2418 5402 Romana
2448 5346 2703 5405 Ecclesia
2733 5349 3047 5422 specialius
3066 5351 3405 5417 honoratur,
3429 5351 3511 5406 ita
3540 5350 3809 5423 ejusdem

2147 5434 2411 5495 Ecclesia
2426 5436 2677 5494 servitiis
2691 5444 2744 5495 et
2761 5438 3112 5499 utilitatibus
3125 5439 3808 5515 singulariterinsudare,

2145 5530 2438 5601 quatenus
2469 5529 2526 5585 et
2553 5525 2841 5589 hactenus
2861 5529 3026 5589 vobis
3058 5531 3131 5589 ab
3149 5530 3351 5591 eadem
3385 5528 3640 5591 Ecclesia
3665 5545 3804 5589 con-
