3998 6158
360 234 478 293 295

1566 304 1571 309 ν
1671 223 1740 283 Β.
1785 220 2176 307 URBANIII
2223 223 2474 283 PAPIE.

3646 226 3771 287 296

429 362 761 439 Scripsistis
800 360 970 420 nobis
1000 360 1321 419 maximum
1370 358 1524 432 apud
1545 372 1646 413 vos
1664 353 2009 412 scandalum
2037 353 2096 424 Α
2125 353 2236 427 sibi
2255 356 2325 412 ad
2336 355 2439 427 jus
2458 358 2716 413 vestrum
2745 356 3408 430 pertinentibus,prseter
3436 357 3770 430 synodales,

360 454 689 522 emersisse,
722 468 839 526 quo
867 451 1147 512 Pisanum
1196 450 1534 523 episcopum
1585 442 2008 501 consecraveri-

252 594 258 600 .
358 563 514 615 mus,
554 543 708 618 quod
754 560 789 598 a
831 540 1153 600 Guezelone
1196 535 1465 594 haeretico
1511 534 1795 590 diaconus
1822 532 2010 589 fuerat

357 636 684 694 ordinatus.
717 634 788 689 Et
816 648 921 687 nos
952 630 1206 703 profecto
1236 626 1457 682 scimus
1486 622 1868 680 Guezelonem
1898 621 2010 677 ha:-

356 725 605 783 reticum
633 717 1366 791 fuisse,Moguntinumque
1397 712 1800 787 episcopatum
1823 711 2009 768 Simo-

358 814 526 871 niaco
558 812 852 869 credimus
868 806 1120 864 facinore
1136 802 1422 860 invasisse
1451 805 1689 875 propter
1709 816 1884 873 quem
1907 803 2010 857 aut

356 902 539 960 alium
570 897 993 972 acquirendum
1014 893 1136 967 regi
1159 893 1269 949 sub
1290 890 1661 948 anathemate
1681 888 1873 963 posito
1902 888 2007 945 diu

316 1060 319 1064 ὶ
355 990 719 1054 servierat,et
747 987 982 1058 propter
1010 980 1363 1055 acquisitum
1390 980 1552 1037 omni
1580 979 1710 1036 vitae
1740 995 1847 1035 suo
1865 981 2007 1034 tem-

351 1095 491 1153 pore
531 1073 858 1135 deservivit.
890 1073 1175 1130 Eumdem
1226 1075 1284 1128 et
1330 1069 1443 1143 ipsi
1492 1085 1599 1126 nos
1647 1084 1752 1141 pro
1799 1066 2005 1124 eadem

352 1184 551 1236 causa,
583 1165 684 1239 qui
716 1165 789 1220 ab
819 1161 1339 1220 excommunicatis
1380 1162 1754 1216 consecratus
1801 1161 1910 1227 est,
1942 1157 2004 1213 in

350 1254 616 1328 synodali
649 1252 892 1311 concilio
919 1245 2001 1317 excommunicavimus,condemnavi-

349 1362 507 1416 mus,
539 1349 599 1402 et
626 1344 700 1402 ab
732 1343 892 1399 omni
925 1340 1316 1398 ecclesiastico
1341 1338 1531 1396 officio
1548 1337 1675 1394 sine
1705 1352 1809 1410 spe
1839 1334 2004 1393 resti-

348 1434 596 1493 tutionis
627 1433 826 1506 aliqua
844 1430 1249 1574 deposuim‘ilis.

1192 1520 1235 1574 Ι.

1192 1520 1235 1575 Ι.

352 1614 557 1673 Urbani
584 1614 636 1669 ΙΙ
658 1625 822 1685 papa?
863 1609 1220 1737 priviljgi‘i’tm
1260 1623 1363 1691 pro
1413 1605 1633 1662 abbatia
1679 1605 1735 1661 S.
1775 1604 2001 1662 Joannis

1059 1697 1089 1736 ε
1160 1695 1320 1735 meis.

1059 1697 1089 1736 ϐ
1115 1695 1320 1736 γιηθιδ.

974 1769 1161 1841 (Anno
1193 1766 1377 1839 1089.)

421 1865 522 1934 [Ds
550 1863 787 1934 Lousn,
804 1860 1039 1934 Histoire
1067 1856 1419 1934 de_l’Abbaye
1446 1853 1928 1934 royalgAde‘Saint-

592 1927 1098 2000 Jean-des-i'ignes,
1132 1927 1402 1997 Preuves,
1437 1927 1567 2001 pag.
1599 1927 1752 1998 281.]

417 2047 694 2104 URBANUS
724 2042 1057 2114 episcopus,
1091 2053 1294 2095 servus
1326 2051 1627 2092 servorum
1659 2030 2003 2100 Dei,charis-

344 2135 493 2193 simo
523 2132 687 2190 fratri
712 2127 1176 2198 Roosno,abbati
1197 2124 1487 2183 canonice
1508 2122 1705 2179 Sancti
1731 2120 2000 2189 Joannis,

344 2224 446 2298 qui
505 2219 955 2295 cognominatur
1010 2216 1074 2272 de
1137 2216 1338 2281 Vincis,
1375 2214 1547 2286 juxta
1604 2210 2001 2291 Suessionem,

342 2313 739 2383 fratribusque
768 2307 988 2364 ibidem
1011 2305 1120 2363 sub
1138 2303 1341 2378 regula
1361 2302 1514 2359 beati
1534 2300 1849 2375 Augustini
1873 2317 2004 2358 con-

343 2401 565 2461 stitutis
622 2403 681 2458 et
738 2394 1164 2455 constituendis
1212 2392 1464 2450 salutem
1513 2394 1571 2448 et
1617 2390 2001 2464 apostolicam

341 2488 826 2549 benedictionem.

412 2581 443 2637 J
452 2579 603 2637 ustis
629 2577 780 2634 votis
810 2589 1118 2631 assensum
1150 2572 1425 2645 praebere,
1451 2568 1748 2642 justisque
1779 2569 2001 2642 petitio-

345 2669 520 2726 nibus
549 2682 721 2724 aures
747 2663 1187 2720 accommodare
1234 2676 1344 2717 nos
1393 2658 1683 2727 convenit,
1711 2658 1832 2730 qui,
1864 2657 2000 2714 licet

344 2756 595 2831 indigni,
637 2753 888 2827 justitiaa
937 2767 1250 2825 praecones,
1285 2753 1459 2822 atque
1508 2748 1781 2804 custodes
1811 2747 1871 2803 in
1902 2764 1999 2804 ex-

345 2847 501 2904 celsa
530 2842 929 2919 apostolorum
961 2840 1112 2897 Petri
1154 2843 1212 2895 et
1256 2836 1421 2893 Pauli
1470 2834 1728 2909 speculo,
1760 2836 1994 2909 dispen-

344 2935 570 2994 satione
596 2949 804 2990 sumus
834 2930 1036 2987 divina
1064 2926 1386 2986 constituti.
1422 2925 1571 2992 Quia
1597 2925 1777 2999 igitur
1821 2924 1999 2997 inspi-

342 3029 508 3083 rante
537 3022 795 3090 domino,
829 3019 1045 3076 dictam
1078 3016 1421 3074 canonicam
1465 3015 1788 3071 secundum
1840 3014 1993 3070 beati

339 3112 652 3189 Augustini
679 3109 941 3184 regulam
963 3106 1443 3181 delegistis,bono
1464 3121 1530 3161 ac
1561 3102 1842 3159 laudabili
1864 3107 1992 3159 voto
2026 3096 2068 3164 C

342 3202 645 3261 devotione
676 3199 871 3257 debita
900 3196 1419 3271 congaudemus,et
1446 3197 1511 3249 ut
1538 3191 1834 3249 laudabile
1867 3209 1994 3265 pro-

343 3292 602 3365 positum
633 3286 1024 3346 laudabiliora
1049 3285 1487 3357 subsequantur
1506 3281 1866 3337 incrementa
1896 3298 1995 3354 pa-

340 3384 509 3438 terna
563 3395 666 3435 vos
724 3376 1046 3461 sectione,
1080 3378 1145 3430 ut
1201 3372 1354 3429 filios
1395 3371 1798 3439 charissimos,
1857 3386 1994 3426 cum

341 3467 619 3526 omnibus
645 3458 1007 3539 appendiciis
1035 3460 1269 3531 vestris,
1300 3461 1410 3518 sub
1439 3459 1796 3534 protectione
1836 3458 1993 3515 sedis

230 3606 241 3617 .
342 3555 673 3630 apostolica:
704 3552 1082 3625 suscipimus,
1114 3554 1173 3606 et
1210 3547 1411 3621 scripti
1458 3546 1643 3604 nostri
1691 3546 1993 3620 privilegio

344 3642 783 3701 communimus
816 3657 830 3697 :
864 3642 1185 3696 statuentes
1234 3637 1529 3710 siquidem
1560 3638 1620 3693 in
1652 3636 1880 3709 primis,
1931 3640 1995 3692 ut

341 3731 571 3790 ordinis
635 3729 813 3786 vestri
870 3727 1160 3786 canonicis
1217 3725 1614 3782 institutiones
1667 3723 1992 3781 secundum

342 3821 527 3879 Deum
585 3823 643 3878 et
698 3818 853 3876 beati
897 3814 1211 3890 Augustini
1257 3813 1544 3889 regulam,
1580 3814 1877 3888 perpetuis
1932 3813 1993 3869 in

343 3909 590 3967 ecclesia
615 3912 810 3965 vestra
851 3901 1654 3980 temporibus,inviolabiliter
1684 3904 1992 3961 observen-

342 4003 439 4056 tur
470 4016 485 4056 :
518 4001 799 4072 praeterea
826 4012 1231 4071 quascumque
1261 3992 1683 4067 possessiones,
1718 4010 1991 4066 quaecun-

344 4105 460 4161 que
490 4085 738 4156 bona,in
770 4088 1034 4142 futurum
1065 4083 1151 4140 vel
1184 4099 1412 4157 regum,
1445 4085 1618 4155 atque
1649 4082 1992 4155 pontificum

343 4175 711 4245 liberalitate;
743 4175 828 4232 vel
862 4173 1153 4231 oblatione
1192 4172 1451 4230 fidelium
1484 4171 1746 4245 poteritis
1777 4172 1993 4244 adipis-

342 4267 392 4322 ci
424 4266 605 4338 (salva
632 4263 1094 4321 dioecesanorum
1142 4262 1337 4318 debita
1385 4261 1726 4332 reverentia)
1767 4261 1996 4334 integra

339 4353 504 4410 vobis
533 4353 858 4425 vestrisque
908 4350 1371 4425 possessoribus,
1404 4352 1460 4405 et
1495 4349 1718 4405 illibata
1764 4366 1992 4422 perma-

2028 1728 2077 1793 B

2116 442 2289 501 liceat
2316 445 2536 519 aliquid
2567 446 2813 519 exigere,
2845 445 3110 519 nullique
3138 446 3310 503 liceat
3339 462 3548 504 novam
3582 448 3773 505 eccle-

2117 532 2266 590 siam
2289 534 2375 590 vel
2407 536 2624 592 atrium
2643 537 2796 593 intra
2817 536 3099 593 terminos
3119 535 3531 609 parochiarum
3550 542 3775 597 vestra-

2117 640 2270 691 rum,
2303 623 2431 681 sine
2459 629 2650 682 vestro
2681 629 2740 682 et
2768 626 3023 699 episcOpi
3063 626 3240 683 vestri
3289 642 3603 695 consensu,
3631 642 3772 683 con-

2117 712 2378 770 stituere.
2408 714 2733 771 Statuimus
2762 715 2939 772 etiam
2970 716 3125 788 quod
3159 711 3545 788 parochianos
3584 715 3772 773 eccle-

2116 801 2338 859 siarum
2368 807 2696 860 vestrarum
2751 803 2876 861 sine
2924 804 3348 877 parochialium
3394 805 3769 863 sacerdotum

2114 907 2427 962 consensu,
2479 892 2626 949 nulli
2672 893 2844 950 liceat
2890 893 3155 966 sepelire,
3188 894 3275 950 vel
3306 910 3506 951 servos
3542 898 3771 953 vestros

2115 982 2242 1039 sine
2270 999 2560 1039 consensu
2590 986 2782 1040 vestro
2814 983 2874 1039 in
2903 984 3141 1041 fratrem
3188 983 3464 1056 recipere.
3516 982 3766 1040 Interdi-

2113 1071 2305 1127 cimus
2334 1070 2511 1128 etiam
2542 1088 2612 1128 ne
2642 1072 2858 1144 aliquis
2894 1073 3179 1130 terminos
3230 1072 3643 1146 parochiarum
3692 1073 3768 1130 de

2113 1159 2262 1217 laica
2282 1160 2371 1218 vel
2402 1160 2794 1218 ecclesiastica
2824 1178 3025 1231 manu,
3058 1161 3185 1219 sine
3232 1178 3523 1220 consensu
3570 1166 3764 1219 vestro

2112 1249 2373 1323 recipiat.
2406 1249 2467 1307 Si
2496 1267 2675 1323 quam
2705 1251 2881 1307 etiam
2911 1254 3125 1307 terram
3174 1252 3246 1307 de
3293 1267 3413 1323 qua
3457 1251 3622 1308 vobis
3659 1252 3759 1308 de-

2111 1340 2265 1396 cima
2292 1339 2593 1397 consuevit
2621 1338 2856 1409 exsolvi,
2874 1341 2946 1396 ad
2978 1339 3152 1396 aliam
3184 1356 3427 1397 manum
3448 1340 3765 1397 transferre

2110 1428 2448 1503 contigerit;
2510 1427 2893 1486 nihilominus
2948 1428 3083 1486 inde
3137 1429 3301 1487 vobis
3366 1430 3595 1487 decima
3658 1428 3767 1487 tri-

2110 1518 2346 1576 buatur.
2394 1519 2546 1575 Sane
2595 1517 2890 1575 novalium
2940 1522 3267 1576 vestrorum
3317 1535 3465 1592 quos
3508 1516 3762 1592 propriis

2109 1606 2387 1663 manibus
2414 1606 2502 1663 vel
2530 1606 2866 1680 sumptibus
2895 1606 3106 1673 colitis,
3136 1607 3394 1665 decimas
3424 1623 3594 1664 nemo
3624 1624 3768 1680 pra:-

2110 1701 2306 1752 sumat
2345 1697 2591 1769 exigere.
2627 1696 3008 1753 Decernimus
3038 1697 3219 1769 igitur
3246 1702 3314 1754 ut
3345 1695 3490 1753 nulli
3521 1696 3763 1752 omnino

2112 1786 2282 1843 liceat
2310 1791 2503 1843 vestra
2531 1784 2615 1840 vel
2649 1786 2893 1853 auferre,
2916 1784 3002 1842 vel
3036 1785 3335 1858 aliquibus
3359 1778 3760 1842 exactionibus

2110 1876 2406 1932 infestare.
2450 1876 2622 1931 Porro
2672 1875 2720 1931 si
2769 1876 2903 1947 quis
2953 1875 3061 1930 hoc
3109 1874 3493 1948 provilegium
3544 1865 3758 1930 nostra;

2112 1965 2433 2021 sanctionis
2458 1963 2763 2021 temerario
2785 1981 2931 2019 ausu
2954 1964 3270 2036 infringere
3300 1962 3758 2036 praesumpserit,

2112 2072 2146 2111 a
2174 2054 2385 2110 Christi
2418 2071 2549 2110 cum
2581 2057 2638 2110 et
2666 2053 2933 2110 Ecclesia:
2963 2070 3200 2126 corpore
3231 2067 3607 2126 segregamus
3652 2069 3758 2108 au-

2111 2144 2380 2201 ctoritate
2408 2141 2761 2216 apostolica;
2801 2143 3282 2199 conservantibus
3320 2147 3517 2199 autem
3565 2158 3675 2216 pax
3724 2158 3761 2198 a

2111 2234 2357 2291 Domino
2435 2238 2493 2289 et
2573 2231 2972 2289 misericordia
3045 2235 3479 2289 conserventur.
3548 2236 3758 2299 Amen,

2111 2338 2305 2390 amen,
2339 2338 2531 2377 amen.

2180 2412 2394 2469 Datum
2426 2411 2619 2468 Romae
2650 2428 2755 2484 per
2780 2427 2992 2467 manus
3020 2411 3285 2479 Joannis,
3309 2414 3525 2468 sancta:
3553 2409 3763 2467 Roma-

2110 2518 2196 2558 nm
2225 2500 2491 2558 Ecclesiae
2524 2501 2753 2557 diaconi
2784 2500 3100 2557 cardinalis
3123 2505 3181 2557 et
3208 2499 3763 2575 prosignatoris,Do-

2109 2591 2340 2648 minicaa
2370 2590 2658 2646 Incarnat.
2693 2589 3002 2646 millesimo
3033 2589 3430 2663 octuagesimo
3460 2605 3633 2658 nono,
3669 2590 3760 2645 in-

2106 2680 2243 2737 diot.
2277 2696 2377 2747 xu,
2410 2696 2472 2736 III
2506 2678 2704 2735 Idibus
2746 2678 2900 2747 Jan.,
2935 2695 3087 2735 anno
3135 2679 3511 2751 pontificatus
3552 2677 3756 2734 damni

2109 2768 2325 2825 Urbani
2357 2768 2568 2842 primo.

2859 2884 3004 2940 XIII.

2203 2995 2224 3018 ¹
2260 2992 2508 3049 Urbanus
2539 2991 2605 3063 II,
2637 2992 2966 3063 monasterio
2997 2990 3050 3045 S.
3090 2992 3314 3047 Victoris
3343 2989 3670 3047 Massiliensi

2711 3062 2917 3118 bullam
2938 3063 3150 3118 tribuit.

2729 3146 2917 3212 (Anno
2950 3142 3129 3214 1089).

2137 3232 2303 3305 [Vide
2332 3232 2630 3289 MABILLON
2662 3235 2719 3288 et
2751 3231 3053 3374 1111111?ng
3075 3233 3353 3301 Ouvrages
3382 3229 3711 3302 posthumes,

2858 3417 2999 3475 XIV.

2106 3520 2313 3577 Urbani
2340 3520 2390 3574 11
2417 3518 2645 3590 epistola
2674 3514 2746 3572 ad
2776 3495 3103 3589 Gaufridnm
3134 3516 3595 3590 Constantjensqn
3636 3513 3755 3590 cpi:

2171 3606 2410 3663 scapum.
2441 3586 2530 3630 ’-
2574 3586 2948 3663 Ρετίαρςιπιέ
2989 3589 3320 3644 monasterio
3370 3586 3761 3663 Schaﬂiusensi

2170 3659 2333 3717 tertio
2360 3662 2605 3717 revocari
2631 3659 2878 3726 mandat,
2909 3663 2964 3715 et
3001 3675 3200 3732 parere
3246 3661 3580 3715 recusantem
3614 3672 3753 3712 ana-

2172 3734 2401 3789 themati
2430 3731 2618 3788 tradit.

2732 3820 2919 3889 (Anno
2956 3818 3135 3889 1089.)

2530 3909 2757 3977 [MANSI,
2790 3909 2995 3965 Concil.
3028 3907 3140 3975 ΧΧ,
3174 3908 3325 3978 707.]

2174 3999 2475 4068 υιωΑΝυε,
2508 3998 2819 4070 episcopus
2852 4014 3055 4055 servus
3083 4012 3387 4053 servorum
3420 3994 3541 4063 Dei,
3574 3993 3754 4051 dilec-

2103 4095 2159 4146 to
2191 4088 2353 4145 fratri
2383 4094 2441 4145 et
2471 4087 2796 4161 cmpiscopo
2816 4087 3115 4143 Gaurmno
3144 4084 3573 4142 Constantiensi
3603 4082 3758 4141 salu-

2100 4185 2220 4236 tem
2251 4182 2308 4234 et
2333 4176 2717 4250 apostolicam
2746 4175 3232 4232 benedictionem.

2174 4266 2601 4323 Dilectissimus
2632 4266 2787 4322 filius
2818 4268 3016 4323 noster
3042 4264 3109 4320 N.
3139 4267 3497 4335 conquestus
3530 4265 3619 4319 est
3649 4278 3752 4319 no-

2101 4356 2193 4414 bis
2214 4356 2372 4429 quod
2402 4355 2643 4428 quidam
2674 4354 3023 4423 vir,nomine
3052 4354 3144 4421 N.,
3180 4357 3493 4426 postquam
3524 4368 3588 4408 se
3616 4368 3755 4408 sua-

341 4442 905 4536 neant.A.dji-cientes
931 4444 1211 4536 praeterea
1237 4437 1643 4536 interdicimus
1674 4454 1747 4536 ne
1778 4437 1992 4536 aliquis
2024 4470 2070 4536 Β
2103 4463 2215 4519 que
2246 4444 2444 4501 omnia
2475 4460 2653 4517 super
2681 4443 2862 4500 altare
2889 4442 3122 4499 Domini
3154 4440 3474 4499 Salvatoris
3502 4444 3597 4497 -et'
3621 4456 3746 4496 om-

342 4528 639 4587 saacularis
669 4529 727 4583 in
758 4526 1189 4601 parochialibus
1238 4524 1497 4582 ecclesiis
1533 4526 1744 4582 vestris
1774 4526 1992 4583 substi-

340 4622 542 4676 tuatur
571 4617 891 4692 presbyter,
925 4616 1037 4673 nisi
1087 4615 1189 4688 qui
1236 4615 1307 4671 ab
1358 4613 1566 4697 abbate
1611 4619 1823 4685 vestro,
1857 4632 1991 4672 cum

341 4724 633 4767 consensu
664 4705 905 4781 capituli
930 4705 1130 4775 vestri,
1160 4705 1488 4761 dioecesano
1532 4704 1709 4761 fuerit
1738 4722 1989 4777 praesen-

341 4803 500 4857 tatus
531 4797 825 4872 episcopo.
858 4794 1036 4851 Vobis
1066 4798 1260 4852 autem
1305 4793 1544 4849 claustri
1596 4794 1769 4849 vestri
1819 4811 1992 4850 cano-

341 4888 473 4945 nico
504 4904 607 4962 per
627 4883 990 4960 parochiales
1036 4883 1310 4939 ecclesias
1358 4887 1581 4939 vestras
1623 4882 1795 4938 liceat
1836 4885 1990 4940 ordi-

342 4994 502 5035 nare.
535 4973 810 5033 Praesenti
840 4975 1017 5030 etiam
1049 4974 1277 5029 decreto
1306 4972 1626 5029 statuimus
1651 4977 1715 5028 ut
1746 4972 1889 5028 nulli
1911 4989 1996 5030 ec-

342 5064 652 5123 clesiastici
682 5063 908 5122 ordinis
929 5060 1305 5137 personagvel
1337 5078 1371 5118 a
1399 5061 1586 5130 vobis,
1619 5060 1707 5119 vel
1730 5062 1802 5118 ab
1818 5063 1995 5119 eccle-

341 5189 668 5273 Moguntini
700 5188 1120 5273 archiepiscopi
1142 5184 1432 5270 demortui
1463 5202 1993 5273 successorem,seu

340 5258 538 5334 potius
568 5258 919 5334 Moguntinai
963 5258 1245 5334 ecclesiq
1267 5258 1597 5314 invasorem
1628 5258 1729 5334 ab_
1749 5259 1993 5315 Henrico

342 5329 477 5414 rege
507 5329 1083 5414 intr-usummt'patet
1108 5347 1178 5387 ex
1210 5331 1443 5414 iisoquze
1472 5346 1653 5414 supra
1674 5329 1830 5413 dicta
1857 5334 1997 5414 sunt

341 5400 689 5476 in'concilio
706 5400 1466 5476 Quintiliueburgepsijsub
1511 5400 1793 5476 Gregorio
1802 5401 1995 5476 _s_ep_t_i-

343 5491 461 5531 mo.
488 5473 610 5555 _Nec
640 5474 838 5532 obstat
881 5474 1046 5555 quod.
1087 5471 1243 5549 apud
1287 5471 1742 5555 Urspergengem
1773 5471 1996 5555 Wecilo

343 5543 700 5617 nominetur,
732 5543 918 5621 quem
954 5543 1222 5607 Urbanus
1272 5543 1425 5624 papa
1469 5543 1563 5605 hic
1613 5543 1994 5604 Guezeloncm

2103 4534 2268 4591 nium
2300 4541 2634 4591 sanctorum
2669 4533 2728 4589 in
2756 4533 3119 4589 Scbafbusen
3142 4530 3449 4599 obtulerat,
3474 4531 3756 4587 instinctu

2103 4621 2321 4680 diaboli
2352 4622 2736 4696 apostatando
2759 4638 2822 4678 se
2850 4638 3077 4693 suaque
3092 4622 3165 4677 ab
3183 4620 3386 4691 eodem
3402 4618 3756 4676 monasterio

2104 4712 2356 4785 alienare
2386 4709 2844 4785 praesumpserit.
2877 4709 3165 4767 Volumus
3195 4712 3593 4781 ergo,tua:que
3614 4707 3757 4764 cha-

2097 4784 2257 4858 ritati
2306 4800 2694 4873 injungimus,
2746 4803 2813 4855 ut
2859 4799 3133 4855 eumdem
3186 4798 3379 4854 virum
3429 4797 3753 4853 secundum

2101 4889 2492 4963 evangelicam
2520 4888 2927 4944 auctoritatem
2960 4888 3215 4943 secundo
3261 4890 3320 4942 et
3365 4886 3535 4943 tertio
3573 4901 3761 4941 ωηο-⁷

2103 4980 2229 5035 nice
2260 4982 2325 5033 ut
2355 4981 2674 5033 revertatur
2703 4994 3098 5033 commoneas.
3129 4974 3190 5033 Si
3218 4976 3545 5049 vero,quod
3578 4975 3750 5041 absit,

2102 5070 2161 5124 in
2193 5066 2475 5140 pravitate
2506 5083 2614 5122 sua
2646 5066 2986 5138 perstiterit,
3018 5070 3080 5121 tu
3128 5065 3188 5121 in
3238 5069 3512 5138 promptu
3552 5063 3753 5119 ulcisci

2104 5190 2403 5274 appellat:
2437 5206 2574 5272 nam
2608 5188 2892 5273 familiare
2921 5195 3010 5247 est
3038 5189 3218 5273 Gallis
3268 5189 3518 5262 aliisque
3549 5187 3752 5274 patio-

2104 5258 2279 5319 nibus
2316 5266 2381 5316 ut
2412 5262 2652 5345 nomina
2698 5262 2921 5345 omnia
2946 5262 3199 5345 propria,
3232 5278 3361 5334 qua:
3413 5258 3567 5344 apud
3615 5258 3756 5345 (ier-

2106 5350 2311 5389 manos
2340 5332 2679 5387 scribuntur
2722 5332 2784 5387 in
2837 5329 3123 5407 principio
3168 5329 3271 5405 per
3299 5329 3600 5405 geminum
3631 5329 3757 5397 W.,

2106 5404 2219 5477 ipsi
2288 5403 2556 5477 print-am
2610 5403 2867 5477 litteram
2922 5404 2985 5477 AV
3050 5406 3110 5462 in
3146 5410 3214 5477 VG
3267 5405 3657 5477 convertantL
3693 5419 3757 5460 a-

2105 5423 2219 5477 lpSl
2288 5423 2539 5477 prun-am
2610 5423 2867 5462 ιιιιθτιιω
2947 5423 2977 5460 ν
3050 5423 3110 5462 1n
3167 5423 3214 5459 li
3273 5423 3631 5471 convertant,
3693 5423 3754 5460 a-

2104 5477 2326 5554 deoque
2357 5491 2458 5549 pro
2482 5473 2792 5534 Wezelone
2821 5474 3105 5554 scriptum
3132 5474 3308 5535 fuerit
3338 5474 3602 5535 Guezelo.
3623 5474 3754 5532 Ssv.

2105 5548 2231 5611 Bm.
