  <div class='ocr_page' id='page_1' title='image "/cluster/home/n/w/nwhite01/storage/ocr_20150623/151/hvd.32044054760095/154.png"; bbox 0 0 3998 6158; ppageno 0'>
   <div class='ocr_carea' id='block_1_1' title="bbox 192 333 313 393">
    <p class='ocr_par' dir='ltr' id='par_1_1' title="bbox 192 333 313 393">
     <span class='ocr_line' id='line_1_1' title="bbox 192 333 313 393; baseline -0.025 0"><span class='ocrx_word' id='word_1_1' title='bbox 192 333 313 393; x_wconf 80' lang='lat'><strong>297</strong></span> 
     </span>
    </p>
   </div>
   <div class='ocr_carea' id='block_1_2' title="bbox 1409 339 2478 403">
    <p class='ocr_par' dir='ltr' id='par_1_2' title="bbox 1409 339 2478 403">
     <span class='ocr_line' id='line_1_2' title="bbox 1409 339 2478 403; baseline 0.002 -3"><span class='ocrx_word' id='word_1_2' title='bbox 1409 339 1816 402; x_wconf 66' lang='lat' dir='ltr'>EPISTOLzE</span> <span class='ocrx_word' id='word_1_3' title='bbox 1862 342 1959 403; x_wconf 85' lang='lat' dir='ltr'>ET</span> <span class='ocrx_word' id='word_1_4' title='bbox 2004 340 2129 401; x_wconf 78' lang='lat' dir='ltr'>PRI</span> <span class='ocrx_word' id='word_1_5' title='bbox 2141 342 2215 403; x_wconf 88' lang='lat' dir='ltr'><strong>VI</strong></span> <span class='ocrx_word' id='word_1_6' title='bbox 2228 342 2478 403; x_wconf 87' lang='lat' dir='ltr'>LEGIA.</span> 
     </span>
    </p>
   </div>
   <div class='ocr_carea' id='block_1_3' title="bbox 3484 345 3602 403">
    <p class='ocr_par' dir='ltr' id='par_1_3' title="bbox 3484 345 3602 403">
     <span class='ocr_line' id='line_1_3' title="bbox 3484 345 3602 403; baseline -0.008 0"><span class='ocrx_word' id='word_1_7' title='bbox 3484 345 3602 403; x_wconf 73' lang='lat'>298</span> 
     </span>
    </p>
   </div>
   <div class='ocr_carea' id='block_1_4' title="bbox 194 458 3602 549">
    <p class='ocr_par' dir='ltr' id='par_1_4' title="bbox 194 458 3602 549">
     <span class='ocr_line' id='line_1_4' title="bbox 194 458 3602 549; baseline 0.003 -27"><span class='ocrx_word' id='word_1_8' title='bbox 194 468 422 525; x_wconf 88' lang='lat' dir='ltr'>habens</span> <span class='ocrx_word' id='word_1_9' title='bbox 451 485 686 527; x_wconf 86' lang='lat' dir='ltr'>omnem</span> <span class='ocrx_word' id='word_1_10' title='bbox 718 470 1173 529; x_wconf 89' lang='lat' dir='ltr'>inobedientiam</span> <span class='ocrx_word' id='word_1_11' title='bbox 1198 490 1301 545; x_wconf 90' lang='lat' dir='ltr'>pro</span> <span class='ocrx_word' id='word_1_12' title='bbox 1323 474 1499 529; x_wconf 83' lang='lat' dir='ltr'>oflicii</span> <span class='ocrx_word' id='word_1_13' title='bbox 1534 475 1620 528; x_wconf 88' lang='lat' dir='ltr'>tui</span> <span class='ocrx_word' id='word_1_14' title='bbox 1653 473 1847 531; x_wconf 89' lang='lat' dir='ltr'>debito</span> <span class='ocrx_word' id='word_1_15' title='bbox 1876 483 1932 549; x_wconf 74' lang='grc' dir='ltr'><strong>Α</strong></span> <span class='ocrx_word' id='word_1_16' title='bbox 2032 475 2265 539; x_wconf 89' lang='lat' dir='ltr'>Quarto.</span> <span class='ocrx_word' id='word_1_17' title='bbox 2298 476 2474 530; x_wconf 89' lang='lat' dir='ltr'>Porro</span> <span class='ocrx_word' id='word_1_18' title='bbox 2497 476 2567 531; x_wconf 91' lang='lat' dir='ltr'>de</span> <span class='ocrx_word' id='word_1_19' title='bbox 2584 458 2823 532; x_wconf 75' lang='lat' dir='ltr'>clericis&#39;</span> <span class='ocrx_word' id='word_1_20' title='bbox 2852 476 2953 548; x_wconf 86' lang='lat' dir='ltr'>qui</span> <span class='ocrx_word' id='word_1_21' title='bbox 2974 478 3046 532; x_wconf 91' lang='lat' dir='ltr'>ab</span> <span class='ocrx_word' id='word_1_22' title='bbox 3084 478 3602 533; x_wconf 84' lang='lat' dir='ltr'>excommunicatis</span> 
     </span>
    </p>
   </div>
   <div class='ocr_carea' id='block_1_5' title="bbox 191 556 1849 635">
    <p class='ocr_par' dir='ltr' id='par_1_5' title="bbox 191 556 1849 635">
     <span class='ocr_line' id='line_1_5' title="bbox 191 556 1849 635; baseline 0.004 -24"><span class='ocrx_word' id='word_1_23' title='bbox 191 556 460 630; x_wconf 80' lang='lat' dir='ltr'>gladium</span> <span class='ocrx_word' id='word_1_24' title='bbox 484 560 1106 617; x_wconf 80' lang='lat' dir='ltr'>excommunicationis</span> <span class='ocrx_word' id='word_1_25' title='bbox 1129 563 1185 617; x_wconf 90' lang='lat' dir='ltr'>in</span> <span class='ocrx_word' id='word_1_26' title='bbox 1212 562 1372 618; x_wconf 79' lang='lat' dir='ltr'>illuni</span> <span class='ocrx_word' id='word_1_27' title='bbox 1407 563 1712 635; x_wconf 85' lang='lat' dir='ltr'>evaginare</span> <span class='ocrx_word' id='word_1_28' title='bbox 1735 580 1849 618; x_wconf 92' lang='lat' dir='ltr'>non</span> 
     </span>
    </p>
   </div>
   <div class='ocr_carea' id='block_1_6' title="bbox 192 645 1849 725">
    <p class='ocr_par' dir='ltr' id='par_1_6' title="bbox 192 645 1849 725">
     <span class='ocr_line' id='line_1_6' title="bbox 192 645 1849 725; baseline 0.004 -24"><span class='ocrx_word' id='word_1_29' title='bbox 192 645 527 715; x_wconf 69' lang='lat' dir='ltr'>differas,ut</span> <span class='ocrx_word' id='word_1_30' title='bbox 556 648 606 704; x_wconf 90' lang='lat' dir='ltr'>si</span> <span class='ocrx_word' id='word_1_31' title='bbox 628 647 755 721; x_wconf 90' lang='lat' dir='ltr'>ipse</span> <span class='ocrx_word' id='word_1_32' title='bbox 782 649 1196 724; x_wconf 88' lang='lat' dir='ltr'>ineorrigibilis</span> <span class='ocrx_word' id='word_1_33' title='bbox 1227 652 1636 725; x_wconf 85' lang='lat' dir='ltr'>permanserit,</span> <span class='ocrx_word' id='word_1_34' title='bbox 1661 652 1849 707; x_wconf 64' lang='lat' dir='ltr'>caeteri</span> 
     </span>
    </p>
   </div>
   <div class='ocr_carea' id='block_1_7' title="bbox 192 734 1850 813">
    <p class='ocr_par' dir='ltr' id='par_1_7' title="bbox 192 734 1850 813">
     <span class='ocr_line' id='line_1_7' title="bbox 192 734 1850 813; baseline 0.004 -23"><span class='ocrx_word' id='word_1_35' title='bbox 192 734 469 792; x_wconf 79' lang='lat' dir='ltr'>timorem</span> <span class='ocrx_word' id='word_1_36' title='bbox 492 736 763 794; x_wconf 79' lang='lat' dir='ltr'>habeant.</span> <span class='ocrx_word' id='word_1_37' title='bbox 799 740 1053 797; x_wconf 86' lang='lat' dir='ltr'>Labores</span> <span class='ocrx_word' id='word_1_38' title='bbox 1082 746 1139 796; x_wconf 91' lang='lat' dir='ltr'>et</span> <span class='ocrx_word' id='word_1_39' title='bbox 1165 741 1469 813; x_wconf 84' lang='lat' dir='ltr'>angustias</span> <span class='ocrx_word' id='word_1_40' title='bbox 1499 740 1850 797; x_wconf 82' lang='lat' dir='ltr'>universalis</span> 
     </span>
    </p>
   </div>
   <div class='ocr_carea' id='block_1_8' title="bbox 191 825 1846 904">
    <p class='ocr_par' dir='ltr' id='par_1_8' title="bbox 191 825 1846 904">
     <span class='ocr_line' id='line_1_8' title="bbox 191 825 1846 904; baseline 0.004 -25"><span class='ocrx_word' id='word_1_41' title='bbox 191 825 406 880; x_wconf 79' lang='lat' dir='ltr'>matris</span> <span class='ocrx_word' id='word_1_42' title='bbox 436 825 712 883; x_wconf 69' lang='lat' dir='ltr'>Romanis</span> <span class='ocrx_word' id='word_1_43' title='bbox 755 828 1019 884; x_wconf 74' lang='lat' dir='ltr'>Ecclesiae</span> <span class='ocrx_word' id='word_1_44' title='bbox 1064 830 1171 885; x_wconf 90' lang='lat' dir='ltr'>tibi</span> <span class='ocrx_word' id='word_1_45' title='bbox 1224 835 1505 904; x_wconf 85' lang='lat' dir='ltr'>tanquam</span> <span class='ocrx_word' id='word_1_46' title='bbox 1538 830 1694 886; x_wconf 85' lang='lat' dir='ltr'>ﬁdeli</span> <span class='ocrx_word' id='word_1_47' title='bbox 1730 830 1846 886; x_wconf 87' lang='lat' dir='ltr'>lilio</span> 
     </span>
    </p>
   </div>
   <div class='ocr_carea' id='block_1_9' title="bbox 187 914 1349 991">
    <p class='ocr_par' dir='ltr' id='par_1_9' title="bbox 187 914 1349 991">
     <span class='ocr_line' id='line_1_9' title="bbox 187 914 1349 991; baseline 0.004 -22"><span class='ocrx_word' id='word_1_48' title='bbox 187 914 700 972; x_wconf 85' lang='lat' dir='ltr'>commendamus.</span> <span class='ocrx_word' id='word_1_49' title='bbox 733 916 862 973; x_wconf 93' lang='lat' dir='ltr'>Dat.</span> <span class='ocrx_word' id='word_1_50' title='bbox 889 919 1084 974; x_wconf 80' lang='lat' dir='ltr'>Romae</span> <span class='ocrx_word' id='word_1_51' title='bbox 1106 937 1140 974; x_wconf 88' lang='lat' dir='ltr'><strong>x</strong></span> <span class='ocrx_word' id='word_1_52' title='bbox 1167 918 1349 991; x_wconf 86' lang='lat' dir='ltr'>April.</span> 
     </span>
    </p>
   </div>
   <div class='ocr_carea' id='block_1_10' title="bbox 963 1025 1077 1082">
    <p class='ocr_par' dir='ltr' id='par_1_10' title="bbox 963 1025 1077 1082">
     <span class='ocr_line' id='line_1_10' title="bbox 963 1025 1077 1082; baseline -0.009 -1"><span class='ocrx_word' id='word_1_53' title='bbox 963 1025 1077 1082; x_wconf 80' lang='lat' dir='ltr'>XV.</span> 
     </span>
    </p>
   </div>
   <div class='ocr_carea' id='block_1_11' title="bbox 195 1110 1853 1186">
    <p class='ocr_par' dir='ltr' id='par_1_11' title="bbox 195 1110 1853 1186">
     <span class='ocr_line' id='line_1_11' title="bbox 195 1110 1853 1186; baseline 0.001 -18"><span class='ocrx_word' id='word_1_54' title='bbox 195 1110 413 1186; x_wconf 60' lang='lat' dir='ltr'>Urbani</span> <span class='ocrx_word' id='word_1_55' title='bbox 442 1113 497 1186; x_wconf 83' lang='lat' dir='ltr'>I_I</span> <span class='ocrx_word' id='word_1_56' title='bbox 530 1114 763 1183; x_wconf 78' lang='lat' dir='ltr'>epistola</span> <span class='ocrx_word' id='word_1_57' title='bbox 796 1130 867 1169; x_wconf 71' lang='lat' dir='ltr'>ex</span> <span class='ocrx_word' id='word_1_58' title='bbox 908 1114 1114 1185; x_wconf 62' lang='lat' dir='ltr'>synodo</span> <span class='ocrx_word' id='word_1_59' title='bbox 1149 1116 1394 1170; x_wconf 80' lang='lat' dir='ltr'>Romana</span> <span class='ocrx_word' id='word_1_60' title='bbox 1421 1117 1625 1186; x_wconf 75' lang='lat' dir='ltr'>scripta</span> <span class='ocrx_word' id='word_1_61' title='bbox 1656 1115 1726 1170; x_wconf 83' lang='lat' dir='ltr'>ad</span> <span class='ocrx_word' id='word_1_62' title='bbox 1758 1114 1853 1169; x_wconf 81' lang='lat' dir='ltr'>Ge-</span> 
     </span>
    </p>
   </div>
   <div class='ocr_carea' id='block_1_12' title="bbox 261 1182 1851 1258">
    <p class='ocr_par' dir='ltr' id='par_1_12' title="bbox 261 1182 1851 1258">
     <span class='ocr_line' id='line_1_12' title="bbox 261 1182 1851 1258; baseline 0.003 -22"><span class='ocrx_word' id='word_1_63' title='bbox 261 1182 570 1258; x_wconf 57' lang='lat' dir='ltr'>beltardum</span> <span class='ocrx_word' id='word_1_64' title='bbox 641 1182 977 1243; x_wconf 68' lang='lat' dir='ltr'>Constantia?</span> <span class='ocrx_word' id='word_1_65' title='bbox 1034 1188 1345 1258; x_wconf 77' lang='lat' dir='ltr'>episcopum</span> <span class='ocrx_word' id='word_1_66' title='bbox 1403 1182 1692 1251; x_wconf 73' lang='lat' dir='ltr'>canonica,</span> <span class='ocrx_word' id='word_1_67' title='bbox 1743 1203 1851 1258; x_wconf 84' lang='lat' dir='ltr'>qua</span> 
     </span>
    </p>
   </div>
   <div class='ocr_carea' id='block_1_13' title="bbox 260 1253 1853 1330">
    <p class='ocr_par' dir='ltr' id='par_1_13' title="bbox 260 1253 1853 1330">
     <span class='ocr_line' id='line_1_13' title="bbox 260 1253 1853 1330; baseline 0.003 -23"><span class='ocrx_word' id='word_1_68' title='bbox 260 1253 444 1330; x_wconf 50' lang='lat' dir='ltr'>{idem</span> <span class='ocrx_word' id='word_1_69' title='bbox 465 1327 473 1330; x_wconf 87' lang='lat'>_</span> <span class='ocrx_word' id='word_1_70' title='bbox 495 1255 822 1330; x_wconf 78' lang='lat' dir='ltr'>legationem</span> <span class='ocrx_word' id='word_1_71' title='bbox 872 1253 1249 1330; x_wconf 62' lang='lat' dir='ltr'>apostolicam,</span> <span class='ocrx_word' id='word_1_72' title='bbox 1296 1266 1347 1313; x_wconf 77' lang='lat' dir='ltr'>et</span> <span class='ocrx_word' id='word_1_73' title='bbox 1406 1253 1853 1330; x_wconf 57' lang='lat' dir='ltr'>procurationem</span> 
     </span>
    </p>
   </div>
   <div class='ocr_carea' id='block_1_14' title="bbox 260 1327 1850 1466">
    <p class='ocr_par' dir='ltr' id='par_1_14' title="bbox 260 1327 1850 1466">
     <span class='ocr_line' id='line_1_14' title="bbox 260 1327 1850 1466; baseline 0.002 -85"><span class='ocrx_word' id='word_1_74' title='bbox 260 1327 637 1466; x_wconf 45' lang='lat' dir='ltr'>;c&#39;icgarum</span> <span class='ocrx_word' id='word_1_75' title='bbox 666 1329 723 1383; x_wconf 80' lang='lat' dir='ltr'>in</span> <span class='ocrx_word' id='word_1_76' title='bbox 751 1327 1019 1396; x_wconf 68' lang='lat' dir='ltr'>Saxonis,</span> <span class='ocrx_word' id='word_1_77' title='bbox 1063 1327 1422 1393; x_wconf 41' lang='lat' dir='ltr'>Alemannz&#39;a,‘</span> <span class='ocrx_word' id='word_1_78' title='bbox 1447 1329 1615 1401; x_wconf 78' lang='lat' dir='ltr'>defert</span> <span class='ocrx_word' id='word_1_79' title='bbox 1643 1333 1694 1385; x_wconf 81' lang='lat' dir='ltr'>et</span> <span class='ocrx_word' id='word_1_80' title='bbox 1721 1345 1850 1386; x_wconf 88' lang='lat' dir='ltr'>con-</span> 
     </span>
    </p>
   </div>
   <div class='ocr_carea' id='block_1_15' title="bbox 818 1488 1223 1561">
    <p class='ocr_par' dir='ltr' id='par_1_15' title="bbox 818 1488 1223 1561">
     <span class='ocr_line' id='line_1_15' title="bbox 818 1488 1223 1561; baseline -0.002 -17"><span class='ocrx_word' id='word_1_81' title='bbox 818 1488 1004 1559; x_wconf 84' lang='lat' dir='ltr'>(Anno</span> <span class='ocrx_word' id='word_1_82' title='bbox 1038 1489 1223 1561; x_wconf 72' lang='lat'>4089.)</span> 
     </span>
    </p>
   </div>
   <div class='ocr_carea' id='block_1_16' title="bbox 189 1573 1869 1649">
    <p class='ocr_par' dir='ltr' id='par_1_16' title="bbox 189 1573 1869 1649">
     <span class='ocr_line' id='line_1_16' title="bbox 189 1573 1869 1649; baseline 0.004 -19"><span class='ocrx_word' id='word_1_83' title='bbox 189 1573 430 1649; x_wconf 50' lang='lat' dir='ltr'>[Massa</span> <span class='ocrx_word' id='word_1_84' title='bbox 458 1576 661 1632; x_wconf 78' lang='lat' dir='ltr'>Concit.</span> <span class='ocrx_word' id='word_1_85' title='bbox 685 1576 800 1644; x_wconf 85' lang='lat' dir='ltr'>XX,</span> <span class='ocrx_word' id='word_1_86' title='bbox 830 1578 958 1645; x_wconf 84' lang='grc'>715,</span> <span class='ocrx_word' id='word_1_87' title='bbox 981 1609 1048 1618; x_wconf 91' lang='lat'>-—</span> <span class='ocrx_word' id='word_1_88' title='bbox 1081 1578 1163 1632; x_wconf 86' lang='lat' dir='ltr'>Ex</span> <span class='ocrx_word' id='word_1_89' title='bbox 1196 1578 1322 1634; x_wconf 91' lang='lat' dir='ltr'>cod.</span> <span class='ocrx_word' id='word_1_90' title='bbox 1345 1577 1527 1633; x_wconf 73' lang='lat' dir='ltr'>Vatia.</span> <span class='ocrx_word' id='word_1_91' title='bbox 1561 1578 1666 1634; x_wconf 85' lang='lat'>382</span> <span class='ocrx_word' id='word_1_92' title='bbox 1700 1578 1869 1637; x_wconf 70' lang='lat' dir='ltr'>eruit.</span> 
     </span>
    </p>
   </div>
   <div class='ocr_carea' id='block_1_17' title="bbox 256 1647 1848 1790">
    <p class='ocr_par' dir='ltr' id='par_1_17' title="bbox 256 1647 1848 1790">
     <span class='ocr_line' id='line_1_17' title="bbox 256 1647 1848 1790; baseline 0.003 -89"><span class='ocrx_word' id='word_1_93' title='bbox 256 1647 608 1790; x_wconf 45' lang='lat' dir='ltr'>Schzaiianjat”</span> <span class='ocrx_word' id='word_1_94' title='bbox 640 1665 707 1703; x_wconf 85' lang='lat' dir='ltr'>ex</span> <span class='ocrx_word' id='word_1_95' title='bbox 747 1665 862 1720; x_wconf 90' lang='lat' dir='ltr'>quo</span> <span class='ocrx_word' id='word_1_96' title='bbox 903 1649 1238 1705; x_wconf 88' lang='lat' dir='ltr'>Harthzeim</span> <span class='ocrx_word' id='word_1_97' title='bbox 1268 1666 1427 1704; x_wconf 92' lang='lat' dir='ltr'>conc.</span> <span class='ocrx_word' id='word_1_98' title='bbox 1461 1650 1658 1705; x_wconf 86' lang='lat' dir='ltr'>Germ.</span> <span class='ocrx_word' id='word_1_99' title='bbox 1687 1654 1723 1703; x_wconf 89' lang='lat' dir='ltr'>t.</span> <span class='ocrx_word' id='word_1_100' title='bbox 1752 1650 1848 1716; x_wconf 85' lang='grc' dir='ltr'>ΙΙΙ,</span> 
     </span>
     <span class='ocr_line' id='line_1_18' title="bbox 262 1736 484 1790; baseline -0.005 -16"><span class='ocrx_word' id='word_1_101' title='bbox 262 1736 322 1790; x_wconf 85' lang='grc' dir='ltr'>ρ.</span> <span class='ocrx_word' id='word_1_102' title='bbox 472 1762 484 1773; x_wconf 95' lang='grc'><strong>.</strong></span> 
     </span>
    </p>
   </div>
   <div class='ocr_carea' id='block_1_18' title="bbox 262 1736 484 1790">
    <p class='ocr_par' dir='ltr' id='par_1_18' title="bbox 262 1736 484 1790">
     <span class='ocr_line' id='line_1_19' title="bbox 262 1736 484 1790; baseline -0.005 -16"><span class='ocrx_word' id='word_1_103' title='bbox 262 1736 322 1790; x_wconf 84' lang='grc' dir='ltr'><strong>ρ.</strong></span> <span class='ocrx_word' id='word_1_104' title='bbox 357 1736 484 1774; x_wconf 79' lang='lat' dir='ltr'>zw.</span> 
     </span>
    </p>
   </div>
   <div class='ocr_carea' id='block_1_19' title="bbox 264 1806 1845 1881">
    <p class='ocr_par' dir='ltr' id='par_1_19' title="bbox 264 1806 1845 1881">
     <span class='ocr_line' id='line_1_20' title="bbox 264 1806 1845 1881; baseline 0 -18"><span class='ocrx_word' id='word_1_105' title='bbox 264 1806 547 1864; x_wconf 59' lang='lat' dir='ltr'>Uaaaa&#39;us</span> <span class='ocrx_word' id='word_1_106' title='bbox 575 1808 911 1881; x_wconf 86' lang='lat' dir='ltr'>episcopus,</span> <span class='ocrx_word' id='word_1_107' title='bbox 948 1826 1152 1865; x_wconf 80' lang='lat' dir='ltr'>servus</span> <span class='ocrx_word' id='word_1_108' title='bbox 1184 1826 1485 1866; x_wconf 89' lang='lat' dir='ltr'>servorum</span> <span class='ocrx_word' id='word_1_109' title='bbox 1519 1810 1639 1879; x_wconf 89' lang='lat' dir='ltr'>Dei,</span> <span class='ocrx_word' id='word_1_110' title='bbox 1665 1810 1845 1864; x_wconf 77' lang='lat' dir='ltr'>Gnae-</span> 
     </span>
    </p>
   </div>
   <div class='ocr_carea' id='block_1_20' title="bbox 189 1897 1845 1971">
    <p class='ocr_par' dir='ltr' id='par_1_20' title="bbox 189 1897 1845 1971">
     <span class='ocr_line' id='line_1_21' title="bbox 189 1897 1845 1971; baseline 0.001 -20"><span class='ocrx_word' id='word_1_111' title='bbox 189 1914 384 1952; x_wconf 57' lang='lat' dir='ltr'>nanoo</span> <span class='ocrx_word' id='word_1_112' title='bbox 423 1897 854 1953; x_wconf 84' lang='lat' dir='ltr'>Constantiensi</span> <span class='ocrx_word' id='word_1_113' title='bbox 897 1898 1202 1971; x_wconf 87' lang='lat' dir='ltr'>episcopo,</span> <span class='ocrx_word' id='word_1_114' title='bbox 1234 1898 1483 1955; x_wconf 80' lang='lat' dir='ltr'>salutem</span> <span class='ocrx_word' id='word_1_115' title='bbox 1499 1897 1845 1971; x_wconf 89' lang='lat' dir='ltr'>etapostoli-</span> 
     </span>
    </p>
   </div>
   <div class='ocr_carea' id='block_1_21' title="bbox 185 1986 837 2042">
    <p class='ocr_par' dir='ltr' id='par_1_21' title="bbox 185 1986 837 2042">
     <span class='ocr_line' id='line_1_22' title="bbox 185 1986 837 2042; baseline -0.003 0"><span class='ocrx_word' id='word_1_116' title='bbox 185 2003 319 2042; x_wconf 86' lang='lat' dir='ltr'>cam</span> <span class='ocrx_word' id='word_1_117' title='bbox 351 1986 837 2042; x_wconf 85' lang='lat' dir='ltr'>benedictionem.</span> 
     </span>
    </p>
   </div>
   <div class='ocr_carea' id='block_1_22' title="bbox 258 2074 1841 2148">
    <p class='ocr_par' dir='ltr' id='par_1_22' title="bbox 258 2074 1841 2148">
     <span class='ocr_line' id='line_1_23' title="bbox 258 2074 1841 2148; baseline 0.001 -20"><span class='ocrx_word' id='word_1_118' title='bbox 258 2076 411 2140; x_wconf 82' lang='lat' dir='ltr'>Quia</span> <span class='ocrx_word' id='word_1_119' title='bbox 440 2074 780 2147; x_wconf 88' lang='lat' dir='ltr'>tespeciale,</span> <span class='ocrx_word' id='word_1_120' title='bbox 800 2080 932 2148; x_wconf 89' lang='lat' dir='ltr'>post</span> <span class='ocrx_word' id='word_1_121' title='bbox 958 2077 1289 2144; x_wconf 90' lang='lat' dir='ltr'>Dominum,</span> <span class='ocrx_word' id='word_1_122' title='bbox 1318 2094 1602 2132; x_wconf 84' lang='lat' dir='ltr'>manuum</span> <span class='ocrx_word' id='word_1_123' title='bbox 1615 2081 1841 2131; x_wconf 89' lang='lat' dir='ltr'>nostra-</span> 
     </span>
    </p>
   </div>
   <div class='ocr_carea' id='block_1_23' title="bbox 188 2164 1843 2238">
    <p class='ocr_par' dir='ltr' id='par_1_23' title="bbox 188 2164 1843 2238">
     <span class='ocr_line' id='line_1_24' title="bbox 188 2164 1843 2238; baseline 0 -19"><span class='ocrx_word' id='word_1_124' title='bbox 188 2181 323 2219; x_wconf 90' lang='lat' dir='ltr'>rum</span> <span class='ocrx_word' id='word_1_125' title='bbox 343 2179 494 2236; x_wconf 88' lang='lat' dir='ltr'>cpus</span> <span class='ocrx_word' id='word_1_126' title='bbox 524 2179 652 2218; x_wconf 88' lang='lat' dir='ltr'>esse</span> <span class='ocrx_word' id='word_1_127' title='bbox 671 2165 1173 2236; x_wconf 89' lang='lat' dir='ltr'>perpendimus,et</span> <span class='ocrx_word' id='word_1_128' title='bbox 1194 2165 1327 2237; x_wconf 68' lang='lat' dir='ltr'>quia</span> <span class='ocrx_word' id='word_1_129' title='bbox 1352 2164 1663 2238; x_wconf 89' lang='lat' dir='ltr'>specialem</span> <span class='ocrx_word' id='word_1_130' title='bbox 1698 2166 1755 2219; x_wconf 89' lang='lat' dir='ltr'>in</span> <span class='ocrx_word' id='word_1_131' title='bbox 1786 2169 1843 2220; x_wconf 90' lang='lat' dir='ltr'>te</span> 
     </span>
    </p>
   </div>
   <div class='ocr_carea' id='block_1_24' title="bbox 185 2251 1841 2326">
    <p class='ocr_par' dir='ltr' id='par_1_24' title="bbox 185 2251 1841 2326">
     <span class='ocr_line' id='line_1_25' title="bbox 185 2251 1841 2326; baseline 0.001 -18"><span class='ocrx_word' id='word_1_132' title='bbox 185 2251 493 2325; x_wconf 80' lang='lat' dir='ltr'>religionis</span> <span class='ocrx_word' id='word_1_133' title='bbox 524 2251 773 2325; x_wconf 88' lang='lat' dir='ltr'>gratiam</span> <span class='ocrx_word' id='word_1_134' title='bbox 804 2269 932 2308; x_wconf 86' lang='lat' dir='ltr'>esse</span> <span class='ocrx_word' id='word_1_135' title='bbox 955 2254 1387 2326; x_wconf 88' lang='lat' dir='ltr'>cognoscimus,</span> <span class='ocrx_word' id='word_1_136' title='bbox 1417 2253 1630 2308; x_wconf 88' lang='lat' dir='ltr'>idcirco</span> <span class='ocrx_word' id='word_1_137' title='bbox 1657 2258 1708 2308; x_wconf 91' lang='lat' dir='ltr'>te</span> <span class='ocrx_word' id='word_1_138' title='bbox 1740 2254 1841 2309; x_wconf 81' lang='lat' dir='ltr'>ad-</span> 
     </span>
    </p>
   </div>
   <div class='ocr_carea' id='block_1_25' title="bbox 173 2341 1842 2413">
    <p class='ocr_par' dir='ltr' id='par_1_25' title="bbox 173 2341 1842 2413">
     <span class='ocr_line' id='line_1_26' title="bbox 173 2341 1842 2413; baseline 0.001 -18"><span class='ocrx_word' id='word_1_139' title='bbox 173 2341 391 2411; x_wconf 83' lang='lat' dir='ltr'>juvare</span> <span class='ocrx_word' id='word_1_140' title='bbox 419 2342 658 2412; x_wconf 87' lang='lat' dir='ltr'>tuisque</span> <span class='ocrx_word' id='word_1_141' title='bbox 688 2342 1137 2397; x_wconf 84' lang='lat' dir='ltr'>necessitatibus</span> <span class='ocrx_word' id='word_1_142' title='bbox 1160 2342 1491 2413; x_wconf 84' lang='lat' dir='ltr'>specialiter</span> <span class='ocrx_word' id='word_1_143' title='bbox 1511 2343 1842 2411; x_wconf 89' lang='lat' dir='ltr'>subvenire,</span> 
     </span>
    </p>
   </div>
   <div class='ocr_carea' id='block_1_26' title="bbox 180 2429 1842 2502">
    <p class='ocr_par' dir='ltr' id='par_1_26' title="bbox 180 2429 1842 2502">
     <span class='ocr_line' id='line_1_27' title="bbox 180 2429 1842 2502; baseline 0 -17"><span class='ocrx_word' id='word_1_144' title='bbox 180 2429 442 2485; x_wconf 89' lang='lat' dir='ltr'>Domino</span> <span class='ocrx_word' id='word_1_145' title='bbox 471 2433 785 2495; x_wconf 85' lang='lat' dir='ltr'>annuente,</span> <span class='ocrx_word' id='word_1_146' title='bbox 835 2429 1182 2502; x_wconf 81' lang='lat' dir='ltr'>satagimus.</span> <span class='ocrx_word' id='word_1_147' title='bbox 1236 2430 1597 2497; x_wconf 68' lang='lat' dir='ltr'>Quaestiones</span> <span class='ocrx_word' id='word_1_148' title='bbox 1646 2435 1842 2486; x_wconf 89' lang='lat' dir='ltr'>autem</span> 
     </span>
    </p>
   </div>
   <div class='ocr_carea' id='block_1_27' title="bbox 181 2517 1842 2592">
    <p class='ocr_par' dir='ltr' id='par_1_27' title="bbox 181 2517 1842 2592">
     <span class='ocr_line' id='line_1_28' title="bbox 181 2517 1842 2592; baseline 0.002 -21"><span class='ocrx_word' id='word_1_149' title='bbox 181 2534 337 2589; x_wconf 86' lang='lat' dir='ltr'>quas</span> <span class='ocrx_word' id='word_1_150' title='bbox 362 2518 481 2572; x_wconf 89' lang='lat' dir='ltr'>tuis</span> <span class='ocrx_word' id='word_1_151' title='bbox 508 2517 716 2573; x_wconf 85' lang='lat' dir='ltr'>litteris</span> <span class='ocrx_word' id='word_1_152' title='bbox 737 2517 1084 2591; x_wconf 76' lang='lat' dir='ltr'>significasti</span> <span class='ocrx_word' id='word_1_153' title='bbox 1122 2520 1333 2575; x_wconf 88' lang='lat' dir='ltr'>vestris</span> <span class='ocrx_word' id='word_1_154' title='bbox 1353 2519 1409 2573; x_wconf 89' lang='lat' dir='ltr'>in</span> <span class='ocrx_word' id='word_1_155' title='bbox 1436 2519 1698 2591; x_wconf 89' lang='lat' dir='ltr'>partibus</span> <span class='ocrx_word' id='word_1_156' title='bbox 1720 2518 1842 2592; x_wconf 88' lang='lat' dir='ltr'>agi-</span> 
     </span>
    </p>
   </div>
   <div class='ocr_carea' id='block_1_28' title="bbox 180 2607 1843 2679">
    <p class='ocr_par' dir='ltr' id='par_1_28' title="bbox 180 2607 1843 2679">
     <span class='ocr_line' id='line_1_29' title="bbox 180 2607 1843 2679; baseline 0.001 -17"><span class='ocrx_word' id='word_1_157' title='bbox 180 2607 318 2674; x_wconf 82' lang='lat' dir='ltr'>tari,</span> <span class='ocrx_word' id='word_1_158' title='bbox 355 2607 515 2678; x_wconf 88' lang='lat' dir='ltr'>apud</span> <span class='ocrx_word' id='word_1_159' title='bbox 539 2623 645 2662; x_wconf 90' lang='lat' dir='ltr'>nos</span> <span class='ocrx_word' id='word_1_160' title='bbox 666 2623 900 2679; x_wconf 90' lang='lat' dir='ltr'>quoque</span> <span class='ocrx_word' id='word_1_161' title='bbox 921 2607 1066 2662; x_wconf 86' lang='lat' dir='ltr'>satis</span> <span class='ocrx_word' id='word_1_162' title='bbox 1085 2607 1420 2679; x_wconf 85' lang='lat' dir='ltr'>frequenter</span> <span class='ocrx_word' id='word_1_163' title='bbox 1441 2609 1668 2663; x_wconf 81' lang='lat' dir='ltr'>noveris</span> <span class='ocrx_word' id='word_1_164' title='bbox 1690 2625 1843 2663; x_wconf 91' lang='lat' dir='ltr'>com-</span> 
     </span>
    </p>
   </div>
   <div class='ocr_carea' id='block_1_29' title="bbox 181 2696 430 2751">
    <p class='ocr_par' dir='ltr' id='par_1_29' title="bbox 181 2696 430 2751">
     <span class='ocr_line' id='line_1_30' title="bbox 181 2696 430 2751; baseline -0.008 0"><span class='ocrx_word' id='word_1_165' title='bbox 181 2696 430 2751; x_wconf 90' lang='lat' dir='ltr'>moveri.</span> 
     </span>
    </p>
   </div>
   <div class='ocr_carea' id='block_1_30' title="bbox 254 2784 1842 2856">
    <p class='ocr_par' dir='ltr' id='par_1_30' title="bbox 254 2784 1842 2856">
     <span class='ocr_line' id='line_1_31' title="bbox 254 2784 1842 2856; baseline 0 -17"><span class='ocrx_word' id='word_1_166' title='bbox 254 2785 531 2839; x_wconf 77' lang='lat' dir='ltr'>Fratrum</span> <span class='ocrx_word' id='word_1_167' title='bbox 580 2784 774 2856; x_wconf 86' lang='lat' dir='ltr'>itaque</span> <span class='ocrx_word' id='word_1_168' title='bbox 824 2785 1256 2840; x_wconf 84' lang='lat' dir='ltr'>communicato</span> <span class='ocrx_word' id='word_1_169' title='bbox 1308 2785 1573 2848; x_wconf 88' lang='lat' dir='ltr'>consilio,</span> <span class='ocrx_word' id='word_1_170' title='bbox 1623 2784 1842 2855; x_wconf 86' lang='lat' dir='ltr'>diuque</span> 
     </span>
    </p>
   </div>
   <div class='ocr_carea' id='block_1_31' title="bbox 177 2873 1844 2946">
    <p class='ocr_par' dir='ltr' id='par_1_31' title="bbox 177 2873 1844 2946">
     <span class='ocr_line' id='line_1_32' title="bbox 177 2873 1844 2946; baseline 0.001 -19"><span class='ocrx_word' id='word_1_171' title='bbox 177 2873 812 2928; x_wconf 77' lang='lat' dir='ltr'>excommunicationis</span> <span class='ocrx_word' id='word_1_172' title='bbox 842 2874 1161 2944; x_wconf 72' lang='lat' dir='ltr'>quaestione</span> <span class='ocrx_word' id='word_1_173' title='bbox 1183 2877 1452 2941; x_wconf 85' lang='lat' dir='ltr'>tractata,</span> <span class='ocrx_word' id='word_1_174' title='bbox 1486 2874 1671 2928; x_wconf 87' lang='lat' dir='ltr'>sancti</span> <span class='ocrx_word' id='word_1_175' title='bbox 1705 2890 1844 2946; x_wconf 67' lang='lat' dir='ltr'>prae-</span> 
     </span>
    </p>
   </div>
   <div class='ocr_carea' id='block_1_32' title="bbox 176 2962 1838 3035">
    <p class='ocr_par' dir='ltr' id='par_1_32' title="bbox 176 2962 1838 3035">
     <span class='ocr_line' id='line_1_33' title="bbox 176 2962 1838 3035; baseline 0.001 -18"><span class='ocrx_word' id='word_1_176' title='bbox 176 2962 511 3017; x_wconf 83' lang='lat' dir='ltr'>decessoris</span> <span class='ocrx_word' id='word_1_177' title='bbox 532 2962 713 3018; x_wconf 86' lang='lat' dir='ltr'>nostri</span> <span class='ocrx_word' id='word_1_178' title='bbox 731 2962 994 3035; x_wconf 83' lang='lat' dir='ltr'>Gregorii</span> <span class='ocrx_word' id='word_1_179' title='bbox 1022 2964 1376 3019; x_wconf 90' lang='lat' dir='ltr'>sententiam</span> <span class='ocrx_word' id='word_1_180' title='bbox 1402 2962 1838 3028; x_wconf 76' lang='lat' dir='ltr'>continuantes,</span> 
     </span>
    </p>
   </div>
   <div class='ocr_carea' id='block_1_33' title="bbox 176 3039 1632 3122">
    <p class='ocr_par' dir='ltr' id='par_1_33' title="bbox 176 3039 1632 3122">
     <span class='ocr_line' id='line_1_34' title="bbox 176 3039 1632 3122; baseline 0 -16"><span class='ocrx_word' id='word_1_181' title='bbox 176 3051 261 3106; x_wconf 87' lang='lat' dir='ltr'>ita</span> <span class='ocrx_word' id='word_1_182' title='bbox 286 3067 424 3106; x_wconf 86' lang='lat' dir='ltr'>eam</span> <span class='ocrx_word' id='word_1_183' title='bbox 457 3050 704 3105; x_wconf 90' lang='lat' dir='ltr'>Domino</span> <span class='ocrx_word' id='word_1_184' title='bbox 736 3039 1062 3122; x_wconf 81' lang='lat' dir='ltr'>inspirante</span> <span class='ocrx_word' id='word_1_185' title='bbox 1092 3050 1632 3106; x_wconf 86' lang='lat' dir='ltr'>determinavimus.</span> 
     </span>
    </p>
   </div>
   <div class='ocr_carea' id='block_1_34' title="bbox 253 3138 1839 3211">
    <p class='ocr_par' dir='ltr' id='par_1_34' title="bbox 253 3138 1839 3211">
     <span class='ocr_line' id='line_1_35' title="bbox 253 3138 1839 3211; baseline 0.001 -17"><span class='ocrx_word' id='word_1_186' title='bbox 253 3138 454 3194; x_wconf 87' lang='lat' dir='ltr'>Primo</span> <span class='ocrx_word' id='word_1_187' title='bbox 479 3140 715 3211; x_wconf 88' lang='lat' dir='ltr'>quidem</span> <span class='ocrx_word' id='word_1_188' title='bbox 739 3139 923 3211; x_wconf 88' lang='lat' dir='ltr'>gradu</span> <span class='ocrx_word' id='word_1_189' title='bbox 948 3140 1343 3194; x_wconf 79' lang='lat' dir='ltr'>Ravennatem</span> <span class='ocrx_word' id='word_1_190' title='bbox 1369 3138 1839 3211; x_wconf 65' lang='lat' dir='ltr'>hazresiarcham,</span> 
     </span>
    </p>
   </div>
   <div class='ocr_carea' id='block_1_35' title="bbox 1959 563 3601 638">
    <p class='ocr_par' dir='ltr' id='par_1_35' title="bbox 1959 563 3601 638">
     <span class='ocr_line' id='line_1_36' title="bbox 1959 563 3601 638; baseline 0.002 -19"><span class='ocrx_word' id='word_1_191' title='bbox 1959 563 2249 636; x_wconf 88' lang='lat' dir='ltr'>episcopis</span> <span class='ocrx_word' id='word_1_192' title='bbox 2279 564 2527 619; x_wconf 90' lang='lat' dir='ltr'>ordinati</span> <span class='ocrx_word' id='word_1_193' title='bbox 2557 569 2695 619; x_wconf 89' lang='lat' dir='ltr'>sunt</span> <span class='ocrx_word' id='word_1_194' title='bbox 2724 566 2973 621; x_wconf 90' lang='lat' dir='ltr'>necdum</span> <span class='ocrx_word' id='word_1_195' title='bbox 2991 565 3229 638; x_wconf 89' lang='lat' dir='ltr'>quidem</span> <span class='ocrx_word' id='word_1_196' title='bbox 3251 566 3601 623; x_wconf 88' lang='lat' dir='ltr'>sententiam</span> 
     </span>
    </p>
   </div>
   <div class='ocr_carea' id='block_1_36' title="bbox 1959 652 3603 730">
    <p class='ocr_par' dir='ltr' id='par_1_36' title="bbox 1959 652 3603 730">
     <span class='ocr_line' id='line_1_37' title="bbox 1959 652 3603 730; baseline 0.002 -23"><span class='ocrx_word' id='word_1_197' title='bbox 1959 652 2217 718; x_wconf 81' lang='lat' dir='ltr'>tiximus,</span> <span class='ocrx_word' id='word_1_198' title='bbox 2253 653 2391 725; x_wconf 88' lang='lat' dir='ltr'>quia</span> <span class='ocrx_word' id='word_1_199' title='bbox 2415 653 2703 725; x_wconf 83' lang='lat' dir='ltr'>generalis</span> <span class='ocrx_word' id='word_1_200' title='bbox 2750 654 2885 710; x_wconf 88' lang='lat' dir='ltr'>mali</span> <span class='ocrx_word' id='word_1_201' title='bbox 2930 656 3268 730; x_wconf 88' lang='lat' dir='ltr'>contagium</span> <span class='ocrx_word' id='word_1_202' title='bbox 3316 655 3603 729; x_wconf 81' lang='lat' dir='ltr'>generalis</span> 
     </span>
    </p>
   </div>
   <div class='ocr_carea' id='block_1_37' title="bbox 1959 742 3609 817">
    <p class='ocr_par' dir='ltr' id='par_1_37' title="bbox 1959 742 3609 817">
     <span class='ocr_line' id='line_1_38' title="bbox 1959 742 3609 817; baseline 0.003 -22"><span class='ocrx_word' id='word_1_203' title='bbox 1959 742 2163 814; x_wconf 74' lang='lat' dir='ltr'>synodi</span> <span class='ocrx_word' id='word_1_204' title='bbox 2196 747 2283 797; x_wconf 89' lang='lat' dir='ltr'>est</span> <span class='ocrx_word' id='word_1_205' title='bbox 2313 743 2568 798; x_wconf 88' lang='lat' dir='ltr'>cauterio</span> <span class='ocrx_word' id='word_1_206' title='bbox 2598 744 3082 799; x_wconf 90' lang='lat' dir='ltr'>eomburendum.</span> <span class='ocrx_word' id='word_1_207' title='bbox 3116 744 3251 801; x_wconf 71' lang='lat' dir='ltr'>Tuas</span> <span class='ocrx_word' id='word_1_208' title='bbox 3281 748 3476 801; x_wconf 89' lang='lat' dir='ltr'>tamen</span> <span class='ocrx_word' id='word_1_209' title='bbox 3508 761 3609 817; x_wconf 86' lang='lat' dir='ltr'>pa-</span> 
     </span>
    </p>
   </div>
   <div class='ocr_carea' id='block_1_38' title="bbox 1958 830 3603 904">
    <p class='ocr_par' dir='ltr' id='par_1_38' title="bbox 1958 830 3603 904">
     <span class='ocr_line' id='line_1_39' title="bbox 1958 830 3603 904; baseline 0.002 -19"><span class='ocrx_word' id='word_1_210' title='bbox 1958 830 2215 885; x_wconf 89' lang='lat' dir='ltr'>ternitati</span> <span class='ocrx_word' id='word_1_211' title='bbox 2231 830 2339 885; x_wconf 91' lang='lat' dir='ltr'>hoc</span> <span class='ocrx_word' id='word_1_212' title='bbox 2362 831 2785 903; x_wconf 87' lang='lat' dir='ltr'>respondemus</span> <span class='ocrx_word' id='word_1_213' title='bbox 2828 833 2899 887; x_wconf 89' lang='lat' dir='ltr'>ad</span> <span class='ocrx_word' id='word_1_214' title='bbox 2919 850 3174 904; x_wconf 81' lang='lat' dir='ltr'>praesens</span> <span class='ocrx_word' id='word_1_215' title='bbox 3195 837 3269 889; x_wconf 84' lang='lat' dir='ltr'>ut</span> <span class='ocrx_word' id='word_1_216' title='bbox 3281 834 3603 890; x_wconf 80' lang='lat' dir='ltr'>ab&#39;excom-</span> 
     </span>
    </p>
   </div>
   <div class='ocr_carea' id='block_1_39' title="bbox 1960 919 3604 994">
    <p class='ocr_par' dir='ltr' id='par_1_39' title="bbox 1960 919 3604 994">
     <span class='ocr_line' id='line_1_40' title="bbox 1960 919 3604 994; baseline 0.002 -21"><span class='ocrx_word' id='word_1_217' title='bbox 1960 919 2274 975; x_wconf 89' lang='lat' dir='ltr'>municatis</span> <span class='ocrx_word' id='word_1_218' title='bbox 2304 919 2600 991; x_wconf 89' lang='lat' dir='ltr'>quondam</span> <span class='ocrx_word' id='word_1_219' title='bbox 2630 925 2826 976; x_wconf 89' lang='lat' dir='ltr'>tamen</span> <span class='ocrx_word' id='word_1_220' title='bbox 2859 920 3161 977; x_wconf 90' lang='lat' dir='ltr'>catholicis</span> <span class='ocrx_word' id='word_1_221' title='bbox 3191 921 3483 994; x_wconf 89' lang='lat' dir='ltr'>episecpis</span> <span class='ocrx_word' id='word_1_222' title='bbox 3511 939 3604 979; x_wconf 89' lang='lat' dir='ltr'>or-</span> 
     </span>
    </p>
   </div>
   <div class='ocr_carea' id='block_1_40' title="bbox 1959 1008 3601 1081">
    <p class='ocr_par' dir='ltr' id='par_1_40' title="bbox 1959 1008 3601 1081">
     <span class='ocr_line' id='line_1_41' title="bbox 1959 1008 3601 1081; baseline 0.003 -20"><span class='ocrx_word' id='word_1_223' title='bbox 1959 1009 2175 1063; x_wconf 87' lang='lat' dir='ltr'>dinatis</span> <span class='ocrx_word' id='word_1_224' title='bbox 2189 1008 2236 1064; x_wconf 89' lang='lat' dir='ltr'>si</span> <span class='ocrx_word' id='word_1_225' title='bbox 2253 1008 2490 1080; x_wconf 88' lang='lat' dir='ltr'>quidem</span> <span class='ocrx_word' id='word_1_226' title='bbox 2505 1026 2617 1064; x_wconf 90' lang='lat' dir='ltr'>non</span> <span class='ocrx_word' id='word_1_227' title='bbox 2632 1010 2962 1066; x_wconf 89' lang='lat' dir='ltr'>Simoniace</span> <span class='ocrx_word' id='word_1_228' title='bbox 2975 1010 3210 1065; x_wconf 89' lang='lat' dir='ltr'>ordines</span> <span class='ocrx_word' id='word_1_229' title='bbox 3229 1010 3391 1081; x_wconf 91' lang='lat' dir='ltr'>ipsos</span> <span class='ocrx_word' id='word_1_230' title='bbox 3403 1026 3601 1066; x_wconf 87' lang='lat' dir='ltr'>susce-</span> 
     </span>
    </p>
   </div>
   <div class='ocr_carea' id='block_1_41' title="bbox 1959 1097 3603 1171">
    <p class='ocr_par' dir='ltr' id='par_1_41' title="bbox 1959 1097 3603 1171">
     <span class='ocr_line' id='line_1_42' title="bbox 1959 1097 3603 1171; baseline 0.002 -20"><span class='ocrx_word' id='word_1_231' title='bbox 1959 1097 2151 1169; x_wconf 89' lang='lat' dir='ltr'>perint</span> <span class='ocrx_word' id='word_1_232' title='bbox 2180 1101 2238 1152; x_wconf 92' lang='lat' dir='ltr'>et</span> <span class='ocrx_word' id='word_1_233' title='bbox 2268 1098 2316 1152; x_wconf 90' lang='lat' dir='ltr'>si</span> <span class='ocrx_word' id='word_1_234' title='bbox 2344 1098 2498 1169; x_wconf 90' lang='lat' dir='ltr'>ipsos</span> <span class='ocrx_word' id='word_1_235' title='bbox 2527 1097 2829 1171; x_wconf 86' lang='lat' dir='ltr'>episcopos</span> <span class='ocrx_word' id='word_1_236' title='bbox 2878 1115 2991 1153; x_wconf 91' lang='lat' dir='ltr'>non</span> <span class='ocrx_word' id='word_1_237' title='bbox 3023 1098 3374 1154; x_wconf 90' lang='lat' dir='ltr'>simoniaccs</span> <span class='ocrx_word' id='word_1_238' title='bbox 3418 1098 3603 1156; x_wconf 90' lang='lat' dir='ltr'>fuisse</span> 
     </span>
    </p>
   </div>
   <div class='ocr_carea' id='block_1_42' title="bbox 1962 1186 3601 1261">
    <p class='ocr_par' dir='ltr' id='par_1_42' title="bbox 1962 1186 3601 1261">
     <span class='ocr_line' id='line_1_43' title="bbox 1962 1186 3601 1261; baseline 0.002 -20"><span class='ocrx_word' id='word_1_239' title='bbox 1962 1186 2318 1254; x_wconf 88' lang='lat' dir='ltr'>constiterit;</span> <span class='ocrx_word' id='word_1_240' title='bbox 2346 1189 2419 1242; x_wconf 91' lang='lat' dir='ltr'>ad</span> <span class='ocrx_word' id='word_1_241' title='bbox 2449 1186 2557 1242; x_wconf 91' lang='lat' dir='ltr'>hoc</span> <span class='ocrx_word' id='word_1_242' title='bbox 2590 1188 2638 1242; x_wconf 91' lang='lat' dir='ltr'>si</span> <span class='ocrx_word' id='word_1_243' title='bbox 2670 1204 2869 1243; x_wconf 91' lang='lat' dir='ltr'>eorum</span> <span class='ocrx_word' id='word_1_244' title='bbox 2920 1187 3242 1261; x_wconf 88' lang='lat' dir='ltr'>religiosior</span> <span class='ocrx_word' id='word_1_245' title='bbox 3269 1187 3387 1243; x_wconf 89' lang='lat' dir='ltr'>vita</span> <span class='ocrx_word' id='word_1_246' title='bbox 3410 1191 3469 1242; x_wconf 91' lang='lat' dir='ltr'>et</span> <span class='ocrx_word' id='word_1_247' title='bbox 3498 1188 3601 1245; x_wconf 92' lang='lat' dir='ltr'>do-</span> 
     </span>
    </p>
   </div>
   <div class='ocr_carea' id='block_1_43' title="bbox 1964 1275 3605 1349">
    <p class='ocr_par' dir='ltr' id='par_1_43' title="bbox 1964 1275 3605 1349">
     <span class='ocr_line' id='line_1_44' title="bbox 1964 1275 3605 1349; baseline 0.004 -21"><span class='ocrx_word' id='word_1_248' title='bbox 1964 1275 2157 1329; x_wconf 76' lang='lat' dir='ltr'>ctrina:</span> <span class='ocrx_word' id='word_1_249' title='bbox 2178 1275 2558 1348; x_wconf 73' lang='lat' dir='ltr'>praerogativa</span> <span class='ocrx_word' id='word_1_250' title='bbox 2573 1275 2696 1331; x_wconf 89' lang='lat' dir='ltr'>visa</span> <span class='ocrx_word' id='word_1_251' title='bbox 2716 1276 2890 1332; x_wconf 88' lang='lat' dir='ltr'>fuerit</span> <span class='ocrx_word' id='word_1_252' title='bbox 2909 1276 3246 1348; x_wconf 89' lang='lat' dir='ltr'>promereri,</span> <span class='ocrx_word' id='word_1_253' title='bbox 3263 1276 3605 1349; x_wconf 86' lang='lat' dir='ltr'>poenitentia</span> 
     </span>
    </p>
   </div>
   <div class='ocr_carea' id='block_1_44' title="bbox 1960 1362 3604 1438">
    <p class='ocr_par' dir='ltr' id='par_1_44' title="bbox 1960 1362 3604 1438">
     <span class='ocr_line' id='line_1_45' title="bbox 1960 1362 3604 1438; baseline 0.004 -21"><span class='ocrx_word' id='word_1_254' title='bbox 1960 1362 2179 1418; x_wconf 89' lang='lat' dir='ltr'>indicta</span> <span class='ocrx_word' id='word_1_255' title='bbox 2200 1380 2376 1435; x_wconf 91' lang='lat' dir='ltr'>quam</span> <span class='ocrx_word' id='word_1_256' title='bbox 2399 1380 2716 1437; x_wconf 90' lang='lat' dir='ltr'>congruam</span> <span class='ocrx_word' id='word_1_257' title='bbox 2743 1365 2978 1421; x_wconf 83' lang='lat' dir='ltr'>duxeris</span> <span class='ocrx_word' id='word_1_258' title='bbox 3000 1366 3059 1420; x_wconf 90' lang='lat' dir='ltr'>in</span> <span class='ocrx_word' id='word_1_259' title='bbox 3084 1365 3231 1438; x_wconf 89' lang='lat' dir='ltr'>ipsis</span> <span class='ocrx_word' id='word_1_260' title='bbox 3266 1382 3414 1438; x_wconf 89' lang='lat' dir='ltr'>quos</span> <span class='ocrx_word' id='word_1_261' title='bbox 3446 1383 3604 1423; x_wconf 87' lang='lat' dir='ltr'>acce-</span> 
     </span>
    </p>
   </div>
   <div class='ocr_carea' id='block_1_45' title="bbox 1958 1453 3601 1528">
    <p class='ocr_par' dir='ltr' id='par_1_45' title="bbox 1958 1453 3601 1528">
     <span class='ocr_line' id='line_1_46' title="bbox 1958 1453 3601 1528; baseline 0.003 -22"><span class='ocrx_word' id='word_1_262' title='bbox 1958 1457 2169 1524; x_wconf 90' lang='lat' dir='ltr'>perunt</span> <span class='ocrx_word' id='word_1_263' title='bbox 2199 1453 2502 1508; x_wconf 79' lang='lat' dir='ltr'>ordinibus</span> <span class='ocrx_word' id='word_1_264' title='bbox 2547 1470 2781 1510; x_wconf 87' lang='lat' dir='ltr'>manere</span> <span class='ocrx_word' id='word_1_265' title='bbox 2810 1454 3136 1527; x_wconf 87' lang='lat' dir='ltr'>permittas,</span> <span class='ocrx_word' id='word_1_266' title='bbox 3167 1456 3241 1511; x_wconf 91' lang='lat' dir='ltr'>ad</span> <span class='ocrx_word' id='word_1_267' title='bbox 3271 1455 3601 1528; x_wconf 90' lang='lat' dir='ltr'>superiores</span> 
     </span>
    </p>
   </div>
   <div class='ocr_carea' id='block_1_46' title="bbox 1959 1542 3601 1613">
    <p class='ocr_par' dir='ltr' id='par_1_46' title="bbox 1959 1542 3601 1613">
     <span class='ocr_line' id='line_1_47' title="bbox 1959 1542 3601 1613; baseline 0.002 -17"><span class='ocrx_word' id='word_1_268' title='bbox 1959 1546 2153 1596; x_wconf 90' lang='lat' dir='ltr'>autem</span> <span class='ocrx_word' id='word_1_269' title='bbox 2185 1542 2499 1598; x_wconf 88' lang='lat' dir='ltr'>ascendere</span> <span class='ocrx_word' id='word_1_270' title='bbox 2547 1559 2661 1598; x_wconf 93' lang='lat' dir='ltr'>non</span> <span class='ocrx_word' id='word_1_271' title='bbox 2707 1543 3102 1613; x_wconf 89' lang='lat' dir='ltr'>concedimus,</span> <span class='ocrx_word' id='word_1_272' title='bbox 3136 1544 3250 1600; x_wconf 90' lang='lat' dir='ltr'>nisi</span> <span class='ocrx_word' id='word_1_273' title='bbox 3283 1544 3601 1600; x_wconf 88' lang='lat' dir='ltr'>necessitas</span> 
     </span>
    </p>
   </div>
   <div class='ocr_carea' id='block_1_47' title="bbox 1958 1629 3603 1705">
    <p class='ocr_par' dir='ltr' id='par_1_47' title="bbox 1958 1629 3603 1705">
     <span class='ocr_line' id='line_1_48' title="bbox 1958 1629 3603 1705; baseline 0.002 -20"><span class='ocrx_word' id='word_1_274' title='bbox 1958 1634 2014 1685; x_wconf 90' lang='lat' dir='ltr'>et</span> <span class='ocrx_word' id='word_1_275' title='bbox 2044 1629 2267 1686; x_wconf 85' lang='lat' dir='ltr'>utilitas</span> <span class='ocrx_word' id='word_1_276' title='bbox 2321 1630 2577 1687; x_wconf 87' lang='lat' dir='ltr'>maxima</span> <span class='ocrx_word' id='word_1_277' title='bbox 2621 1631 2987 1703; x_wconf 83' lang='lat' dir='ltr'>ﬂagitaverit,</span> <span class='ocrx_word' id='word_1_278' title='bbox 3017 1637 3075 1688; x_wconf 91' lang='lat' dir='ltr'>et</span> <span class='ocrx_word' id='word_1_279' title='bbox 3103 1633 3367 1705; x_wconf 91' lang='lat' dir='ltr'>ipsorum</span> <span class='ocrx_word' id='word_1_280' title='bbox 3400 1636 3603 1690; x_wconf 89' lang='lat' dir='ltr'>sancta</span> 
     </span>
    </p>
   </div>
   <div class='ocr_carea' id='block_1_48' title="bbox 1957 1720 3603 1794">
    <p class='ocr_par' dir='ltr' id='par_1_48' title="bbox 1957 1720 3603 1794">
     <span class='ocr_line' id='line_1_49' title="bbox 1957 1720 3603 1794; baseline 0.002 -20"><span class='ocrx_word' id='word_1_281' title='bbox 1957 1720 2318 1775; x_wconf 90' lang='lat' dir='ltr'>conversatio</span> <span class='ocrx_word' id='word_1_282' title='bbox 2335 1720 2704 1791; x_wconf 89' lang='lat' dir='ltr'>promoverit,</span> <span class='ocrx_word' id='word_1_283' title='bbox 2734 1726 2790 1776; x_wconf 89' lang='lat' dir='ltr'>et</span> <span class='ocrx_word' id='word_1_284' title='bbox 2818 1721 2927 1777; x_wconf 91' lang='lat' dir='ltr'>hoc</span> <span class='ocrx_word' id='word_1_285' title='bbox 2957 1725 3153 1777; x_wconf 89' lang='lat' dir='ltr'>tamen</span> <span class='ocrx_word' id='word_1_286' title='bbox 3182 1722 3380 1794; x_wconf 87' lang='lat' dir='ltr'>ipsum</span> <span class='ocrx_word' id='word_1_287' title='bbox 3412 1721 3603 1779; x_wconf 87' lang='lat' dir='ltr'>rarius</span> 
     </span>
    </p>
   </div>
   <div class='ocr_carea' id='block_1_49' title="bbox 1957 1808 3280 1880">
    <p class='ocr_par' dir='ltr' id='par_1_49' title="bbox 1957 1808 3280 1880">
     <span class='ocr_line' id='line_1_50' title="bbox 1957 1808 3280 1880; baseline 0.002 -17"><span class='ocrx_word' id='word_1_288' title='bbox 1957 1824 2091 1864; x_wconf 90' lang='lat' dir='ltr'>cum</span> <span class='ocrx_word' id='word_1_289' title='bbox 2134 1808 2361 1863; x_wconf 88' lang='lat' dir='ltr'>cautela</span> <span class='ocrx_word' id='word_1_290' title='bbox 2391 1809 2682 1880; x_wconf 66' lang='lat' dir='ltr'>praecipua</span> <span class='ocrx_word' id='word_1_291' title='bbox 2706 1814 2794 1865; x_wconf 89' lang='lat' dir='ltr'>est</span> <span class='ocrx_word' id='word_1_292' title='bbox 2825 1811 3280 1866; x_wconf 90' lang='lat' dir='ltr'>concedendum.</span> 
     </span>
    </p>
   </div>
   <div class='ocr_carea' id='block_1_50' title="bbox 2025 1897 3603 1970">
    <p class='ocr_par' dir='ltr' id='par_1_50' title="bbox 2025 1897 3603 1970">
     <span class='ocr_line' id='line_1_51' title="bbox 2025 1897 3603 1970; baseline 0.004 -20"><span class='ocrx_word' id='word_1_293' title='bbox 2025 1898 2255 1961; x_wconf 88' lang='lat' dir='ltr'>Quinto.</span> <span class='ocrx_word' id='word_1_294' title='bbox 2290 1897 2369 1952; x_wconf 91' lang='lat' dir='ltr'>De</span> <span class='ocrx_word' id='word_1_295' title='bbox 2401 1898 2771 1970; x_wconf 74' lang='lat' dir='ltr'>presbyteris,</span> <span class='ocrx_word' id='word_1_296' title='bbox 2805 1899 3068 1955; x_wconf 84' lang='lat' dir='ltr'>diaconis</span> <span class='ocrx_word' id='word_1_297' title='bbox 3099 1904 3202 1954; x_wconf 91' lang='lat' dir='ltr'>aut</span> <span class='ocrx_word' id='word_1_298' title='bbox 3223 1900 3603 1956; x_wconf 89' lang='lat' dir='ltr'>subdiaconis</span> 
     </span>
    </p>
   </div>
   <div class='ocr_carea' id='block_1_51' title="bbox 1954 1984 3602 2061">
    <p class='ocr_par' dir='ltr' id='par_1_51' title="bbox 1954 1984 3602 2061">
     <span class='ocr_line' id='line_1_52' title="bbox 1954 1984 3602 2061; baseline 0.003 -24"><span class='ocrx_word' id='word_1_299' title='bbox 1954 1984 2052 2055; x_wconf 92' lang='lat' dir='ltr'>qui</span> <span class='ocrx_word' id='word_1_300' title='bbox 2080 1990 2209 2057; x_wconf 90' lang='lat' dir='ltr'>post</span> <span class='ocrx_word' id='word_1_301' title='bbox 2236 1990 2538 2057; x_wconf 83' lang='lat' dir='ltr'>acceptum</span> <span class='ocrx_word' id='word_1_302' title='bbox 2571 1988 2835 2041; x_wconf 89' lang='lat' dir='ltr'>ordinem</span> <span class='ocrx_word' id='word_1_303' title='bbox 2865 1987 2925 2041; x_wconf 90' lang='lat' dir='ltr'>in</span> <span class='ocrx_word' id='word_1_304' title='bbox 2957 1986 3153 2059; x_wconf 91' lang='lat' dir='ltr'>aliquo</span> <span class='ocrx_word' id='word_1_305' title='bbox 3182 1988 3425 2043; x_wconf 88' lang='lat' dir='ltr'>crimine</span> <span class='ocrx_word' id='word_1_306' title='bbox 3452 1988 3602 2061; x_wconf 90' lang='lat' dir='ltr'>lapsi</span> 
     </span>
    </p>
   </div>
   <div class='ocr_carea' id='block_1_52' title="bbox 1953 2074 3602 2149">
    <p class='ocr_par' dir='ltr' id='par_1_52' title="bbox 1953 2074 3602 2149">
     <span class='ocr_line' id='line_1_53' title="bbox 1953 2074 3602 2149; baseline 0.002 -22"><span class='ocrx_word' id='word_1_307' title='bbox 1953 2074 2189 2143; x_wconf 81' lang='lat' dir='ltr'>fuerint,</span> <span class='ocrx_word' id='word_1_308' title='bbox 2223 2075 2342 2128; x_wconf 86' lang='lat' dir='ltr'>sive</span> <span class='ocrx_word' id='word_1_309' title='bbox 2371 2074 2562 2145; x_wconf 88' lang='lat' dir='ltr'>palam</span> <span class='ocrx_word' id='word_1_310' title='bbox 2595 2076 2717 2131; x_wconf 91' lang='lat' dir='ltr'>sive</span> <span class='ocrx_word' id='word_1_311' title='bbox 2750 2075 2922 2141; x_wconf 90' lang='lat' dir='ltr'>clam,</span> <span class='ocrx_word' id='word_1_312' title='bbox 2973 2081 3204 2132; x_wconf 84' lang='lat' dir='ltr'>constat</span> <span class='ocrx_word' id='word_1_313' title='bbox 3238 2078 3475 2149; x_wconf 90' lang='lat' dir='ltr'>quidem</span> <span class='ocrx_word' id='word_1_314' title='bbox 3508 2093 3602 2132; x_wconf 89' lang='lat' dir='ltr'>ca-</span> 
     </span>
    </p>
   </div>
   <div class='ocr_carea' id='block_1_53' title="bbox 1953 2162 3599 2235">
    <p class='ocr_par' dir='ltr' id='par_1_53' title="bbox 1953 2162 3599 2235">
     <span class='ocr_line' id='line_1_54' title="bbox 1953 2162 3599 2235; baseline 0.002 -19"><span class='ocrx_word' id='word_1_315' title='bbox 1953 2178 2170 2217; x_wconf 90' lang='lat' dir='ltr'>nonum</span> <span class='ocrx_word' id='word_1_316' title='bbox 2194 2178 2441 2218; x_wconf 88' lang='lat' dir='ltr'>censura</span> <span class='ocrx_word' id='word_1_317' title='bbox 2465 2163 2537 2217; x_wconf 88' lang='lat' dir='ltr'>ab</span> <span class='ocrx_word' id='word_1_318' title='bbox 2550 2162 2960 2219; x_wconf 89' lang='lat' dir='ltr'>ecclesiasticis</span> <span class='ocrx_word' id='word_1_319' title='bbox 2979 2182 3077 2220; x_wconf 92' lang='lat' dir='ltr'>eos</span> <span class='ocrx_word' id='word_1_320' title='bbox 3090 2164 3562 2221; x_wconf 86' lang='lat' dir='ltr'>ofﬁciisinhiberi</span> <span class='ocrx_word' id='word_1_321' title='bbox 3585 2183 3599 2235; x_wconf 90' lang='lat'><strong>;</strong></span> 
     </span>
    </p>
   </div>
   <div class='ocr_carea' id='block_1_54' title="bbox 1952 2250 3602 2325">
    <p class='ocr_par' dir='ltr' id='par_1_54' title="bbox 1952 2250 3602 2325">
     <span class='ocr_line' id='line_1_55' title="bbox 1952 2250 3602 2325; baseline 0.003 -20"><span class='ocrx_word' id='word_1_322' title='bbox 1952 2254 2063 2305; x_wconf 71' lang='lat' dir='ltr'>tuae</span> <span class='ocrx_word' id='word_1_323' title='bbox 2088 2255 2280 2306; x_wconf 91' lang='lat' dir='ltr'>tamen</span> <span class='ocrx_word' id='word_1_324' title='bbox 2305 2250 2644 2306; x_wconf 89' lang='lat' dir='ltr'>discretioni</span> <span class='ocrx_word' id='word_1_325' title='bbox 2668 2251 3158 2325; x_wconf 74' lang='lat' dir='ltr'>providentiaeque</span> <span class='ocrx_word' id='word_1_326' title='bbox 3178 2253 3602 2310; x_wconf 84' lang='lat' dir='ltr'>committimus</span> 
     </span>
    </p>
   </div>
   <div class='ocr_carea' id='block_1_55' title="bbox 1955 2339 3603 2411">
    <p class='ocr_par' dir='ltr' id='par_1_55' title="bbox 1955 2339 3603 2411">
     <span class='ocr_line' id='line_1_56' title="bbox 1955 2339 3603 2411; baseline 0.001 -16"><span class='ocrx_word' id='word_1_327' title='bbox 1955 2343 2149 2395; x_wconf 90' lang='lat' dir='ltr'>utrum</span> <span class='ocrx_word' id='word_1_328' title='bbox 2176 2339 2381 2410; x_wconf 87' lang='lat' dir='ltr'>aliqui,</span> <span class='ocrx_word' id='word_1_329' title='bbox 2414 2341 2512 2411; x_wconf 90' lang='lat' dir='ltr'>qui</span> <span class='ocrx_word' id='word_1_330' title='bbox 2542 2344 2736 2397; x_wconf 86' lang='lat' dir='ltr'>tamen</span> <span class='ocrx_word' id='word_1_331' title='bbox 2772 2341 3025 2396; x_wconf 69' lang='lat' dir='ltr'>infamiae</span> <span class='ocrx_word' id='word_1_332' title='bbox 3059 2342 3210 2398; x_wconf 89' lang='lat' dir='ltr'>notis</span> <span class='ocrx_word' id='word_1_333' title='bbox 3240 2359 3355 2397; x_wconf 90' lang='lat' dir='ltr'>non</span> <span class='ocrx_word' id='word_1_334' title='bbox 3386 2342 3603 2398; x_wconf 82' lang='lat' dir='ltr'>fuerint</span> 
     </span>
    </p>
   </div>
   <div class='ocr_carea' id='block_1_56' title="bbox 1951 2426 3600 2502">
    <p class='ocr_par' dir='ltr' id='par_1_56' title="bbox 1951 2426 3600 2502">
     <span class='ocr_line' id='line_1_57' title="bbox 1951 2426 3600 2502; baseline 0.003 -21"><span class='ocrx_word' id='word_1_335' title='bbox 1951 2426 2164 2499; x_wconf 88' lang='lat' dir='ltr'>apersi,</span> <span class='ocrx_word' id='word_1_336' title='bbox 2214 2428 2559 2484; x_wconf 86' lang='lat' dir='ltr'>necessitate</span> <span class='ocrx_word' id='word_1_337' title='bbox 2600 2428 2869 2485; x_wconf 74' lang='lat' dir='ltr'>Ecclesia:</span> <span class='ocrx_word' id='word_1_338' title='bbox 2912 2434 3176 2501; x_wconf 85' lang='lat' dir='ltr'>urgente,</span> <span class='ocrx_word' id='word_1_339' title='bbox 3227 2435 3284 2485; x_wconf 92' lang='lat' dir='ltr'>et</span> <span class='ocrx_word' id='word_1_340' title='bbox 3336 2429 3600 2502; x_wconf 90' lang='lat' dir='ltr'>ipsorum</span> 
     </span>
    </p>
   </div>
   <div class='ocr_carea' id='block_1_57' title="bbox 1951 2517 3602 2591">
    <p class='ocr_par' dir='ltr' id='par_1_57' title="bbox 1951 2517 3602 2591">
     <span class='ocr_line' id='line_1_58' title="bbox 1951 2517 3602 2591; baseline 0.004 -22"><span class='ocrx_word' id='word_1_341' title='bbox 1951 2520 2155 2570; x_wconf 83' lang='lat' dir='ltr'>sancta</span> <span class='ocrx_word' id='word_1_342' title='bbox 2184 2517 2620 2572; x_wconf 87' lang='lat' dir='ltr'>conversatione</span> <span class='ocrx_word' id='word_1_343' title='bbox 2668 2519 3124 2589; x_wconf 89' lang='lat' dir='ltr'>promerente,in</span> <span class='ocrx_word' id='word_1_344' title='bbox 3164 2519 3290 2574; x_wconf 89' lang='lat' dir='ltr'>suis</span> <span class='ocrx_word' id='word_1_345' title='bbox 3320 2519 3602 2591; x_wconf 87' lang='lat' dir='ltr'>gradibus</span> 
     </span>
    </p>
   </div>
   <div class='ocr_carea' id='block_1_58' title="bbox 1953 2604 3601 2680">
    <p class='ocr_par' dir='ltr' id='par_1_58' title="bbox 1953 2604 3601 2680">
     <span class='ocr_line' id='line_1_59' title="bbox 1953 2604 3601 2680; baseline 0.002 -20"><span class='ocrx_word' id='word_1_346' title='bbox 1953 2604 2278 2677; x_wconf 88' lang='lat' dir='ltr'>recuperari</span> <span class='ocrx_word' id='word_1_347' title='bbox 2296 2606 2564 2661; x_wconf 90' lang='lat' dir='ltr'>debeant.</span> <span class='ocrx_word' id='word_1_348' title='bbox 2590 2605 2707 2661; x_wconf 88' lang='lat' dir='ltr'>Hoc</span> <span class='ocrx_word' id='word_1_349' title='bbox 2727 2610 2920 2662; x_wconf 89' lang='lat' dir='ltr'>autem</span> <span class='ocrx_word' id='word_1_350' title='bbox 2947 2607 3269 2662; x_wconf 89' lang='lat' dir='ltr'>secundum</span> <span class='ocrx_word' id='word_1_351' title='bbox 3289 2606 3601 2680; x_wconf 88' lang='lat' dir='ltr'>indulgen-</span> 
     </span>
    </p>
   </div>
   <div class='ocr_carea' id='block_1_59' title="bbox 1950 2693 3604 2768">
    <p class='ocr_par' dir='ltr' id='par_1_59' title="bbox 1950 2693 3604 2768">
     <span class='ocr_line' id='line_1_60' title="bbox 1950 2693 3604 2768; baseline 0.003 -22"><span class='ocrx_word' id='word_1_352' title='bbox 1950 2693 2093 2747; x_wconf 86' lang='lat' dir='ltr'>tiam</span> <span class='ocrx_word' id='word_1_353' title='bbox 2116 2693 2390 2759; x_wconf 88' lang='lat' dir='ltr'>dico,non</span> <span class='ocrx_word' id='word_1_354' title='bbox 2418 2695 2742 2750; x_wconf 89' lang='lat' dir='ltr'>secundum</span> <span class='ocrx_word' id='word_1_355' title='bbox 2771 2694 3179 2768; x_wconf 86' lang='lat' dir='ltr'>imperium,ut</span> <span class='ocrx_word' id='word_1_356' title='bbox 3197 2701 3390 2752; x_wconf 88' lang='lat' dir='ltr'>vestra</span> <span class='ocrx_word' id='word_1_357' title='bbox 3414 2696 3604 2768; x_wconf 89' lang='lat' dir='ltr'>major</span> 
     </span>
    </p>
   </div>
   <div class='ocr_carea' id='block_1_60' title="bbox 1951 2782 3603 2854">
    <p class='ocr_par' dir='ltr' id='par_1_60' title="bbox 1951 2782 3603 2854">
     <span class='ocr_line' id='line_1_61' title="bbox 1951 2782 3603 2854; baseline 0.004 -19"><span class='ocrx_word' id='word_1_358' title='bbox 1951 2782 2157 2837; x_wconf 87' lang='lat' dir='ltr'>vestris</span> <span class='ocrx_word' id='word_1_359' title='bbox 2195 2783 2251 2835; x_wconf 94' lang='lat' dir='ltr'>in</span> <span class='ocrx_word' id='word_1_360' title='bbox 2285 2784 2551 2854; x_wconf 87' lang='lat' dir='ltr'>partibus</span> <span class='ocrx_word' id='word_1_361' title='bbox 2580 2790 2783 2840; x_wconf 88' lang='lat' dir='ltr'>contra</span> <span class='ocrx_word' id='word_1_362' title='bbox 2815 2785 3115 2840; x_wconf 64' lang='lat' dir='ltr'>haereticos</span> <span class='ocrx_word' id='word_1_363' title='bbox 3167 2785 3453 2842; x_wconf 88' lang='lat' dir='ltr'>habeatur</span> <span class='ocrx_word' id='word_1_364' title='bbox 3493 2803 3603 2841; x_wconf 88' lang='lat' dir='ltr'>au-</span> 
     </span>
    </p>
   </div>
   <div class='ocr_carea' id='block_1_61' title="bbox 1951 2870 3601 2935">
    <p class='ocr_par' dir='ltr' id='par_1_61' title="bbox 1951 2870 3601 2935">
     <span class='ocr_line' id='line_1_62' title="bbox 1951 2870 3601 2935; baseline 0.004 -12"><span class='ocrx_word' id='word_1_365' title='bbox 1951 2870 2376 2935; x_wconf 88' lang='lat' dir='ltr'>ctoritas,salva</span> <span class='ocrx_word' id='word_1_366' title='bbox 2397 2876 2588 2927; x_wconf 89' lang='lat' dir='ltr'>tamen</span> <span class='ocrx_word' id='word_1_367' title='bbox 2606 2874 2950 2929; x_wconf 84' lang='lat' dir='ltr'>auctoritate</span> <span class='ocrx_word' id='word_1_368' title='bbox 2968 2891 3258 2929; x_wconf 89' lang='lat' dir='ltr'>canonum</span> <span class='ocrx_word' id='word_1_369' title='bbox 3279 2878 3336 2929; x_wconf 87' lang='lat' dir='ltr'>et</span> <span class='ocrx_word' id='word_1_370' title='bbox 3364 2878 3601 2930; x_wconf 88' lang='lat' dir='ltr'>sancto-</span> 
     </span>
    </p>
   </div>
   <div class='ocr_carea' id='block_1_62' title="bbox 1952 2959 3600 3036">
    <p class='ocr_par' dir='ltr' id='par_1_62' title="bbox 1952 2959 3600 3036">
     <span class='ocr_line' id='line_1_63' title="bbox 1952 2959 3600 3036; baseline 0.004 -24"><span class='ocrx_word' id='word_1_371' title='bbox 1952 2976 2081 3013; x_wconf 87' lang='lat' dir='ltr'>rum</span> <span class='ocrx_word' id='word_1_372' title='bbox 2116 2959 2354 3014; x_wconf 86' lang='lat' dir='ltr'>Patrum</span> <span class='ocrx_word' id='word_1_373' title='bbox 2387 2960 2776 3019; x_wconf 82' lang='lat' dir='ltr'>decretalibus</span> <span class='ocrx_word' id='word_1_374' title='bbox 2815 2962 3119 3019; x_wconf 88' lang='lat' dir='ltr'>institutis.</span> <span class='ocrx_word' id='word_1_375' title='bbox 3155 2963 3215 3019; x_wconf 89' lang='lat' dir='ltr'>Si</span> <span class='ocrx_word' id='word_1_376' title='bbox 3240 2980 3414 3036; x_wconf 89' lang='lat' dir='ltr'>quem</span> <span class='ocrx_word' id='word_1_377' title='bbox 3444 2980 3600 3032; x_wconf 88' lang='lat' dir='ltr'>vero,</span> 
     </span>
    </p>
   </div>
   <div class='ocr_carea' id='block_1_63' title="bbox 1951 3048 3596 3124">
    <p class='ocr_par' dir='ltr' id='par_1_63' title="bbox 1951 3048 3596 3124">
     <span class='ocr_line' id='line_1_64' title="bbox 1951 3048 3596 3124; baseline 0.005 -23"><span class='ocrx_word' id='word_1_378' title='bbox 1951 3048 2105 3118; x_wconf 89' lang='lat' dir='ltr'>quod</span> <span class='ocrx_word' id='word_1_379' title='bbox 2140 3048 2313 3117; x_wconf 88' lang='lat' dir='ltr'>absit,</span> <span class='ocrx_word' id='word_1_380' title='bbox 2347 3054 2447 3104; x_wconf 90' lang='lat' dir='ltr'>aut</span> <span class='ocrx_word' id='word_1_381' title='bbox 2477 3054 2608 3121; x_wconf 68' lang='lat' dir='ltr'>post</span> <span class='ocrx_word' id='word_1_382' title='bbox 2638 3055 2960 3122; x_wconf 89' lang='lat' dir='ltr'>acceptum,</span> <span class='ocrx_word' id='word_1_383' title='bbox 2992 3057 3094 3107; x_wconf 89' lang='lat' dir='ltr'>aut</span> <span class='ocrx_word' id='word_1_384' title='bbox 3123 3057 3258 3108; x_wconf 88' lang='lat' dir='ltr'>ante</span> <span class='ocrx_word' id='word_1_385' title='bbox 3289 3056 3596 3124; x_wconf 84' lang='lat' dir='ltr'>acceptum</span> 
     </span>
    </p>
   </div>
   <div class='ocr_carea' id='block_1_64' title="bbox 1950 3137 3600 3213">
    <p class='ocr_par' dir='ltr' id='par_1_64' title="bbox 1950 3137 3600 3213">
     <span class='ocr_line' id='line_1_65' title="bbox 1950 3137 3600 3213; baseline 0.004 -22"><span class='ocrx_word' id='word_1_386' title='bbox 1950 3137 2230 3203; x_wconf 74' lang='lat' dir='ltr'>officium,</span> <span class='ocrx_word' id='word_1_387' title='bbox 2265 3138 2572 3209; x_wconf 86' lang='lat' dir='ltr'>contigerit</span> <span class='ocrx_word' id='word_1_388' title='bbox 2601 3140 3139 3210; x_wconf 90' lang='lat' dir='ltr'>peremptorio,sive</span> <span class='ocrx_word' id='word_1_389' title='bbox 3163 3141 3314 3197; x_wconf 87' lang='lat' dir='ltr'>clam</span> <span class='ocrx_word' id='word_1_390' title='bbox 3347 3142 3467 3197; x_wconf 90' lang='lat' dir='ltr'>sive</span> <span class='ocrx_word' id='word_1_391' title='bbox 3498 3158 3600 3213; x_wconf 87' lang='lat' dir='ltr'>pa-</span> 
     </span>
    </p>
   </div>
   <div class='ocr_carea' id='block_1_65' title="bbox 180 3216 3602 3302">
    <p class='ocr_par' dir='ltr' id='par_1_65' title="bbox 180 3216 3602 3302">
     <span class='ocr_line' id='line_1_66' title="bbox 180 3216 3602 3302; baseline -0 -18"><span class='ocrx_word' id='word_1_392' title='bbox 180 3230 464 3284; x_wconf 76' lang='lat' dir='ltr'>Romanaa</span> <span class='ocrx_word' id='word_1_393' title='bbox 512 3227 779 3283; x_wconf 68' lang='lat' dir='ltr'>Ecclesia:</span> <span class='ocrx_word' id='word_1_394' title='bbox 835 3227 1183 3295; x_wconf 90' lang='lat' dir='ltr'>invasorem,</span> <span class='ocrx_word' id='word_1_395' title='bbox 1219 3243 1355 3282; x_wconf 92' lang='lat' dir='ltr'>cum</span> <span class='ocrx_word' id='word_1_396' title='bbox 1404 3228 1653 3284; x_wconf 89' lang='lat' dir='ltr'>Henrico</span> <span class='ocrx_word' id='word_1_397' title='bbox 1684 3246 1837 3302; x_wconf 87' lang='lat' dir='ltr'>rege,</span> <span class='ocrx_word' id='word_1_398' title='bbox 1872 3216 1914 3282; x_wconf 90' lang='lat' dir='ltr'>C</span> <span class='ocrx_word' id='word_1_399' title='bbox 1956 3224 2093 3289; x_wconf 87' lang='lat' dir='ltr'>lam,</span> <span class='ocrx_word' id='word_1_400' title='bbox 2127 3229 2472 3296; x_wconf 88' lang='lat' dir='ltr'>occupatum</span> <span class='ocrx_word' id='word_1_401' title='bbox 2504 3226 2746 3281; x_wconf 88' lang='lat' dir='ltr'>crimine</span> <span class='ocrx_word' id='word_1_402' title='bbox 2771 3226 3038 3294; x_wconf 87' lang='lat' dir='ltr'>inveniri,</span> <span class='ocrx_word' id='word_1_403' title='bbox 3062 3245 3161 3284; x_wconf 92' lang='lat' dir='ltr'>eos</span> <span class='ocrx_word' id='word_1_404' title='bbox 3193 3229 3464 3296; x_wconf 85' lang='lat' dir='ltr'>maxime,</span> <span class='ocrx_word' id='word_1_405' title='bbox 3497 3230 3602 3302; x_wconf 90' lang='lat' dir='ltr'>qui</span> 
     </span>
    </p>
   </div>
   <div class='ocr_carea' id='block_1_66' title="bbox 181 3315 1844 3395">
    <p class='ocr_par' dir='ltr' id='par_1_66' title="bbox 181 3315 1844 3395">
     <span class='ocr_line' id='line_1_67' title="bbox 181 3315 1844 3395; baseline 0 -22"><span class='ocrx_word' id='word_1_406' title='bbox 181 3318 454 3389; x_wconf 86' lang='lat' dir='ltr'>ejusdem</span> <span class='ocrx_word' id='word_1_407' title='bbox 492 3316 889 3395; x_wconf 19' lang='lat' dir='ltr'>perversi‘tatis</span> <span class='ocrx_word' id='word_1_408' title='bbox 918 3315 1127 3388; x_wconf 87' lang='lat' dir='ltr'>capite,</span> <span class='ocrx_word' id='word_1_409' title='bbox 1160 3317 1234 3371; x_wconf 87' lang='lat' dir='ltr'>ab</span> <span class='ocrx_word' id='word_1_410' title='bbox 1265 3317 1541 3372; x_wconf 88' lang='lat' dir='ltr'>omnibus</span> <span class='ocrx_word' id='word_1_411' title='bbox 1579 3317 1844 3373; x_wconf 65' lang='lat' dir='ltr'>Ecclesiae</span> 
     </span>
    </p>
   </div>
   <div class='ocr_carea' id='block_1_67' title="bbox 182 3403 1847 3463">
    <p class='ocr_par' dir='ltr' id='par_1_67' title="bbox 182 3403 1847 3463">
     <span class='ocr_line' id='line_1_68' title="bbox 182 3403 1847 3463; baseline 0 0"><span class='ocrx_word' id='word_1_412' title='bbox 182 3406 491 3463; x_wconf 59' lang='lat' dir='ltr'>catholicas</span> <span class='ocrx_word' id='word_1_413' title='bbox 505 3405 783 3462; x_wconf 89' lang='lat' dir='ltr'>membris</span> <span class='ocrx_word' id='word_1_414' title='bbox 794 3403 1122 3461; x_wconf 89' lang='lat' dir='ltr'>alienumet</span> <span class='ocrx_word' id='word_1_415' title='bbox 1133 3406 1704 3462; x_wconf 87' lang='lat' dir='ltr'>excommunicatum</span> <span class='ocrx_word' id='word_1_416' title='bbox 1717 3422 1847 3463; x_wconf 88' lang='lat' dir='ltr'>esse</span> 
     </span>
    </p>
   </div>
   <div class='ocr_carea' id='block_1_68' title="bbox 181 3513 523 3552">
    <p class='ocr_par' dir='ltr' id='par_1_68' title="bbox 181 3513 523 3552">
     <span class='ocr_line' id='line_1_69' title="bbox 181 3513 523 3552; baseline -0.006 -1"><span class='ocrx_word' id='word_1_417' title='bbox 181 3513 523 3552; x_wconf 81' lang='lat' dir='ltr'>censemus.</span> 
     </span>
    </p>
   </div>
   <div class='ocr_carea' id='block_1_69' title="bbox 255 3582 1844 3655">
    <p class='ocr_par' dir='ltr' id='par_1_69' title="bbox 255 3582 1844 3655">
     <span class='ocr_line' id='line_1_70' title="bbox 255 3582 1844 3655; baseline 0 -15"><span class='ocrx_word' id='word_1_418' title='bbox 255 3584 552 3651; x_wconf 85' lang='lat' dir='ltr'>Secundo,</span> <span class='ocrx_word' id='word_1_419' title='bbox 585 3599 684 3639; x_wconf 89' lang='lat' dir='ltr'>eos</span> <span class='ocrx_word' id='word_1_420' title='bbox 701 3582 799 3654; x_wconf 88' lang='lat' dir='ltr'>qui</span> <span class='ocrx_word' id='word_1_421' title='bbox 820 3583 1021 3649; x_wconf 90' lang='lat' dir='ltr'>armis,</span> <span class='ocrx_word' id='word_1_422' title='bbox 1052 3583 1319 3655; x_wconf 78' lang='lat' dir='ltr'>pecunia,</span> <span class='ocrx_word' id='word_1_423' title='bbox 1338 3582 1581 3639; x_wconf 88' lang='lat' dir='ltr'>consilio</span> <span class='ocrx_word' id='word_1_424' title='bbox 1596 3589 1695 3639; x_wconf 88' lang='lat' dir='ltr'>aut</span> <span class='ocrx_word' id='word_1_425' title='bbox 1712 3584 1844 3640; x_wconf 82' lang='lat' dir='ltr'>obe-</span> 
     </span>
    </p>
   </div>
   <div class='ocr_carea' id='block_1_70' title="bbox 184 3671 1844 3740">
    <p class='ocr_par' dir='ltr' id='par_1_70' title="bbox 184 3671 1844 3740">
     <span class='ocr_line' id='line_1_71' title="bbox 184 3671 1844 3740; baseline -0.001 -11"><span class='ocrx_word' id='word_1_426' title='bbox 184 3673 431 3740; x_wconf 88' lang='lat' dir='ltr'>dientia,</span> <span class='ocrx_word' id='word_1_427' title='bbox 462 3671 891 3728; x_wconf 89' lang='lat' dir='ltr'>ecclesiasticos</span> <span class='ocrx_word' id='word_1_428' title='bbox 939 3671 1187 3728; x_wconf 84' lang='lat' dir='ltr'>maxime</span> <span class='ocrx_word' id='word_1_429' title='bbox 1208 3672 1443 3728; x_wconf 90' lang='lat' dir='ltr'>ordines</span> <span class='ocrx_word' id='word_1_430' title='bbox 1467 3678 1569 3729; x_wconf 89' lang='lat' dir='ltr'>aut</span> <span class='ocrx_word' id='word_1_431' title='bbox 1599 3673 1844 3729; x_wconf 88' lang='lat' dir='ltr'>honores</span> 
     </span>
    </p>
   </div>
   <div class='ocr_carea' id='block_1_71' title="bbox 180 3761 1844 3833">
    <p class='ocr_par' dir='ltr' id='par_1_71' title="bbox 180 3761 1844 3833">
     <span class='ocr_line' id='line_1_72' title="bbox 180 3761 1844 3833; baseline 0 -17"><span class='ocrx_word' id='word_1_432' title='bbox 180 3763 261 3817; x_wconf 87' lang='lat' dir='ltr'>ab</span> <span class='ocrx_word' id='word_1_433' title='bbox 289 3762 379 3817; x_wconf 87' lang='lat' dir='ltr'>eis</span> <span class='ocrx_word' id='word_1_434' title='bbox 407 3766 515 3816; x_wconf 91' lang='lat' dir='ltr'>aut</span> <span class='ocrx_word' id='word_1_435' title='bbox 542 3778 745 3816; x_wconf 90' lang='lat' dir='ltr'>eorum</span> <span class='ocrx_word' id='word_1_436' title='bbox 780 3761 1106 3817; x_wconf 82' lang='lat' dir='ltr'>fautoribus</span> <span class='ocrx_word' id='word_1_437' title='bbox 1131 3761 1489 3833; x_wconf 88' lang='lat' dir='ltr'>accipiendo,</span> <span class='ocrx_word' id='word_1_438' title='bbox 1523 3778 1723 3817; x_wconf 90' lang='lat' dir='ltr'>eorum</span> <span class='ocrx_word' id='word_1_439' title='bbox 1747 3778 1844 3817; x_wconf 90' lang='lat' dir='ltr'>ne-</span> 
     </span>
    </p>
   </div>
   <div class='ocr_carea' id='block_1_72' title="bbox 184 3849 1848 3922">
    <p class='ocr_par' dir='ltr' id='par_1_72' title="bbox 184 3849 1848 3922">
     <span class='ocr_line' id='line_1_73' title="bbox 184 3849 1848 3922; baseline 0.001 -18"><span class='ocrx_word' id='word_1_440' title='bbox 184 3850 385 3921; x_wconf 71' lang='lat' dir='ltr'>quitias</span> <span class='ocrx_word' id='word_1_441' title='bbox 408 3849 836 3905; x_wconf 84' lang='lat' dir='ltr'>adminiculum</span> <span class='ocrx_word' id='word_1_442' title='bbox 861 3850 1317 3906; x_wconf 85' lang='lat' dir='ltr'>subministrant</span> <span class='ocrx_word' id='word_1_443' title='bbox 1341 3868 1353 3905; x_wconf 91' lang='lat'>:</span> <span class='ocrx_word' id='word_1_444' title='bbox 1373 3850 1482 3904; x_wconf 89' lang='lat' dir='ltr'>hos</span> <span class='ocrx_word' id='word_1_445' title='bbox 1506 3851 1848 3922; x_wconf 90' lang='lat' dir='ltr'>igiturprin-</span> 
     </span>
    </p>
   </div>
   <div class='ocr_carea' id='block_1_73' title="bbox 183 3938 1558 4011">
    <p class='ocr_par' dir='ltr' id='par_1_73' title="bbox 183 3938 1558 4011">
     <span class='ocr_line' id='line_1_74' title="bbox 183 3938 1558 4011; baseline 0.001 -18"><span class='ocrx_word' id='word_1_446' title='bbox 183 3938 458 4011; x_wconf 88' lang='lat' dir='ltr'>cipaliter</span> <span class='ocrx_word' id='word_1_447' title='bbox 475 3939 867 3994; x_wconf 89' lang='lat' dir='ltr'>anathematis</span> <span class='ocrx_word' id='word_1_448' title='bbox 888 3938 1121 3994; x_wconf 90' lang='lat' dir='ltr'>vinculo</span> <span class='ocrx_word' id='word_1_449' title='bbox 1144 3939 1558 4011; x_wconf 87' lang='lat' dir='ltr'>astringentes.</span> 
     </span>
    </p>
   </div>
   <div class='ocr_carea' id='block_1_74' title="bbox 259 4027 1844 4099">
    <p class='ocr_par' dir='ltr' id='par_1_74' title="bbox 259 4027 1844 4099">
     <span class='ocr_line' id='line_1_75' title="bbox 259 4027 1844 4099; baseline 0 -17"><span class='ocrx_word' id='word_1_450' title='bbox 259 4028 326 4083; x_wconf 90' lang='lat' dir='ltr'>lu</span> <span class='ocrx_word' id='word_1_451' title='bbox 360 4028 532 4083; x_wconf 87' lang='lat' dir='ltr'>tertio</span> <span class='ocrx_word' id='word_1_452' title='bbox 579 4029 765 4099; x_wconf 89' lang='lat' dir='ltr'>gradu</span> <span class='ocrx_word' id='word_1_453' title='bbox 797 4029 1302 4084; x_wconf 87' lang='lat' dir='ltr'>communicantes</span> <span class='ocrx_word' id='word_1_454' title='bbox 1337 4027 1420 4083; x_wconf 88' lang='lat' dir='ltr'>eis</span> <span class='ocrx_word' id='word_1_455' title='bbox 1454 4046 1559 4083; x_wconf 89' lang='lat' dir='ltr'>nos</span> <span class='ocrx_word' id='word_1_456' title='bbox 1607 4027 1844 4099; x_wconf 86' lang='lat' dir='ltr'>quidem</span> 
     </span>
    </p>
   </div>
   <div class='ocr_carea' id='block_1_75' title="bbox 188 4104 1845 4188">
    <p class='ocr_par' dir='ltr' id='par_1_75' title="bbox 188 4104 1845 4188">
     <span class='ocr_line' id='line_1_76' title="bbox 188 4104 1845 4188; baseline -0.002 -14"><span class='ocrx_word' id='word_1_457' title='bbox 188 4136 305 4174; x_wconf 89' lang='lat' dir='ltr'>nou</span> <span class='ocrx_word' id='word_1_458' title='bbox 338 4116 1003 4183; x_wconf 82' lang='lat' dir='ltr'>excommunieavimus,</span> <span class='ocrx_word' id='word_1_459' title='bbox 1064 4117 1165 4172; x_wconf 89' lang='lat' dir='ltr'>sed</span> <span class='ocrx_word' id='word_1_460' title='bbox 1198 4117 1337 4188; x_wconf 87' lang='lat' dir='ltr'>quia</span> <span class='ocrx_word' id='word_1_461' title='bbox 1382 4104 1493 4188; x_wconf 77' lang='lat' dir='ltr'>ipsi</span> <span class='ocrx_word' id='word_1_462' title='bbox 1553 4134 1614 4171; x_wconf 90' lang='lat' dir='ltr'>se</span> <span class='ocrx_word' id='word_1_463' title='bbox 1643 4133 1845 4172; x_wconf 89' lang='lat' dir='ltr'>eorum</span> 
     </span>
    </p>
   </div>
   <div class='ocr_carea' id='block_1_76' title="bbox 186 4205 1846 4273">
    <p class='ocr_par' dir='ltr' id='par_1_76' title="bbox 186 4205 1846 4273">
     <span class='ocr_line' id='line_1_77' title="bbox 186 4205 1846 4273; baseline -0.001 -12"><span class='ocrx_word' id='word_1_464' title='bbox 186 4206 608 4262; x_wconf 87' lang='lat' dir='ltr'>communione</span> <span class='ocrx_word' id='word_1_465' title='bbox 637 4205 1087 4273; x_wconf 80' lang='lat' dir='ltr'>comniaculant,</span> <span class='ocrx_word' id='word_1_466' title='bbox 1114 4207 1170 4259; x_wconf 91' lang='lat' dir='ltr'>in</span> <span class='ocrx_word' id='word_1_467' title='bbox 1194 4213 1452 4260; x_wconf 88' lang='lat' dir='ltr'>nostram</span> <span class='ocrx_word' id='word_1_468' title='bbox 1481 4222 1582 4260; x_wconf 86' lang='lat' dir='ltr'>eos</span> <span class='ocrx_word' id='word_1_469' title='bbox 1604 4206 1846 4260; x_wconf 88' lang='lat' dir='ltr'>societa-</span> 
     </span>
    </p>
   </div>
   <div class='ocr_carea' id='block_1_77' title="bbox 192 4294 1847 4368">
    <p class='ocr_par' dir='ltr' id='par_1_77' title="bbox 192 4294 1847 4368">
     <span class='ocr_line' id='line_1_78' title="bbox 192 4294 1847 4368; baseline -0.003 -15"><span class='ocrx_word' id='word_1_470' title='bbox 192 4302 305 4353; x_wconf 87' lang='lat' dir='ltr'>tem</span> <span class='ocrx_word' id='word_1_471' title='bbox 339 4311 714 4368; x_wconf 87' lang='lat' dir='ltr'>nequaquam</span> <span class='ocrx_word' id='word_1_472' title='bbox 751 4294 877 4348; x_wconf 89' lang='lat' dir='ltr'>sine</span> <span class='ocrx_word' id='word_1_473' title='bbox 904 4294 1251 4366; x_wconf 68' lang='lat' dir='ltr'>poenitentia:</span> <span class='ocrx_word' id='word_1_474' title='bbox 1284 4294 1503 4349; x_wconf 83' lang='lat' dir='ltr'>ultione</span> <span class='ocrx_word' id='word_1_475' title='bbox 1533 4298 1591 4349; x_wconf 88' lang='lat' dir='ltr'>et</span> <span class='ocrx_word' id='word_1_476' title='bbox 1613 4294 1847 4351; x_wconf 87' lang='lat' dir='ltr'>absolu-</span> 
     </span>
    </p>
   </div>
   <div class='ocr_carea' id='block_1_78' title="bbox 191 4377 1847 4455">
    <p class='ocr_par' dir='ltr' id='par_1_78' title="bbox 191 4377 1847 4455">
     <span class='ocr_line' id='line_1_79' title="bbox 191 4377 1847 4455; baseline -0.002 -15"><span class='ocrx_word' id='word_1_477' title='bbox 191 4386 350 4440; x_wconf 87' lang='lat' dir='ltr'>tione</span> <span class='ocrx_word' id='word_1_478' title='bbox 382 4382 974 4455; x_wconf 86' lang='lat' dir='ltr'>recepimus.Sanctis</span> <span class='ocrx_word' id='word_1_479' title='bbox 1004 4377 1223 4454; x_wconf 87' lang='lat' dir='ltr'>quippe</span> <span class='ocrx_word' id='word_1_480' title='bbox 1255 4382 1578 4437; x_wconf 87' lang='lat' dir='ltr'>canonibus</span> <span class='ocrx_word' id='word_1_481' title='bbox 1609 4387 1847 4438; x_wconf 88' lang='lat' dir='ltr'>cautum</span> 
     </span>
    </p>
   </div>
   <div class='ocr_carea' id='block_1_79' title="bbox 189 4471 1846 4544">
    <p class='ocr_par' dir='ltr' id='par_1_79' title="bbox 189 4471 1846 4544">
     <span class='ocr_line' id='line_1_80' title="bbox 189 4471 1846 4544; baseline -0.002 -15"><span class='ocrx_word' id='word_1_482' title='bbox 189 4479 426 4529; x_wconf 85' lang='lat' dir='ltr'>constat</span> <span class='ocrx_word' id='word_1_483' title='bbox 454 4477 520 4527; x_wconf 91' lang='lat' dir='ltr'>ut</span> <span class='ocrx_word' id='word_1_484' title='bbox 575 4471 677 4544; x_wconf 90' lang='lat' dir='ltr'>qui</span> <span class='ocrx_word' id='word_1_485' title='bbox 728 4471 1253 4527; x_wconf 82' lang='lat' dir='ltr'>excommunicatis</span> <span class='ocrx_word' id='word_1_486' title='bbox 1312 4471 1846 4539; x_wconf 80' lang='lat' dir='ltr'>communicaverit,</span> 
     </span>
    </p>
   </div>
   <div class='ocr_carea' id='block_1_80' title="bbox 1956 3313 3602 3384">
    <p class='ocr_par' dir='ltr' id='par_1_80' title="bbox 1956 3313 3602 3384">
     <span class='ocr_line' id='line_1_81' title="bbox 1956 3313 3602 3384; baseline 0.004 -17"><span class='ocrx_word' id='word_1_487' title='bbox 1956 3314 2175 3369; x_wconf 90' lang='lat' dir='ltr'>mundo</span> <span class='ocrx_word' id='word_1_488' title='bbox 2198 3313 2388 3369; x_wconf 89' lang='lat' dir='ltr'>adhuc</span> <span class='ocrx_word' id='word_1_489' title='bbox 2407 3315 2628 3384; x_wconf 85' lang='lat' dir='ltr'>vivunt,</span> <span class='ocrx_word' id='word_1_490' title='bbox 2651 3315 2722 3370; x_wconf 93' lang='lat' dir='ltr'>ab</span> <span class='ocrx_word' id='word_1_491' title='bbox 2746 3315 2903 3370; x_wconf 90' lang='lat' dir='ltr'>omni</span> <span class='ocrx_word' id='word_1_492' title='bbox 2926 3315 3127 3371; x_wconf 88' lang='lat' dir='ltr'>altaris</span> <span class='ocrx_word' id='word_1_493' title='bbox 3150 3316 3476 3372; x_wconf 89' lang='lat' dir='ltr'>ministerio</span> <span class='ocrx_word' id='word_1_494' title='bbox 3510 3334 3602 3374; x_wconf 85' lang='lat' dir='ltr'>sc-</span> 
     </span>
    </p>
   </div>
   <div class='ocr_carea' id='block_1_81' title="bbox 1955 3406 2351 3475">
    <p class='ocr_par' dir='ltr' id='par_1_81' title="bbox 1955 3406 2351 3475">
     <span class='ocr_line' id='line_1_82' title="bbox 1955 3406 2351 3475; baseline -0.003 -17"><span class='ocrx_word' id='word_1_495' title='bbox 1955 3406 2351 3475; x_wconf 89' lang='lat' dir='ltr'>questramus.</span> 
     </span>
    </p>
   </div>
   <div class='ocr_carea' id='block_1_82' title="bbox 2024 3492 3598 3565">
    <p class='ocr_par' dir='ltr' id='par_1_82' title="bbox 2024 3492 3598 3565">
     <span class='ocr_line' id='line_1_83' title="bbox 2024 3492 3598 3565; baseline 0.004 -19"><span class='ocrx_word' id='word_1_496' title='bbox 2024 3493 2215 3546; x_wconf 85' lang='lat' dir='ltr'>Sexto.</span> <span class='ocrx_word' id='word_1_497' title='bbox 2236 3492 2385 3547; x_wconf 90' lang='lat' dir='ltr'>Sane</span> <span class='ocrx_word' id='word_1_498' title='bbox 2412 3492 2667 3547; x_wconf 88' lang='lat' dir='ltr'>insulam</span> <span class='ocrx_word' id='word_1_499' title='bbox 2696 3493 2947 3565; x_wconf 84' lang='lat' dir='ltr'>Augiam</span> <span class='ocrx_word' id='word_1_500' title='bbox 2970 3494 3081 3549; x_wconf 91' lang='lat' dir='ltr'>sub</span> <span class='ocrx_word' id='word_1_501' title='bbox 3102 3493 3513 3565; x_wconf 88' lang='lat' dir='ltr'>jurisdictione</span> <span class='ocrx_word' id='word_1_502' title='bbox 3539 3496 3598 3552; x_wconf 86' lang='grc' dir='ltr'><strong>Β.</strong></span> 
     </span>
    </p>
   </div>
   <div class='ocr_carea' id='block_1_83' title="bbox 1955 3580 3603 3656">
    <p class='ocr_par' dir='ltr' id='par_1_83' title="bbox 1955 3580 3603 3656">
     <span class='ocr_line' id='line_1_84' title="bbox 1955 3580 3603 3656; baseline 0.003 -21"><span class='ocrx_word' id='word_1_503' title='bbox 1955 3582 2100 3635; x_wconf 88' lang='lat' dir='ltr'>Petri</span> <span class='ocrx_word' id='word_1_504' title='bbox 2135 3597 2199 3636; x_wconf 90' lang='lat' dir='ltr'>ac</span> <span class='ocrx_word' id='word_1_505' title='bbox 2232 3580 2503 3636; x_wconf 63' lang='lat' dir='ltr'>Romanas</span> <span class='ocrx_word' id='word_1_506' title='bbox 2534 3581 2800 3637; x_wconf 67' lang='lat' dir='ltr'>Ecclesia:</span> <span class='ocrx_word' id='word_1_507' title='bbox 2832 3586 3059 3639; x_wconf 89' lang='lat' dir='ltr'>constat</span> <span class='ocrx_word' id='word_1_508' title='bbox 3103 3583 3434 3656; x_wconf 89' lang='lat' dir='ltr'>specialiter</span> <span class='ocrx_word' id='word_1_509' title='bbox 3471 3601 3603 3640; x_wconf 86' lang='lat' dir='ltr'>con-</span> 
     </span>
    </p>
   </div>
   <div class='ocr_carea' id='block_1_84' title="bbox 1955 3670 3603 3746">
    <p class='ocr_par' dir='ltr' id='par_1_84' title="bbox 1955 3670 3603 3746">
     <span class='ocr_line' id='line_1_85' title="bbox 1955 3670 3603 3746; baseline 0.004 -23"><span class='ocrx_word' id='word_1_510' title='bbox 1955 3670 2126 3724; x_wconf 88' lang='lat' dir='ltr'>tineri</span> <span class='ocrx_word' id='word_1_511' title='bbox 2153 3670 2282 3737; x_wconf 89' lang='lat' dir='ltr'>;sed</span> <span class='ocrx_word' id='word_1_512' title='bbox 2308 3671 2446 3742; x_wconf 84' lang='lat' dir='ltr'>quia</span> <span class='ocrx_word' id='word_1_513' title='bbox 2466 3687 2665 3727; x_wconf 91' lang='lat' dir='ltr'>eorum</span> <span class='ocrx_word' id='word_1_514' title='bbox 2690 3671 3239 3746; x_wconf 88' lang='lat' dir='ltr'>privilegium,quod</span> <span class='ocrx_word' id='word_1_515' title='bbox 3253 3674 3327 3728; x_wconf 88' lang='lat' dir='ltr'>ab</span> <span class='ocrx_word' id='word_1_516' title='bbox 3340 3674 3603 3731; x_wconf 85' lang='lat' dir='ltr'>Romana</span> 
     </span>
    </p>
   </div>
   <div class='ocr_carea' id='block_1_85' title="bbox 1956 3759 3601 3832">
    <p class='ocr_par' dir='ltr' id='par_1_85' title="bbox 1956 3759 3601 3832">
     <span class='ocr_line' id='line_1_86' title="bbox 1956 3759 3601 3832; baseline 0.004 -19"><span class='ocrx_word' id='word_1_517' title='bbox 1956 3759 2206 3814; x_wconf 88' lang='lat' dir='ltr'>Ecclesia</span> <span class='ocrx_word' id='word_1_518' title='bbox 2255 3759 2540 3828; x_wconf 88' lang='lat' dir='ltr'>obtinent,</span> <span class='ocrx_word' id='word_1_519' title='bbox 2573 3779 2688 3817; x_wconf 91' lang='lat' dir='ltr'>non</span> <span class='ocrx_word' id='word_1_520' title='bbox 2722 3762 2866 3818; x_wconf 90' lang='lat' dir='ltr'>satis</span> <span class='ocrx_word' id='word_1_521' title='bbox 2908 3764 3307 3832; x_wconf 86' lang='lat' dir='ltr'>meminimus,</span> <span class='ocrx_word' id='word_1_522' title='bbox 3363 3780 3601 3820; x_wconf 91' lang='lat' dir='ltr'>causam</span> 
     </span>
    </p>
   </div>
   <div class='ocr_carea' id='block_1_86' title="bbox 1956 3847 3603 3923">
    <p class='ocr_par' dir='ltr' id='par_1_86' title="bbox 1956 3847 3603 3923">
     <span class='ocr_line' id='line_1_87' title="bbox 1956 3847 3603 3923; baseline 0.004 -22"><span class='ocrx_word' id='word_1_523' title='bbox 1956 3847 2120 3903; x_wconf 79' lang='lat' dir='ltr'>facile</span> <span class='ocrx_word' id='word_1_524' title='bbox 2150 3848 2536 3904; x_wconf 88' lang='lat' dir='ltr'>determinare</span> <span class='ocrx_word' id='word_1_525' title='bbox 2565 3866 2674 3905; x_wconf 92' lang='lat' dir='ltr'>non</span> <span class='ocrx_word' id='word_1_526' title='bbox 2703 3868 3019 3923; x_wconf 89' lang='lat' dir='ltr'>possumus</span> <span class='ocrx_word' id='word_1_527' title='bbox 3044 3877 3057 3915; x_wconf 83' lang='lat'><strong>;</strong></span> <span class='ocrx_word' id='word_1_528' title='bbox 3087 3851 3455 3907; x_wconf 89' lang='lat' dir='ltr'>salvatamen</span> <span class='ocrx_word' id='word_1_529' title='bbox 3474 3854 3603 3923; x_wconf 89' lang='lat' dir='ltr'>ejus</span> 
     </span>
    </p>
   </div>
   <div class='ocr_carea' id='block_1_87' title="bbox 1955 3936 3605 4011">
    <p class='ocr_par' dir='ltr' id='par_1_87' title="bbox 1955 3936 3605 4011">
     <span class='ocr_line' id='line_1_88' title="bbox 1955 3936 3605 4011; baseline 0.002 -20"><span class='ocrx_word' id='word_1_530' title='bbox 1955 3936 2237 4008; x_wconf 88' lang='lat' dir='ltr'>privilegii</span> <span class='ocrx_word' id='word_1_531' title='bbox 2269 3938 2630 4005; x_wconf 88' lang='lat' dir='ltr'>auctoritate,</span> <span class='ocrx_word' id='word_1_532' title='bbox 2664 3940 2770 3993; x_wconf 90' lang='lat' dir='ltr'>tibi</span> <span class='ocrx_word' id='word_1_533' title='bbox 2803 3939 3178 4011; x_wconf 84' lang='lat' dir='ltr'>singulariter</span> <span class='ocrx_word' id='word_1_534' title='bbox 3202 3939 3261 3993; x_wconf 89' lang='lat' dir='ltr'>in</span> <span class='ocrx_word' id='word_1_535' title='bbox 3294 3939 3516 3994; x_wconf 90' lang='lat' dir='ltr'>clerum</span> <span class='ocrx_word' id='word_1_536' title='bbox 3546 3944 3605 3996; x_wconf 90' lang='lat' dir='ltr'>et</span> 
     </span>
    </p>
   </div>
   <div class='ocr_carea' id='block_1_88' title="bbox 1955 4024 3605 4099">
    <p class='ocr_par' dir='ltr' id='par_1_88' title="bbox 1955 4024 3605 4099">
     <span class='ocr_line' id='line_1_89' title="bbox 1955 4024 3605 4099; baseline 0.002 -20"><span class='ocrx_word' id='word_1_537' title='bbox 1955 4025 2011 4079; x_wconf 89' lang='lat' dir='ltr'>in</span> <span class='ocrx_word' id='word_1_538' title='bbox 2045 4024 2322 4097; x_wconf 87' lang='lat' dir='ltr'>populum</span> <span class='ocrx_word' id='word_1_539' title='bbox 2360 4025 2474 4079; x_wconf 90' lang='lat' dir='ltr'>illic</span> <span class='ocrx_word' id='word_1_540' title='bbox 2507 4026 3107 4099; x_wconf 71' lang='lat' dir='ltr'>habitantem,pra3ter</span> <span class='ocrx_word' id='word_1_541' title='bbox 3129 4026 3468 4095; x_wconf 89' lang='lat' dir='ltr'>monachos,</span> <span class='ocrx_word' id='word_1_542' title='bbox 3484 4042 3605 4082; x_wconf 90' lang='lat' dir='ltr'>om-</span> 
     </span>
    </p>
   </div>
   <div class='ocr_carea' id='block_1_89' title="bbox 1957 4113 3598 4187">
    <p class='ocr_par' dir='ltr' id='par_1_89' title="bbox 1957 4113 3598 4187">
     <span class='ocr_line' id='line_1_90' title="bbox 1957 4113 3598 4187; baseline 0.001 -19"><span class='ocrx_word' id='word_1_543' title='bbox 1957 4129 2089 4168; x_wconf 85' lang='lat' dir='ltr'>nem</span> <span class='ocrx_word' id='word_1_544' title='bbox 2107 4113 2481 4168; x_wconf 87' lang='lat' dir='ltr'>concedimus</span> <span class='ocrx_word' id='word_1_545' title='bbox 2507 4113 2897 4185; x_wconf 88' lang='lat' dir='ltr'>episcopalem</span> <span class='ocrx_word' id='word_1_546' title='bbox 2916 4113 3219 4187; x_wconf 87' lang='lat' dir='ltr'>regiminis</span> <span class='ocrx_word' id='word_1_547' title='bbox 3230 4117 3598 4186; x_wconf 87' lang='lat' dir='ltr'>potestatem.</span> 
     </span>
    </p>
   </div>
   <div class='ocr_carea' id='block_1_90' title="bbox 1955 4201 3605 4276">
    <p class='ocr_par' dir='ltr' id='par_1_90' title="bbox 1955 4201 3605 4276">
     <span class='ocr_line' id='line_1_91' title="bbox 1955 4201 3605 4276; baseline 0.001 -19"><span class='ocrx_word' id='word_1_548' title='bbox 1955 4202 2240 4257; x_wconf 75' lang='lat' dir='ltr'>Caeterum</span> <span class='ocrx_word' id='word_1_549' title='bbox 2287 4201 2419 4256; x_wconf 87' lang='lat' dir='ltr'>utin</span> <span class='ocrx_word' id='word_1_550' title='bbox 2444 4201 2645 4256; x_wconf 88' lang='lat' dir='ltr'>eodem</span> <span class='ocrx_word' id='word_1_551' title='bbox 2663 4203 2932 4258; x_wconf 86' lang='lat' dir='ltr'>abbatem</span> <span class='ocrx_word' id='word_1_552' title='bbox 2955 4202 3306 4259; x_wconf 88' lang='lat' dir='ltr'>catholicum</span> <span class='ocrx_word' id='word_1_553' title='bbox 3330 4201 3605 4276; x_wconf 89' lang='lat' dir='ltr'>regulari-</span> 
     </span>
    </p>
   </div>
   <div class='ocr_carea' id='block_1_91' title="bbox 1956 4291 3601 4363">
    <p class='ocr_par' dir='ltr' id='par_1_91' title="bbox 1956 4291 3601 4363">
     <span class='ocr_line' id='line_1_92' title="bbox 1956 4291 3601 4363; baseline 0.001 -18"><span class='ocrx_word' id='word_1_554' title='bbox 1956 4296 2044 4351; x_wconf 84' lang='lat' dir='ltr'>ter</span> <span class='ocrx_word' id='word_1_555' title='bbox 2071 4291 2192 4346; x_wconf 91' lang='lat' dir='ltr'>vice</span> <span class='ocrx_word' id='word_1_556' title='bbox 2214 4295 2413 4347; x_wconf 84' lang='lat' dir='ltr'>nostra</span> <span class='ocrx_word' id='word_1_557' title='bbox 2448 4291 2809 4363; x_wconf 71' lang='lat' dir='ltr'>prazstituere</span> <span class='ocrx_word' id='word_1_558' title='bbox 2832 4293 3090 4360; x_wconf 85' lang='lat' dir='ltr'>studeas,</span> <span class='ocrx_word' id='word_1_559' title='bbox 3124 4296 3237 4348; x_wconf 64' lang='lat' dir='ltr'>tua)</span> <span class='ocrx_word' id='word_1_560' title='bbox 3261 4292 3601 4348; x_wconf 71' lang='lat' dir='ltr'>obedientize</span> 
     </span>
    </p>
   </div>
   <div class='ocr_carea' id='block_1_92' title="bbox 1956 4379 3603 4453">
    <p class='ocr_par' dir='ltr' id='par_1_92' title="bbox 1956 4379 3603 4453">
     <span class='ocr_line' id='line_1_93' title="bbox 1956 4379 3603 4453; baseline 0 -17"><span class='ocrx_word' id='word_1_561' title='bbox 1956 4380 2317 4453; x_wconf 84' lang='lat' dir='ltr'>imperamus</span> <span class='ocrx_word' id='word_1_562' title='bbox 2352 4399 2363 4447; x_wconf 88' lang='lat'>;</span> <span class='ocrx_word' id='word_1_563' title='bbox 2400 4397 2501 4434; x_wconf 84' lang='lat' dir='ltr'>nec</span> <span class='ocrx_word' id='word_1_564' title='bbox 2522 4379 2713 4435; x_wconf 88' lang='lat' dir='ltr'>solum</span> <span class='ocrx_word' id='word_1_565' title='bbox 2739 4379 2795 4434; x_wconf 92' lang='lat' dir='ltr'>in</span> <span class='ocrx_word' id='word_1_566' title='bbox 2820 4380 3017 4451; x_wconf 87' lang='lat' dir='ltr'>eo,sed</span> <span class='ocrx_word' id='word_1_567' title='bbox 3042 4384 3097 4436; x_wconf 89' lang='lat' dir='ltr'>et</span> <span class='ocrx_word' id='word_1_568' title='bbox 3124 4381 3182 4436; x_wconf 90' lang='lat' dir='ltr'>in</span> <span class='ocrx_word' id='word_1_569' title='bbox 3227 4386 3283 4436; x_wconf 91' lang='lat' dir='ltr'>S.</span> <span class='ocrx_word' id='word_1_570' title='bbox 3318 4380 3464 4437; x_wconf 88' lang='lat' dir='ltr'>Galli</span> <span class='ocrx_word' id='word_1_571' title='bbox 3499 4397 3603 4436; x_wconf 76' lang='lat' dir='ltr'>cm-</span> 
     </span>
    </p>
   </div>
   <div class='ocr_carea' id='block_1_93' title="bbox 1956 4469 3603 4543">
    <p class='ocr_par' dir='ltr' id='par_1_93' title="bbox 1956 4469 3603 4543">
     <span class='ocr_line' id='line_1_94' title="bbox 1956 4469 3603 4543; baseline 0 -16"><span class='ocrx_word' id='word_1_572' title='bbox 1956 4470 2150 4538; x_wconf 87' lang='lat' dir='ltr'>nobio,</span> <span class='ocrx_word' id='word_1_573' title='bbox 2184 4476 2242 4526; x_wconf 87' lang='lat' dir='ltr'>et</span> <span class='ocrx_word' id='word_1_574' title='bbox 2274 4471 2330 4524; x_wconf 91' lang='lat' dir='ltr'>in</span> <span class='ocrx_word' id='word_1_575' title='bbox 2354 4469 2594 4537; x_wconf 74' lang='lat' dir='ltr'>czeteris,</span> <span class='ocrx_word' id='word_1_576' title='bbox 2629 4470 2675 4524; x_wconf 89' lang='lat' dir='ltr'>si</span> <span class='ocrx_word' id='word_1_577' title='bbox 2708 4487 2833 4540; x_wconf 62' lang='lat' dir='ltr'>quis</span> <span class='ocrx_word' id='word_1_578' title='bbox 2867 4470 3261 4543; x_wconf 87' lang='lat' dir='ltr'>sint,propriis</span> <span class='ocrx_word' id='word_1_579' title='bbox 3293 4470 3603 4527; x_wconf 88' lang='lat' dir='ltr'>abbatibus</span> 
     </span>
    </p>
   </div>
   <div class='ocr_carea' id='block_1_94' title="bbox 187 4560 3602 4647">
    <p class='ocr_par' dir='ltr' id='par_1_94' title="bbox 187 4560 3602 4647">
     <span class='ocr_line' id='line_1_95' title="bbox 187 4560 3602 4647; baseline -0 -30"><span class='ocrx_word' id='word_1_580' title='bbox 187 4563 751 4617; x_wconf 80' lang='lat' dir='ltr'>excommunicetur.</span> <span class='ocrx_word' id='word_1_581' title='bbox 787 4560 978 4632; x_wconf 86' lang='lat' dir='ltr'>Ipsius</span> <span class='ocrx_word' id='word_1_582' title='bbox 1023 4564 1218 4615; x_wconf 87' lang='lat' dir='ltr'>autem</span> <span class='ocrx_word' id='word_1_583' title='bbox 1273 4560 1624 4631; x_wconf 73' lang='lat' dir='ltr'>pmnitentize</span> <span class='ocrx_word' id='word_1_584' title='bbox 1674 4565 1848 4632; x_wconf 90' lang='lat' dir='ltr'>atque</span> <span class='ocrx_word' id='word_1_585' title='bbox 1880 4584 1924 4647; x_wconf 66' lang='grc' dir='ltr'><strong>Β</strong></span> <span class='ocrx_word' id='word_1_586' title='bbox 1960 4563 2260 4625; x_wconf 81' lang='lat' dir='ltr'>destituta,</span> <span class='ocrx_word' id='word_1_587' title='bbox 2315 4564 2513 4613; x_wconf 88' lang='lat' dir='ltr'>nostra</span> <span class='ocrx_word' id='word_1_588' title='bbox 2562 4560 2740 4613; x_wconf 86' lang='lat' dir='ltr'>iretus</span> <span class='ocrx_word' id='word_1_589' title='bbox 2799 4560 3165 4621; x_wconf 85' lang='lat' dir='ltr'>auctoritate,</span> <span class='ocrx_word' id='word_1_590' title='bbox 3197 4577 3331 4617; x_wconf 83' lang='lat' dir='ltr'>cum</span> <span class='ocrx_word' id='word_1_591' title='bbox 3360 4560 3602 4616; x_wconf 90' lang='lat' dir='ltr'>consilio</span> 
     </span>
    </p>
   </div>
   <div class='ocr_carea' id='block_1_95' title="bbox 189 4649 1851 4712">
    <p class='ocr_par' dir='ltr' id='par_1_95' title="bbox 189 4649 1851 4712">
     <span class='ocr_line' id='line_1_96' title="bbox 189 4649 1851 4712; baseline -0.001 -7"><span class='ocrx_word' id='word_1_592' title='bbox 189 4649 585 4706; x_wconf 88' lang='lat' dir='ltr'>absolutionis</span> <span class='ocrx_word' id='word_1_593' title='bbox 611 4650 817 4705; x_wconf 91' lang='lat' dir='ltr'>modos</span> <span class='ocrx_word' id='word_1_594' title='bbox 841 4665 906 4705; x_wconf 89' lang='lat' dir='ltr'>ea</span> <span class='ocrx_word' id='word_1_595' title='bbox 932 4650 1332 4704; x_wconf 88' lang='lat' dir='ltr'>moderatione</span> <span class='ocrx_word' id='word_1_596' title='bbox 1358 4649 1765 4712; x_wconf 87' lang='lat' dir='ltr'>discrevimus,</span> <span class='ocrx_word' id='word_1_597' title='bbox 1787 4654 1851 4704; x_wconf 89' lang='lat' dir='ltr'>ut</span> 
     </span>
    </p>
   </div>
   <div class='ocr_carea' id='block_1_96' title="bbox 186 4736 1851 4810">
    <p class='ocr_par' dir='ltr' id='par_1_96' title="bbox 186 4736 1851 4810">
     <span class='ocr_line' id='line_1_97' title="bbox 186 4736 1851 4810; baseline -0.002 -16"><span class='ocrx_word' id='word_1_598' title='bbox 186 4739 530 4810; x_wconf 86' lang='lat' dir='ltr'>quicunque</span> <span class='ocrx_word' id='word_1_599' title='bbox 560 4755 663 4793; x_wconf 90' lang='lat' dir='ltr'>seu</span> <span class='ocrx_word' id='word_1_600' title='bbox 684 4738 1031 4810; x_wconf 89' lang='lat' dir='ltr'>ignorantia,</span> <span class='ocrx_word' id='word_1_601' title='bbox 1065 4754 1168 4793; x_wconf 91' lang='lat' dir='ltr'>seu</span> <span class='ocrx_word' id='word_1_602' title='bbox 1199 4738 1430 4806; x_wconf 89' lang='lat' dir='ltr'>timore,</span> <span class='ocrx_word' id='word_1_603' title='bbox 1464 4755 1567 4793; x_wconf 90' lang='lat' dir='ltr'>seu</span> <span class='ocrx_word' id='word_1_604' title='bbox 1592 4736 1851 4794; x_wconf 90' lang='lat' dir='ltr'>necessi-</span> 
     </span>
    </p>
   </div>
   <div class='ocr_carea' id='block_1_97' title="bbox 190 4826 1850 4899">
    <p class='ocr_par' dir='ltr' id='par_1_97' title="bbox 190 4826 1850 4899">
     <span class='ocr_line' id='line_1_98' title="bbox 190 4826 1850 4899; baseline 0.001 -17"><span class='ocrx_word' id='word_1_605' title='bbox 190 4834 309 4883; x_wconf 84' lang='lat' dir='ltr'>tate</span> <span class='ocrx_word' id='word_1_606' title='bbox 344 4826 560 4899; x_wconf 88' lang='lat' dir='ltr'>negotii</span> <span class='ocrx_word' id='word_1_607' title='bbox 611 4827 889 4899; x_wconf 90' lang='lat' dir='ltr'>cuiquam</span> <span class='ocrx_word' id='word_1_608' title='bbox 923 4827 1173 4882; x_wconf 86' lang='lat' dir='ltr'>maxime</span> <span class='ocrx_word' id='word_1_609' title='bbox 1206 4827 1518 4883; x_wconf 89' lang='lat' dir='ltr'>necessarii</span> <span class='ocrx_word' id='word_1_610' title='bbox 1553 4844 1755 4882; x_wconf 87' lang='lat' dir='ltr'>eorum</span> <span class='ocrx_word' id='word_1_611' title='bbox 1789 4843 1850 4883; x_wconf 88' lang='lat' dir='ltr'>se</span> 
     </span>
    </p>
   </div>
   <div class='ocr_carea' id='block_1_98' title="bbox 190 4916 1848 4981">
    <p class='ocr_par' dir='ltr' id='par_1_98' title="bbox 190 4916 1848 4981">
     <span class='ocr_line' id='line_1_99' title="bbox 190 4916 1848 4981; baseline -0.001 -8"><span class='ocrx_word' id='word_1_612' title='bbox 190 4919 485 4981; x_wconf 85' lang='lat' dir='ltr'>convictu,</span> <span class='ocrx_word' id='word_1_613' title='bbox 545 4916 853 4980; x_wconf 76' lang='lat' dir='ltr'>salutione,</span> <span class='ocrx_word' id='word_1_614' title='bbox 915 4916 1194 4981; x_wconf 88' lang='lat' dir='ltr'>oratione,</span> <span class='ocrx_word' id='word_1_615' title='bbox 1256 4917 1613 4972; x_wconf 88' lang='lat' dir='ltr'>osculatione</span> <span class='ocrx_word' id='word_1_616' title='bbox 1652 4923 1848 4972; x_wconf 81' lang='lat' dir='ltr'>conta-</span> 
     </span>
    </p>
   </div>
   <div class='ocr_carea' id='block_1_99' title="bbox 195 5004 1850 5078">
    <p class='ocr_par' dir='ltr' id='par_1_99' title="bbox 195 5004 1850 5078">
     <span class='ocr_line' id='line_1_100' title="bbox 195 5004 1850 5078; baseline 0.001 -18"><span class='ocrx_word' id='word_1_617' title='bbox 195 5004 509 5061; x_wconf 80' lang='lat' dir='ltr'>minaverit</span> <span class='ocrx_word' id='word_1_618' title='bbox 537 5022 668 5060; x_wconf 89' lang='lat' dir='ltr'>cum</span> <span class='ocrx_word' id='word_1_619' title='bbox 705 5005 948 5061; x_wconf 88' lang='lat' dir='ltr'>minoris</span> <span class='ocrx_word' id='word_1_620' title='bbox 972 5006 1320 5077; x_wconf 68' lang='lat' dir='ltr'>poenitentiae</span> <span class='ocrx_word' id='word_1_621' title='bbox 1344 5004 1850 5078; x_wconf 69' lang='lat' dir='ltr'>absolutionisque</span> 
     </span>
    </p>
   </div>
   <div class='ocr_carea' id='block_1_100' title="bbox 196 5094 1847 5167">
    <p class='ocr_par' dir='ltr' id='par_1_100' title="bbox 196 5094 1847 5167">
     <span class='ocr_line' id='line_1_101' title="bbox 196 5094 1847 5167; baseline -0.002 -16"><span class='ocrx_word' id='word_1_622' title='bbox 196 5094 493 5151; x_wconf 83' lang='lat' dir='ltr'>medicina</span> <span class='ocrx_word' id='word_1_623' title='bbox 522 5095 815 5151; x_wconf 86' lang='lat' dir='ltr'>societatis</span> <span class='ocrx_word' id='word_1_624' title='bbox 848 5102 1057 5151; x_wconf 63' lang='lat' dir='ltr'>nostras</span> <span class='ocrx_word' id='word_1_625' title='bbox 1115 5094 1488 5167; x_wconf 89' lang='lat' dir='ltr'>participium</span> <span class='ocrx_word' id='word_1_626' title='bbox 1524 5094 1801 5150; x_wconf 87' lang='lat' dir='ltr'>sortiatur</span> <span class='ocrx_word' id='word_1_627' title='bbox 1833 5112 1847 5164; x_wconf 90' lang='lat'><strong>;</strong></span> 
     </span>
    </p>
   </div>
   <div class='ocr_carea' id='block_1_101' title="bbox 194 5181 1851 5255">
    <p class='ocr_par' dir='ltr' id='par_1_101' title="bbox 194 5181 1851 5255">
     <span class='ocr_line' id='line_1_102' title="bbox 194 5181 1851 5255; baseline -0.002 -14"><span class='ocrx_word' id='word_1_628' title='bbox 194 5202 299 5241; x_wconf 87' lang='lat' dir='ltr'>eos</span> <span class='ocrx_word' id='word_1_629' title='bbox 317 5201 451 5240; x_wconf 88' lang='lat' dir='ltr'>vero</span> <span class='ocrx_word' id='word_1_630' title='bbox 483 5183 583 5255; x_wconf 90' lang='lat' dir='ltr'>qui</span> <span class='ocrx_word' id='word_1_631' title='bbox 616 5188 717 5239; x_wconf 90' lang='lat' dir='ltr'>aut</span> <span class='ocrx_word' id='word_1_632' title='bbox 759 5189 1076 5255; x_wconf 89' lang='lat' dir='ltr'>spontanee</span> <span class='ocrx_word' id='word_1_633' title='bbox 1107 5188 1209 5239; x_wconf 87' lang='lat' dir='ltr'>aut</span> <span class='ocrx_word' id='word_1_634' title='bbox 1238 5181 1598 5254; x_wconf 84' lang='lat' dir='ltr'>negligenter</span> <span class='ocrx_word' id='word_1_635' title='bbox 1635 5183 1851 5239; x_wconf 91' lang='lat' dir='ltr'>incide-</span> 
     </span>
    </p>
   </div>
   <div class='ocr_carea' id='block_1_102' title="bbox 194 5270 1846 5344">
    <p class='ocr_par' dir='ltr' id='par_1_102' title="bbox 194 5270 1846 5344">
     <span class='ocr_line' id='line_1_103' title="bbox 194 5270 1846 5344; baseline -0.003 -14"><span class='ocrx_word' id='word_1_636' title='bbox 194 5273 457 5340; x_wconf 87' lang='lat' dir='ltr'>rint,sub</span> <span class='ocrx_word' id='word_1_637' title='bbox 477 5271 840 5328; x_wconf 85' lang='lat' dir='ltr'>eavolumus</span> <span class='ocrx_word' id='word_1_638' title='bbox 874 5271 1196 5344; x_wconf 71' lang='lat' dir='ltr'>disciplina:</span> <span class='ocrx_word' id='word_1_639' title='bbox 1228 5270 1576 5327; x_wconf 89' lang='lat' dir='ltr'>coercitione</span> <span class='ocrx_word' id='word_1_640' title='bbox 1607 5271 1846 5343; x_wconf 87' lang='lat' dir='ltr'>suscipi,</span> 
     </span>
    </p>
   </div>
   <div class='ocr_carea' id='block_1_103' title="bbox 193 5359 1851 5431">
    <p class='ocr_par' dir='ltr' id='par_1_103' title="bbox 193 5359 1851 5431">
     <span class='ocr_line' id='line_1_104' title="bbox 193 5359 1851 5431; baseline -0.001 -14"><span class='ocrx_word' id='word_1_641' title='bbox 193 5368 263 5418; x_wconf 88' lang='lat' dir='ltr'>ut</span> <span class='ocrx_word' id='word_1_642' title='bbox 292 5362 521 5418; x_wconf 65' lang='lat' dir='ltr'>ceteris</span> <span class='ocrx_word' id='word_1_643' title='bbox 553 5365 742 5416; x_wconf 89' lang='lat' dir='ltr'>metus</span> <span class='ocrx_word' id='word_1_644' title='bbox 760 5360 1094 5429; x_wconf 88' lang='lat' dir='ltr'>incutiatur,</span> <span class='ocrx_word' id='word_1_645' title='bbox 1119 5360 1288 5431; x_wconf 89' lang='lat' dir='ltr'>cujus</span> <span class='ocrx_word' id='word_1_646' title='bbox 1318 5359 1642 5431; x_wconf 64' lang='lat' dir='ltr'>disciplinae</span> <span class='ocrx_word' id='word_1_647' title='bbox 1658 5360 1851 5415; x_wconf 86' lang='lat' dir='ltr'>mode-</span> 
     </span>
    </p>
   </div>
   <div class='ocr_carea' id='block_1_104' title="bbox 194 5448 1849 5522">
    <p class='ocr_par' dir='ltr' id='par_1_104' title="bbox 194 5448 1849 5522">
     <span class='ocr_line' id='line_1_105' title="bbox 194 5448 1849 5522; baseline -0.004 -13"><span class='ocrx_word' id='word_1_648' title='bbox 194 5452 448 5517; x_wconf 82' lang='lat' dir='ltr'>ramina,</span> <span class='ocrx_word' id='word_1_649' title='bbox 479 5450 638 5522; x_wconf 87' lang='lat' dir='ltr'>quod</span> <span class='ocrx_word' id='word_1_650' title='bbox 668 5450 741 5505; x_wconf 88' lang='lat' dir='ltr'>ad</span> <span class='ocrx_word' id='word_1_651' title='bbox 772 5454 936 5506; x_wconf 89' lang='lat' dir='ltr'>tuam</span> <span class='ocrx_word' id='word_1_652' title='bbox 956 5465 1158 5505; x_wconf 90' lang='lat' dir='ltr'>curam</span> <span class='ocrx_word' id='word_1_653' title='bbox 1176 5452 1404 5522; x_wconf 89' lang='lat' dir='ltr'>spectat</span> <span class='ocrx_word' id='word_1_654' title='bbox 1426 5452 1635 5504; x_wconf 56' lang='lat' dir='ltr'>nostra</span> <span class='ocrx_word' id='word_1_655' title='bbox 1666 5448 1849 5520; x_wconf 81' lang='lat' dir='ltr'>provi-</span> 
     </span>
    </p>
   </div>
   <div class='ocr_carea' id='block_1_105' title="bbox 191 5537 1849 5611">
    <p class='ocr_par' dir='ltr' id='par_1_105' title="bbox 191 5537 1849 5611">
     <span class='ocr_line' id='line_1_106' title="bbox 191 5537 1849 5611; baseline -0.002 -14"><span class='ocrx_word' id='word_1_656' title='bbox 191 5541 422 5606; x_wconf 66' lang='lat' dir='ltr'>dentiae,</span> <span class='ocrx_word' id='word_1_657' title='bbox 481 5542 655 5611; x_wconf 83' lang='lat' dir='ltr'>prout</span> <span class='ocrx_word' id='word_1_658' title='bbox 696 5543 960 5611; x_wconf 89' lang='lat' dir='ltr'>oportere</span> <span class='ocrx_word' id='word_1_659' title='bbox 994 5537 1229 5607; x_wconf 86' lang='lat' dir='ltr'>videris,</span> <span class='ocrx_word' id='word_1_660' title='bbox 1262 5554 1365 5611; x_wconf 90' lang='lat' dir='ltr'>pro</span> <span class='ocrx_word' id='word_1_661' title='bbox 1396 5537 1761 5611; x_wconf 87' lang='lat' dir='ltr'>temporibus</span> <span class='ocrx_word' id='word_1_662' title='bbox 1791 5542 1849 5594; x_wconf 90' lang='lat' dir='ltr'>et</span> 
     </span>
    </p>
   </div>
   <div class='ocr_carea' id='block_1_106' title="bbox 189 5625 1844 5711">
    <p class='ocr_par' dir='ltr' id='par_1_106' title="bbox 189 5625 1844 5711">
     <span class='ocr_line' id='line_1_107' title="bbox 189 5625 1844 5711; baseline 0.001 -24"><span class='ocrx_word' id='word_1_663' title='bbox 189 5644 580 5711; x_wconf 85' lang='lat' dir='ltr'>personarum</span> <span class='ocrx_word' id='word_1_664' title='bbox 619 5627 1009 5701; x_wconf 85' lang='lat' dir='ltr'>competentia</span> <span class='ocrx_word' id='word_1_665' title='bbox 1056 5627 1341 5687; x_wconf 86' lang='lat' dir='ltr'>servanda</span> <span class='ocrx_word' id='word_1_666' title='bbox 1390 5625 1844 5688; x_wconf 86' lang='lat' dir='ltr'>committimus.</span> 
     </span>
    </p>
   </div>
   <div class='ocr_carea' id='block_1_107' title="bbox 516 5753 973 5823">
    <p class='ocr_par' dir='ltr' id='par_1_107' title="bbox 516 5753 973 5823">
     <span class='ocr_line' id='line_1_108' title="bbox 516 5753 973 5823; baseline 0.002 -2"><span class='ocrx_word' id='word_1_667' title='bbox 516 5753 784 5821; x_wconf 65' lang='lat' dir='ltr'>Parant.</span> <span class='ocrx_word' id='word_1_668' title='bbox 829 5756 973 5823; x_wconf 84' lang='lat' dir='ltr'>CLI.</span> 
     </span>
    </p>
   </div>
   <div class='ocr_carea' id='block_1_108' title="bbox 1959 4646 3603 4721">
    <p class='ocr_par' dir='ltr' id='par_1_108' title="bbox 1959 4646 3603 4721">
     <span class='ocr_line' id='line_1_109' title="bbox 1959 4646 3603 4721; baseline 0.001 -18"><span class='ocrx_word' id='word_1_669' title='bbox 1959 4666 2205 4721; x_wconf 90' lang='lat' dir='ltr'>quorum</span> <span class='ocrx_word' id='word_1_670' title='bbox 2264 4650 2546 4702; x_wconf 81' lang='lat' dir='ltr'>interesse</span> <span class='ocrx_word' id='word_1_671' title='bbox 2599 4646 2846 4716; x_wconf 90' lang='lat' dir='ltr'>noveris,</span> <span class='ocrx_word' id='word_1_672' title='bbox 2903 4649 3142 4705; x_wconf 88' lang='lat' dir='ltr'>abbates</span> <span class='ocrx_word' id='word_1_673' title='bbox 3193 4648 3404 4720; x_wconf 88' lang='lat' dir='ltr'>eligere</span> <span class='ocrx_word' id='word_1_674' title='bbox 3428 4652 3603 4721; x_wconf 86' lang='lat' dir='ltr'>atque</span> 
     </span>
    </p>
   </div>
   <div class='ocr_carea' id='block_1_109' title="bbox 1959 4736 3605 4806">
    <p class='ocr_par' dir='ltr' id='par_1_109' title="bbox 1959 4736 3605 4806">
     <span class='ocr_line' id='line_1_110' title="bbox 1959 4736 3605 4806; baseline 0.001 -14"><span class='ocrx_word' id='word_1_675' title='bbox 1959 4737 2172 4793; x_wconf 84' lang='lat' dir='ltr'>electos</span> <span class='ocrx_word' id='word_1_676' title='bbox 2191 4752 2528 4792; x_wconf 86' lang='lat' dir='ltr'>consecrare</span> <span class='ocrx_word' id='word_1_677' title='bbox 2553 4752 2818 4806; x_wconf 88' lang='lat' dir='ltr'>procura.</span> <span class='ocrx_word' id='word_1_678' title='bbox 2846 4736 3002 4791; x_wconf 91' lang='lat' dir='ltr'>Idem</span> <span class='ocrx_word' id='word_1_679' title='bbox 3034 4737 3208 4792; x_wconf 88' lang='lat' dir='ltr'>etiam</span> <span class='ocrx_word' id='word_1_680' title='bbox 3241 4736 3345 4792; x_wconf 87' lang='lat' dir='ltr'>tibi</span> <span class='ocrx_word' id='word_1_681' title='bbox 3369 4737 3605 4793; x_wconf 84' lang='lat' dir='ltr'>studen-</span> 
     </span>
    </p>
   </div>
   <div class='ocr_carea' id='block_1_110' title="bbox 1959 4823 3604 4897">
    <p class='ocr_par' dir='ltr' id='par_1_110' title="bbox 1959 4823 3604 4897">
     <span class='ocr_line' id='line_1_111' title="bbox 1959 4823 3604 4897; baseline -0.002 -15"><span class='ocrx_word' id='word_1_682' title='bbox 1959 4828 2098 4882; x_wconf 91' lang='lat' dir='ltr'>dum</span> <span class='ocrx_word' id='word_1_683' title='bbox 2126 4825 2195 4880; x_wconf 91' lang='lat' dir='ltr'>de</span> <span class='ocrx_word' id='word_1_684' title='bbox 2223 4825 2576 4897; x_wconf 86' lang='lat' dir='ltr'>Augustensi</span> <span class='ocrx_word' id='word_1_685' title='bbox 2595 4829 2652 4879; x_wconf 91' lang='lat' dir='ltr'>et</span> <span class='ocrx_word' id='word_1_686' title='bbox 2682 4823 2941 4881; x_wconf 87' lang='lat' dir='ltr'>Curiensi</span> <span class='ocrx_word' id='word_1_687' title='bbox 2965 4823 3604 4897; x_wconf 74' lang='lat' dir='ltr'>episcopatibusiniun-</span> 
     </span>
    </p>
   </div>
   <div class='ocr_carea' id='block_1_111' title="bbox 1959 4912 3602 4988">
    <p class='ocr_par' dir='ltr' id='par_1_111' title="bbox 1959 4912 3602 4988">
     <span class='ocr_line' id='line_1_112' title="bbox 1959 4912 3602 4988; baseline -0.001 -19"><span class='ocrx_word' id='word_1_688' title='bbox 1959 4915 2153 4988; x_wconf 84' lang='lat' dir='ltr'>gimns</span> <span class='ocrx_word' id='word_1_689' title='bbox 2187 4932 2199 4979; x_wconf 90' lang='lat'><strong>;</strong></span> <span class='ocrx_word' id='word_1_690' title='bbox 2233 4932 2338 4969; x_wconf 88' lang='lat' dir='ltr'>nec</span> <span class='ocrx_word' id='word_1_691' title='bbox 2390 4932 2502 4968; x_wconf 92' lang='lat' dir='ltr'>non</span> <span class='ocrx_word' id='word_1_692' title='bbox 2547 4918 2603 4968; x_wconf 90' lang='lat' dir='ltr'>et</span> <span class='ocrx_word' id='word_1_693' title='bbox 2630 4914 2699 4968; x_wconf 91' lang='lat' dir='ltr'>de</span> <span class='ocrx_word' id='word_1_694' title='bbox 2732 4914 2954 4969; x_wconf 67' lang='lat' dir='ltr'>caeteris</span> <span class='ocrx_word' id='word_1_695' title='bbox 2986 4914 3057 4968; x_wconf 90' lang='lat' dir='ltr'>ad</span> <span class='ocrx_word' id='word_1_696' title='bbox 3088 4930 3213 4986; x_wconf 67' lang='lat' dir='ltr'>quas</span> <span class='ocrx_word' id='word_1_697' title='bbox 3244 4912 3602 4967; x_wconf 87' lang='lat' dir='ltr'>Pataviensis</span> 
     </span>
    </p>
   </div>
   <div class='ocr_carea' id='block_1_112' title="bbox 1958 5001 3287 5076">
    <p class='ocr_par' dir='ltr' id='par_1_112' title="bbox 1958 5001 3287 5076">
     <span class='ocr_line' id='line_1_113' title="bbox 1958 5001 3287 5076; baseline -0.004 -16"><span class='ocrx_word' id='word_1_698' title='bbox 1958 5005 2265 5076; x_wconf 74' lang='lat' dir='ltr'>episcopus</span> <span class='ocrx_word' id='word_1_699' title='bbox 2298 5003 2564 5059; x_wconf 85' lang='lat' dir='ltr'>advocari</span> <span class='ocrx_word' id='word_1_700' title='bbox 2596 5002 2684 5057; x_wconf 85' lang='lat' dir='ltr'>vel</span> <span class='ocrx_word' id='word_1_701' title='bbox 2712 5003 2916 5057; x_wconf 87' lang='lat' dir='ltr'>adesse</span> <span class='ocrx_word' id='word_1_702' title='bbox 2946 5001 3287 5073; x_wconf 85' lang='lat' dir='ltr'>nequiverit.</span> 
     </span>
    </p>
   </div>
   <div class='ocr_carea' id='block_1_113' title="bbox 2031 5087 3599 5171">
    <p class='ocr_par' dir='ltr' id='par_1_113' title="bbox 2031 5087 3599 5171">
     <span class='ocr_line' id='line_1_114' title="bbox 2031 5087 3599 5171; baseline -0.003 -24"><span class='ocrx_word' id='word_1_703' title='bbox 2031 5091 2310 5163; x_wconf 88' lang='lat' dir='ltr'>Septimo.</span> <span class='ocrx_word' id='word_1_704' title='bbox 2376 5091 2439 5145; x_wconf 88' lang='lat' dir='ltr'>Et</span> <span class='ocrx_word' id='word_1_705' title='bbox 2472 5090 2581 5163; x_wconf 91' lang='lat' dir='ltr'>ipsi</span> <span class='ocrx_word' id='word_1_706' title='bbox 2641 5091 2819 5159; x_wconf 90' lang='lat' dir='ltr'>enim,</span> <span class='ocrx_word' id='word_1_707' title='bbox 2853 5088 3347 5162; x_wconf 86' lang='lat' dir='ltr'>quemadmodum</span> <span class='ocrx_word' id='word_1_708' title='bbox 3392 5091 3448 5144; x_wconf 90' lang='lat' dir='ltr'>et</span> <span class='ocrx_word' id='word_1_709' title='bbox 3473 5087 3599 5171; x_wconf 86' lang='lat' dir='ltr'>tibi,</span> 
     </span>
    </p>
   </div>
   <div class='ocr_carea' id='block_1_114' title="bbox 1960 5180 3603 5248">
    <p class='ocr_par' dir='ltr' id='par_1_114' title="bbox 1960 5180 3603 5248">
     <span class='ocr_line' id='line_1_115' title="bbox 1960 5180 3603 5248; baseline -0.002 -11"><span class='ocrx_word' id='word_1_710' title='bbox 1960 5180 2738 5247; x_wconf 66' lang='lat' dir='ltr'>Saxonia,Alemanniaz,aut</span> <span class='ocrx_word' id='word_1_711' title='bbox 2749 5182 3086 5234; x_wconf 68' lang='lat' dir='ltr'>caaterarum</span> <span class='ocrx_word' id='word_1_712' title='bbox 3101 5193 3231 5248; x_wconf 70' lang='lat' dir='ltr'>qua:</span> <span class='ocrx_word' id='word_1_713' title='bbox 3240 5193 3421 5248; x_wconf 90' lang='lat' dir='ltr'>prope</span> <span class='ocrx_word' id='word_1_714' title='bbox 3464 5182 3603 5234; x_wconf 91' lang='lat' dir='ltr'>sunt</span> 
     </span>
    </p>
   </div>
   <div class='ocr_carea' id='block_1_115' title="bbox 1959 5258 3598 5343">
    <p class='ocr_par' dir='ltr' id='par_1_115' title="bbox 1959 5258 3598 5343">
     <span class='ocr_line' id='line_1_116' title="bbox 1959 5258 3598 5343; baseline -0.001 -18"><span class='ocrx_word' id='word_1_715' title='bbox 1959 5271 2286 5343; x_wconf 89' lang='lat' dir='ltr'>regionum,</span> <span class='ocrx_word' id='word_1_716' title='bbox 2318 5268 2440 5323; x_wconf 89' lang='lat' dir='ltr'>vico</span> <span class='ocrx_word' id='word_1_717' title='bbox 2473 5273 2671 5323; x_wconf 88' lang='lat' dir='ltr'>nostra</span> <span class='ocrx_word' id='word_1_718' title='bbox 2712 5267 3175 5339; x_wconf 87' lang='lat' dir='ltr'>procurationem</span> <span class='ocrx_word' id='word_1_719' title='bbox 3210 5258 3598 5337; x_wconf 85' lang='lat' dir='ltr'>injunximus,</span> 
     </span>
    </p>
   </div>
   <div class='ocr_carea' id='block_1_116' title="bbox 1960 5355 3603 5429">
    <p class='ocr_par' dir='ltr' id='par_1_116' title="bbox 1960 5355 3603 5429">
     <span class='ocr_line' id='line_1_117' title="bbox 1960 5355 3603 5429; baseline -0.001 -15"><span class='ocrx_word' id='word_1_720' title='bbox 1960 5359 2196 5414; x_wconf 85' lang='lat' dir='ltr'>utordin</span> <span class='ocrx_word' id='word_1_721' title='bbox 2207 5357 2430 5413; x_wconf 89' lang='lat' dir='ltr'>ationes</span> <span class='ocrx_word' id='word_1_722' title='bbox 2445 5357 2519 5411; x_wconf 91' lang='lat' dir='ltr'>im</span> <span class='ocrx_word' id='word_1_723' title='bbox 2530 5357 2787 5429; x_wconf 87' lang='lat' dir='ltr'>proband</span> <span class='ocrx_word' id='word_1_724' title='bbox 2797 5373 2857 5410; x_wconf 84' lang='lat' dir='ltr'>as</span> <span class='ocrx_word' id='word_1_725' title='bbox 2871 5355 3603 5425; x_wconf 85' lang='lat' dir='ltr'>improbetis,roborandas</span> 
     </span>
    </p>
   </div>
   <div class='ocr_carea' id='block_1_117' title="bbox 1959 5441 3603 5519">
    <p class='ocr_par' dir='ltr' id='par_1_117' title="bbox 1959 5441 3603 5519">
     <span class='ocr_line' id='line_1_118' title="bbox 1959 5441 3603 5519; baseline -0.002 -17"><span class='ocrx_word' id='word_1_726' title='bbox 1959 5445 2262 5513; x_wconf 91' lang='lat' dir='ltr'>roboretis,</span> <span class='ocrx_word' id='word_1_727' title='bbox 2296 5449 2352 5501; x_wconf 91' lang='lat' dir='ltr'>et</span> <span class='ocrx_word' id='word_1_728' title='bbox 2398 5446 2683 5519; x_wconf 90' lang='lat' dir='ltr'>quidquid</span> <span class='ocrx_word' id='word_1_729' title='bbox 2742 5441 3122 5499; x_wconf 88' lang='lat' dir='ltr'>ecclesiastici</span> <span class='ocrx_word' id='word_1_730' title='bbox 3155 5443 3371 5516; x_wconf 88' lang='lat' dir='ltr'>negotii</span> <span class='ocrx_word' id='word_1_731' title='bbox 3403 5444 3603 5518; x_wconf 89' lang='lat' dir='ltr'>dispo-</span> 
     </span>
    </p>
   </div>
   <div class='ocr_carea' id='block_1_118' title="bbox 1958 5522 3602 5605">
    <p class='ocr_par' dir='ltr' id='par_1_118' title="bbox 1958 5522 3602 5605">
     <span class='ocr_line' id='line_1_119' title="bbox 1958 5522 3602 5605; baseline -0.001 -13"><span class='ocrx_word' id='word_1_732' title='bbox 1958 5537 2216 5593; x_wconf 89' lang='lat' dir='ltr'>nendum</span> <span class='ocrx_word' id='word_1_733' title='bbox 2250 5522 2445 5601; x_wconf 68' lang='lat' dir='ltr'>fuerit,</span> <span class='ocrx_word' id='word_1_734' title='bbox 2478 5534 2904 5590; x_wconf 86' lang='lat' dir='ltr'>communicato</span> <span class='ocrx_word' id='word_1_735' title='bbox 2923 5529 3327 5605; x_wconf 87' lang='lat' dir='ltr'>religiosorum</span> <span class='ocrx_word' id='word_1_736' title='bbox 3344 5533 3602 5592; x_wconf 88' lang='lat' dir='ltr'>virorum</span> 
     </span>
    </p>
   </div>
   <div class='ocr_carea' id='block_1_119' title="bbox 1956 5622 3600 5701">
    <p class='ocr_par' dir='ltr' id='par_1_119' title="bbox 1956 5622 3600 5701">
     <span class='ocr_line' id='line_1_120' title="bbox 1956 5622 3600 5701; baseline -0.001 -16"><span class='ocrx_word' id='word_1_737' title='bbox 1956 5625 2226 5696; x_wconf 90' lang='lat' dir='ltr'>consilio,</span> <span class='ocrx_word' id='word_1_738' title='bbox 2259 5625 2662 5701; x_wconf 83' lang='lat' dir='ltr'>disponentes,</span> <span class='ocrx_word' id='word_1_739' title='bbox 2708 5622 2900 5696; x_wconf 88' lang='lat' dir='ltr'>quoad</span> <span class='ocrx_word' id='word_1_740' title='bbox 2950 5639 3138 5701; x_wconf 86' lang='lat' dir='ltr'>usque</span> <span class='ocrx_word' id='word_1_741' title='bbox 3194 5625 3600 5701; x_wconf 78' lang='lat' dir='ltr'>privationem,</span> 
     </span>
    </p>
   </div>
   <div class='ocr_carea' id='block_1_120' title="bbox 3208 5752 3286 5819">
    <p class='ocr_par' dir='ltr' id='par_1_120' title="bbox 3208 5752 3286 5819">
     <span class='ocr_line' id='line_1_121' title="bbox 3208 5752 3286 5819; baseline 0 0"><span class='ocrx_word' id='word_1_742' title='bbox 3208 5752 3286 5819; x_wconf 83' lang='grc'>10</span> 
     </span>
    </p>
   </div>
  </div>
