3998 6158
455 338 572 399 299

1753 329 1825 396 Β.
1873 330 2170 395 URBANI
2208 320 2265 395 ‘11
2310 330 2564 395 PAPAE.

3712 329 3869 393 -300

458 474 751 529 annuente
781 472 1043 541 Domino,
1074 468 1332 545 legatum
1361 469 1516 526 sedis
1547 465 1872 540 apostolicae
1905 465 2096 522 susci-
2130 468 2186 535 Α
2286 466 2473 522 Justis
2490 465 2870 538 petitionibus
2889 481 3088 522 aurem
3105 463 3873 539 accommodarejustisque

458 578 594 634 pere
621 561 881 617 valeatis.
916 562 1025 619 Vos
1063 561 1164 633 qui
1195 560 1295 616 Dei
1342 559 1461 614 zelo
1494 556 1746 624 fervetis,
1774 559 1832 611 et
1860 556 2103 611 scientia

456 649 834 722 doctrinaque
865 648 1216 723 przecellitis,
1251 646 1408 703 omni
1443 663 1582 702 cura
1614 650 1787 718 atque
1818 644 2099 701 sollicitu-

457 737 591 793 dine
630 737 984 793 utilitatibus
1031 734 1442 792 ecclesiasticis
1500 734 1792 801 insudate,
1853 733 2103 789 scientes

457 825 732 897 quoniam
769 830 824 880 et
852 843 959 881 nos
990 825 1047 879 in
1080 824 1225 895 ipsis
1242 824 1452 880 vestris
1475 823 1826 879 utilitatibus
1848 822 2106 878 libentis-

458 916 605 970 sime
635 929 1001 969 annuemus:
1036 912 1263 968 labores
1299 918 1493 968 autem
1529 914 1801 968 Romanae
1832 910 2102 967 Ecclesiae

458 1003 912 1071 communicare,
940 1018 1155 1074 eosque
1176 1002 1303 1073 opis
1328 1007 1528 1057 vestra:
1558 1000 1771 1056 auxilio
1800 998 2104 1055 sublevare

457 1092 619 1148 nullo
651 1091 822 1147 modo
855 1090 1004 1164 pigri
1034 1089 1186 1156 sitis,
1218 1089 1699 1146 Benedictionum
1730 1105 1973 1144 suarum
2002 1104 2105 1143 vos

457 1182 828 1254 omnipotens
886 1180 1041 1236 Deus
1101 1181 1361 1235 ubertate
1415 1179 1745 1251 perfundat,
1780 1177 2105 1233 incolumes

459 1271 770 1338 custodiat,
804 1273 862 1325 et
890 1270 961 1324 ad
992 1268 1170 1323 vitam
1211 1269 1493 1340 perducat
1523 1272 1818 1323 aeternam.

530 1359 659 1414 Dat.
695 1359 889 1413 Romae
936 1374 1028 1412 x1v
1051 1355 1290 1412 Kalend.
1327 1356 1485 1426 Maii,
1519 1372 1672 1411 anno
1705 1357 1776 1411 ab
1809 1358 2100 1411 Incarnat.

460 1447 694 1504 Domini
726 1445 909 1503 nostri
935 1446 1075 1502 Jesu
1100 1444 1312 1501 Christi
1346 1444 1502 1500 1089.

1224 1535 1348 1589 XVI

468 1628 673 1683 Urbani
702 1627 752 1681 II
799 1625 1027 1696 epistola
1056 1623 1127 1679 ad
1182 1625 1451 1694 episcopos
1506 1622 1842 1677 Germaniae.
1882 1652 1969 1696 7—_
1997 1620 2112 1696 Illis

533 1698 743 1752 indicat
768 1691 872 1768 pro
919 1691 1405 1751 exeommuhicafis
1453 1695 1550 1765 qui
1592 1696 1838 1749 homines
1877 1691 2113 1747 habendi

532 1771 664 1824 sint.

1102 1838 1288 1909 (Anno
1330 1836 1512 1907 1089.)

813 1925 1089 2000 ,[ΜΑΝει,
1138 1925 1342 1981 Coneil.
1403 1924 1518 1994 XX,
1568 1924 1719 1997 719.)

537 2018 809 2075 URBANUS
834 2015 1164 2088 episcopus,
1193 2031 1397 2069 servus
1419 2030 1718 2069 servorum
1743 2012 1866 2079 Dei,
1891 2012 2112 2084 episco-

465 2106 557 2180 pis
589 2104 912 2161 Germania:
939 2103 999 2158 in
1031 2103 1256 2159 unitate
1287 2101 1554 2158 Ecclesiae
1587 2101 1925 2158 constitutis
1956 2099 2115 2156 salu-

466 2200 585 2251 tem
616 2198 673 2251 et
693 2192 1070 2267 apostolicam
1093 2190 1580 2248 benedictionem.

535 2285 807 2340 Fratrum
820 2286 1153 2338 nostrorum
1177 2280 1606 2337 communicato
1625 2279 2117 2350 concilio,diuque

463 2370 1084 2430 excommunicationis
1115 2370 1437 2442 quaestione
1469 2373 1735 2438 tractata,
1769 2368 1955 2425 sancti
1980 2384 2121 2439 prae-

465 2461 791 2519 decessoris
820 2461 1007 2517 nostri
1033 2459 1291 2532 Gregorii
1313 2459 1662 2514 sententiam
1679 2458 2114 2524 confirmantes,

466 2552 548 2608 ita
574 2567 702 2607 eam
736 2550 979 2605 Domino
1008 2549 1331 2620 inspirante
1362 2547 1898 2603 determinavimus.
1924 2546 2117 2602 Primo

468 2638 762 2711 siquidem
814 2638 1001 2710 gradu
1060 2638 1455 2692 Ravennatem
1506 2635 2118 2703 haeresiarcham,Ro-

469 2743 655 2793 manas
674 2725 938 2781 Ecclesiae
963 2726 1307 2792 invasorem,
1341 2740 1475 2778 cum
1529 2724 1794 2794 ejusdem
1835 2723 2117 2795 perversi-

467 2814 607 2869 tatis
631 2813 818 2886 capite
839 2814 910 2867 ab
929 2812 1202 2866 omnibus
1220 2810 1484 2867 Ecclesiae
1510 2810 1807 2866 catholicae
1837 2809 2119 2865 membris

470 2901 729 2958 alienum
759 2905 817 2956 et
871 2899 1444 2957 excommunicatum
1489 2916 1617 2955 esse
1649 2916 1999 2967 censemus;
2031 2916 2118 2956 se-

470 2991 661 3047 cundo
693 2989 793 3062 qui
845 2989 1046 3055 armis,
1080 2989 1351 3061 pecunia,
1384 2987 1626 3043 consilio
1658 2992 1761 3044 aut
1791 2987 2122 3044 obedientia

472 3078 896 3135 ecclesiasticos
950 3078 1203 3133 maxime
1233 3078 1469 3133 ordines
1499 3081 1601 3132 aut
1648 3077 1899 3133 honores
1932 3077 2004 3132 ab
2035 3076 2120 3133 eis

475 3172 576 3224 aut
604 3185 803 3224 eorum
840 3167 1167 3223 fautoribus
1215 3165 1549 3238 accipiendo
1580 3183 1782 3222 eorum
1823 3166 2116 3238 nequitiae,

472 3256 900 3313 adminiculum
914 3255 1368 3312 subministrant
1387 3272 1398 3310 :
1415 3255 1521 3310 hos
1536 3254 1713 3327 igitur
1724 3254 2122 3326 principaliter

471 3345 860 3402 anathematis
888 3343 1140 3401 vinculis
1190 3343 1599 3416 astringentes,
1634 3343 1690 3397 in
1724 3343 1893 3399 tertio
1932 3344 2118 3416 gradu

470 3435 971 3490 communicantes
1001 3433 1085 3489 eis
1106 3449 1213 3487 nos
1230 3431 1467 3503 quidem
1499 3448 1613 3487 non
1646 3431 2118 3488 excommunica-

469 3540 624 3589 mus,
658 3523 759 3578 sed
793 3521 893 3593 qui
923 3538 984 3576 se
1016 3537 1218 3576 eorum
1251 3521 1663 3576 communione
1687 3521 2121 3577 commaculant

468 3627 839 3681 nequaquam
877 3609 936 3664 in
953 3614 1217 3665 nostram
1251 3610 1586 3665 societatem
1618 3609 1742 3665 sine
1767 3608 2117 3682 poenitentiae

468 3697 691 3754 ultione
739 3702 794 3753 et
841 3697 1206 3753 absolutione
1256 3697 1590 3769 recipimus.
1640 3698 1872 3754 Sanctis
1903 3698 2118 3770 quippe

470 3788 794 3844 canonibus
826 3786 1116 3842 sancitum
1148 3790 1375 3841 constat
1397 3786 1572 3858 utqui
1594 3786 2118 3843 excommunicatis

470 3873 1007 3940 communicaverit,
1066 3874 1620 3930 excommunicetur.
1676 3874 1870 3946 Ipsius
1921 3879 2117 3931 tamen

468 3965 818 4039 poenitentiae
875 3968 932 4020 et
971 3963 1357 4020 absolutionis
1388 3963 1595 4019 modos
1626 3980 1695 4018 ea
1723 3964 2118 4020 moderatione

469 4054 945 4122 discrevimus,ut
974 4050 1244 4125 quisquis
1265 4068 1365 4107 seu
1391 4051 1739 4123 ignorantia,
1759 4069 1861 4107 seu
1888 4051 2115 4118 timore,

468 4160 572 4200 seu
598 4143 943 4200 necessitate
966 4141 1183 4214 negotii
1205 4142 1492 4213 cujusque
1534 4141 1770 4195 maximi
1791 4145 1846 4196 et
1866 4140 2117 4196 maxime

470 4232 778 4289 necessarii
830 4247 1031 4286 eorum
1066 4246 1127 4287 se
1149 4230 1435 4297 convictu,
1455 4227 1827 4296 salutatione,
1859 4229 2118 4285 oratione

465 4320 555 4375 vel
578 4319 777 4376 osculo
808 4318 1310 4384 contaminaverit,
1335 4334 1466 4373 cum
1494 4317 1740 4373 minoris
1760 4317 2117 4390 poenitentia:
2193 4342 2201 4349 -

471 4408 976 4479 absolutionisque
1001 4407 1291 4463 medicina
1321 4411 1530 4461 nostra:
1554 4405 1846 4461 societatis
1879 4405 2117 4478 partici-

470 4498 631 4568 pium
666 4497 963 4551 sortiatur.
1000 4496 1108 4549 Eos
1136 4511 1270 4549 vero
1303 4494 1401 4565 qui
1434 4499 1753 4566 spontanee
1783 4499 1886 4548 aut
1934 4493 2114 4566 negli-

467 4589 670 4657 genter
700 4583 973 4639 inciderit
996 4583 1106 4637 sub
1127 4599 1212 4651 ea,
1248 4582 1524 4638 nolumus
1555 4581 1877 4654 disciplinae
1900 4583 2118 4638 coerci-

464 4683 621 4738 tione
653 4681 874 4753 suscipi
906 4685 967 4736 ut
999 4680 1221 4736 caeteris
1254 4683 1443 4735 metus
1477 4680 1812 4735 incutiatur.

1211 4776 1379 4832 XVII.

470 4871 675 4930 Urbani
702 4883 863 4941 papae
904 4870 950 4923 II
999 4868 1160 4941 bulla
1182 4882 1283 4939 pro
1301 4868 1605 4941 Aeanom'cis
1662 4868 2006 4941 regularibus
2056 4867 2112 4923 S.

539 4938 832 5011 Auguistiizi
888 4942 948 4995 in
992 4939 1230 4994 cwnobio
1289 4938 1344 4992 S.
1376 4940 1600 4993 Joannis
1661 4940 2041 5010 Rim‘pollensz’s
2082 4956 2115 4994 a

541 5014 875 5084 Berengarz'o
902 5011 1135 5083 praesule
1166 5011 1454 5064 institutis.

1092 5101 1277 5171 (Anno
1310 5098 1492 5170 1089.)

573 5192 830 5263 μηωω,
879 5193 1098 5263 Εδραῆα
1118 5188 1409 5263 Sagrada,
1429 5187 1757 5263 t,_XXVI_I_I,
1791 5205 1852 5263 p._
1879 5188 2005 5263 292,

645 5279 712 5317 ex
737 5259 1089 5318 chartulario
1110 5261 1168 5315 S.
1201 5260 1448 5315 Joannis
1479 5259 1935 5332 Rivipollen’sisj

538 5349 814 5405 Uaemus
845 5352 1175 5423 episcOpus,
1209 5366 1410 5404 servus
1432 5365 1730 5404 servorum
1764 5347 2113 5414 Dei,charis-

466 5438 615 5495 simo
643 5438 803 5493 fratri
826 5439 1188 5495 BERENGAR’O
1208 5436 1536 5493 Ausonensi
1569 5436 1839 5510 episcopo
1871 5436 2113 5492 futuris-

465 5541 579 5598 que
600 5530 730 5598 post
752 5543 887 5583 eum
916 5527 1241 5584 rectoribus
1274 5525 1334 5583 in
1373 5525 1609 5583 abbatia
1639 5525 1835 5583 Sancti
1866 5525 2114 5586 Joannis

468 5614 841 5691 Rivipollensi
873 5615 931 5674 in
962 5620 1331 5691 perpetuum.

2214 556 2360 610 votis
2392 571 2703 611 assensum
2744 556 2999 626 praebere
3056 572 3164 610 nos
3195 553 3481 622 convenit,
3497 553 3600 627 qui
3629 557 3871 611 auctore

2214 644 2477 708 Domino,
2510 643 2647 700 licet
2697 644 2943 716 indigni,
2978 647 3158 716 utque
3216 659 3509 717 praecones
3548 642 3609 698 in
3638 642 3872 699 excelsa

2214 732 2609 804 apostolorum
2645 732 2977 805 principum
2999 732 3150 788 Petri
3174 737 3229 789 et
3248 732 3410 788 Pauli
3429 730 3669 805 specula
3685 731 3868 804 positi

2213 840 2442 878 sumus.
2462 822 2607 886 Quia
2627 821 2826 895 igitur,
2859 821 3181 893 inspirante
3212 821 3349 889 Deo,
3380 819 3728 878 charissima
3752 821 3870 877 fra-

2216 913 2388 977 ter,B.
2422 910 2667 966 Joannis
2697 910 2991 965 abbatiam
3020 926 3190 966 secus
3210 910 3477 967 Teserem
3507 909 3872 982 fluviumque

2218 998 2624 1071 Rivipollensis
2672 1015 2707 1054 a
2736 997 3002 1054 saeculari
3034 998 3431 1054 dominatione
3462 998 3739 1071 eripiens,
3774 1014 3868 1054 ca-

2216 1088 2456 1144 nonicos
2513 1087 2592 1142 ibi
2648 1088 2972 1143 secundum
3021 1087 3083 1143 B.
3117 1086 3430 1160 Augustini
3462 1087 3725 1160 regulam
3755 1092 3871 1144 sta-

2215 1177 2378 1232 tuisti
2405 1195 2416 1231 :
2444 1192 2779 1241 nos,eorum
2799 1176 3155 1248 professione
3170 1176 3467 1249 religionis
3488 1176 3865 1248 providentes

2218 1270 2552 1337 augmenta,
2578 1265 2841 1337 petitioni
2866 1269 2978 1320 tuae
2997 1264 3603 1330 libenterannuimus,
3633 1268 3691 1320 et
3711 1262 3872 1320 eam-

2218 1356 2349 1410 dem
2383 1353 2689 1409 ecclesiam
2726 1353 3056 1426 specialiter
3101 1354 3160 1409 in
3188 1353 3345 1410 sedis
3370 1352 3701 1426 apostolicae
3718 1356 3873 1410 tute-

2221 1443 2336 1497 lam
2367 1444 2870 1515 protectionesque
2910 1443 3284 1516 suscepimus
3318 1461 3331 1511 ;
3373 1459 3551 1514 quam
3603 1441 3877 1498 videlicet

2220 1532 2519 1587 ecclesiam
2536 1532 2866 1587 Bernardus
2879 1531 3325 1588 Bisuldunensis
3337 1548 3534 1587 comes
3544 1540 3874 1604 perman‘us

2221 1621 2520 1692 proposita
2540 1620 2809 1675 cautione
2838 1637 2946 1675 sua
2978 1624 3264 1693 potestate
3296 1625 3528 1687 exutus,
3549 1637 3658 1675 sua
3688 1621 3870 1676 etiam

2222 1708 2569 1764 liberalitate
2601 1710 2899 1777 donatam,
2934 1710 3052 1765 tuis
3084 1709 3142 1764 in
3197 1709 3471 1766 manibus
3503 1708 3746 1765 Domino
3787 1723 3878 1764 re-

2225 1798 2467 1864 cusavit,
2503 1802 2783 1870 tuamque
2814 1803 2877 1853 tu
2906 1797 3200 1870 praedictis
3222 1797 3521 1854 canonicis
3551 1797 3623 1852 ad
3653 1802 3871 1854 sanctae

2224 1885 2349 1939 vitae
2378 1886 2874 1941 conversationem
2930 1887 3233 1941 conferens
3263 1886 3590 1942 alodiorum
3625 1891 3868 1942 tuorum

2221 1973 2527 2028 collatione
2557 1974 3050 2038 ditasti.Quandiu
3071 1974 3251 2048 igitur
3262 1975 3559 2049 religionis
3574 1976 3873 2031 tramitem

2223 2062 2552 2117 secundum
2568 2062 2945 2133 apostolicam
2959 2063 3333 2136 disciplinam
3356 2063 3468 2135 ipsi
3492 2064 3875 2137 ipsorumque

2224 2168 2593 2207 successores
2616 2152 3333 2224 servaverint,prtedictam
3346 2153 3431 2208 eis
3460 2152 3765 2209 ecclesiam
3798 2154 3874 2209 ad

2224 2239 2504 2295 honorem
2537 2240 2696 2295 sedis
2739 2239 3067 2311 apostolicae
3125 2241 3565 2309 conﬁrmamus,
3615 2245 3671 2297 et
3702 2241 3775 2297 ab
3806 2257 3879 2298 ea

2225 2344 2458 2384 omnem
2491 2327 2825 2385 saecularem
2857 2329 3318 2387 dominationem
3349 2329 3735 2399 excludimus,
3764 2331 3880 2386 vir-

2224 2421 2347 2473 tute
2377 2417 2561 2473 sancti
2591 2417 2842 2489 Spiritus
2873 2422 2930 2474 et
2987 2416 3388 2491 apostolorum
3438 2419 3590 2475 Petri
3620 2423 3677 2475 et
3706 2418 3876 2475 Pauli

2226 2508 2566 2562 auctoritate
2597 2507 2946 2573 sancientes,
2981 2512 3274 2579 quatenus
3305 2508 3503 2563 omnia
3531 2524 3659 2579 quae
3698 2508 3876 2564 hodie

2227 2611 2329 2667 per
2355 2599 2515 2650 tuam
2550 2594 2986 2651 concessionem
3041 2595 3131 2652 vel
3156 2612 3259 2668 per
3288 2596 3608 2668 supradicti
3641 2596 3875 2653 comitis

2226 2683 2623 2751 donationem,
2662 2683 2777 2740 vel'
2809 2701 2909 2756 per
2937 2682 3187 2741 aliorum
3216 2684 3567 2741 oblationem
3609 2684 3877 2742 ﬁdelium

2226 2771 2631 2844 possidet,sive
2654 2789 2780 2844 quae
2802 2774 2858 2827 in
2879 2773 3143 2828 futurum
3156 2774 3317 2843 juste
3338 2774 3566 2845 poterit,
3591 2773 3878 2847 largiente

2228 2860 2762 2933 Domino.adipisci,
2795 2861 3022 2935 integra
3042 2863 3127 2918 eis
3143 2865 3200 2918 et
3220 2861 3444 2918 illibata
3469 2869 3877 2935 permaneant.

2228 2951 2337 3005 Eos
2368 2953 2562 3004 autem
2611 2949 2711 3021 qui
2760 2949 2913 3005 bona
2958 2950 3029 3005 ad
3061 2950 3255 3006 locum
3287 2950 3482 3023 ipsum
3528 2950 3883 3023 pertinentia

2226 3038 2484 3094 volentes
2506 3038 2978 3111 retinent,agnito
3010 3040 3316 3112 praesentis
3344 3045 3543 3096 tenore
3566 3039 3881 3112 privilegii,

2229 3127 2484 3183 secundo
2515 3128 2753 3183 tertiove
2802 3127 3166 3194 commoniti,
3207 3127 3317 3183 nisi
3358 3127 3512 3183 intra
3540 3145 3611 3182 XL
3650 3128 3780 3185 dies
3809 3145 3886 3185 ea

2227 3216 2717 3284 restituerint,aut
2743 3221 2909 3288 pacto
2941 3232 3197 3290 congruo
3230 3216 3637 3284 satisfecerint,
3672 3218 3744 3272 ab
3776 3232 3880 3273 ec-

2227 3305 2537 3361 clesiarum
2565 3321 2663 3362 eos
2687 3304 2991 3362 liminibus
3023 3321 3375 3361 coercemus.
3409 3306 3497 3360 Tu
3527 3304 3747 3377 itaque,
3778 3323 3881 3362 ve-

2228 3394 2504 3450 nerabilis
2538 3395 2713 3450 frater
2733 3394 2791 3450 B.
2839 3412 2894 3467 q.
2937 3437 2950 3449 .
2995 3438 3007 3450 .
3046 3436 3058 3449 .
3087 3436 3123 3462 .,
3156 3394 3418 3450 eamdem
3444 3393 3749 3451 ecclesiam
3773 3398 3882 3451 tua

2228 3483 2521 3539 industria
2554 3524 2567 3537 .
2604 3527 2617 3540 .
2656 3528 2668 3540 .
2708 3525 2720 3539 .
2758 3526 2770 3539 .
2800 3484 2948 3539 .tuis
2976 3483 3152 3539 etiam
3183 3482 3594 3539 collationibus
3615 3482 3879 3556 locuple-

2227 3575 2385 3628 tasse
2405 3571 2787 3645 dignosceris,
2807 3572 2929 3627 vice
2946 3575 3147 3627 nostra
3158 3571 3243 3628 eis
3261 3570 3563 3627 omnivitaa
3577 3576 3689 3627 tua
3721 3575 3883 3627 tem-

2229 3660 2782 3733 pore,patrocinium
2803 3665 2858 3716 et
2872 3659 3200 3716 dominium
3218 3659 3685 3716 exhibebis.Post
3704 3665 3882 3717 tuum

2228 3750 2541 3804 transitum
2565 3748 2766 3804 nullus
2798 3750 2883 3805 eis
2904 3749 2963 3804 in
2986 3749 3256 3805 abbatem
3306 3749 3724 3821 praestituatur,
3760 3750 3885 3806 nisi

2228 3853 2403 3908 quem
2433 3836 2545 3909 ipsi
2588 3854 2879 3893 consensu
2921 3838 3248 3909 communi,
3294 3842 3398 3893 aut
3444 3837 3708 3909 ipsorum
3739 3854 3887 3909 pars

2229 3927 2613 3998 praestantior,
2647 3926 2720 3981 ad
2749 3926 3031 3982 honorem
3056 3927 3214 3982 sedis
3235 3927 3560 3998 apostolicae
3583 3941 3715 3982 cum
3737 3942 3887 3982 con-

2229 4031 2406 4070 sensu
2421 4014 2694 4071 Bernardi
2707 4015 2938 4071 comitis
2960 4014 3762 4085 Bisuldunensis,secundum
3775 4014 3883 4072 Dei

2226 4102 2800 4177 timorem,elegerint
2827 4122 2840 4172 ;
2858 4104 3017 4161 salva
3029 4108 3225 4160 tamen
3248 4104 3675 4161 Ausonensium
3690 4105 3888 4176 ponti-

2227 4191 2402 4246 ﬁcum
2426 4192 2705 4246 canonica
2736 4191 3073 4257 reverentia,
3107 4192 3371 4263 quandiu
3404 4192 3739 4264 praedictam
3773 4192 3881 4247 ab-

2228 4279 2442 4335 batiam
2467 4281 2712 4353 benigne
2734 4281 3127 4337 tractaverint.
3160 4281 3278 4336 Vos
3309 4281 3507 4354 igitur,
3542 4280 3879 4336 charissimi

2227 4368 2355 4435 ﬁlii,
2387 4373 2644 4441 orportet
2673 4369 2956 4443 regularis
2986 4369 3209 4426 ordinis
3262 4369 3556 4425 tramitem
3591 4369 3883 4425 ferventer

2225 4454 2517 4523 insistere,
2554 4462 2618 4511 ut
2635 4461 2920 4527 quantum
2940 4457 3014 4512 ab
3038 4456 3782 4513 saecularibustumultibus
3814 4456 3883 4511 li-

2149 4564 2196 4629 D
2226 4543 2483 4599 beriores
2528 4544 2692 4611 estis,
2724 4549 2885 4600 tanto
2908 4544 3120 4600 divinis
3172 4545 3497 4600 studiosius
3517 4544 3768 4601 servitiis
3792 4544 3883 4599 in-

2228 4632 2471 4689 sudetis.
2504 4634 2588 4687 Ad
2631 4632 2914 4688 indicium
2967 4636 3162 4689 autem
3192 4638 3473 4706 perceptae
3507 4633 3685 4705 hujus
3711 4649 3746 4688 a
3768 4633 3887 4689 Ro-

2226 4738 2412 4776 manae
2446 4720 2707 4776 Ecclesiae
2738 4721 3047 4790 libertatis,
3076 4721 3373 4779 dilectioni
3403 4727 3607 4778 vestrae
3629 4722 3882 4795 dignum

2225 4814 2314 4866 est
2334 4826 2644 4865 mancusas
2665 4827 2723 4866 In
2745 4808 3104 4866 Valentianm
3122 4816 3366 4867 moneta:
3387 4810 3757 4868 Lateranensi
3781 4827 3886 4883 pa-

2225 4898 2362 4954 latio
2392 4899 2707 4970 quotannis
2728 4898 3021 4955 exsolvere
3043 4904 3098 4956 et
3122 4900 3517 4956 Romanorum
3534 4900 3880 4972 pontificum

2223 4989 2564 5060 diligentius
2585 4989 2815 5044 decreta
2846 5005 3097 5045 servare.
3142 4992 3291 5044 Sane
3313 4988 3422 5045 hoc
3453 4992 3664 5044 nostra
3695 4986 3884 5060 privi-

2223 5077 2439 5149 legium
2472 5076 2791 5133 sanctionis
2813 5077 2862 5133 si
2897 5076 3031 5148 quis
3060 5076 3120 5132 in
3139 5078 3463 5134 crastinum
3485 5076 3883 5148 archiepisco-

2224 5184 2355 5239 pus,
2412 5171 2513 5221 aut
2554 5167 2886 5239 episcopus,
2934 5182 3054 5236 rex,
3089 5166 3382 5240 princeps,
3414 5167 3553 5231 dux,
3586 5163 3878 5232 marehio,

2221 5272 2418 5310 comes
2440 5260 2542 5310 aut
2557 5257 2897 5325 vicecomes,
2933 5261 3035 5311 aut
3065 5272 3315 5328 persona
3339 5255 3615 5328 quaelibet
3635 5270 3877 5327 magna,

2221 5344 2308 5400 vel
2341 5360 2537 5415 parva,
2566 5348 2770 5415 potens
2796 5349 2898 5400 aut
2930 5344 3242 5417 impotens,
3275 5346 3527 5401 scienter
3554 5342 3883 5416 infringere

2222 5436 2324 5488 aut
2376 5436 2594 5487 temere
2654 5431 2868 5489 violare
2920 5433 3380 5506 praesumpserit,
3414 5436 3470 5488 et
3487 5430 3883 5490 constitutum

2221 5520 2510 5595 praedictae
2543 5520 2788 5579 abbatia:
2821 5521 3085 5580 ordinem
3116 5525 3389 5589 evertere,
3420 5520 3510 5578 vel
3560 5522 3690 5594 ejus
3720 5519 3887 5579 bona

2222 5610 2513 5678 invadere,
2538 5610 2868 5687 molestare,
2899 5597 3005 5670 aut
3023 5610 3146 5671 suis
3164 5611 3372 5670 usibus
3386 5610 3655 5689 nequiter
3684 5607 3884 5688 appli-
