3998 6158
149 333 264 400 301

1332 333 1737 395 EPISTOL/E
1780 333 1880 396 ET
1922 332 2394 395 PRIVILEGIA.
2484 350 2495 360 ί

3440 331 3561 392 302

150 483 285 522 care
306 466 909 534 tentaverit,secundo
931 466 1169 521 tertiove
1188 466 1601 533 commonitus,
1623 466 1799 521 sinon
1830 466 1884 534 Α
1914 465 2382 538 Pampilonensis
2427 483 2544 535 rex,
2578 465 2883 522 ecclesiam
2920 469 3173 522 vestram
3224 464 3283 520 in
3336 463 3561 521 domini

151 555 550 611 satisfactione
566 571 825 627 congrua
840 555 1254 620 emendaverit,
1274 574 1308 610 a
1320 554 1533 610 Christi
1548 560 1603 609 et
1613 555 1802 610 Eccle-

152 644 253 699 sia:
265 661 506 716 corpore
519 644 865 699 auctoritate
893 641 1212 716 apostolica
1231 659 1632 715 segregamus.
1658 647 1804 698 Con-

152 731 525 789 servantibus
542 749 654 804 pax
672 749 705 788 a
720 737 913 800 Deo,et
929 732 1373 803 mercedem(sic)
1393 732 1801 803 praesentibus.

148 827 203 877 et
234 820 453 876 futuris
486 820 718 875 saeculis
750 824 1141 876 conservetur.
1167 821 1800 875 Amen.Amen.Amen.

218 910 438 965 Datum
469 909 663 964 Romae
696 926 800 982 per
824 926 1036 965 manus
1067 910 1312 966 Joannis
1344 910 1568 966 Sancta:
1591 909 1688 964 Dei
1708 912 1805 965 Ee-

148 997 340 1053 clesiaa
368 998 653 1053 diaconus
679 997 995 1053 cardinalis
1027 1003 1083 1053 et
1131 998 1550 1070 prosignaloris
1581 998 1801 1054 domini

147 1087 369 1143 Urbani
405 1104 566 1160 papae
599 1087 670 1153 II,
704 1104 799 1142 an.
838 1087 1145 1143 Dominicis
1191 1089 1476 1142 Inearnat.
1521 1087 1681 1153 4089,
1714 1088 1801 1141 in-

147 1177 287 1233 dict.
323 1193 427 1242 xu,
462 1193 556 1230 xw
588 1176 715 1230 Kal.
740 1176 921 1243 Junii,
945 1193 1099 1231 anno
1131 1176 1505 1249 pontificatus
1536 1177 1801 1248 ejusdem

144 1264 375 1321 domini
402 1264 620 1320 Urbani
651 1264 715 1318 II.

208 1353 294 1409 Ad
315 1353 525 1408 calcem
545 1354 803 1424 leguntur
829 1354 1134 1423 sequentia.

210 1446 279 1497 In
314 1439 567 1497 concilio
599 1441 753 1513 apud
772 1440 1043 1497 Tolosam
1061 1440 1386 1507 habito,eui
1414 1442 1802 1497 interfuerunt

137 1550 209 1585 xx
242 1530 516 1603 episcopi
547 1534 604 1584 et
636 1530 875 1586 abbates
907 1529 1299 1603 eomplurimi,
1336 1531 1641 1594 ltenerius,
1676 1550 1800 1587 car-

137 1621 193 1675 di
202 1619 365 1675 nalis
384 1618 689 1691 etlegatus
706 1624 917 1674 sanetae
948 1619 1220 1675 Romanis
1247 1619 1537 1687 Ecclesiae,
1561 1626 1617 1676 et
1635 1623 1803 1676 Ama-

138 1715 234 1764 tus
250 1707 747 1780 archiepiscopus
766 1707 1060 1780 etlegatus
1081 1708 1297 1763 Urbani
1324 1724 1506 1781 papas,
1526 1726 1660 1764 cum
1694 1727 1799 1764 eie-

1912 555 2094 609 nostri
2143 555 2282 609 Jesu
2332 555 2547 611 Christi
2593 555 2872 611 Nazareni
2928 553 3163 611 nomine
3210 570 3313 626 per
3360 553 3559 626 ipsum

1914 643 2282 708 aedificatam,
2311 643 2370 698 in
2422 644 2694 699 Romanae
2746 643 3010 700 Ecclesiae
3058 641 3305 699 tutelam
3335 640 3559 715 specia-

1914 730 2046 787 liter
2096 732 2315 804 suscipi
2374 732 2708 804 postulavit,
2741 735 2851 789 ete.
2898 735 2937 787 Y
2982 735 3239 804 prosigue
3295 732 3351 787 la
3395 730 3564 787 dicha

1916 821 2084 887 bulla,
2119 822 2173 876 Ia
2204 822 2333 891 qual
2379 824 2529 877 mire
2572 831 2717 877 atras
2761 821 3037 877 clausulas
3084 837 3186 892 que
3232 822 3382 877 tiens
3407 823 3560 891 favo-

1858 928 1868 937 ·
1913 909 2092 964 rabies
2135 926 2165 965 ο
2198 914 2316 964 esto
2364 926 2509 978 casa,
2532 926 2633 965 son
2681 910 2761 965 las
2808 912 3099 981 signantes.
3134 910 3560 967 Constituimus

1913 999 2070 1054 enim
2122 1003 2179 1054 et
2225 998 2544 1071 apostolica
2590 999 2933 1055 auctoritate
2978 999 3348 1056 decernimus
3390 1000 3558 1056 utab

1912 1088 2179 1143 omnium
2210 1089 2448 1144 omnino
2473 1088 2783 1144 hominum
2814 1089 3218 1162 cujuscunque
3239 1089 3315 1145 sit
3335 1088 3558 1145 ordinis

1907 1176 2047 1248 jugo
2068 1176 2234 1232 liberi
2268 1174 2575 1247 maneatis,
2609 1176 2836 1249 solique
2866 1181 3080 1233 saneta
3123 1181 3181 1233 et
3227 1176 3557 1250 apostolica

1914 1266 2186 1321 Romanae
2211 1266 2478 1322 Ecclesia:
2526 1266 2769 1334 subditi,
2792 1266 3103 1339 tranquille
3136 1271 3193 1323 et
3222 1267 3417 1339 quiete
3444 1266 3557 1323 Do-

1913 1353 2072 1409 mino
2095 1356 2480 1428 omnipotenti
2502 1354 2790 1426 serviatis,
2814 1361 2923 1412 etc.
2947 1355 3396 1424 Conﬁrmamus,
3421 1360 3554 1425 etc.,

1913 1443 2113 1499 omnia
2137 1460 2265 1515 quae
2298 1445 2452 1500 idem
2474 1461 2571 1500 rex
2594 1445 2777 1514 vobis,
2810 1444 2898 1501 vel
2924 1445 3261 1517 quicunque
3290 1444 3556 1501 ﬁdelium

1912 1533 1982 1587 de
2004 1532 2129 1588 suis
2151 1533 2627 1605 possessionibus
2649 1533 3153 1606 eontulerunt,aut
3181 1550 3307 1606 quae
3336 1534 3408 1590 de
3423 1535 3556 1604 jure

1910 1638 2016 1677 suo
2050 1623 2394 1694 pontiﬁcum
2445 1622 2693 1695 quilibet
2735 1628 3167 1691 concesserunt,
3218 1639 3465 1696 queque
3494 1624 3556 1680 in

1911 1713 2194 1781 futurum,
2230 1716 2522 1767 annuente
2551 1712 2817 1781 Domino,
2833 1714 2994 1784 juste
3024 1730 3089 1768 ac
3119 1711 3376 1785 legitime
3400 1716 3558 1786 pote-

136 1800 280 1854 teris
311 1795 1148 1870 episc0pis,judicaveruntde
1173 1798 1401 1870 negotio
1425 1804 1480 1853 et
1509 1798 1799 1869 querimo-
1833 1827 1879 1892 B
1913 1799 2040 1854 ritis
2061 1800 2327 1871 adipisci,
2361 1807 2470 1857 etc.
2506 1802 2682 1856 Porro
2729 1801 2875 1856 nulli
2917 1800 3188 1873 episcopo
3214 1801 3384 1858 liceat
3403 1803 3556 1874 ejus-

136 1888 249 1942 niis
268 1904 407 1959 quas
432 1885 631 1941 clerici
654 1887 711 1941 S.
730 1885 972 1940 Joannis
995 1887 1384 1957 deposuerant
1406 1903 1599 1965 coram
1624 1888 1707 1943 eis
1725 1887 1797 1942 de

130 1976 389 2032 Ricardo
409 1976 624 2031 abbate
656 1980 713 2029 et
735 1976 863 2046 ejus
880 1974 1349 2030 Massiliensibus
1374 1976 1695 2043 monachis,
1734 1980 1798 2032 ut

124 2066 280 2120 idem
314 2065 614 2120 Rieardus
665 2069 723 2119 et
776 2064 1044 2119 monachi
1103 2064 1233 2135 ejus
1294 2065 1603 2120 redderent
1628 2067 1794 2121 beato

124 2155 342 2209 Joanni
360 2159 419 2208 et
435 2153 582 2224 ipsis
601 2151 830 2208 clericis
845 2153 1043 2208 omnia
1063 2154 1278 2225 praedia
1294 2159 1350 2208 et
1370 2155 1789 2226 possessiones.

124 2250 179 2298 et
208 2248 593 2308 ornamenta,
628 2247 685 2297 et
719 2246 926 2297 caetera
958 2242 1198 2297 mobilia
1247 2259 1374 2314 qua:
1406 2243 1517 2315 ipsi
1549 2261 1616 2299 eo
1643 2248 1793 2299 tem-

122 2348 254 2405 pore
276 2348 403 2404 quo
436 2330 719 2385 tenebant
757 2330 1063 2386 ecclesiam
1105 2332 1370 2401 ejusdem
1417 2332 1475 2386 S.
1526 2333 1789 2403 Joannis,

122 2419 527 2486 abstulerunt,
563 2423 619 2474 et
652 2419 1037 2486 donaverunt,
1069 2425 1128 2475 ct
1176 2421 1390 2476 donare
1422 2422 1702 2490 fecerunt,
1736 2425 1793 2478 et

126 2510 472 2582 raptoribus
504 2513 881 2564 censuerunt.

192 2602 254 2655 Et
290 2601 475 2668 infra.

196 2688 521 2757 Renerius,
549 2685 874 2758 cardinalis
904 2686 963 2742 S.
1001 2686 1065 2743 R.
1099 2688 1161 2741 E.
1182 2686 1478 2759 etlegalus
1501 2689 1786 2760 ejusdem,

132 2775 576 2835 venerabilibus
608 2774 897 2847 episcopis
933 2779 989 2829 Β.
1044 2775 1398 2843 Gerunden.,
1434 2776 1493 2831 Β.
1544 2781 1786 2847 Auson.,

132 2874 305 2938 atque
324 2863 721 2936 B.Urgellen.,
739 2863 860 2918 sive
879 2867 946 2919 A.
970 2863 1225 2931 Elnensi,
1251 2870 1308 2919 et
1332 2865 1394 2920 Β.
1417 2867 1786 2937 Barehinon.,

133 2954 707 3011 salutem.Volumus
737 2969 866 3008 esse
885 2958 1083 3007 notum
1105 2953 1373 3024 dignitati
1393 2956 1790 3023 vestrze,eleri-

133 3062 224 3099 eos
254 3045 323 3099 Β.
358 3042 612 3099 Joannis
653 3042 1064 3114 Rivipollensis
1105 3043 1451 3114 deposuisse
1493 3045 1788 3116 querimo-

136 3135 289 3189 niam
316 3133 381 3187 in
407 3130 656 3188 concilio
673 3130 960 3188 Tolosano
981 3147 1159 3202 super
1172 3131 1540 3204 parochianis
1558 3137 1786 3204 vestris,

1910 1887 2040 1942 dem
2086 1888 2353 1944 Ecclesia:
2398 1892 2605 1945 fratres
2653 1906 2801 1962 quos
2859 1891 2919 1944 in
2968 1891 3240 1946 Romanas
3284 1890 3553 1947 Ecclesia

1908 1975 2057 2031 filios
2082 1977 2317 2049 speciali
2350 1977 2626 2034 electione
2667 1978 3123 2052 assumpsimus,
3153 1981 3554 2036 excommuni-

1905 2082 2055 2132 care,
2089 2071 2191 2121 aut
2221 2067 2485 2122 divinum
2516 2067 2600 2122 eis
2630 2067 2889 2123 officium
2922 2067 3286 2137 interdicere,
3316 2069 3417 2125 sed
3440 2070 3551 2125 sub

1905 2154 2029 2211 sola
2059 2156 2216 2210 sedis
2249 2156 2580 2229 apostolicae
2611 2157 2969 2229 protectione
3008 2156 3353 2230 judicioque
3384 2158 3551 2215 liberi

1903 2249 2198 2299 annuente
2229 2244 2473 2300 Domino
2505 2245 2813 2317 securique
2834 2250 3237 2317 permaneant,
3256 2251 3364 2302 etc.
3390 2249 3553 2318 (Con-

1902 2331 2065 2403 eluye
2110 2336 2236 2387 esta
2278 2331 2457 2400 bulla,
2489 2350 2621 2388 cum
2675 2338 2830 2390 cstas
2879 2334 3167 2406 palbras):
3206 2334 3324 2389 Hoc
3373 2334 3551 2408 igitur

1901 2420 2085 2475 nostri
2135 2420 2422 2492 privilegii
2469 2423 2813 2490 sanctionis,
2848 2423 2897 2478 si
2946 2423 3081 2495 quis
3120 2422 3177 2478 in
3223 2422 3547 2480 crastinum

1899 2525 2223 2580 agnoscens
2245 2509 2847 2582 arehiepiscopus,aut
2875 2510 3204 2582 episcopus,
3229 2510 3550 2583 imperator

1899 2603 2001 2652 aut
2022 2597 2438 2670 rex,prineeps,
2458 2599 2594 2663 dux,
2619 2598 2706 2653 vel
2741 2598 3021 2667 marehio,
3041 2615 3237 2654 comes
3263 2604 3366 2656 aut
3395 2602 3544 2658 vice-

1899 2687 2319 2757 comes,judex,
2342 2686 2736 2754 castaldio,vel
2759 2704 3005 2758 persona
3030 2687 3303 2760 quaelibet
3330 2706 3546 2763 magna

1899 2775 1985 2830 vel
2019 2793 2214 2848 parva,
2246 2781 2454 2848 potens
2473 2780 2573 2831 aut
2604 2776 2914 2849 impotens,
2939 2781 3139 2833 contra
3168 2794 3298 2834 eam
3326 2782 3544 2838 temere

1899 2865 2093 2919 venire
2115 2866 2571 2937 praesumpserit,
2591 2870 2648 2921 et
2690 2866 2955 2935 eiusdem
2990 2866 3244 2923 ecclesiae
3260 2868 3417 2924 bona
3446 2869 3542 2924 in-

1898 2956 2129 3019 vadere,
2163 2954 2487 3019 molestare,
2519 2953 2605 3009 vel
2640 2955 2764 3009 suis
2794 2955 3002 3011 usibus
3041 2956 3331 3028 applicare
3352 2961 3539 3013 tenta-

1898 3043 2335 3109 verit,secundo
2368 3044 2602 3098 tertiove
2632 3044 3047 3114 commonitus,
3081 3045 3128 3100 si
3163 3062 3277 3101 non
3305 3046 3538 3103 satisfa-

1900 3133 2088 3188 ctione
2137 3148 2395 3203 congrua
2470 3132 2882 3201 emendaverit,
2944 3151 2976 3189 a
3024 3133 3237 3190 Christi
3305 3152 3441 3192 eum
3486 3140 3545 3191 et

139 3223 251 3294 qui,
284 3220 456 3278 omni
482 3220 804 3276 reverentia
822 3195 1553 3292 postpos-ita,-auferuutB.
1575 3195 1788 3279 Joanni
1820 3195 1862 3262 Ο
1900 3220 2170 3277 Ecclesiae
2199 3195 2437 3292 eovrpore
2478 3222 2841 3277 auctoritatis
2869 3195 3215 3294 apostolica;
3260 3227 3545 3294 potestate

139 3312 416 3367 ecclesias
440 3315 501 3366 et
525 3309 811 3365 nonnulla
827 3309 1218 3365 ecclesiastica
1235 3312 1466 3382 praedia.
1487 3311 1646 3367 Unde
1669 3330 1791 3368 mo-

142 3418 371 3467 nemus,
395 3404 453 3455 et
475 3398 821 3455 auctoritate
843 3398 1161 3472 apostolica
1180 3400 1572 3472 prmcipimus,
1606 3405 1669 3457 ut
1694 3419 1794 3458 eos

140 3492 207 3546 ab
234 3490 346 3546 hac
384 3489 833 3561 rapinacessare
851 3487 1237 3555 admoneatis,
1263 3489 1400 3544 etB.
1425 3490 1634 3545 Joanni
1668 3508 1794 3562 quae

142 3579 411 3649 suijuris
454 3582 597 3633 sunt
636 3576 1046 3649 praedicatione
1091 3583 1149 3633 et
1195 3578 1795 3636 excommunicatione

142 3669 385 3723 reddere
405 3666 654 3722 faciatis.
681 3666 843 3730 Quod
877 3666 924 3720 si
945 3665 1258 3731 noluerint,
1282 3667 1472 3722 sciant
1493 3684 1554 3724 se
1575 3686 1798 3725 excern-

145 3757 482 3810 municatos
512 3758 568 3809 et
588 3756 661 3809 ab
708 3754 867 3809 omni
908 3754 1239 3810 Christiana
1272 3756 1798 3814 communicatione

143 3846 358 3916 ejectos
379 3843 733 3900 auctoritate
750 3843 850 3899 BB.
876 3843 1272 3915 apostolorum
1296 3845 1445 3901 Petri
1464 3851 1522 3902 et
1537 3846 1722 3914 Pauli,
1743 3851 1799 3903 et

146 3932 607 3990 reverentissimi
628 3949 788 4004 papa:
812 3931 1027 3986 Urbani
1044 3938 1101 3987 et
1117 3941 1435 3990 conventus
1455 3936 1633 3990 totius
1654 3953 1797 3990 con-

144 4023 253 4077 cilii
270 4021 971 4093 Tolosani,quoadusque
986 4022 1412 4093 resipiscant,et
1433 4041 1558 4095 quae
1580 4024 1803 4081 invase~
1826 4052 1833 4057 -

146 4118 281 4166 runt
296 4111 636 4181 dimittant,
660 4126 807 4182 quos
839 4110 1041 4165 eodem
1061 4111 1231 4165 modo
1250 4111 1456 4167 avobis
1472 4130 1803 4170 excommu-

146 4201 330 4256 nicari
358 4200 422 4254 S.
458 4199 525 4254 Β.
560 4198 830 4255 Ecclesiae
855 4198 1198 4255 auctoritate
1221 4200 1803 4273 pl'mcipimus,donec

147 4292 214 4344 ad
247 4290 500 4362 dignam
534 4287 991 4344 satisfactionem
1027 4289 1279 4344 veniant.

882 4377 1076 4432 XVIII.

150 4468 360 4524 Urbani
425 4467 474 4521 II
526 4483 683 4538 papa:
738 4466 1109 4592 prixilegium'
1145 4482 1245 4538 pro
1302 4472 1629 4525 monasterio
1672 4475 1805 4529 Jesu

881 4553 1127 4592 marem.

784 4608 970 4679 (Anno
1000 4608 1181 4679 4089).

152 4682 437 4751 [Ᾱῖκεωκ
472 4678 808 4752 Fundarion,
848 4678 1204 4752 excelencias,
1253 4682 1555 4752 grandezas
1594 4701 1629 4752 y
1660 4700 1807 4741 cosas

222 4752 588 4829 ingruerasz
616 4751 682 4807 de
713 4752 936 4806 Huesca.
982 4750 1227 4808 Huesca.
1260 4750 1420 4809 ’4619
1461 4755 1560 4809 fol.
1596 4750 1636 4824 Ι,
1671 4772 1804 4829 pag.

223 4824 384 4893 454.]

228 4911 503 4967 Uneaxes
533 4911 1077 4983 episcopus,servus
1099 4930 1397 4969 servorum
1416 4914 1536 4982 Dei,
1554 4914 1808 4970 dilectis-

155 5000 332 5055 simis
361 5000 420 5053 in
446 4999 677 5054 Christo
701 4999 839 5055 [iliis
870 5000 1236 5071 regularibus
1258 5004 1536 5060 lratribus
1556 5004 1810 5059 ecclesia:

157 5106 288 5160 quae
313 5087 530 5143 dicitur
548 5088 686 5144 Jesu
719 5089 1163 5155 Nazareni,eoru
1175 5106 1349 5162 mque
1372 5093 1813 5149 successoribus

158 5175 512 5250 regulariter
538 5175 784 5233 victuris
815 5178 874 5232 in
907 5184 1274 5251 perpetuum.

221 5266 253 5321 εἰ
264 5270 400 5321 usta
432 5266 697 5323 fidelium
730 5266 931 5339 petitio
963 5269 1169 5324 effectu
1204 5269 1373 5326 debet
1418 5276 1810 5344 prosequente

153 5355 464 5429 compleri,
516 5361 581 5411 ut
627 5362 684 5412 et
727 5356 1123 5414 laborantium
1180 5359 1239 5414 in
1286 5359 1541 5417 Ecclesia
1583 5362 1809 5417 devotio

152 5449 362 5503 sancta
409 5443 715 5517 clarescat,
764 5451 823 5502 et
871 5446 1093 5503 utilitas
1137 5448 1529 5505 ecclesiastica
1563 5451 1807 5507 Domino

149 5551 388 5608 semper
419 5533 701 5606 largiente
728 5536 1010 5609 proficiat.
1035 5536 1179 5603 Quia
1211 5537 1390 5610 igitur
1419 5539 1807 5600 charissimus

150 5629 358 5688 noster
386 5624 448 5684 in
477 5624 706 5685 Christo
759 5625 914 5683 Illius
965 5630 1205 5684 sanctus
1260 5629 1376 5701 Ara
1415 5629 1652 5690 onensis
1683 5631 1805 5692 sive

1901 3314 2362 3381 segregamus,et
2391 3308 2630 3364 honoris
2654 3310 2741 3364 sui
2776 3309 3005 3380 piaculo
3027 3310 3328 3381 subjacere
3359 3312 3549 3367 decer-

1903 3398 2100 3453 nimus
2126 3413 2138 3450 :
2172 3398 2651 3452 conservantibus
2682 3402 2875 3452 autem
2907 3414 3019 3470 pax
3066 3415 3100 3455 a
3144 3398 3260 3454 Deo
3291 3402 3345 3454 et
3376 3399 3552 3455 mise-

1904 3487 2154 3542 ricordia
2176 3486 2563 3559 praesentibus
2585 3503 2650 3542 ae
2670 3486 2883 3543 futuris
2903 3487 3132 3545 suculis
3153 3492 3546 3544 conservetur.

1900 3578 2107 3643 Amen,
2141 3591 2332 3641 amen,
2365 3590 2559 3629 amen.

1974 3665 2120 3720 Data
2152 3664 2344 3719 Romae
2373 3663 2646 3719 Kalendis
2692 3663 2830 3719 Julii
2892 3681 2995 3736 per
3042 3682 3255 3721 manus
3303 3665 3549 3723 Joannis

1905 3756 2117 3808 sanctae
2142 3753 2414 3808 Romanae
2446 3751 2714 3809 Ecclesiae
2754 3754 2981 3809 diaconi
3014 3754 3327 3811 eardinalis
3360 3755 3551 3828 prosi-

1905 3841 2166 3914 gnatoris
2215 3841 2413 3897 domni
2465 3842 2682 3898 Urbani
2730 3860 2890 3915 papae
2914 3843 3000 3910 II;
3033 3859 3187 3899 anno
3232 3844 3549 3900 Dominicis

1908 3930 2329 3985 lnearnationis
2362 3932 2520 3998 1089,
2553 3931 2869 3987 indictione
2907 3948 3008 3997 x11,
3039 3947 3193 3987 anno
3224 3949 3263 3987 ιι
3310 3932 3548 4003 pontiﬁ-

1909 4023 2075 4073 catus
2106 4020 2369 4090 ejusdem
2395 4019 2616 4074 domini
2651 4020 2861 4075 Urbani
2884 4036 3066 4092 papze.

2665 4108 2800 4162 XIX.

1916 4194 2161 4252 Urbanus
2220 4196 2267 4249 II
2312 4196 2590 4263 Frotardo,
2621 4196 2806 4251 abbati
2853 4197 2907 4252 S.
2957 4198 3142 4254 Ponlii
3186 4200 3555 4255 Tomeriarum

1978 4267 2607 4345 privilegiumconcedit
2639 4283 2742 4345 quo
2772 4270 2948 4345 locum
2987 4286 3021 4324 a
3049 4271 3417 4345 cujuscunque
3447 4274 3559 4345 epi-

1982 4339 2131 4409 scopi
2150 4338 2534 4416 jurisdidione
2563 4340 2753 4395 eximit
2774 4341 3010 4414 aliisque
3029 4338 3401 4413 coinpluribus
3411 4338 3559 4416 pra?-

1984 4411 2245 4479 rogalivis
2274 4414 2523 4465 exornat.

2536 4501 2723 4571 (Anno
2755 4501 2938 4574 1089.)

1835 4575 1881 4640 D
1913 4588 2216 4659 [Burman
2268 4589 2385 4643 Vita
2419 4589 2626 4645 Urbani
2644 4588 2704 4643 in
2739 4589 2976 4645 MABILL.
3010 4595 3068 4647 et
3103 4591 3367 4647 RUINART
3395 4593 3560 4648 Ouvr.

2515 4678 2692 4750 posth.
2737 4696 2820 4745 III,
2849 4680 2965 4751 57.]

2678 4768 2797 4823 XX.

1918 4859 2157 4928 Epistola
2191 4859 2398 4916 Urbani
2424 4861 2471 4914 Il
2499 4875 2653 4930 papae
2700 4858 2772 4913 ad
2814 4874 3064 4930 proceres
3112 4860 3411 4931 provincia?
3440 4860 3569 4914 Tar-

1990 4933 2307 4985 racmiensis
2338 4931 2402 4985 de
2430 4931 2835 4985 restauratione
2862 4931 3103 4986 ecclesiae
3133 4931 3565 4986 Tarraconensis.

2544 5020 2729 5091 (Anno
2762 5019 2947 5089 1089.)

1921 5107 2156 5178 [Μλκεῃ
2192 5110 2401 5164 Concil.
2468 5110 2566 5175 XX,
2610 5108 2737 5175 701,
2786 5123 2854 5162 ex
2901 5105 3255 5178 chartulario
3309 5104 3567 5161 ecclesia:

2489 5177 2995 5248 Tarraconensis.]

1992 5267 2269 5325 Unemus
2299 5269 2630 5342 episeOpus,
2666 5284 2867 5325 servus
2883 5281 3183 5322 servorum
3205 5263 3328 5336 Dei,
3350 5264 3574 5323 charis-

1920 5358 2090 5413 simis
2121 5358 2259 5415 ﬁliis
2291 5360 2661 5415 Beneneamo
2692 5353 3152 5413 Barehinonensi
3183 5355 3383 5410 comiti
3415 5372 3576 5411 mar-

1918 5447 2132 5513 chioni,
2163 5449 2564 5504 ERMENGAUDO
2593 5445 2937 5519 Urgellensi,
2970 5448 3281 5499 BERNARDO
3310 5444 3581 5502 Bisuldu-

1916 5537 2084 5593 nensi
2135 5537 2478 5608 comitibus,
2552 5536 2954 5609 omnibusque
3012 5534 3468 5591 Tarraconensis
3525 5541 3584 5593 et

1914 5625 2436 5689 Barchinoonensis
2458 5624 2765 5701 provinciae
2791 5623 3100 5702 episcopis,
3122 5622 3585 5696 vicecomitibus.
