3998 6158
185 358 311 427 305

1370 358 1781 427 ΕΡιετοΙμΕ
1819 360 1921 424 ET
1964 358 2441 428 PRIVILEGIA.

3481 354 3602 437 3.06

259 494 563 572 Scriptum
601 507 709 569 per
755 508 997 553 manum
1029 492 1258 555 Girardi
1305 498 1519 556 sanctae
1566 494 1838 554 Romanae
1865 494 1921 565 Α
1951 498 2164 556 sanctae
2195 496 2487 556 memoriae
2509 496 2782 574 Gregorio
2814 494 3165 573 legationem
3195 490 3254 551 in
3278 488 3601 567 Anglorum

185 588 462 648 Ecclesia:
501 583 820 654 scrinlarii,
855 601 1006 647 anno
1052 585 1367 647 Dominicae
1420 585 1847 645 Incarnationis

186 678 508 737 millesimo
538 674 940 747 octuagesimo
971 692 1148 744 nono,
1178 676 1299 733 ind.
1330 695 1431 745 xu.

258 775 295 834 ἰ
326 767 683 842 EgoPetrus
721 756 821 822 Dei
849 764 1039 839 gratia
1072 764 1423 822 Albanensis
1453 765 1632 838 episc.
1666 765 1844 821 inter-

188 858 271 915 fui
305 862 365 915 et
397 852 746 925 subscripsi.

257 954 287 1012 τι
326 947 446 1019 Ego
476 944 681 1000 Minut.
716 941 817 997 Dei
847 940 1035 1017 gratia
1066 941 1477 999 Lavicanensia
1508 943 1763 1016 episcop.

256 1042 287 1103 f
324 1024 447 1108 Ego
478 1034 673 1091 Bruno
701 1029 1004 1104 Signensis
1023 1029 1201 1103 episc.
1229 1049 1533 1099 assensum
1557 1049 1660 1105 per
1686 1031 1845 1088 hunc

181 1122 553 1201 triangulum
582 1119 805 1194 praebui

758 1262 984 1333 Magnus
1006 1268 1234 1322 Dominu
1247 1290 1272 1325 s

872 1350 1074 1405 noster,
1102 1355 1155 1401 et

903 1432 1106 1483 magna

925 1498 1100 1570 virtus

954 1575 1075 1625 ejus

758 1262 984 1333 Magnus
1006 1268 1234 1322 Dominu
1247 1290 1272 1325 s

872 1350 1074 1405 noster,
1102 1355 1155 1401 et

903 1432 1106 1483 magna

925 1498 1100 1570 virtus

909 1592 1117 1732 Y7

245 1806 379 1862 Dat.
416 1807 614 1863 Romae
642 1824 744 1863 vm
776 1806 856 1862 id.
890 1804 1034 1862 Julii
1077 1820 1181 1877 per
1228 1817 1440 1858 manus
1486 1798 1728 1856 Joannis
1776 1797 1839 1854 Β.

178 1895 462 1973 demanat
493 1894 758 1952 Ecclesiae
788 1896 950 1952 card.
978 1898 1036 1952 et
1065 1890 1418 1950 cancellarii.

917 2018 1107 2076 XXIII.

181 2129 394 2187 Urbani
422 2127 476 2183 Il
495 2127 723 2197 epistola
765 2127 837 2182 ad
867 2128 1187 2183 Anselmum
1215 2124 1464 2180 abbatem
1506 2123 1838 2197 Beccensem.

1957 604 2135 663 regno
2166 588 2471 662 acceperit,
2495 587 2683 647 multa
2710 605 2779 645 ex
2811 605 2989 645 censu
3015 585 3168 644 beati
3200 583 3356 643 Petri
3390 582 3607 640 dicitur

1955 668 2289 751 collegisse;
2313 696 2441 752 quaa
2466 678 2514 733 si
2548 680 2699 751 apud
2724 696 2826 735 vos
2851 681 3012 746 sunt,
3035 677 3211 733 citius
3232 675 3303 731 ad
3328 690 3435 730 nos
3453 672 3611 731 volu-

1957 784 2090 823 mus
2110 767 2389 825 destinari
2410 768 2743 824 necessitati
2766 771 2979 825 sanctae
2997 765 3265 822 Ecclesiae
3282 763 3608 837 profutura.

2026 856 2172 912 Data
2199 858 2404 930 Capua:
2437 856 2559 912 Kal.
2594 858 2846 928 August.

2688 946 2881 1002 XXIV.

1959 1035 2167 1092 Urbani
2193 1037 2244 1092 II
2269 1036 2498 1108 epistola
2533 1036 2603 1092 ad
2641 1035 2905 1091 Pibonem
2939 1032 3241 1090 Tullensem
3271 1031 3605 1104 episcopum.

2580 1124 2768 1195 (Anno
2801 1121 2986 1193 1089.)
3064 1111 3069 1115 ’

2390 1213 2602 1285 [ΜΑΝει
2636 1212 2841 1268 Concil.
2869 1211 2982 1280 XX,
3013 1211 3166 1282 676.]

2024 1302 2306 1359 URBANUS
2335 1303 2665 1375 episcopus,
2690 1317 2893 1358 servus
2920 1315 3220 1359 servorum
3253 1298 3376 1366 Dei,
3399 1296 3608 1354 dilecto

1954 1390 2117 1451 fratri
2150 1392 2350 1448 Pmom
2381 1390 2642 1448 Tullensi
2674 1390 2972 1464 episcopo,
3006 1388 3258 1446 salutem
3290 1391 3348 1448 et
3378 1389 3608 1461 aposto-

1951 1479 2127 1536 licam
2155 1479 2647 1537 benedictionem.

2021 1573 2207 1641 Super
2236 1570 2662 1643 quaestionibus
2684 1586 2832 1641 quas
2854 1569 2928 1626 ad
2949 1586 3057 1626 nos
3076 1567 3385 1635 Adalbero,
3408 1568 3612 1621 vestrae

1952 1650 2220 1715 Ecclesia:
2252 1658 2432 1726 ﬁlius,
2455 1657 2687 1726 detulit,
2707 1657 2830 1715 haec
2857 1676 2891 1714 a
2920 1658 3092 1714 nobis
3121 1661 3263 1714 sunt
3283 1656 3344 1712 in
3368 1654 3615 1729 synoda-

1951 1747 2025 1803 lis
2056 1764 2303 1804 assensu
2335 1747 2566 1804 concilii
2588 1747 2842 1820 capitula
2871 1763 2977 1821 per
2997 1747 3100 1805 Dei
3126 1746 3378 1821 gratiam
3407 1745 3617 1803 conﬁr‘

1866 1872 1916 1936 Β
1954 1840 2131 1936 mata.

2017 1931 2149 1983 CAP.
2176 1928 2218 1983 Ι.
2238 1926 2563 1999 Episcopus
2584 1926 2786 1984 omnia
2806 1926 2899 1983 sui
2922 1925 3297 2000 episcopatus
3319 1924 3611 1992 membra,

1946 2015 2215 2074 videlicet
2243 2015 2776 2083 archidiaconutus,
2801 2016 3428 2089 archipresbyteratus,
3450 2014 3618 2071 deca-

1951 2106 2100 2174 nias,
2122 2105 2209 2162 vel
2242 2105 2471 2178 aliquas
2503 2104 2920 2177 praeposituras
2950 2103 3221 2161 Ecclesiae
3272 2121 3391 2161 suae
3435 2120 3607 2161 canov

248 2231 321 2240 -
353 2200 419 2256 Ut
524 2191 701 2270 iscch
746 2215 933 2254 rerum
980 2196 1466 2254 ecclesiasticarum
1514 2191 1845 2265 imperitiori
1952 2195 2137 2262 nicas,
2187 2195 2370 2268 gratis
2430 2195 2653 2267 absque
2710 2193 2872 2251 omni
2917 2193 3227 2250 venalitate
3276 2193 3613 2251 distribuat.

248 2270 419 2327 adsit.
455 2214 522 2327 Si;
547 2286 657 2324 non
686 2268 905 2327 differat
933 2268 1111 2325 sedem
1141 2268 1491 2327 apostolicam
1520 2266 1763 2327 visitare.
1795 2270 1848 2319 εί
1953 2284 2234 2327 nninnnig
2265 2287 2457 2327 autem
2493 2299 2556 2327 ea
2602 2282 2786 2327 nrotin
2819 2282 3059 2327 (indm-it-
3095 2282 3442 2327 dnnnnitinni
3478 2284 3613 2327 anh-

248 2270 419 2329 adsit.
458 2270 522 2327 Ut
547 2286 657 2324 non
686 2270 905 2341 differat
933 2270 1111 2325 sedem
1141 2270 1491 2339 apostolicam
1520 2270 1763 2328 visitare,
1795 2270 1843 2319 et

246 2342 320 2397 ad
346 2358 475 2397 eam
500 2340 716 2396 mittere
750 2357 868 2412 quae
912 2340 1176 2396 Hubertus
1207 2338 1572 2393 subdiacmzus
1619 2337 1736 2408 ejus
1768 2336 1843 2391 le-

247 2418 415 2485 gatus
437 2414 728 2482 collegerat
757 2428 828 2470 ea:
853 2428 1021 2468 senm
1045 2413 1109 2467 Β.
1138 2412 1308 2466 Petri.

816 2522 1007 2590 (Anno
1035 2517 1220 2586 1089.)

614 2624 771 2699 [0pp.
806 2625 861 2681 S.
894 2625 1160 2690 Anselmi,
1193 2639 1250 2696 p.
1283 2623 1432 2694 353.]

686 2268 905 2344 arra-at
918 2268 1111 2363 ,δείξετε
1141 2268 1491 2363 cesam
1520 2266 1831 2363 ξ’ἰδίξίἒίΐνιῖ

1976 2266 2234 2355 )uisquis
2265 2287 2461 2339 autem
2493 2266 2569 2340 ea
2602 2282 2786 2363 pretio
2819 2282 3064 2354 dederit,
3095 2282 3446 2356 depositioni
3478 2284 3616 2340 sub-

1944 2373 2160 2445 jaceat.

2022 2462 2160 2518 CAP.
2194 2462 2265 2518 II.
2297 2462 2410 2518 Eos
2442 2462 2542 2534 qui
2569 2478 2605 2516 a
2627 2460 3053 2517 subdiaconatu
3085 2459 3366 2516 uxoribus
3387 2476 3617 2517 vacave-

1956 2551 2076 2608 rint
2107 2552 2179 2607 ab
2212 2550 2373 2608 omni
2415 2567 2582 2607 sacro
2631 2550 2834 2606 ordine
2883 2565 3273 2617 removemus,
3306 2549 3615 2621 ofﬁcioque

1957 2645 2131 2713 atque
2160 2638 2441 2696 beneﬁcio
2464 2637 2730 2695 Ecclesiae
2761 2654 2957 2695 carere
2978 2636 3369 2694 decernimus.
3389 2637 3450 2693 Si
3478 2653 3614 2694 vero

254 2740 1102 2813 Umsnsepiscopusmervus
1119 2754 1421 2795 servorum
1442 2737 1849 2805 DOI,ANSELMO
1951 2728 2216 2803 episcOpi
2260 2727 2671 2785 consenserint
2714 2744 2917 2785 earum
2965 2726 3374 2801 pravitatibus,
3407 2744 3442 2783 a
3488 2726 3614 2783 suis

179 2828 511 2897 venerabili
540 2833 600 2888 et
626 2829 1008 2897 dilectissimo
1034 2827 1513 2896 abbati,salutem
1534 2830 1593 2883 et
1610 2829 1845 2899 aposto-

188 2919 370 2987 licam
402 2919 891 2991 benedictionem.

261 3008 592 3082 Religionis
613 3025 679 3066 ac
704 3007 965 3075 scientia
980 3011 1095 3063 tuae
1113 3005 1555 3080 praerogativam
1577 3005 1851 3069 scientes,

170 3088 539 3165 ’Beluacensi
562 3097 835 3170 episcopo
854 3113 983 3169 qua:
1006 3095 1068 3153 in
1088 3096 1217 3168 eius
1237 3093 1604 3150 ordinatione
1632 3094 1856 3165 injuste

186 3185 567 3257 videbantur,
601 3184 981 3254 indulsimus,
1002 3189 1060 3243 et
1088 3185 1148 3242 in
1178 3190 1295 3241 tua:
1324 3183 1519 3240 studio
1549 3182 1853 3241 industriae

187 3278 561 3337 conﬁdentes
575 3293 776 3334 curam
799 3276 852 3335 ei
871 3276 1243 3349 episcopatus
1264 3273 1443 3330 invito
1462 3272 1851 3347 renitentique

185 3367 586 3439 injunximus.
624 3366 790 3433 Nunc
833 3381 970 3439 ergo
1029 3364 1133 3420 tibi
1181 3380 1315 3420 eum
1367 3364 1851 3429 commendamus

186 3455 808 3526 attentius.quatenus
840 3455 889 3510 ei
922 3454 982 3511 in
1015 3451 1292 3519 omnibus
1319 3455 1389 3507 ut
1411 3450 1531 3507 ﬁlio
1558 3455 1659 3507 tuo
1688 3451 1854 3523 adju-

185 3551 300 3611 tor,
333 3542 615 3610 monitor,
637 3548 927 3603 corrector
956 3546 1135 3613 atque
1158 3539 1459 3603 consultor
1487 3539 1764 3606 assistas;
1796 3543 1854 3597 et

186 3648 327 3688 cum
359 3630 493 3705 ipse
529 3631 738 3696 adesse
782 3630 1136 3702 nequiveris,
1168 3627 1495 3701 quemlibet
1523 3626 1576 3682 ei
1605 3626 1852 3683 fratrum

185 3726 435 3787 tuorum
466 3718 592 3791 (qui
624 3735 800 3791 super
849 3718 1041 3791 ipsum
1091 3716 1380 3789 spirituali
1412 3715 1536 3772 zelo
1566 3715 1854 3773 sollicitus

187 3809 287 3880 sit)
312 3810 671 3882 prasentem
700 3822 830 3873 esse
858 3805 1187 3875 mandabis,
1216 3808 1283 3860 ut
1310 3805 1466 3877 quod
1498 3804 1560 3869 in
1588 3804 1717 3875 ejus
1747 3802 1857 3860 ini-

186 3897 295 3955 tiis
320 3896 531 3961 minus
558 3896 904 3965 caponicum
944 3895 1224 3963 cernitur,
1258 3891 1430 3949 bonis
1462 3893 1523 3947 in
1553 3896 1854 3964 posterum

191 3984 560 4063 profectibus
576 3984 768 4045 valeat
784 3984 1032 4057 operari.
1048 3982 1107 4041 Si
1132 3981 1276 4055 quid
1298 3986 1494 4041 autem
1518 3980 1624 4036 tibi
1644 3980 1733 4042 vel
1755 3997 1857 4053 per

190 4075 472 4141 eumdem
532 4072 938 4130 Belvacensem
993 4069 1466 4144 episcopum,vel
1506 4085 1610 4141 per
1664 4069 1855 4126 ﬁlium

190 4168 472 4229 nostrum
504 4162 796 4235 Rogerum
827 4162 900 4219 de
929 4160 1162 4218 servitio
1202 4160 1261 4216 S.
1286 4160 1559 4216 Romanis
1592 4157 1857 4217 Ecclesiae

194 4250 642 4317 mandabimus,
662 4254 728 4307 ut
751 4250 929 4315 talem
959 4250 1148 4306 virum
1179 4249 1362 4315 decet,
1388 4248 1639 4321 impiger
1666 4251 1725 4304 et
1754 4264 1856 4319 pa-

194 4340 541 4401 ratissimus
561 4339 1077 4412 exsequerisSane
1101 4336 1455 4399 monachum
1486 4340 1655 4392 tuum
1676 4335 1858 4392 Joan-

192 4446 334 4486 nem
376 4432 595 4485 nostrae
624 4427 891 4485 Ecclesiae
923 4426 1108 4482 ﬁlium
1140 4425 1299 4498 apud
1346 4441 1452 4481 nos
1481 4424 1732 4481 retinere
1760 4440 1858 4479 vo-

192 4504 461 4585 luimus?
494 4532 671 4588 super
699 4533 816 4588 quo
846 4514 905 4572 in
935 4532 1037 4572 vos
1074 4512 1312 4587 querela
1342 4513 1613 4571 Romanis
1644 4512 1861 4584 pendet

1958 2835 2020 2877 se
2050 2818 2320 2875 noverint
2347 2818 2558 2874 ofﬁciis
2589 2817 2954 2874 interdictas.

2031 2907 2165 2965 Cap.
2198 2907 2296 2964 III.
2339 2911 2435 2976 (Ι).
2469 2924 2578 2976 va,
2612 2905 3105 2978 Presbyterorum.)
3135 2905 3615 2979 Presbyterorum

1961 2994 2112 3052 ﬁlios
2137 3012 2172 3051 a
2192 2995 2343 3052 sacri
2364 2994 2566 3051 altaris
2590 2994 2935 3052 ministeriis
2960 2996 3343 3053 removendos
3364 2995 3621 3054 decerni-

1961 3101 2117 3151 mus,
2137 3084 2251 3140 nisi
2273 3088 2375 3140 aut
2395 3084 2454 3139 in
2486 3084 2788 3154 cmnobiis,
2812 3088 2916 3143 aut
2940 3083 3000 3140 in
3025 3082 3321 3141 canonicis
3349 3083 3619 3158 religiose

1962 3174 2191 3248 probati
2215 3172 2430 3230 fuerint
2446 3170 2793 3229 conversati.
2814 3174 3050 3245 Absque
3067 3172 3400 3246 praejudicio
3418 3176 3617 3229 tamen

1963 3260 2352 3334 capitulorum
2397 3259 2666 3326 istorum,
2699 3259 2785 3315 eis
2816 3260 2917 3332 qui
2949 3260 3292 3332 praebendas
3346 3264 3448 3335 aut
3503 3260 3618 3332 ipsi

1960 3353 2095 3405 ante
2118 3349 2271 3404 hanc
2291 3349 2451 3405 sedis
2475 3347 2806 3420 apostolica:
2831 3348 3301 3407 interdictionem
3323 3357 3613 3417 emerunt,

1960 3442 2062 3495 aut
2090 3442 2318 3511 emptas
2346 3454 2409 3493 se
2449 3436 2848 3494 nescientibus
2885 3436 3282 3510 possiderunt,
3312 3436 3616 3513 habendas

1960 3543 2060 3583 eas
2088 3526 2509 3600 permittimus,
2538 3524 2588 3582 si
2627 3542 2829 3582 eorum
2863 3543 3122 3600 persons:
3169 3531 3271 3584 tuo
3327 3525 3612 3584 arbitratu

1960 3610 2094 3672 viSae
2124 3615 2343 3671 fuerint
2379 3615 2718 3686 promereri.
2747 3617 2845 3672 Eis
2877 3620 3073 3672 autem
3115 3616 3217 3689 qui
3264 3616 3441 3679 fidem
3472 3632 3614 3688 pose

1962 3703 2244 3760 sessionis
2275 3720 2395 3758 suae
2424 3702 2650 3760 irritam
2676 3704 2979 3772 facientes,
3002 3709 3136 3777 post
3157 3705 3616 3762 subdiaconatus

1962 3791 2355 3865 acceptionem
2378 3808 2583 3848 vacare
2613 3792 2894 3849 uxoribus
2920 3793 3423 3866 presumpserint,
3448 3796 3507 3849 et
3536 3791 3622 3848 of-

1963 3880 2164 3937 ﬁcium
2196 3886 2254 3937 et
2284 3880 2623 3953 conjugium
2671 3881 2908 3953 penitus
2955 3868 3391 3951 interdicimus,
3418 3881 3624 3953 eisque

1963 3969 2244 4041 quoniam
2275 3969 2505 4041 seipsos
2545 3970 2930 4040 apostatando
2962 3969 3398 4037 destruxerunt,
3430 3974 3487 4025 et
3523 3986 3622 4025 vo-

1961 4058 2247 4130 luptatem
2279 4056 2539 4128 corporis
2579 4056 2826 4111 Domino
2875 4056 3280 4128 praetulerunt,
3304 4056 3465 4112 omni
3492 4057 3621 4113 vitae

1965 4164 2083 4203 suae
2113 4151 2375 4217 tempore
2404 4148 2507 4200 aut
2535 4144 2594 4198 in
2617 4143 2920 4210 coenobiis,
2936 4148 3038 4200 aut
3059 4144 3116 4199 in
3137 4144 3436 4201 canonicis
3457 4160 3624 4218 regu-

1965 4235 2188 4292 laribus
2210 4232 2611 4307 paenitentiam
2635 4228 3009 4289 decernimus
3031 4232 3473 4307 injungendam.
3494 4234 3625 4290 Pre-

1966 4326 2331 4398 sbyterorum
2345 4339 2478 4379 vero
2495 4320 2773 4394 ﬁlios,qui
2793 4323 3119 4378 secundum
3142 4323 3412 4396 praecepti
3434 4322 3623 4380 nostri

1966 4413 2362 4471 conditionem
2386 4418 2488 4467 aut
2515 4410 2572 4467 in
2606 4410 2885 4468 ccenobiis
2910 4415 3014 4467 aut
3053 4412 3113 4466 in
3155 4411 3451 4469 canonicis
3482 4412 3621 4468 reli-

1967 4504 2128 4578 giose
2152 4501 2378 4574 probati
2410 4500 2628 4556 fuerint
2671 4501 3022 4569 conversati,
3053 4501 3193 4574 quia
3221 4505 3455 4574 patrum
3488 4517 3621 4574 pec-

192 4605 495 4677 Epclesiap,
516 4586 672 4677 quod
694 4586 884 4678 ipsius
904 4586 1185 4661 clericum
1213 4601 1585 4668 monacbare,
1604 4604 1664 4657 et
1689 4600 1860 4656 altio-
1890 4606 1938 4673 D
1968 4597 2098 4647 cata
2128 4607 2263 4646 cum
2298 4587 2510 4678 saeculo
2538 4589 2599 4678 [Γ.
2634 4586 2856 4678 saeculi]
2888 4589 3363 4660 possessionibus
3388 4589 3622 4645 abdica-

192 4697 366 4761 ntbus
401 4694 684 4767 gradibus
719 4692 1038 4767 provehere
1068 4690 1519 4765 praesumpsisti.
1551 4689 1862 4746 Verumta-

196 4800 338 4847 men
361 4782 733 4849 Belvacensis
749 4781 1009 4854 episcopi
1040 4779 1311 4853 precibus
1334 4776 1617 4844 inclinati,
1632 4794 1768 4833 eum
1791 4778 1862 4833 ad

197 4876 269 4939 te.
292 4870 408 4939 sub
437 4870 547 4939 hoc
583 4874 785 4931 tenore
836 4869 1215 4937 remittimus,
1248 4872 1316 4925 ut
1355 4870 1488 4923 ante
1530 4869 1801 4923 exactum
1832 4883 1867 4922 a

201 4960 963 5035 pmsepﬁQuadragesima
989 4973 1213 5017 annum
1233 4960 1339 5014 aut
1362 4955 1528 5011 illum
1555 4955 1625 5011 ad
1653 4971 1759 5012 nos
1784 4970 1868 5012 re-

204 5049 432 5116 mittas,
463 5052 567 5107 aut
609 5048 738 5122 ipse
763 5047 1006 5111 veniens
1046 5051 1241 5104 tecum
1285 5046 1489 5113 ducas,
1523 5047 1581 5101 et
1606 5044 1655 5101 si
1689 5060 1866 5117 quem

201 5138 371 5203 aliud
393 5137 464 5195 de
490 5142 682 5197 vestra
701 5135 1152 5210 congregatione
1182 5133 1351 5189 nobis
1382 5132 1583 5189 utilem
1615 5133 1865 5191 noveris.

202 5229 389 5293 Porro
421 5231 641 5298 quanto
668 5226 793 5299 ipse
824 5225 999 5283 citius
1038 5222 1320 5296 potueris,
1345 5222 1543 5278 sedem
1592 5221 1867 5293 apostoli-

199 5331 341 5384 cam
365 5314 604 5383 visitare
632 5332 706 5385 ne
736 5316 998 5391 ditiores,
1026 5316 1090 5368 ut
1113 5309 1448 5367 dilectionis
1481 5313 1700 5365 mutua:
1732 5327 1871 5383 prae-

202 5402 403 5471 sentia
433 5403 738 5473 (legatione
778 5404 977 5471 debita
1018 5400 1414 5473 perfruamur.
1447 5397 1692 5475 Huberti
1738 5415 1872 5455 vero

202 5489 398 5563 nostri
425 5488 794 5561 subdiaconi,
827 5489 926 5563 qui
960 5487 1116 5562 apud
1161 5502 1265 5542 vos
1296 5485 1607 5543 defunctus
1637 5485 1871 5553 dicitur,

204 5580 256 5636 si
290 5595 421 5651 qua
451 5593 543 5643 res
573 5578 731 5653 apud
762 5581 819 5635 te
859 5577 1119 5635 dimissae
1151 5578 1310 5643 sunt,
1329 5573 1402 5630 ad
1433 5590 1541 5629 nos
1571 5573 1745 5629 citius
1775 5575 1873 5632 de-

1973 4684 2131 4747 runt,
2159 4695 2261 4750 pro
2292 4675 2592 4749 religionis
2619 4693 2684 4733 ac
2709 4676 2967 4735 scientias
2994 4679 3373 4753 praerogativa
3399 4682 3629 4750 aposto-

1971 4769 2084 4824 lico
2115 4763 2513 4822 moderamine
2545 4764 2878 4822 tolerandos
2908 4767 3206 4835 ducimus,
3238 4771 3296 4824 et
3326 4767 3399 4822 ad
3431 4784 3629 4823 sacros

1974 4856 2210 4913 ordines
2247 4859 2305 4910 et
2344 4854 2417 4909 ad
2462 4853 2712 4909 honores
2760 4854 3185 4912 ecclesiasticos
3231 4855 3630 4928 permittimus

1973 4943 2398 5019 provehendos.

2044 5035 2178 5094 CAP.
2206 5033 2295 5089 IV.
2319 5033 2495 5089 Porro
2518 5031 2590 5088 de
2622 5031 2847 5089 clericis
2869 5031 2970 5105 qui
3003 5032 3074 5090 ab
3105 5030 3630 5088 excommunicatis

1975 5121 2269 5197 episcopis
2300 5126 2439 5177 sunt
2463 5120 2714 5177 ordinati
2737 5121 2991 5177 necdum
3012 5121 3252 5193 quidem
3276 5120 3629 5177 sententiam

1978 5214 2234 5281 ﬁximus,
2267 5210 2406 5283 quia
2450 5210 2739 5283 generalis
2784 5210 2923 5266 mali
2957 5208 3291 5282 contagium
3342 5208 3631 5283 generalis

1979 5302 2185 5378 synodi
2211 5304 2300 5357 est
2328 5298 2586 5355 cauterio
2616 5299 3101 5357 comburendum.
3120 5300 3257 5355 Tuae
3286 5303 3485 5356 tamen
3517 5300 3633 5356 frar

1980 5391 2241 5452 ternitati
2274 5390 2384 5447 hoc
2414 5388 2839 5461 respondemus
2870 5389 2942 5445 ad
2983 5406 3260 5461 praesens,
3293 5392 3358 5445 ut
3387 5389 3462 5460 (9,
3496 5406 3547 5443 c.
3580 5388 3634 5454 1,

1980 5486 2057 5542 Ab
2103 5477 2606 5549 excommunicatis)
2648 5479 2720 5534 ab
2768 5478 3291 5535 excommunicatis
3338 5477 3637 5550 quondam

1980 5580 2179 5630 tamen
2208 5566 2512 5626 catholicis
2533 5564 2824 5637 episcoPis
2846 5567 3167 5633 ordinatos,
3189 5567 3238 5624 si
3261 5566 3496 5641 quidem
3523 5581 3639 5620 non

207 5650 485 5737 stinabis.
506 5650 653 5725 Cum
694 5667 851 5725 enim
880 5685 916 5726 a
946 5665 1185 5724 domino
1217 5664 1643 5738 praedecesscire
1675 5666 1875 5741 nostro
1986 5658 2317 5720 Simoniace
2348 5655 2509 5726 ipsos
2534 5650 2770 5709 ordines
2793 5661 3158 5731 acceperunt,
3177 5660 3234 5714 et
3262 5656 3313 5713 si
3343 5653 3644 5729 episcopos
