3998 6158
416 390 533 457 307

1720 388 1792 457 B.
1840 388 2135 457 URBANI
2178 387 2231 455 ll
2274 389 2522 455 ΡΑΡᾹΞ.

3702 389 3827 455 308

410 526 558 587 istos
588 545 703 586 non
735 527 1096 588 Simoniacos
1126 530 1304 586 fulges
1328 527 1672 594 constiterit,
1696 533 1754 583 et
1783 527 1973 583 adhuc
2004 527 2054 583 si
2084 529 2139 594 Α
2165 531 2418 583 vestram
2442 544 2543 600 pro
2570 524 2721 583 beati
2747 523 3099 583 confessoris
3122 521 3340 581 Nicolai
3368 521 3654 581 dilectone
3679 542 3828 598 prea-

412 637 615 678 eorum
645 619 972 694 religiosior
994 621 1113 675 vita
1136 624 1192 675 et
1222 617 1494 673 doctrinm
1526 618 1907 691 praerogativa
1934 618 2060 674 visa

411 708 591 765 fuerit
606 708 941 779 promereri,
958 705 1293 779 pmnitentia
1314 706 1528 761 indicta
1545 722 1719 777 quam
1740 723 2059 779 congruam

414 798 671 864 duxeris,
694 798 753 852 in
782 797 926 869 ipsis
957 813 1101 868 quos
1125 799 1473 868 acceperunt
1497 796 1804 851 ordinibus
1828 813 2062 852 manere

416 886 739 961 permittas.
758 886 842 940 Ad
863 886 1193 956 superiores
1223 888 1417 940 autem
1450 886 1763 940 ascendere
1788 903 1901 941 non
1925 902 2061 940 con-

415 975 698 1041 cedimus,
722 974 834 1029 nisi
884 973 1202 1030 necessitas
1231 974 1318 1030 vel
1364 974 1585 1030 utilitas
1617 974 1871 1030 maxima
1898 975 2063 1047 ﬂagi-

413 1063 622 1120 taverit
649 1062 938 1119 Ecclesiae.
966 1063 1082 1119 Hoc
1128 1068 1325 1119 tamen
1360 1064 1556 1136 ipsum
1588 1065 1779 1119 rarius
1828 1068 1885 1119 et
1930 1080 2064 1118 cum

416 1151 644 1207 cautela
673 1156 763 1207 est
792 1151 1086 1225 praecipua
1113 1153 1573 1208 concedendum.

488 1244 620 1297 CAP.
650 1240 717 1295 V.
753 1241 1066 1313 Episcopos
1111 1258 1178 1297 ac
1226 1241 1463 1297 clericos
1511 1258 1659 1313 quos
1706 1239 2066 1295 Simoniacos

416 1347 547 1387 esse
578 1333 825 1398 constat,
846 1347 879 1385 a
910 1331 1092 1385 sacris
1114 1330 1322 1386 officiis
1352 1335 1409 1386 et
1439 1331 1737 1386 beneficiis
1767 1345 2065 1384 removen-

419 1420 526 1476 dos
557 1419 797 1476 omnino
839 1419 1231 1475 decernimus.
1267 1420 1327 1475 In
1372 1420 1646 1475 ecclesias
1676 1436 1808 1474 vero
1839 1436 1964 1490 quae
1995 1419 2067 1473 ab

417 1509 761 1582 hujusmodi
803 1509 1149 1564 Simoniacis
1200 1513 1505 1563 exsecratze
1548 1513 1705 1576 sunt,
1739 1526 1852 1562 non
1903 1506 2069 1562 aliter

420 1616 598 1672 quam
630 1598 689 1653 in
720 1597 862 1654 locis
921 1598 1207 1653 orandum
1256 1597 1505 1659 videtur,
1539 1598 1721 1652 donec
1772 1596 2067 1653 subversis

420 1686 705 1743 altaribus
733 1685 1137 1741 benedictione
1165 1690 1223 1740 et
1252 1685 1523 1741 unctione
1546 1685 1811 1741 catholici
1846 1685 2069 1740 antisti-

419 1776 497 1833 tis
528 1780 958 1833 consecrentur.

491 1866 627 1922 CAP.
659 1865 751 1920 VI.
776 1866 856 1920 De
886 1864 979 1920 his
1002 1864 1099 1937 qui
1124 1864 1249 1920 sine
1280 1865 1468 1920 titulis
1490 1865 1739 1921 ordinati
1762 1865 2069 1932 sunt,licet

422 1955 711 2029 ejusmodi
745 1954 1035 2009 ordinatio
1065 1957 1402 2009 sanctorum
1443 1971 1735 2009 canonum
1781 1955 2068 2010 sanctioni

422 2044 714 2102 contraria
734 2044 1054 2116 judicetur,
1078 2047 1277 2098 utrum
1309 2046 1504 2099 tamen
1532 2043 1710 2115 aliqui
1735 2043 1795 2097 in
1816 2043 2069 2115 acceptis

421 2135 543 2192 sint
598 2133 904 2190 ordinibus
962 2131 1364 2204 permittendi,
1415 2132 1752 2187 discretioni
1804 2137 1916 2187 tua:
1966 2149 2069 2206 pro

422 2223 695 2298 praesenti
723 2222 991 2279 Ecclesire
1037 2221 1383 2277 necessitate
1426 2222 1873 2291 committimus,
1903 2223 1951 2278 si
1982 2227 2069 2278 ta-

425 2329 557 2369 men
588 2312 732 2369 alias
763 2312 891 2368 sine
929 2310 1211 2383 pravitate
1252 2326 1352 2366 eos
1382 2310 1680 2366 ordinatos
1721 2311 1902 2367 fuisse
1932 2329 2068 2367 con-

421 2402 657 2458 stiterit.

492 2490 627 2546 CAP.
657 2489 783 2545 VII.
812 2489 1083 2561 Bigamos
1112 2491 1168 2543 et
1196 2488 1507 2543 viduarum
1552 2490 1795 2545 maritos
1824 2508 1858 2544 a
1887 2489 2070 2546 sacris

420 2578 750 2644 ordinibus,
773 2578 1098 2632 secundum
1132 2593 1505 2632 communem
1532 2577 1795 2633 Ecclesia:
1826 2595 2068 2634 consue-

420 2666 709 2731 tudinem,
731 2665 1075 2721 auctoritate
1105 2665 1288 2720 nostri
1314 2665 1488 2720 officii
1520 2682 1915 2739 segregamus.
1942 2668 2071 2723 Hac

418 2754 692 2811 universa
710 2757 993 2825 tanquam
1020 2752 1347 2825 apostolicae
1366 2754 1521 2809 sedis
1544 2760 1827 2828 praecepta
1849 2761 2072 2813 sancto-

417 2861 551 2901 rum
581 2840 961 2899 conciliorum
1002 2842 1307 2897 sententiis
1337 2844 1737 2909 consonantia,
1771 2844 2069 2917 religionis

416 2938 530 2990 tua:
561 2930 881 2989 strenuitas
919 2935 975 2985 et
1014 2931 1071 2985 in
1121 2930 1380 2986 Ecclesia
1428 2931 1539 2986 sibi
1590 2934 1907 2989 commissa
1958 2940 2067 2990 Deo

412 3023 656 3095 juvante
698 3018 988 3076 custodiat
1015 3023 1071 3074 et
1108 3019 1492 3075 custodienda
1538 3019 1671 3075 aliis
1721 3021 2065 3079 innotescat.

420 3112 537 3169 Nec
557 3111 917 3167 senectutem
939 3112 1101 3164 tuam
1125 3107 1542 3178 oblatrantium
1566 3126 1777 3166 canum
1803 3110 2066 3169 multitu-

420 3200 495 3257 do
524 3201 859 3273 perterreat.
885 3197 1071 3269 Major
1093 3198 1252 3253 enim
1274 3202 1363 3252 est
1388 3197 1488 3270 qui
1512 3198 1569 3253 in
1592 3200 1759 3256 nobis
1781 3206 1863 3256 est
1889 3219 2067 3274 quam

421 3289 524 3362 qui
555 3289 615 3343 in
659 3286 799 3343 illis.
832 3287 962 3360 Ipse
1009 3286 1300 3359 siquidem
1344 3287 1701 3345 confirmans
1749 3265 2069 3363 discipulos
2099 3265 2142 3333 (ί

420 3394 561 3434 suos
582 3376 664 3433 ait
686 3394 735 3433 :«
756 3375 944 3432 Nolite
964 3375 1170 3430 timere
1191 3374 1443 3447 pusillus
1463 3392 1620 3448 grex,
1646 3378 1784 3450 quia
1813 3380 2067 3453 compla-

420 3466 543 3523 cuit
570 3464 727 3531 Patri
753 3467 944 3520 vestro
982 3464 1120 3518 dare
1144 3464 1308 3519 vobis
1339 3481 1604 3535 regnum.
1625 3488 1652 3515 «
1681 3465 1808 3538 Ipse
1840 3468 2069 3525 miseri-

418 3553 617 3610 cordia
647 3570 755 3608 sua
779 3569 886 3607 nos
908 3551 1213 3607 confirmet
1233 3567 1299 3607 ac
1320 3557 1603 3625 protegat,
1623 3557 1679 3610 et
1708 3556 1780 3610 ad
1813 3557 2069 3615 ccelestia

419 3657 600 3715 regna
623 3640 923 3713 perducat.
956 3640 1164 3694 Amen.
1930 3646 1939 3651 ‘

551 3819 573 3845 "
608 3818 856 3876 Urbanus
880 3819 933 3874 ΙΙ
957 3816 1570 3960 monaste’ri-iincattwensis'
1574 3824 1936 3892 possessiones

1087 3904 1183 3945 con
1231 3905 1257 3944 r
1380 3932 1391 3944 .

1087 3904 1372 3945 connrmat
1380 3932 1391 3944 .

1018 3977 1219 4048 (Anno
1271 3978 1458 4107 1.089.;

1018 4058 1058 4104 Ea
1090 4049 1294 4106 Urbani
1324 4052 1391 4106 II.
1456 4101 1458 4104 .

412 4051 582 4125 [Dom
614 4050 1058 4125 Rmuaar,_l’ita
1090 4049 1297 4125 Urbani
1324 4052 1401 4125 II.
1427 4049 1665 4125 Mum.
1691 4055 1748 4108 et
1778 4053 2060 4122 Rumxar,

901 4122 1064 4178 Ouvr.
1092 4120 1296 4194 posth.,
1328 4121 1424 4190 III,
1457 4123 1573 4194 65.]

1139 4227 1328 4283 XXVI.

414 4317 621 4374 Urbani
649 4315 699 4371 II
725 4317 957 4387 epistola
986 4316 1057 4369 ad
1084 4316 1266 4370 Eliam
1305 4319 1615 4387 episcopum
1656 4320 1967 4373 Barensem.
1992 4352 2059 4361 —

480 4388 555 4442 De
582 4387 949 4457 reliquiarum
983 4388 1160 4441 sancti
1200 4388 1414 4442 Nicolai
1458 4389 1838 4455 translatione,
1870 4397 1920 4445 et
1952 4392 2057 4445 Ba-

480 4459 655 4514 rensis
684 4458 930 4514 ecclesia"
956 4457 1225 4525 dignitate
1254 4460 1301 4512 et
1323 4458 1567 4529 juribus.

1037 4544 1222 4616 (Anno
1255 4546 1438 4614 1089.)

826 4615 1058 4686 [ΜΑΝεΙέ
1094 4615 1322 4685 Cenat,
1351 4616 1464 4683 ΧΧ,
1495 4618 1645 4688 655.]

475 4706 747 4763 Urbanus
777 4703 1106 4777 episcopus,
1131 4721 1331 4760 servus
1362 4722 1661 4763 servorum
1691 4707 1809 4777 Dei,
1835 4708 2055 4765 charis-

402 4796 554 4853 simo
585 4793 751 4850 fratri
781 4793 917 4850 Elia:
963 4793 1419 4867 archiepiscopo,
1453 4796 1705 4853 salutem
1736 4802 1795 4853 et
1824 4803 2054 4870 aposto-

401 4886 575 4943 licam
607 4883 1092 4940 benedictionem.

471 4974 620 5042 Quia
667 4972 885 5030 nostris
932 4972 1295 5044 temporibus
1344 4972 1663 5029 Ecclesiam
1713 4992 1889 5046 quam
1939 4976 2053 5031 Dco

399 5068 635 5122 auctore
667 5062 842 5136 regis,
879 5061 1055 5117 frater
1085 5059 1448 5129 charissime,
1474 5062 1810 5127 Barensem,
1840 5081 1965 5136 quae
1996 5068 2055 5120 et

398 5153 693 5210 Canusina
710 5152 944 5216 dicitur,
964 5149 1337 5221 omnipotens
1357 5154 1507 5207 Deus
1530 5151 1683 5208 beati
1702 5153 2053 5209 confessoris

399 5238 491 5295 sui
512 5237 733 5294 Nicolai
755 5254 993 5311 corpore
1011 5237 1244 5293 visitare
1267 5238 1541 5310 dignatus
1561 5245 1666 5306 est,
1692 5257 1793 5295 nos
1818 5246 2051 5297 auctore

397 5325 514 5381 Deo
532 5324 929 5397 apostolorum
951 5325 1106 5381 Petri
1139 5326 1418 5398 Paulique
1448 5326 1669 5393 vicarii,
1696 5334 1929 5399 propter
1958 5346 2049 5385 ce-

394 5411 719 5469 clesiastica
735 5416 968 5487 negotia
983 5415 1353 5488 exsequenda
1373 5415 1431 5470 in
1448 5416 1668 5487 Apuliae
1692 5418 2046 5488 provinciam

390 5502 840 5570 descendentes,
900 5504 1385 5559 charissimorum
1444 5503 1700 5561 ﬁliorum
1776 5506 2048 5563 Romana:

390 5591 666 5649 Ecclesia:
699 5591 927 5662 Rogerii
958 5592 1127 5647 ducis
1177 5598 1233 5649 et
1282 5593 1474 5650 fratris
1522 5596 1650 5664 ejus
1698 5595 2045 5665 Boamundi,

392 5689 567 5755 atque
619 5680 827 5737 vestris
882 5682 1389 5752 dcprccationibus
1450 5684 1697 5749 invitati,
1759 5684 2049 5741 civitatem

2170 616 2342 690 cipua
2369 616 2733 673 visitavimus
2762 634 2775 672 :
2800 633 2932 673 cum
2958 633 3171 689 magna
3199 613 3459 688 undique
3481 614 3827 671 convenien-

2169 705 2246 761 tis
2277 705 2475 779 populi
2505 706 2850 778 frequentia,
2870 705 3186 778 Izetitiaque
3208 705 3270 761 B.
3295 703 3518 760 Nicolai
3542 703 3824 777 reliquias

2170 794 2229 850 in
2260 794 2450 851 locum
2487 795 2670 866 parati
2723 794 2879 868 adyti
2933 795 3315 861 conferentes,
3350 797 3552 848 contra
3598 811 3821 850 morem

2172 888 2382 940 nostrae
2408 886 2678 940 Romanae
2709 890 2768 939 et
2797 883 3125 956 apostolicae
3152 882 3438 949 Ecclesiae,
3461 887 3536 949 te,
3562 882 3821 938 dilectis-

2174 974 2319 1029 sime
2352 974 2544 1042 frater,
2577 974 2637 1029 in
2678 974 2813 1030 sede
2853 973 3086 1045 propria
3117 972 3688 1039 consecravimus,B.
3722 972 3823 1027 Ni—

2173 1062 2319 1118 colai
2352 1063 2690 1133 reverentia,
2708 1066 2764 1119 et
2794 1062 2879 1117 tui
2922 1061 3119 1134 populi
3156 1061 3462 1116 dilectione
3491 1060 3720 1117 devicti.
3743 1063 3824 1118 Te

2174 1152 2354 1224 igitur
2379 1152 2437 1207 in
2471 1151 2779 1224 specialem
2816 1152 3089 1207 Romana;
3112 1149 3375 1205 Ecclesiae
3398 1149 3585 1205 filium
3607 1150 3826 1223 ample-

2174 1245 2397 1296 ctentes
2428 1241 2644 1296 amoris
2688 1239 2878 1296 intimi
2929 1239 3206 1305 brachiis,
3240 1243 3540 1311 tuamque,
3565 1239 3656 1294 cui
3707 1240 3824 1296 Deo

2175 1335 2410 1385 auctore
2442 1330 2738 1402 praesides,
2783 1331 3116 1395 Barensem,
3141 1345 3265 1401 quae
3306 1332 3362 1384 et
3392 1328 3686 1384 Canusina
3715 1328 3827 1385 ha-

2177 1420 2348 1476 betur
2372 1418 2647 1489 Ecclesia,
2671 1418 2944 1483 exaltare,
2969 1421 3028 1474 et
3049 1417 3331 1490 populum
3355 1421 3521 1473 tuum
3544 1422 3663 1473 tam
3684 1423 3828 1474 tem-

2178 1507 2453 1581 poraliter
2505 1525 2681 1580 quam
2742 1505 3090 1563 aeternaliter
3145 1505 3488 1580 glorificare,
3543 1505 3826 1580 largiente

2179 1598 2420 1655 Domino
2452 1604 2510 1654 et
2544 1600 2765 1653 favente
2787 1597 3042 1670 justitia,
3065 1597 3384 1669 cupientes,
3408 1597 3827 1654 confirmamus

2177 1688 2281 1743 tibi
2314 1687 2617 1760 praesentis
2646 1688 2870 1761 paginae
2907 1686 3250 1742 auctoritate
3289 1686 3579 1759 integrum
3612 1688 3824 1743 Baren-

2178 1795 2323 1845 sem,
2350 1776 2449 1849 qui
2480 1781 2535 1832 et
2564 1776 2893 1832 Canusinus
2923 1781 3032 1841 est,
3062 1774 3730 1849 archiepiscopatum,ut
3761 1782 3825 1831 tu

2178 1867 2381 1939 tuique
2413 1882 2782 1922 successores
2812 1864 3127 1938 episcOpali
3160 1865 3294 1936 jure
3326 1863 3491 1920 illum
3524 1881 3711 1939 regas,
3736 1866 3826 1921 di-

2178 1972 2393 2028 sponas
2423 1958 2597 2027 atque
2629 1954 2952 2028 possideas,
2985 1953 3145 2010 salva
3183 1954 3455 2009 Romane
3484 1953 3828 2011 auctoritate

2177 2044 2607 2115 Ecclesize,quaz
2638 2044 2979 2099 instituente
3010 2043 3257 2099 Domino
3281 2042 3668 2099 Ecclesiarum
3699 2042 3829 2099 om-

2179 2133 2340 2188 nium
2370 2133 2639 2206 princeps
2663 2138 2770 2199 est,
2794 2133 3007 2205 cuique
3028 2135 3095 2187 ut
3116 2132 3289 2187 matri
3312 2148 3546 2187 summa
3565 2133 3736 2189 debet
3754 2133 3829 2189 ab

2179 2223 2466 2278 universis
2498 2221 2815 2279 reverentia
2843 2221 3119 2277 exhiberi.

2249 2312 2489 2382 Absque
2521 2310 2855 2382 praejudicio
2886 2327 3021 2382 ergo
3044 2309 3288 2380 justitiaz
3315 2308 3710 2383 quarumlibet
3730 2311 3834 2366 Ec-

2178 2399 2511 2467 clesiarum,
2542 2404 2853 2471 sequentes
2885 2403 3143 2454 tenorem
3182 2399 3282 2470 qui
3326 2402 3659 2454 nostrorum
3689 2415 3831 2455 con-

2178 2489 2399 2545 tinetur
2454 2486 2774 2560 privilegiis
2824 2487 3339 2559 praedecessorum,
3386 2486 3655 2543 Barensis
3707 2488 3833 2543 sive

2178 2576 2479 2632 Canusinae
2517 2574 2781 2630 Ecclesiae
2827 2575 3231 2647 possessiones
3265 2575 3382 2630 sive
3414 2575 3691 2631 diccceses
3721 2576 3831 2631 tibi

2179 2666 2415 2738 tuisque
2446 2664 2886 2720 successoribus
2912 2667 3189 2736 perpetuo
3220 2662 3600 2735 possidendas
3632 2680 3835 2737 regen-

2178 2757 2400 2827 dasque
2449 2754 2873 2810 contradimus.
2906 2753 3002 2809 Hae
3052 2757 3246 2808 autem
3298 2757 3438 2808 sunt
3471 2770 3484 2808 :
3513 2753 3830 2821 Canusina,

2178 2843 2506 2909 Bistictum,
2539 2844 2831 2906 Bitonum,
2862 2841 3629 2910 Midunium,Juvenatium,
3653 2842 3835 2898 Melfi-

2177 2938 2289 3003 cta,
2344 2933 2597 3001 Rubum,
2631 2934 2911 3001 Tranum,
2944 2932 3161 2998 Canna,
3207 2931 3619 3000 Minervinum,
3662 2934 3835 3005 Aqua

2177 3025 2346 3089 tecta,
2381 3023 2546 3077 Mons
2596 3021 2891 3088 meliorus,
2935 3019 3254 3091 Lavellum,
3299 3020 3582 3093 Rapulba,
3616 3020 3829 3089 Melfis,

2177 3110 2438 3178 Bitalbis,
2484 3110 3057 3184 Salpicupersanum,
3110 3108 3488 3177 Palimarum,
3541 3108 3719 3165 simul
3771 3115 3835 3167 et

2179 3207 2385 3256 catera
2405 3218 2530 3274 quea
2562 3200 2719 3255 intra
2747 3198 2957 3255 marini
2992 3198 3203 3255 littoris
3235 3214 3394 3253 oram
3427 3197 3538 3253 sita
3567 3213 3698 3254 esse
3727 3216 3831 3255 co-

2179 3293 2562 3362 gnoscuntur.
2579 3288 2709 3344 Haec
2724 3305 2856 3343 vero
2873 3292 2931 3343 et
2947 3286 3060 3342 alia
3077 3285 3540 3358 municipia,sive
3561 3285 3830 3343 civitates

2180 3378 2472 3451 praedictis
2499 3377 2830 3433 civitatibus
2875 3377 3228 3448 adjacentes,
3253 3375 3371 3432 sive
3399 3374 3573 3449 longe
3603 3376 3826 3447 positis,

2178 3469 2278 3523 sed
2302 3468 2372 3523 ad
2396 3484 2495 3524 eas
2516 3466 2891 3539 pertinentes,
2907 3464 3324 3521 confirmamus
3346 3464 3532 3533 vobis,
3548 3472 3601 3520 et
3623 3480 3830 3520 omnes

2178 3557 2390 3613 fundos
2420 3562 2475 3612 et
2504 3556 2726 3612 casales
2757 3572 2872 3610 una
2903 3571 3039 3610 cum
3069 3554 3223 3610 casis
3244 3558 3301 3610 et
3320 3554 3522 3622 vineis,
3546 3570 3680 3609 cum
3712 3563 3833 3609 ser-

2177 3647 2263 3700 vis
2294 3650 2351 3700 et
2381 3644 2630 3713 ancillis,
2655 3661 2788 3699 cum
2822 3642 3034 3699 massis
3056 3647 3114 3699 et
3135 3641 3486 3699 massaritiis
3505 3646 3678 3714 atque
3701 3658 3827 3698 mo-

2173 3733 2448 3800 lendinis,
2482 3750 2617 3789 cum
2647 3732 2952 3805 portubus,
2984 3731 3285 3786 montibus
3317 3735 3374 3787 et
3402 3730 3603 3803 pratis,
3626 3730 3832 3785 simul-

2175 3839 2307 3877 cum
2349 3821 2619 3894 plebibus
2649 3821 2769 3877 sive
2821 3820 3101 3887 ecclesiis,
3135 3837 3268 3875 cum
3314 3820 3588 3875 omnibus
3636 3818 3829 3875 titulis

2173 3911 2294 3966 sive
2324 3909 2561 3982 capellis
2592 3910 2739 3976 suis,
2771 3908 2949 3964 simul
2980 3908 3155 3964 etiam
3178 3925 3313 3963 cum
3345 3908 3718 3964 monasteriis
3746 3907 3831 3962 vi-

2174 4015 2371 4054 rorum
2421 4015 2522 4054 seu
2583 3997 2957 4067 feminarum,
2981 3997 3195 4053 Graecis
3257 4001 3357 4052 aut
3414 3995 3657 4063 Latinis,
3691 4013 3825 4051 cum

2172 4088 2461 4144 universis
2483 4087 2789 4143 ordinibus
2809 4085 3245 4158 ecclesiasticis,
3259 4089 3317 4142 et
3340 4084 3624 4157 quidquid
3645 4084 3829 4141 hono-

2172 4177 2274 4243 ris,
2299 4176 2691 4249 possessionis
2734 4191 2837 4231 seu
2881 4174 3202 4246 dignitatis,
3236 4191 3339 4247 per
3368 4172 3613 4246 legalem
3646 4173 3827 4246 largi-

2169 4265 2388 4321 tionem
2419 4269 2476 4320 et
2498 4264 2668 4333 juxta
2696 4262 3131 4319 concessionem
3162 4262 3488 4335 antiquitus
3516 4261 3824 4330 tenuisset,

2169 4357 2224 4409 et
2254 4352 2539 4425 quidquid
2565 4351 2812 4423 justitiaa
2857 4369 2971 4406 non
3017 4351 3383 4420 contradicit,
3408 4355 3467 4405 et
3496 4349 3827 4422 antiquitus

2168 4441 2611 4514 superadditum
2657 4456 2785 4496 esse
2835 4440 3137 4512 probatur,
3164 4445 3221 4496 et
3249 4438 3310 4494 in
3355 4440 3620 4494 futurum
3659 4440 3825 4511 juste

2167 4530 2379 4603 poterit
2400 4529 2671 4585 Barensis
2688 4533 2745 4584 et
2759 4527 3056 4585 Canusina
3070 4527 3331 4584 Ecclesia
3346 4528 3614 4600 adipisci.
3634 4530 3827 4601 Atque

2088 4635 2135 4699 Ι)
2166 4619 2507 4692 hujusmodi
2553 4617 2855 4691 privilegia
2893 4617 3163 4690 praesenti
3196 4617 3558 4673 auctoritatis
3607 4621 3825 4673 nostra:

2166 4709 2395 4764 decreto
2440 4706 2832 4779 indulgentes,
2868 4705 3187 4762 statuimus
3229 4704 3456 4762 nullum
3499 4721 3702 4778 regum
3733 4704 3827 4761 vel

2166 4798 2607 4869 imperatorum,
2629 4795 2980 4861 antistitum,
3005 4794 3235 4850 nullum
3262 4811 3617 4867 quacunque
3637 4794 3828 4867 digni-

2162 4889 2279 4941 tate
2313 4884 2743 4957 przeditum,vel
2772 4900 3129 4956 quemquam
3153 4882 3335 4939 alium
3358 4884 3571 4940 audere
3597 4872 3824 4939 minue-

2165 4991 2244 5041 re,
2264 4974 2519 5029 alienare
2553 4974 2673 5029 sive
2695 4973 2819 5028 suis
2844 4972 3049 5027 usibus
3077 4972 3371 5045 applicare
3392 4973 3462 5027 de
3484 4972 3557 5027 iis
3579 4989 3705 5044 quae
3735 4972 3819 5028 ei-

2161 5064 2291 5118 dem
2325 5062 2591 5118 Ecclesiae
2622 5078 2657 5118 a
2687 5060 3046 5134 quibuslibet
3077 5060 3418 5117 hominibus
3462 5061 3534 5116 de
3580 5048 3819 5135 proprio

2153 5153 2427 5224 jurcjam
2452 5153 2664 5207 donata
2687 5155 2845 5218 sunt,
2870 5149 2956 5205 vel
2981 5150 3276 5223 deinceps,
3297 5149 3545 5206 Domino
3567 5150 3816 5218 favente,

2161 5242 2363 5295 donari
2406 5240 2732 5312 contigerit.
2771 5238 3049 5295 Prmterea
3094 5238 3441 5295 fraternitati
3492 5243 3604 5294 tua)
3655 5237 3818 5310 pallii

2158 5347 2332 5384 Usum
2367 5346 2434 5383 ex
2468 5344 2625 5383 more
2670 5327 3067 5397 concedimus,
3100 5332 3164 5382 ut
3192 5344 3259 5383 eo
3300 5329 3450 5384 inter
3496 5326 3816 5383 missarum

2159 5417 2464 5482 solemnia,
2500 5418 2574 5472 iis
2604 5416 2888 5472 duntaxat
2934 5416 3349 5473 festivitatibus
3377 5414 3585 5482 utaris,
3615 5415 3817 5473 videli-

2157 5512 2247 5563 cet
2277 5506 2577 5562 nativitate
2608 5504 2866 5572 Domini,
2895 5506 2954 5561 S.
2982 5505 3281 5578 Stephani,
3314 5504 3664 5577 Epiphania,
3696 5505 3816 5562 Cm-

2156 5614 2232 5653 na
2264 5594 2511 5671 Domini,
2543 5594 3008 5663 Resurreclione,
3043 5594 3413 5661 Ascensionc,
3453 5594 3813 5671 Pentecoste,

2157 5684 2459 5741 nativitate
2489 5688 2544 5739 S.
2569 5683 2814 5739 Joannis
2853 5683 3147 5754 Baptistae,
3191 5682 3483 5739 Natalitiis
3514 5681 3812 5755 apostolo-
