3998 6158
199 354 326 420 309

1382 362 1788 429 EPISTOLIE
1828 363 1931 427 ET
1972 363 2419 435 PRIVILEGIA
2433 414 2447 434 .

3492 370 3646 440 310⁸

199 511 358 562 rum,
388 496 449 554 et
474 490 666 555 tribus
694 492 1107 558 festivitatibus
1136 498 1348 557 sancta
1387 498 1599 567 Maria,
1633 498 1849 558 festivi-
1882 499 1935 569 Α
1968 504 2307 579 Quacumque
2361 507 2618 581 ligaveris
2664 523 2827 584 super
2869 509 3075 569 terram
3119 508 3282 569 erunt
3329 508 3503 584 ligata
3548 514 3614 569 in

196 587 426 644 tatibus
454 591 792 645 sanctorum
823 587 1040 645 Nicolai
1071 594 1129 646 et
1154 589 1376 657 Sabini,
1401 590 1712 658 festivitate
1733 608 1852 648 om-

197 676 364 733 nium
398 681 759 744 sanctorum,
792 678 852 733 in
883 695 1034 733 anno
1064 679 1450 736 ordinationis
1498 684 1609 735 tua
1648 680 1761 748 die,
1792 682 1849 735 in

194 766 565 823 ordinatione
576 767 982 840 episcoporum
1001 784 1102 824 seu
1117 773 1457 824 caterorum
1482 769 1848 838 clericorum,

190 855 251 910 in
285 855 730 912 consecratione
759 855 934 911 etiam
964 856 1440 921 ecclesiarum,in
1470 857 1852 915 translatione

192 944 374 1000 etiam
410 945 637 1001 Domini
669 945 1020 1001 confessoris
1048 945 1287 1002 Nicolai.
1313 946 1627 1002 Hortamur
1653 946 1851 1019 itaque

190 1034 623 1090 fraternitatem
656 1038 818 1089 tuam
849 1038 915 1090 ut
942 1034 1130 1091 honor
1157 1040 1330 1091 tanta
1362 1035 1683 1109 dignitatis,
1718 1053 1853 1109 sup-

190 1121 567 1195 plementum
594 1121 800 1194 utique
816 1122 997 1179 totius
1020 1114 1400 1180 sacerdotalis
1431 1126 1851 1191 ordinis,mori-

188 1211 302 1267 bus
335 1210 460 1267 tuis
489 1210 823 1279 conveniat;
851 1216 908 1267 et
937 1229 1051 1268 non
1107 1212 1299 1269 solum
1328 1212 1594 1270 exteriori
1624 1214 1849 1270 homini

184 1305 288 1355 tuo
322 1300 598 1356 decorem
631 1304 864 1373 prastat
895 1305 951 1356 et
981 1302 1251 1374 gratiam,
1286 1303 1384 1358 sed
1410 1307 1466 1357 et
1512 1302 1849 1359 interiorem

184 1406 427 1462 quoque
458 1388 769 1462 multiplici
801 1388 1012 1445 virtute
1041 1391 1388 1447 corroboret.
1413 1390 1715 1463 Siquidem
1739 1392 1852 1448 ista

183 1482 327 1535 sunt.
361 1477 670 1550 pallii,ista
697 1479 1193 1550 sunthujusmodi
1228 1480 1555 1535 indumenti
1580 1485 1643 1535 ut
1666 1481 1849 1537 Deum

182 1584 251 1624 ex
284 1573 414 1624 toto
448 1568 643 1636 corde,
666 1568 1015 1636 tota,anima
1044 1573 1101 1625 et
1129 1570 1287 1625 omni
1317 1570 1529 1626 virtute
1558 1570 1852 1644 diligas,et

184 1657 529 1728 proximum
561 1662 730 1712 tuum
763 1657 916 1713 sicut
944 1661 1001 1713 te
1034 1658 1402 1731 ipsum.Nam
1425 1658 1559 1714 licet
1579 1659 1649 1715 ad
1675 1677 1849 1715 usum

182 1746 348 1820 pallii
375 1747 647 1802 omnium
669 1746 954 1803 virtutum
977 1751 1323 1803 ornamenta
1351 1749 1468 1804 sint
1499 1749 1847 1814 necessaria,

184 1834 668 1907 inseparabiliter
714 1839 909 1891 tamen
945 1835 1224 1900 charitas,
1257 1852 1384 1907 qua
1418 1853 1621 1893 omnes
1653 1853 1850 1909 super-

183 1924 437 1989 excedit,
452 1924 564 1980 hac
595 1922 909 1997 pollentem
942 1924 1225 1997 dignitate
1254 1926 1520 1981 comitari
1552 1927 1842 1982 convenit.

180 2014 264 2069 Ad
297 2014 598 2069 imitanda
626 2013 809 2085 igitur
837 2014 1101 2069 omnium
1132 2014 1420 2069 bonorum
1454 2015 1848 2071 instrumenta

179 2103 299 2158 vita
323 2107 385 2159 et
415 2102 664 2159 scientia
693 2107 797 2158 tua
826 2104 1079 2159 subditis
1102 2104 1219 2159 tuis
1239 2104 1315 2159 sit
1336 2104 1524 2160 forma
1544 2109 1601 2160 et
1623 2104 1845 2175 regula,

179 2197 266 2257 ut,
300 2193 355 2249 si
388 2192 532 2264 quid
563 2192 621 2247 in
654 2191 741 2247 eis
764 2208 833 2247 ex
864 2192 1126 2248 humana
1156 2192 1469 2265 fragilitate
1493 2193 1850 2266 reprehensi-

179 2281 295 2338 bile
349 2280 835 2353 deprehenditur,
882 2281 1098 2337 intuitu
1150 2282 1604 2338 conversationis
1634 2287 1745 2337 tua
1776 2281 1848 2336 ad

180 2369 603 2426 rectitudinem
630 2368 987 2425 sinceritatis
1015 2374 1128 2425 tua
1159 2370 1733 2442 corrigatur.Quibus
1765 2372 1847 2426 sic

180 2460 430 2515 studeas
461 2458 925 2530 dispensationis
948 2463 1060 2514 tua
1083 2460 1221 2530 jura
1244 2459 1629 2526 moderari,ut
1650 2459 1708 2514 in
1731 2476 1846 2515 cor-

180 2548 452 2622 rigendis
480 2547 641 2604 vitiis
664 2552 721 2603 et
741 2547 861 2605 zelo
883 2548 1251 2604 rectitudinis
1283 2548 1586 2616 ferveas,et
1609 2548 1849 2605 modum

179 2636 591 2711 temperantia
623 2653 738 2693 non
770 2637 1107 2693 excedas.Et
1138 2642 1202 2692 ut
1233 2636 1420 2692 multa
1450 2636 1652 2709 paucis
1671 2637 1848 2710 expli-

182 2742 413 2793 cemus,
448 2725 589 2797 quid
617 2724 676 2779 in
715 2728 1055 2781 sanctorum
1084 2725 1320 2781 Patrum
1342 2726 1515 2782 dictis
1545 2726 1846 2797 repereris,

181 2816 252 2871 ad
286 2820 459 2870 tuam
491 2818 548 2869 et
577 2830 781 2870 eorum
804 2815 904 2887 qui
928 2814 1035 2871 tibi
1059 2814 1392 2871 subdantur
1412 2816 1697 2871 utendum
1724 2832 1852 2872 cen-

182 2921 315 2960 seas
333 2903 1108 2975 adiﬁcationem,quatenus
1124 2904 1492 2960 documentis
1504 2905 1624 2961 tuis
1638 2905 1852 2960 instru-

182 2992 279 3063 cti,
313 2996 501 3064 atque
530 2991 669 3048 boni
700 2991 955 3065 pastoris
1001 2992 1245 3066 vestigia
1293 2994 1611 3059 consecuti,
1645 2994 1717 3049 ad
1762 3011 1848 3048 re-

184 3097 371 3155 gnum
402 3081 623 3137 summi
658 3080 913 3137 Pastoris
943 3085 1135 3138 tecum
1165 3081 1397 3137 valeant
1426 3082 1770 3153 pertingere,
1796 3088 1853 3137 et

187 3174 486 3244 perpetua
514 3170 645 3226 vita
676 3169 1013 3226 felicitatem
1050 3171 1160 3227 Deo
1192 3176 1484 3227 annuente
1529 3170 1846 3243 percipere.

186 3263 372 3316 Amen
384 3301 398 3314 .
1302 3325 1309 3331 _

371 3349 466 3403 Hi:
493 3364 625 3404 mox
649 3348 945 3419 subjicitur
970 3349 1243 3417 sigillum.

260 3439 477 3492 Datum
509 3437 661 3507 apud
692 3437 906 3492 Barum
939 3454 1042 3509 per
1090 3452 1304 3493 manus
1351 3435 1593 3493 Joannis
1623 3437 1849 3493 diaconi

188 3542 346 3581 anno
379 3524 696 3581 Dominica
727 3525 1150 3581 Incarnationis
1200 3524 1514 3582 millesimo
1566 3527 1848 3599 octogesi-

187 3631 286 3671 mo
336 3630 517 3681 nono,
555 3630 711 3669 anno
754 3629 891 3669 vero
939 3614 1312 3687 pontificatus
1363 3614 1583 3669 domini
1633 3614 1849 3669 Urbani

186 3718 356 3774 papa
381 3703 663 3769 secundo,
693 3701 1012 3759 indictione
1042 3701 1270 3759 decima
1310 3703 1501 3771 tertia,
1535 3720 1687 3758 nono
1737 3701 1848 3758 Oc-

184 3789 403 3846 tobris.

919 3861 1133 3917 XXVII.

189 3951 407 4008 Urbani
432 3951 481 4005 ll
507 3949 735 4023 epistola
764 3949 832 4005 ad
856 3950 1187 4023 liainoldum
1222 3951 1705 4023 archiepisCOpum
1749 3953 1848 4007 lie-

254 4037 525 4076 mensem.
559 4051 626 4061 -—
655 4021 746 4077 Illi
770 4021 1010 4092 pallium
1056 4022 1251 4076 tribuit
1291 4038 1355 4076 ac
1402 4021 1850 4079 lotius‘secunda

262 4093 506 4160 Belgica
550 4094 854 4162 provincia
891 4094 1198 4164 primatum
1240 4093 1443 4164 jusque
1498 4094 1851 4149 consecrandi

260 4165 603 4218 Francorum
634 4180 786 4233 reges
814 4165 1026 4219 usserit.

819 4236 1007 4305 (Anno
1040 4235 1223 4305 1089.)

299 4322 624 4393 [ΜΑΒιιωΝ
654 4326 711 4376 et
739 4323 1020 4389 Romam,
1056 4324 1220 4379 Ouvr.
1250 4322 1427 4394 poslh.
1462 4323 1556 4389 Ill,
1590 4323 1740 4396 352.]

265 4411 546 4467 Uanmus
587 4411 916 4482 episcopus,
950 4427 1152 4466 servus
1196 4428 1496 4467 servorum
1542 4412 1659 4482 Dei,
1712 4413 1846 4468 ΒΑι-

188 4516 381 4556 :uwo
428 4498 775 4557 charissima
833 4500 991 4555 fratri
1045 4501 1359 4556 Remorum
1413 4500 1847 4573 archiepiscopo

187 4591 445 4660 ejusque
470 4588 912 4645 successoribus
943 4587 1225 4662 legitimis
1251 4588 1316 4643 in
1348 4595 1718 4661 perpetuum.

262 4677 619 4732 Potestatem
650 4677 871 4750 ligandi
904 4683 1079 4750 atque
1108 4677 1370 4734 solvendi
1406 4678 1463 4732 in
1492 4676 1654 4733 catis
1703 4682 1759 4733 et
1789 4678 1846 4733 in

184 4770 350 4822 terra
397 4765 564 4821 beato
615 4765 781 4821 Petro
828 4768 1073 4839 ejusque
1120 4766 1580 4835 successoribus,
1618 4771 1850 4823 auctore

190 4858 331 4917 Deo,
380 4851 782 4926 principaliter
836 4855 1133 4924 traditam,
1169 4854 1287 4910 illis
1348 4853 1602 4911 Ecclesia
1658 4855 1849 4911 verbis

190 4941 482 5015 agnoscit,
514 4941 731 5014 quibus
762 4944 995 5000 Petrum
1038 4948 1128 4999 est
1173 4942 1460 5000 Dominus
1508 4942 1799 5000 allocutus
1832 4960 1845 4999 :

266 5065 683 5140 (9')Pbilippus
714 5067 792 5140 du
838 5068 945 5123 Bec
973 5066 1135 5124 senio
1164 5067 1465 5140 confectus
1495 5068 1674 5140 hujus
1713 5086 1847 5125 con-

190 5138 617 5211 secrandarum
654 5138 1025 5211 reginarum"
1046 5139 1436 5211 praerogativa
1492 5138 1759 5195 meminit
1789 5141 1847 5195 in

190 5208 818 5283 litterisexcusatoriis
866 5210 938 5265 ad
986 5208 1297 5283 Henricum
1346 5227 1648 5283 magnum,
1692 5213 1848 5283 quod

190 5297 385 5338 annos
415 5282 485 5336 86
505 5285 680 5337 natus
710 5282 839 5350 ejus
868 5282 1063 5337 uxoris
1095 5280 1304 5354 regina
1355 5280 1726 5337 coronationi
1759 5284 1847 5337 in-

190 5358 419 5409 teresse
450 5369 566 5407 non
601 5356 817 5409 nosset.

266 5423 385 5493 (10)
417 5422 577 5478 Hane
602 5422 987 5496 Remensium
1035 5423 1601 5496 archiepiscoporum
1637 5441 1849 5496 praro-

191 5496 470 5575 gativan'r
485 5494 883 5575 propugnavit.
903 5494 1536 5575 sanﬂctusnlnarnardus
1560 5494 1847 5575 ad'Euge-

193 5563 363 5622 nium
397 5563 767 5621 Ill'scribe'ns
796 5564 964 5636 epist.
997 5566 1121 5636 247.
1149 5563 1292 5636 \j'ide
1322 5570 1489 5621 notas
1509 5563 1847 5623 fusiores—in

193 5637 350 5693 hanc
382 5636 778 5709 epistolam,et
807 5635 1032 5693 Marlot.
1065 5635 1144 5691 De
1175 5635 1723 5708 inaugurationibus
1749 5639 1850 5695 Rc-

281 5724 360 5762 m.

195 5724 374 5852 gustui.)
415 5778 775 5838 Vicariatum
815 5778 1036 5836 scilicet
1106 5776 1432 5852 apostolica
1489 5782 1665 5848 sedis,
1734 5798 1849 5854 quo

1959 599 2130 666 caelis,
2179 610 2234 656 et
2281 616 2615 673 quaecunque
2672 602 2899 658 solveris
2966 619 3131 674 super
3190 610 3395 659 terram
3451 607 3614 659 erunt

1958 690 2139 745 soluta
2167 698 2218 745 et
2241 692 2303 745 in
2330 691 2476 745 catis
2506 690 2723 761 (Matth.
2757 708 2915 757 xvm,
2967 692 3078 763 48).
3130 692 3246 765 Ipsi
3294 708 3526 765 quoque
3556 695 3615 749 et

1961 778 2207 850 propria
2240 778 2506 845 ﬁrmitas,
2542 784 2598 834 et
2627 779 2825 834 aliena
2853 780 2986 835 fidei
3017 780 3610 848 conﬁrmatio,eodem

1961 875 2077 931 Deo
2134 880 2388 941 auctore,
2434 881 2762 947 praestatur,
2823 894 2955 932 cum
3009 879 3080 933 ad
3134 894 3269 933 eum
3328 878 3544 934 dicitur
3597 896 3611 935 :

1960 966 2161 1035 Rogavi
2202 982 2306 1036 pro
2348 973 2396 1021 le
2441 969 2516 1021 ιιι·
2547 982 2657 1021 non
2701 966 2918 1037 deﬁciat
2960 966 3086 1023 ﬁdes
3113 971 3230 1035 tua,
3264 967 3444 1035 Petre,
3477 976 3527 1023 et
3555 972 3614 1023 tu

1960 1054 2256 1126 aliquando
2284 1070 2572 1110 conversus
2600 1057 2863 1125 conﬁrma
2892 1059 3091 1128 fratres
3120 1060 3240 1112 tuos
3288 1057 3436 1125 (Luc.
3469 1074 3608 1121 xxn,

1958 1145 2071 1215 32).
2130 1143 2367 1215 Oportet
2422 1160 2558 1216 ergo
2615 1161 2741 1211 nos,
2803 1144 2925 1216 qui,
2976 1144 3110 1199 licet
3152 1144 3399 1218 indigni,
3459 1143 3611 1199 Petri

1961 1240 2287 1299 residemus
2318 1242 2376 1297 in
2409 1240 2554 1306 loco,
2589 1258 2767 1313 prava
2809 1241 3115 1313 corrigere,
3147 1245 3307 1297 recta
3354 1242 3610 1311 ﬁrmare,

1960 1334 2017 1384 et
2045 1330 2103 1385 in
2136 1331 2292 1385 omni
2324 1330 2584 1386 Ecclesia
2613 1330 2680 1383 ad
2718 1329 2927 1385 interni
2954 1330 3496 1400 arbitriumjudicis
3528 1331 3613 1387 sic

1960 1419 2322 1491 disponenda
2356 1420 2683 1490 disponere,
2719 1423 2783 1473 ut
2829 1420 2900 1473 de
2946 1418 3107 1473 vultu
3157 1420 3284 1490 ejus
3319 1420 3612 1489 judicium

1961 1515 2226 1564 nostrum
2259 1508 2520 1580 prodeat,
2569 1512 2625 1563 et
2667 1507 2819 1563 oeuli
2870 1507 3053 1563 nostri
3100 1506 3333 1563 videant
3374 1509 3613 1579 aquita-

1960 1601 2101 1653 tem.
2135 1598 2538 1653 Fraternitatis
2598 1597 2777 1669 igitur
2830 1600 2944 1651 tua
2994 1596 3178 1667 justis
3237 1596 3616 1667 petitionibus

1960 1691 2286 1744 annuentes
2317 1704 2386 1741 ex
2417 1686 2659 1758 antiquo
2696 1686 3001 1742 Remensis
3032 1684 3297 1740 Ecclesia
3333 1702 3616 1757 usu,apo-

1960 1776 2175 1831 stolica
2208 1776 2364 1830 sedis
2396 1776 2735 1830 auctoritate
2758 1791 2824 1829 ac
2848 1772 3253 1829 benevolentia
3275 1790 3618 1829 concessum

1879 1873 1926 1938 Β
1958 1865 2061 1919 tibi
2095 1864 2338 1936 pallium
2369 1864 2548 1933 hujus
2579 1864 2793 1918 decreti
2826 1862 3007 1919 nostri
3044 1862 3261 1935 pagina
3306 1862 3618 1917 confirma-

1957 1970 2113 2020 mus,
2145 1952 2575 2024 primatemque
2608 1951 2792 2006 totius
2823 1952 3092 2007 secunda
3115 1950 3358 2023 Belgica
3389 1951 3617 2024 provin-

1955 2051 2054 2106 cia
2069 2049 2392 2105 secundum
2414 2053 2849 2103 antecessorum
2864 2052 3097 2104 tuorum
3120 2048 3467 2119 dignitatem
3488 2066 3615 2105 esse

1956 2154 2283 2194 censemus.
2304 2136 2817 2193 Statuimusctiam
2841 2141 2906 2192 ut
2928 2137 3217 2203 nulli,nisi
3241 2138 3612 2195 solummodo

1954 2228 2215 2283 Romano
2271 2225 2552 2297 pontifici,
2613 2226 3035 2296 subjectionem
3101 2229 3157 2280 et
3212 2226 3606 2282 obedientiam

1957 2326 2189 2391 debeas,
2223 2325 2532 2395 omnisque
2582 2340 2769 2378 causa
2819 2326 2932 2377 tua
2956 2323 3249 2394 judicium
3284 2323 3468 2379 solius
3500 2326 3610 2380 Ro-

1959 2414 2116 2470 mani
2152 2413 2442 2486 pontificis
2454 2412 2542 2468 dif
2541 2411 3314 2468 ﬁniaturarbitrio.Primam
3338 2417 3615 2484 praterea

1959 2504 2430 2576 pracipuamque
2463 2502 2565 2556 tibi
2599 2501 2834 2574 tuisque
2873 2501 3311 2557 successoribus
3357 2505 3614 2573 potesta-

1956 2597 2074 2649 tem
2107 2592 2511 2648 contradimus
2545 2592 2900 2646 Francorum
2933 2606 3096 2663 reges
3126 2590 3505 2646 consecrandi
3532 2595 3619 2647 :ut

1959 2691 2112 2747 sicut
2141 2691 2349 2745 beatus
2380 2688 2682 2762 Remigius
2701 2690 2770 2743 ad
2792 2689 2963 2744 fidem
2987 2688 3309 2744 Chlodoveo
3340 2705 3616 2745 converso

1960 2781 2216 2853 primum
2251 2778 2333 2834 illi
2381 2796 2556 2850 regno
2604 2795 2802 2849 regem
2850 2777 3247 2833 Christianum
3288 2777 3617 2836 instituisse

1960 2868 2365 2942 cognoscitur;
2400 2868 2479 2923 ita
2510 2874 2572 2923 tu
2604 2883 2859 2939 quoque,
2884 2867 3086 2939 tuique
3118 2867 3616 2941 successores,qui

1960 2960 2227 3031 ejusdem
2260 2957 2445 3013 sancti
2480 2956 2728 3029 Remigii
2761 2956 2881 3011 vice
2914 2956 2971 3011 in
3015 2956 3287 3011 Remensi
3339 2956 3615 3028 Ecclesia,

1960 3047 2205 3103 Domino
2255 3046 2622 3118 disponente,
2668 3044 3004 3118 fungimini,
3055 3044 3312 3117 ungendi
3356 3046 3511 3118 regis
3560 3050 3619 3103 et

1959 3145 2267 3201 ordinandi
2302 3145 2422 3200 sive
2452 3143 2686 3215 regina,
2721 3134 2821 3215 (9‘)
2853 3142 3045 3214 prima
3089 3146 3373 3215 potestate
3411 3143 3617 3217 funga-

1880 3238 1923 3306 α
1961 3234 2125 3291 mini.
2169 3233 2492 3289 Statuimus
2542 3232 2718 3287 etiam
2769 3230 3073 3304 prasentis
3126 3234 3337 3285 nostra
3391 3232 3615 3305 pagina

1961 3322 2304 3378 auctoritate
2335 3321 2656 3388 ﬁrmantes,
2689 3324 2756 3376 ut
2783 3320 2936 3376 sicut
2964 3318 3222 3393 primum
3265 3320 3615 3377 diadematis

1959 3412 2191 3485 insigne
2224 3428 2326 3483 per
2357 3414 2561 3467 vestra
2618 3426 2830 3464 manus
2875 3406 3312 3480 impositionem
3363 3408 3615 3464 Franco-

1960 3517 2090 3554 rum
2125 3516 2289 3571 reges
2321 3498 2673 3571 suscipiunt,
2708 3498 2788 3552 ita
2814 3512 3046 3569 quoque
3078 3496 3140 3567 [f.
3174 3494 3323 3563 add.,
3350 3494 3524 3570 opus]
3556 3496 3616 3552 in

1960 3597 2321 3653 solemnibus
2366 3595 2841 3668 processionibus
2890 3593 3109 3666 quibus
3163 3593 3401 3649 eosdem
3452 3610 3618 3667 reges

1958 3686 2134 3742 fuerit
2162 3684 2446 3751 coronari,
2475 3691 2531 3741 te
2557 3687 2858 3758 prasente,
2890 3682 3248 3739 veltuorum
3290 3681 3620 3740 Catholica-

1958 3800 2093 3840 rum
2150 3781 2590 3855 quomodolibet
2643 3797 3053 3837 successorum
3086 3797 3120 3834 a
3148 3779 3309 3837 nullo
3359 3781 3472 3837 alio
3520 3799 3618 3837 ar-

1959 3872 2328 3945 chiepiscopo
2376 3871 2464 3927 vel
2512 3871 2786 3943 episcopo
2833 3872 3144 3924 coronetur
3178 3870 3312 3940 (10).
3344 3869 3616 3926 Vestram

1958 3977 2095 4033 ergo
2149 3960 2519 4017 dilectionem
2579 3957 2913 4031 apostolica
2968 3957 3127 4013 sedis
3178 3956 3378 4029 gratia
3428 3957 3614 4013 vicem

1957 4050 2157 4105 debita
2202 4049 2563 4119 subjectione
2610 4047 2925 4118 rependere
2972 4046 3217 4116 ejusque
3260 4045 3491 4101 decreta
3519 4046 3612 4100 in-

1955 4136 2307 4192 violabiliter
2357 4136 2683 4199 observare,
2754 4135 2813 4204 [f.
2864 4133 3014 4200 add.,
3078 4133 3411 4203 monemus]
3457 4137 3523 4189 ut
3579 4150 3613 4189 a

1958 4225 2239 4297 subjectis
2270 4224 2375 4280 tibi
2407 4222 2660 4279 Francia
2701 4220 2934 4295 populis
2979 4224 3044 4277 ut
3094 4222 3475 4278 observentur
3505 4238 3610 4294 pro

1956 4314 2181 4370 viribus
2229 4314 2475 4384 exigere.
2511 4313 2626 4368 Nos
2674 4310 2967 4382 siquidem
3018 4310 3321 4381 antiquam
3373 4326 3609 4367 omnem

1953 4417 2158 4469 vestra
2209 4412 2473 4468 Ecclesia
2522 4411 2865 4483 dignitatem
2898 4425 3126 4465 servare
3171 4408 3405 4480 speciali
3438 4410 3609 4465 devo-

1954 4502 2133 4557 tionis
2186 4500 2404 4556 intuitu
2468 4500 2790 4573 cupientes,
2869 4502 3054 4553 totum
3111 4497 3367 4564 honoris,
3422 4501 3608 4554 totum

1880 4612 1928 4675 ο
1958 4591 2262 4664 dignitatis
2286 4594 2340 4645 et
2371 4588 2718 4645 excellentia
2750 4587 2881 4655 tibi,
2904 4587 3140 4659 tuisque
3171 4585 3452 4659 legitimis
3483 4604 3612 4643 suc-

1958 4679 2289 4736 cessoribus
2320 4694 2557 4733 manere
2587 4675 3273 4748 decernimus,quidquid
3297 4676 3407 4746 (11)
3440 4676 3608 4731 beato

1958 4768 2220 4840 Remigio
2250 4767 2639 4839 pradeeessor
2670 4769 2866 4820 noster
2897 4764 3149 4822 Ormisda
3169 4764 3382 4836 legitur
3411 4767 3611 4817 contu-

1959 4858 2116 4913 lisse.
2176 4857 2375 4928 Itaque
2442 4854 2771 4910 dilectionis
2837 4858 2949 4909 tua
3025 4852 3362 4915 reverentia,
3432 4851 3610 4905 frater

1959 4946 2301 5002 charissima
2333 4943 2648 5016 Raynolde,
2681 4943 3003 4999 secundum
3028 4945 3462 4997 antecessorum
3486 4942 3609 4993 tuo-

1958 5074 2165 5143 prater
2198 5068 2575 5143 primatum,
2634 5066 2875 5143 quinam
2946 5063 3122 5143 etiam
3154 5077 3349 5143 “nunc
3413 5060 3607 5143 archi-

1957 5131 2611 5225 episcopi‘Remensesn
2630 5131 2739 5225 sub
2790 5136 3104 5225 legati-uagi
3149 5131 3341 5225 titulo,
3375 5134 3447 5187 ob
3498 5132 3607 5189 hoc

1960 5204 2179 5285 passim
2204 5215 2462 5293 primates
2484 5213 2539 5265 in
2575 5210 2778 5264 Gallias
2806 5204 3102 5286 appellati,
3132 5208 3189 5258 ct
3224 5204 3351 5258 dua
3401 5221 3606 5289 cruces

1958 5284 2097 5339 olim
2133 5290 2264 5339 ante
2298 5282 2426 5337 illos
2474 5282 2905 5345 deferebantur,
2937 5281 3000 5332 ut
3034 5294 3090 5330 In
3120 5278 3348 5331 vetusto
3389 5276 3606 5332 Ritualt

1959 5355 2187 5428 legitur.
2223 5351 2846 5428 Hane_concessionem
2897 5348 2969 5404 ad
3015 5347 3391 5428 liormisdam
3434 5350 3610 5428 refert

1959 5418 2230 5482 Urbanus
2276 5442 2344 5480 ex
2391 5424 2723 5486 Hincmaro,
2757 5437 2883 5491 qua
2934 5418 3130 5490 potius
3174 5418 3246 5474 ab
3294 5421 3608 5477 Anastasio

1958 5497 2168 5554 collata
2212 5496 2323 5551 diei
2378 5495 2570 5549 debet.
2604 5493 2888 5547 Caterum
2938 5507 3104 5561 reges
3151 5491 3505 5547 Francorum
3536 5510 3607 5547 ne

1958 5567 2331 5641 pontificibus
2362 5564 2655 5641 parciores
2701 5578 2857 5641 erga
2886 5562 3133 5641 Remigii
3156 5563 3395 5641 sedem,
3428 5580 3605 5635 quam

1959 5633 2324 5711 inctropolim
2352 5633 2737 5711 appellarunt,
2753 5633 3121 5711 viderentur,
3156 5633 3469 5711 Remorum
3514 5651 3602 5687 ar—

1959 5705 2408 5785 chiepiscopum'
2432 5705 2702 5781 primum
2753 5705 3008 5763 Francia
3055 5707 3265 5763 ducem
3308 5708 3364 5761 et
3405 5720 3606 5776 parem

1961 5784 2411 5855 constituerunt.
