3988 6164
366 350 479 419 311
516 414 521 423 .

1660 350 1732 415 Β.
1778 348 2070 414 URBANI
2115 350 2164 413 ll
2210 351 2457 418 PAPxE.

3644 352 3799 417 312

365 514 497 555 rum
528 495 950 559 consuetudine
980 496 1154 572 pallio
1185 496 1268 559 uti
1308 495 1527 554 noverit
1573 495 1649 553 ad
1689 494 2007 553 missarum
2035 483 2097 555 Α
2119 484 2466 549 Charissimo
2495 486 2614 547 ﬁlio
2643 486 2937 549 Balmensi
2969 486 3439 564 abbati,ejusque
3466 504 3807 553 succeaseo.
3844 516 3855 525 -

364 587 736 645 solummodo
764 587 1180 645 celebrationes
1210 588 1419 642 diebus
1456 590 1682 643 tantum
1733 585 2008 642 determi-

362 678 540 746 natis,
562 677 829 734 videlicet
848 676 1157 733 Dominieae
1181 675 2008 743 Nativitatis,Cireumcisionis

364 771 424 823 et
476 766 830 840 Epiphaniae,
880 766 1129 821 Sabbato
1180 768 1403 831 sancto,
1467 765 1905 821 Rcsurrectione
1954 768 2011 820 et

363 856 623 914 secunda
652 855 814 921 feria,
846 854 1220 921 Asce’nsione,
1254 854 1611 920 Pentecoste,
1646 854 1707 909 in
1738 853 2012 911 solemni-

362 945 587 1002 tatibus
645 946 858 999 sanctae
915 942 1017 998 Dei
1073 943 1317 1014 genitris
1375 948 1432 998 et
1480 943 1724 1015 virginis
1790 944 2005 1009 Marias,

361 1032 652 1090 Natalitiis
682 1048 912 1106 quoque
941 1032 1186 1088 Joannis
1216 1033 1511 1106 Baptistae,
1544 1037 1720 1105 atque
1743 1033 2009 1089 omnium

363 1121 785 1196 apostolorum,
819 1125 874 1177 ct
906 1121 1067 1177 festis
1098 1124 1435 1177 sanctorum
1468 1122 1706 1189 Nicasii,
1740 1122 2009 1195 Remigii,

363 1210 623 1277 Martini;
656 1210 716 1266 in
748 1210 1302 1266 commemoratione
1325 1211 1499 1266 etiam
1532 1211 1798 1267 omnium
1830 1212 2009 1268 Sanc-

358 1303 578 1366 torum,
599 1299 661 1355 in
691 1299 1128 1357 consecratione
1156 1298 1525 1370 Cbrismatis,
1556 1299 1934 1357 ecclesiarum
1956 1303 2015 1356 et

359 1393 482 1445 tam
539 1388 945 1462 episcoporum
1006 1403 1184 1460 quam
1232 1386 1480 1443 aliorum
1525 1387 1890 1453 clericorum,
1950 1387 2010 1443 in

359 1478 764 1535 benedictione
794 1476 948 1550 regis
992 1493 1058 1532 ac
1108 1476 1340 1549 reginae,
1373 1475 1430 1531 in
1463 1476 1859 1533 anniversario
1898 1480 2012 1532 tua:

361 1564 813 1623 consecrationis
842 1569 899 1621 et
921 1564 1299 1621 ecclesiarum
1350 1565 1572 1621 Sancta:
1621 1566 1831 1633 Mariae,
1865 1569 2011 1620 San-

361 1656 557 1728 ctique
595 1654 843 1726 Remigii
892 1653 1278 1710 dedicationis
1310 1654 1421 1708 die.
1456 1654 1635 1725 Cujus
1682 1654 2010 1709 indumenti

361 1743 552 1801 honor
579 1741 856 1815 quoniam
889 1742 1156 1798 modesta
1180 1746 1416 1799 actuum
1446 1743 1747 1799 vivacitate
1778 1760 2012 1801 servan—

362 1835 477 1888 dus
515 1834 626 1899 est,
657 1830 963 1887 hortamur
981 1835 1046 1887 ut
1074 1832 1126 1887 ei
1160 1848 1388 1888 morum
1412 1838 1645 1888 tuorum
1670 1836 2015 1889 ornamenta
2042 1855 2090 1921 Β

363 1920 738 1989 conveniant;
771 1924 1320 1992 quatenus,auctore
1351 1920 1488 1989 Deo,
1523 1924 1674 1976 recte
1704 1920 2013 1994 utrobique

363 2008 556 2082 possis
585 2026 716 2066 esse
744 2008 1884 2081 conspicuus.Quamobrem,cbarissime
1906 2010 2014 2066 fra-

362 2103 472 2165 ter,
534 2115 710 2171 quem
760 2096 1067 2170 pastoralis
1116 2115 1266 2153 curae
1326 2098 1674 2171 constringit
1729 2099 2008 2165 ofﬁcium,

362 2187 540 2261 dilige
572 2187 803 2252 fratres,
829 2187 937 2259 ipsi
972 2204 1206 2259 quoque
1235 2188 1549 2245 adversarii
1584 2194 1817 2261 propter
1850 2206 2012 2243 man-

362 2277 565 2333 datum
596 2276 964 2332 Dominicum
998 2278 1098 2331 tuo
1129 2275 1282 2331 circa
1314 2280 1369 2332 te
1399 2276 1747 2349 copulentur
1769 2277 2009 2345 affectu;

361 2382 565 2439 pacem
604 2381 846 2438 sequere
895 2381 1027 2419 cum
1076 2364 1385 2433 omnibus;
1421 2365 1843 2434 sanctimoniae,
1885 2366 2011 2423 sine

361 2471 480 2527 qua
533 2470 706 2510 nemo
763 2450 980 2510 videbit
1036 2453 1241 2522 Deum,
1301 2453 1413 2526 piis
1470 2472 1638 2511 vaces
1694 2455 2009 2527 operibus;

360 2540 677 2600 virtutibus
723 2534 965 2615 polleas,
996 2542 1215 2615 fulgeat
1245 2543 1304 2597 in
1335 2548 1568 2615 pectore
1600 2548 1697 2599 tuo
1729 2542 2011 2600 rationale

354 2630 566 2702 judicii
598 2648 733 2687 cum
764 2630 1263 2702 superhumeralis
1281 2632 2011 2703 actioneconjunctum.lta

361 2719 642 2792 procedas
671 2719 729 2774 in
752 2724 1066 2792 conspectu
1092 2720 1185 2775 Dei
1205 2724 1261 2776 et
1280 2720 1460 2777 totius
1478 2721 1648 2776 Israel
1670 2721 2009 2793 bnjusmodi

362 2807 524 2883 gregi
557 2807 870 2863 commisso
902 2808 1160 2880 praebeas
1190 2809 1554 2877 exempla,ut
1582 2809 1816 2867 videant
1836 2826 2012 2883 opera

361 2900 466 2953 tua
495 2896 649 2953 bona
666 2899 722 2951 et
741 2895 1069 2970 gloriﬁcent
1093 2896 1321 2953 Patrem
1352 2900 1619 2954 nostrum
1650 2898 1747 2971 qui
1770 2898 1829 2954 in
1852 2897 2011 2955 caelis

362 2986 469 3042 est.
506 2982 593 3041 Sit
634 2984 694 3040 in
724 2982 928 3057 lingua
957 3001 1170 3053 sermo,
1204 2985 1281 3041 sit
1327 2984 1431 3041 zeli
1483 2987 1670 3043 fervor
1698 2988 1757 3042 in
1789 2988 2008 3043 animo.

362 3072 658 3130 Creditum
680 3073 786 3129 tibi
818 3089 1025 3147 agrum
1056 3073 1423 3131 Dominicum
1457 3092 1655 3132 exerce
1684 3076 1825 3132 dum
1851 3075 2008 3144 licet,

361 3161 590 3220 semina
612 3163 672 3219 in
702 3162 913 3219 timore
943 3162 1082 3219 dum
1112 3156 1471 3235 tempusrest,
1496 3165 1716 3221 bonum
1748 3166 2011 3222 faciendo

2117 576 2282 637 ribus
2306 578 2585 651 legitimis
2614 579 2675 635 in
2706 584 3073 653 perpetuum.

2190 668 2539 725 Potestatem
2570 669 2789 742 ligandi
2819 675 2995 743 atque
3023 669 3283 729 solvendi
3324 670 3383 727 in
3428 668 3593 728 etalio
3619 674 3685 727 et
3716 670 3794 726 in

2116 759 2271 812 terra
2312 758 2480 814 beato
2530 759 2694 814 Petro
2743 760 2989 831 ejusque
3035 760 3498 825 successoribus,
3529 764 3797 821 auctore

2117 845 2256 911 Deo,
2308 847 2705 921 principaliter
2758 848 3033 905 traditam
3092 847 3207 904 illis
3265 847 3520 906 Ecclesia
3573 848 3795 907 verbis

2119 935 2406 1008 agnoscit,
2438 936 2654 1009 quibus
2682 953 2785 1009 per
2813 953 2949 993 eum
2980 937 3269 993 Dominus
3295 936 3587 994 allocutus
3628 941 3734 999 est
3770 954 3787 993 :

2121 1026 2469 1098 Quaecunque
2493 1026 2752 1095 ligaveris
2775 1042 2938 1098 super
2965 1030 3171 1083 terram
3215 1032 3401 1087 erant
3424 1028 3603 1097 ligata
3618 1020 3681 1085 at
3716 1029 3795 1087 in

2119 1115 2341 1181 cmiis,et
2370 1132 2701 1188 quaecunque
2728 1112 2959 1173 salvari}
2985 1132 3151 1188 super
3170 1120 3379 1173 terram
3406 1119 3569 1177 erunt
3589 1117 3794 1175 soluta

2119 1207 2171 1258 et
2200 1206 2259 1258 in
2287 1205 2438 1259 ca-lis
2467 1205 2669 1275 (Matth.
2704 1220 2864 1270 xvui,
2900 1205 3006 1277 18).
3036 1205 3148 1277 Ipsi
3174 1222 3409 1278 quoque
3437 1206 3815 1280 et'prOprim.

2120 1292 2389 1359 ﬁrmitas,
2418 1297 2477 1348 et
2520 1292 2725 1350 alienae
2775 1294 2910 1350 ﬁdei
2961 1294 3351 1362 conﬁrmatio,
3399 1295 3605 1355 eodem
3654 1301 3791 1353 Deo

2121 1386 2376 1445 auctore,
2410 1387 2736 1454 praestatur,
2769 1399 2903 1439 cum
2953 1384 3027 1440 ad
3075 1400 3212 1440 eum
3261 1382 3478 1443 dicitur
3508 1384 3534 1441 ἵ
3566 1386 3793 1454 Rogavi

2116 1487 2218 1543 pro
2248 1479 2298 1527 te
2324 1479 2385 1528 ut
2414 1488 2519 1528 non
2549 1472 2765 1542 deﬁciat
2793 1472 2926 1543 ﬁdes
2955 1480 3069 1540 tua,
3098 1472 3283 1540 Patre,
3306 1481 3361 1530 et
3389 1482 3451 1529 tu
3477 1473 3793 1546 aliquando

2120 1577 2406 1616 conversus
2470 1562 2732 1619 conﬁrma
2796 1563 2995 1632 fratres
3059 1565 3176 1619 tuos
3232 1564 3381 1633 (Luc.
3450 1580 3590 1629 χχιι,
3655 1563 3787 1636 32).

2122 1649 2358 1721 Oportet
2382 1666 2517 1721 ergo
2548 1650 2951 1722 nos,qui,licet
2980 1650 3228 1724 indigni,
3259 1651 3414 1708 Petri
3444 1651 3789 1711 residamus

2122 1738 2180 1794 in
2214 1738 2359 1803 loco,
2388 1755 2564 1812 prava
2594 1739 2903 1813 corrigere,
2936 1744 3092 1797 recta
3137 1740 3392 1809 ﬁrmare,
3425 1744 3483 1797 et
3519 1741 3580 1799 in
3610 1741 3784 1799 omni

2121 1826 2378 1884 Ecclesia
2435 1828 2507 1884 ad
2566 1828 2778 1885 interni
2832 1829 3141 1886 arbitrium
3187 1829 3430 1902 judicia,
3460 1830 3547 1889 sic
3574 1831 3791 1905 dispo-

2123 1918 2313 1973 nenda
2338 1917 2738 1989 disponere,ut
2758 1918 2830 1974 de
2851 1917 3016 1974 vultu
3035 1919 3164 1990 ejus
3183 1917 3479 1990 judicium
3506 1923 3787 1977 nostrum

2123 2005 2383 2078 prodeat,
2415 2010 2473 2061 et
2500 2006 2650 2062 oculi
2683 2008 2813 2077 ejus
2842 2006 3076 2063 videant
3105 2007 3464 2080 aequitatem.
3489 2008 3635 2065 Tuis
3663 2008 3788 2081 igi-

2120 2093 2589 2159 tur,cbarissime
2612 2095 2691 2151 ﬁli
2722 2096 3329 2169 Hugo,Bisuntinique
3353 2096 3793 2170 archiepiscopi

2120 2185 2358 2253 Hugoms
2397 2184 2507 2256 piis
2539 2184 2917 2255 petitionibus
2948 2184 3351 2252 annuens,tibi
3374 2185 3613 2258 tuisque
3631 2186 3789 2258 legi-

2120 2271 2281 2328 timis
2309 2274 2750 2331 successoribus
2780 2273 3087 2331 Balmense
3118 2274 3789 2349 coenobium(l2)regcn-

2121 2360 2262 2416 dum
2295 2378 2361 2417 ac
2394 2361 2825 2435 disponendum
2861 2363 3165 2436 praesentis
3194 2364 3409 2421 decreti
3441 2365 3624 2422 nostri
3675 2383 3791 2438 pa-

2120 2448 2257 2521 gina
2285 2452 2724 2520 conﬁrmamus,
2757 2456 3083 2525 cunctaque
3130 2456 3253 2509 tam
3301 2452 3363 2509 in
3402 2454 3789 2511 monasteriis

2119 2555 2299 2610 quam
2330 2539 2390 2595 in
2421 2539 2683 2597 ecclesiis
2714 2541 2786 2597 ad
2819 2540 2975 2599 idem
3006 2540 3312 2599 Balmense
3351 2541 3787 2601 monasterium

2122 2627 2489 2698 pertinentia.
2530 2628 2814 2686 Videlicet
2864 2628 3285 2689 monasterium
3315 2634 3542 2688 Sanctae
3581 2631 3786 2689 Maria:

2120 2713 2581 2773 Grandis-fontis
2610 2733 2742 2773 cum
2774 2718 3052 2775 omnibus
3080 2718 3445 2792 appendiciis
3473 2719 3621 2788 suis,
3645 2736 3780 2779 mo-

2121 2805 2441 2861 nasterium
2472 2806 2667 2863 Sancti
2692 2807 2842 2863 Petri
2862 2807 3061 2863 Gaude
3090 2823 3224 2864 eum
3252 2808 3528 2866 omnibus
3557 2826 3783 2882 appen-

2120 2892 2289 2948 diciis
2319 2894 2894 2962 suis,monasterium
2915 2897 3137 2953 Sancte
3171 2896 3367 2953 Maria
3387 2897 3545 2955 infra
3560 2898 3777 2955 urbem

2121 2981 2502 3051 Bisunticam,
2572 2984 2727 3057 quod
2794 2989 3034 3040 vocatur
3089 2985 3377 3043 Jusanum
3438 2986 3574 3059 (13),
3632 3003 3778 3044 cum

2120 3072 2482 3143 appendiciis
2497 3073 3074 3138 suis,monasterium
3101 3074 3297 3131 Sancti
3318 3074 3576 3147 Eugendi
3602 3074 3780 3133 Etiam

2121 3176 2254 3215 cum
2289 3162 2565 3217 omnibus
2594 3161 2903 3235 appendiis
2934 3162 3080 3230 suis,
3115 3163 3539 3221 monasterium
3570 3164 3777 3221 Sancti

363 3269 437 3309 ne
485 3252 746 3319 deﬁcias,
779 3255 1040 3326 tempore
1069 3270 1176 3310 suo
1210 3225 1394 3311 metes
1425 3225 1828 3312 indeﬁciendo.
1853 3255 2010 3328 Vigi-
2041 3225 2084 3293 C
2126 3250 2364 3304 Lauteni
2395 3267 2529 3305 cum
2564 3225 2840 3306 omnibus
2870 3225 3232 3323 appendiciis
3262 3250 3428 3320 suis;
3461 3251 3776 3313 ecclesiam

363 3339 551 3397 lanter
579 3340 777 3414 itaque
804 3344 1035 3398 terrena
1063 3343 1297 3416 negotia
1330 3342 1711 3417 relinquendo
1758 3343 2012 3399 coelesti-

364 3430 477 3486 bus
505 3429 733 3498 anhela,
768 3422 893 3501 quae
924 3435 1077 3487 retro
1110 3435 1251 3487 sunt
1279 3432 1649 3499 obliviscens,
1680 3433 1739 3488 in
1787 3450 1856 3490 ea
1886 3450 2012 3505 quae

367 3522 504 3573 ante
533 3522 675 3573 sunt
702 3517 1079 3589 temetipsum
1111 3519 1339 3575 enixius
1360 3522 1622 3578 extende.
1646 3522 1808 3576 Mens
1832 3527 1931 3577 tua
1954 3522 2009 3576 in

359 3604 625 3661 saeculari
670 3606 927 3662 vanitate
985 3623 1103 3662 non
1161 3607 1411 3675 diffluat,
1458 3609 1518 3663 in
1570 3626 1755 3665 unum
1812 3614 2013 3666 currat

356 3694 532 3766 atque
563 3692 819 3749 conﬂuat
848 3694 1047 3762 ﬁnem,
1076 3711 1249 3766 quem
1300 3696 1450 3751 mira
1498 3698 1782 3754 suavitate
1830 3698 2008 3754 David

356 3785 848 3854 respexerat,cum
871 3782 1103 3838 dicebat
1137 3801 1150 3840 :
1186 3785 1361 3841 Unam
1386 3786 1522 3856 petii
1549 3802 1583 3841 a
1618 3787 2011 3853 Domino,hanc

356 3871 654 3942 requiram,
712 3874 775 3926 ut
820 3871 1121 3928 inhabitem
1168 3874 1228 3927 in
1274 3872 1430 3928 domo
1477 3874 1700 3929 Domini
1753 3877 2009 3932 omnibus

355 3959 543 4016 diebus
588 3963 719 4016 vita:
767 3975 903 4016 mea
950 3960 1118 4033 (Psal.
1169 3977 1321 4029 xxvr,
1371 3962 1446 4030 4).
1491 3966 1703 4018 Sancta
1749 3963 2007 4020 Trinitas

355 4048 777 4105 fraternitatem
810 4051 973 4105 tuam
1004 4048 1205 4123 gratiis
1239 4067 1358 4106 suae
1388 4052 1744 4123 protectione
1783 4053 2006 4109 circum

355 4138 474 4203 det,
504 4140 563 4193 et
593 4137 666 4193 ad
698 4137 875 4193 ﬁnem
924 4137 1024 4210 qui
1075 4155 1189 4195 non
1241 4138 1444 4195 ﬁnitur
1472 4141 1771 4212 pervenire
1800 4158 2005 4197 conce-

356 4226 477 4281 dat.

428 4312 642 4368 Datum
666 4313 859 4369 Romae
882 4329 985 4386 per
1007 4331 1217 4371 manus
1234 4315 1480 4372 Joannis
1501 4322 1715 4372 sanctae
1733 4318 2004 4374 Romanis

353 4398 621 4457 Ecclesiae
650 4399 878 4457 diaconi
904 4402 1238 4473 cardinalis,
1273 4421 1427 4461 anno
1458 4405 1770 4462 Dominicis
1806 4409 2005 4463 lucar-

351 4488 607 4545 nationis
640 4488 798 4556 1089,
830 4489 1149 4547 indictione
1179 4506 1302 4559 xm,
1334 4509 1434 4547 VIII
1468 4491 1998 4563 Kalend.Januarii,

352 4592 506 4634 anno
536 4576 912 4648 pontiﬁcatus
942 4577 1141 4634 domni
1173 4578 1388 4636 Urbani
1420 4580 1465 4635 lI
1493 4598 1652 4653 papae
1684 4584 1948 4639 secundi.

1058 4684 1307 4742 XXVIII.

351 4771 599 4852 Urbanus
623 4773 675 4829 II
703 4774 1026 4852 monasterii
1050 4776 1532 4852 Balmensis_apud
1575 4778 1849 4852 Sequanos
1874 4796 1997 4852 pos-

417 4845 698 4921 sessiones,
732 4848 950 4921 petente
978 4847 1219 4917 Hugone,
1268 4845 1669 4921 archiepiscopo
1723 4845 1998 4907 Vesontio—

420 4917 601 4985 nensi,
629 4917 932 4988 conﬁrmat.

979 5005 1164 5077 (Anno
1197 5005 1378 5075 1089.)

464 5093 757 5166 [MAEILL.,
787 5099 845 5151 et
874 5093 1156 5151 Romam.
1193 5096 1355 5151 Ouvr.
1382 5098 1558 5167 post/1.
1594 5096 1692 5165 III,
1724 5098 1874 5170 355.:

416 5197 695 5256 Unsmus
724 5201 1037 5273 episcopus
1057 5217 1260 5258 servus
1287 5217 1585 5258 servorum
1624 5204 1740 5273 Dei,
1766 5205 1995 5262 Hucoxr

416 5367 526 5448 (12)
557 5368 791 5448 Celebre
820 5372 909 5425 est
944 5369 1092 5448 illud
1124 5371 1548 5448 monasterium
1574 5376 1753 5448 Aquod
1796 5380 1997 5448 postea

347 5437 621 5512 Cluniaco
654 5440 780 5495 ﬁliae
813 5457 931 5495 sua:
963 5442 1290 5512 subjectum
1323 5446 1430 5511 est,
1463 5443 1535 5498 ob
1568 5437 1632 5499 Ξῖ
1671 5437 1991 5503 Berl-monent

347 5508 613 5597 eju‘slloci
639 5512 935 5597 abbatem,
957 5508 1281 5597 qui‘exindc
1310 5508 1995 5597 transmigrans,p_rimus

349 5581 459 5636 fuit
489 5581 743 5658 Cluniaci
775 5581 988 5658 abbas,
1010 5588 1067 5638 ct
1096 5584 1404 5658 S._Odonis
1445 5581 1995 5658 institutoﬁhodie-

348 5667 462 5724 que
487 5652 757 5710 subsistit
788 5654 847 5709 in
879 5651 1226 5726 Burgundios
1259 5654 1562 5726 comitatu,
1596 5659 1665 5714 de
1712 5651 1827 5732 quo
1865 5661 1992 5718 vide

2121 3337 2315 3393 Sancti
2345 3338 2590 3395 Joannis
2619 3338 2833 3395 Balmae
2855 3356 2989 3396 cum
3015 3338 3238 3413 capella
3268 3340 3549 3409 Francet;
3582 3340 3777 3399 eccle-

2121 3426 2271 3483 s'iam
2298 3427 2498 3483 Sancti
2529 3428 2764 3484 Gervasi
2796 3427 3044 3484 Victoris
3074 3445 3207 3484 cum
3239 3429 3604 3501 appendiciis
3619 3430 3774 3497 suis,

2119 3515 2425 3571 ecclesiam
2457 3516 2651 3571 Sancti
2702 3515 2922 3573 Nicolai
2969 3516 3231 3584 Carneti;
3263 3516 3570 3575 ecclesiam
3602 3518 3777 3575 Lavi-

2120 3604 2292 3660 niaci.
2326 3605 2538 3661 Montis
2581 3605 2734 3661 Huin
2792 3604 3079 3663 Cavcriaci
3130 3605 3458 3673 Cavaniaci,
3512 3606 3775 3665 Brariaci

2119 3709 2251 3748 cum
2283 3692 2644 3766 appendiciis
2675 3694 2835 3763 suis;
2869 3693 3175 3751 ecclesiam
3198 3694 3394 3751 Sancti
3417 3694 3773 3768 Desiderati,

2119 3782 2404 3849 Laedonis,
2435 3781 2752 3851 Sisintiaci,
2782 3783 3048 3850 Laracni,
3102 3783 3421 3840 Desnensis
3478 3800 3614 3845 cum
3662 3802 3773 3858 ap-

2118 3869 2398 3942 pendiciis
2429 3886 2631 3927 earum
2657 3888 2671 3939 ;
2705 3870 3009 3927 ecclesiam
3041 3870 3463 3929 Dumblensem
3495 3889 3630 3930 cum
3661 3890 3771 3947 ap-

2118 3958 2402 4029 pendiciis
2435 3958 2903 4028 suis;ecclesiam
2935 3959 3006 4015 de
3036 3963 3245 4031 Guars,
3277 3960 3768 4033 Montis-Tolosae,

2117 4046 2416 4115 Asnensis,
2475 4047 2958 4117 MontisoAlaeris,
3020 4047 3329 4106 Neblensis
3384 4050 3571 4107 Castri
3630 4067 3770 4109 cum

2114 4136 2477 4208 appendiciis
2520 4153 2752 4205 earum;
2794 4136 3103 4194 ecclesiam
3150 4137 3476 4208 Sarmaciie,
3509 4139 3772 4197 Sabona-

2116 4223 2233 4292 riae,
2269 4225 2601 4290 ()lazfrartae,
2645 4226 2998 4295 Costumme,
3035 4226 3276 4294 Mulnet,
3318 4226 3452 4296 Ver,
3488 4228 3768 4298 Biviliaci,

2113 4313 2308 4369 Sancti
2343 4312 2601 4369 Mauritii
2635 4317 2692 4370 et
2719 4314 2915 4371 Sancti
2947 4315 3221 4371 Germani
3252 4316 3470 4381 Gravm,
3504 4316 3767 4383 Baensis,

2114 4401 2500 4467 Bellimontis,
2535 4400 2751 4459 Montis
2781 4401 3077 4472 Roolenis,
3108 4403 3393 4472 Esiconis,
3428 4405 3767 4474 Rancinaci,

2117 4490 2474 4564 Celerengis,
2527 4491 2837 4547 Beneventi
2885 4508 3021 4548 cum
3069 4493 3346 4557 omnibus
3403 4494 3770 4567 appendiciis

2034 4584 2084 4650 ι)
2113 4597 2347 4645 earum;
2397 4577 2703 4637 ecclesiam
2755 4579 3168 4647 Bellen-Vanis,
3207 4581 3590 4641 Ciensisvilla
3631 4600 3766 4643 cum

2109 4668 2329 4740 capella
2369 4667 2576 4736 Cestri,
2610 4668 2807 4725 Sancti
2861 4669 3192 4737 Reneberti,
3242 4670 3436 4731 Sancti
3483 4671 3768 4744 Stephani

2108 4758 2179 4815 de
2227 4758 2427 4821 Ponte,
2466 4756 2791 4812 Doni-Petri
2837 4757 2909 4813 de
2954 4757 3166 4823 Arlico,
3198 4758 3573 4829 Wistruciici,
3626 4776 3765 4819 eum

2109 4845 2469 4919 appendiciis
2496 4862 2731 4915 earum;
2759 4845 3005 4904 ecclesia
3034 4845 3346 4915 POIOniaci,
3370 4864 3506 4905 cum
3526 4849 3766 4923 capellis

2109 4934 2310 4991 sclicet
2356 4933 2540 4989 Castri
2591 4932 2848 5000 Mariaci,
2898 4934 3148 5004 Platani,
3202 4935 3400 4997 Sancti
3441 4936 3662 5009 Sabini,
3707 4942 3769 4996 et

2108 5040 2242 5079 cum
2273 5023 2550 5078 omnibus
2582 5022 2946 5095 appendiciis
2990 5022 3150 5092 suis;
3182 5023 3491 5082 ecclesiam
3529 5028 3764 5099 Aquen-

2108 5112 2211 5176 sis,
2254 5109 2515 5175 soleiaci,
2549 5109 2913 5182 Spinctensis
2961 5128 3097 5167 cum
3146 5111 3488 5184 appendicis
3535 5129 3761 5171 earum.

2112 5201 2385 5255 Praeterea
2420 5215 2521 5271 per
2544 5203 2890 5270 praesentem
2920 5200 3107 5257 nostri
3152 5200 3439 5275 privilegii
3482 5202 3763 5276 paginam

2105 5376 2529 5435 Bibliothecam
2558 5376 2820 5434 Cluniae.
2854 5380 2965 5435 col.

2175 5450 2289 5521 (13)
2328 5448 2585 5525 Jussano
2636 5454 2887 5506 monast.
2923 5450 3201 5525 regulam
3230 5452 3348 5525 fere
3396 5467 3465 5507 ex
3511 5452 3761 5525 Benedi-

2103 5521 2260 5576 ctina
2290 5520 2529 5592 omnino
2554 5526 2883 5592 excerptam
2916 5520 3157 5577 tradidit
3179 5522 3509 5579 S.Donatus
3537 5523 3767 5580 Veson-

2102 5592 2280 5647 tionis
2309 5591 2555 5646 antistes
2585 5591 2656 5646 de
2686 5591 2906 5648 Smculo
2938 5593 3035 5649 Vll
3067 5593 3323 5649 ineunte.
3359 5594 3525 5651 Nunc
3550 5594 3645 5652 hic
3678 5596 3758 5654 lo-

2106 5679 2209 5719 cus
2240 5662 2346 5719 PP.
2383 5661 2642 5719 Minimis
2673 5663 2872 5719 cessit.
