3988 6164
117 405 244 469 3i3
283 407 288 418 ³

1311 404 1718 470 ΕΡῙΞΤΟῙΛΕ
1759 402 1860 466 ET
1899 401 2379 469 PRIVILEGIA.

3423 411 3576 475 3t4'

123 543 464 618 apostolica
477 542 824 600 auctoritate
837 541 1154 600 statuimus
1174 547 1234 599 ut
1251 557 1613 615 quacunque
1627 556 1782 597 nunc
1810 536 1868 605 Α
1897 539 2006 597 bus
2019 539 2316 614 episcopis
2331 544 2531 600 nostra
2547 539 2892 604 auctoritate
2911 542 3207 620 pracipito
3219 547 3289 604 nt
3307 544 3542 614 interim

125 634 280 689 idem
315 632 658 689 cmnobium
689 632 950 706 possidet
976 632 1098 689 sive
1129 633 1188 688 in
1233 632 1554 690 crastinum
1607 629 1781 704 largi-

123 725 282 780 tione
307 723 677 796 principum,
699 722 1073 778 concessione
1120 722 1463 794 pontificum
1494 721 1583 776 vel
1624 719 1782 776 obla-

123 815 277 867 tione
301 811 868 885 ﬁdeliumlegitimis
886 811 1076 866 modis
1089 811 1297 884 poterit
1317 810 1585 882 adipisci,
1617 809 1786 863 ﬁrma

127 903 228 957 tibi
263 902 519 973 tuisque
550 902 989 958 successoribus
1020 904 1078 955 et
1108 899 1332 955 illibata
1382 900 1784 972 permaneant.

127 991 518 1047 Decernimus
549 1006 683 1062 ergo
716 992 781 1044 ut
811 989 958 1044 nulli
989 990 1228 1044 omnino
1259 989 1566 1044 hominum
1616 987 1791 1042 liceat

126 1082 280 1136 idem
316 1079 660 1135 emnobium
689 1084 902 1134 temere
925 1079 1404 1151 perturbare,aut
1435 1078 1483 1133 ei
1519 1076 1788 1132 subditas

128 1168 549 1242 possessiones
586 1167 1112 1236 auferre,minuere
1127 1166 1215 1222 vel
1262 1166 1589 1222 temerariis
1619 1181 1784 1220 vexa-

128 1259 400 1315 tionibus
433 1257 677 1330 fatigare
704 1274 717 1324 ;
752 1256 852 1313 sed
884 1257 1083 1312 omnia
1113 1257 1335 1328 integre
1376 1257 1793 1311 conserventur

126 1367 364 1416 eorum,
398 1365 506 1422 pro
532 1363 782 1420 quorum
833 1346 1257 1402 sustentatione
1318 1363 1596 1400 concessa
1627 1349 1788 1410 sunt,

131 1439 350 1494 usibus
387 1437 714 1510 profutura,
739 1434 897 1490 salva
922 1433 1210 1490 Bisuntini
1243 1434 1662 1506 archiepiscopi
1694 1450 1791 1489 ca-

130 1527 352 1583 nonica
439 1524 781 1581 reverentia.
840 1528 988 1580 Sane
1048 1524 1096 1580 si
1155 1524 1289 1595 quis
1349 1523 1407 1578 in
1469 1521 1792 1578 crastinum

132 1615 620 1687 archiepiSCOpus
662 1619 762 1669 aut
818 1613 1149 1684 episcopus,
1183 1614 1501 1685 imperator
1539 1617 1642 1668 aut
1675 1629 1792 1677 rex,

134 1706 416 1779 princeps
449 1707 552 1758 aut
608 1703 745 1766 dux,
774 1718 968 1758 comes
1027 1707 1127 1756 aut
1151 1703 1352 1773 judex,
1389 1707 1488 1756 aut
1547 1718 1796 1773 persona

135 1794 441 1867 quaelibet,
477 1809 688 1864 magna
715 1791 800 1845 vel
834 1807 1028 1863 parva,
1065 1795 1271 1863 potens
1329 1795 1426 1845 aut
1481 1791 1791 1862 impotens,

135 1885 322 1955 hujus
357 1882 544 1939 nostri
576 1880 860 1954 privilegii
898 1880 1173 1953 paginam
1206 1881 1398 1936 sciens
1433 1885 1635 1936 contra
1665 1896 1793 1935 eam
1828 1913 1876 1978 Β

137 1979 341 2028 tamen
374 1971 570 2026 venire
600 1969 927 2031 tentaverit.
960 1970 1216 2024 secundo
1251 1971 1486 2024 tertiove
1536 1986 1792 2024 commo-

140 2064 326 2127 nitus,
358 2061 554 2116 sinon
615 2058 1014 2114 satisfactione
1073 2075 1330 2131 congrua
1379 2060 1793 2125 emendaverit,

139 2149 362 2207 Christi
395 2153 454 2204 et
483 2147 748 2204 Ecclesiae
803 2163 1042 2219 corpore
1075 2165 1207 2202 cum
1259 2148 1604 2204 auctoritate
1637 2153 1795 2220 pote-

140 2241 316 2298 statis
338 2237 671 2311 apostolica
686 2253 1063 2310 scgregamus
1079 2255 1092 2305 ;
1109 2237 1589 2292 conservantibns
1604 2242 1797 2293 autem

143 2347 251 2403 pax
283 2347 322 2384 a
353 2328 472 2383 Deo
502 2331 559 2382 et
591 2326 992 2381 misericordia
1044 2327 1430 2397 praesentibus
1479 2345 1544 2382 ac
1587 2327 1799 2383 futuris

145 2417 380 2476 seculis
411 2421 809 2472 conservetur.

213 2509 340 2581 Ego
371 2505 646 2562 Urbanus
675 2503 970 2560 catholica
1001 2503 1266 2560 Ecclesize
1297 2505 1625 2577 episcopus.

215 2598 441 2653 Datum
488 2595 684 2650 Romae
715 2612 748 2648 v
777 2593 900 2648 Kal.
959 2594 1090 2649 Jan.
1128 2611 1231 2666 per
1288 2611 1500 2650 manus
1557 2594 1800 2650 Joannis

147 2688 205 2742 S.
265 2686 338 2740 Β.
405 2683 467 2738 E.
529 2682 813 2737 diaconus
884 2681 1224 2746 cardinalis,
1281 2699 1434 2736 anno
1489 2681 1800 2737 Dominicis

151 2771 580 2830 lncarnationis
597 2772 752 2835 1088,
769 2788 921 2826 anno
954 2771 1328 2842 pontificatus
1347 2771 1568 2826 domini
1585 2771 1798 2827 Urbani

152 2881 312 2937 papae
338 2863 391 2918 II
419 2860 694 2917 secundo.

866 2966 1060 3022 XXIX.

157 3061 362 3118 Urbani
396 3059 446 3114 11
475 3056 701 3127 epistola
731 3056 798 3110 at
832 3058 1151 3128 ltaz‘nert'um
1202 3056 1538 3112 mrdinnlem
1575 3059 1800 3128 presby-

219 3141 422 3212 terum.
457 3161 526 3170 —
557 3129 727 3184 Multa
781 3127 1008 3182 mandat
1057 3127 1126 3181 ad
1173 3143 1257 3181 res
1320 3127 1648 3198 Hispanicae
1683 3127 1799 3200 spe-

220 3211 456 3258 ctantm.

764 3289 950 3358 (Anno
983 3288 1164 3356 1089.)

555 3376 787 3449 [ΜΑΝΒΙ,
823 3377 1035 3431 Concil.
1070 3376 1209 3438 XIX,
1236 3376 1386 3447 698.]

226 3489 530 3552 Quantum
559 3483 630 3538 de
659 3482 939 3553 religione
970 3487 1071 3537 tua
1102 3481 1479 3551 conﬁdentes,
1517 3500 1633 3556 qua
1672 3484 1806 3554 fide,

158 3593 270 3647 qua
299 3572 610 3638 charitate,
637 3570 692 3624 in
733 3574 925 3642 partes
982 3569 1113 3625 illas
1170 3571 1530 3638 reduximus,
1566 3573 1690 3645 ipse
1721 3579 1806 3640 tu,

157 3665 334 3720 frater
375 3659 779 3725 dilectissime,
821 3659 1206 3732 recognoscis.
1239 3663 1355 3732 Age
1404 3678 1538 3732 ergo
1571 3680 1673 3733 pro
1708 3680 1808 3736 spe

157 3767 335 3825 quam
351 3751 425 3806 de
447 3754 551 3804 tua
567 3748 930 3820 providentia
945 3749 1127 3819 gerim
1140 3765 1228 3815 us,
1248 3753 1304 3803 et
1319 3751 1544 3820 negotio
1564 3767 1809 3823 quisque

153 3839 401 3914 poteris,
429 3836 672 3892 Domino
715 3837 1046 3906 adjuvante,
1087 3837 1361 3892 canonice
1392 3838 1644 3893 diffinire
1678 3856 1806 3910 pro-

154 3933 391 3997 cura,et
415 3943 484 3982 ea
505 3926 756 3980 maxime
780 3942 882 3997 pro
925 3924 1138 3996 quibus
1173 3925 1392 3980 missus
1425 3943 1506 3994 es,
1539 3927 1809 3984 videlicet

153 4037 278 4092 qua:
313 4017 472 4072 inter
490 4015 929 4071 Narbonensem
950 4013 1270 4070 antistitem
1297 4019 1352 4071 et
1378 4018 1808 4074 Comoriensem

153 4108 432 4163 abbatem
458 4105 776 4175 jactentur.
811 4102 1064 4158 Veniens
1096 4101 1144 4158 si
1177 4102 1413 4174 quidem
1445 4106 1514 4159 ad
1548 4123 1654 4161 nos
1673 4123 1805 4162 cum

153 4195 633 4252 Barchinonense
693 4193 866 4246 fratre
925 4197 1126 4247 nostro
1172 4193 1485 4247 venerabili
1535 4196 1806 4267 episeopo

157 4281 689 4340 reverendissimus
747 4281 924 4334 frater
963 4285 1160 4336 noster
1188 4281 1583 4339 Narbonensis
1615 4285 1807 4340 archi-

155 4373 489 4447 episcopus,
506 4387 680 4443 quem
696 4370 1050 4443 jamdudum
1067 4369 1185 4425 vita
1205 4375 1260 4425 et
1282 4370 1558 4443 religione
1581 4379 1805 4444 specta-

155 4467 282 4517 tum
306 4461 618 4526 habemus,
635 4458 891 4531 plurima
903 4459 971 4514 ad
982 4464 1362 4516 versacontra
1375 4460 1804 4519 Comoriensem

157 4551 429 4606 abbatem
451 4552 811 4620 conquestus
832 4553 941 4616 est,
958 4547 1181 4604 scilicet
1213 4550 1365 4620 quod
1389 4551 1664 4606 ecclesias
1689 4570 1806 4607 sua:

1892 631 2272 698 Narbonensi,
2307 637 2587 704 tanquam
2634 633 2868 706 proprio
2902 635 3370 708 metropolitano,
3400 639 3540 696 obe-

1895 720 2076 789 diant,
2129 722 2330 787 donec,
2381 728 2620 794 parente
2650 723 2917 793 Domino,
2951 727 3424 788 Tarraconensis.
3455 746 3545 788 re-

1897 814 2193 865 stauretur
2221 810 2500 868 ecclesia:
2529 811 2805 869 Toletano
2838 818 3055 880 autem,
3090 816 3242 872 sicut
3285 818 3542 889 primati,

1898 900 2278 956 reverentiam
2310 899 2638 966 exhibeant,
2675 902 2854 958 donec
2907 902 3302 962 Narbonensis
3356 907 3545 966 archi-

1897 988 2208 1061 episcopus
2239 1006 2300 1046 se
2330 1007 2530 1046 eorum
2580 991 2892 1062 primatem
2949 992 3130 1049 fuisse
3159 998 3317 1050 certa
3363 997 3552 1068 possit

1899 1078 2267 1133 auctortitate
2299 1080 2820 1135 monstrare.Novit
2847 1079 3138 1152 siquidem
3156 1085 3257 1142 tua
3279 1083 3548 1140 fraterni-

1903 1170 1990 1221 tas
2024 1166 2330 1237 primatem
2365 1185 2400 1221 a
2423 1168 2590 1223 nobis
2621 1167 2964 1226 Toletanum
2999 1169 3082 1226 sic
3109 1171 3558 1242 institutum,ut'

1902 1255 2063 1309 salva
2084 1257 2200 1310 sint
2231 1257 2812 1329 metropolitanorum
2859 1258 3157 1331 privilegia
3187 1266 3544 1320 cisterorum.

1899 1344 2182 1400 Abbatem
2215 1362 2466 1417 quoque,
2496 1350 2559 1401 ut
2610 1351 2823 1403 sancte;
2854 1347 3146 1420 opinionis
3201 1351 3414 1419 virum,
3447 1355 3549 1409 ad-

1903 1434 2513 1508 moneas,prazcipiens
2537 1453 2608 1491 ne
2629 1436 2875 1493 ulterius
2888 1454 3016 1510 qua
3030 1439 3380 1512 episcopalis
3394 1442 3552 1514 juris

1904 1527 2042 1578 sunt
2072 1523 2199 1578 sine
2221 1525 2476 1596 episcopi
2496 1525 2868 1582 concessione
2893 1527 3297 1599 recipiat,etde
3317 1530 3554 1601 injuriis

1905 1612 2266 1667 Narbonensi
2293 1613 2729 1685 archiepiscopo
2762 1614 2944 1670 illatis
2972 1617 3324 1688 competenti
3355 1635 3552 1678 emen-

1905 1699 2136 1754 datione
2169 1701 2526 1757 satisfaciat:
2557 1703 2627 1756 de
2660 1707 2864 1758 czetero
2895 1708 2958 1759 ut
2997 1705 3294 1777 proprium
3325 1711 3384 1762 et
3413 1725 3553 1764 san-

1905 1793 2006 1843 ciae
2034 1791 2488 1847 consecrationis
2521 1797 2848 1847 revereatur
2869 1793 3212 1862 antistitem,
3247 1799 3314 1852 et
3352 1814 3554 1868 pacem

1906 1895 2040 1934 cum
2067 1896 2133 1936 eo
2165 1881 2429 1936 fraternae
2489 1880 2792 1937 charitatis
2852 1882 3261 1941 inviolabiliter
3307 1886 3556 1946 retinere

1908 1973 2191 2040 procuret.
2223 1971 2308 2024 Tu
2341 1973 2536 2025 autem
2569 1970 2636 2026 in.
2677 1971 2950 2028 omnibus
2982 1972 3256 2030 Romanze
3305 1976 3558 2034 auctori-

1906 2057 2045 2112 tatis
2075 2075 2392 2113 memorem
2411 2063 2463 2113 te
2479 2058 2782 2125 exhibe,ut
2807 2060 2966 2116 nulla
2985 2061 3053 2116 de
3077 2066 3132 2117 te
3156 2064 3341 2134 possit
3364 2065 3557 2138 suspi-

1907 2145 1996 2202 cio
2027 2163 2344 2202 remanere.
2378 2148 2526 2213 Quia
2553 2165 2686 2203 vero
2717 2149 3112 2206 Narbonensis
3169 2152 3558 2226 archiepisco-

1908 2252 2018 2306 pus
2039 2235 2339 2308 privilegia
2367 2237 2439 2292 de
2474 2237 2726 2308 primatu
2750 2237 3056 2294 ecclesiam
3087 2256 3256 2298 suam
3280 2241 3560 2302 habuisse

1910 2325 2270 2391 memoravit,
2302 2341 2428 2396 quae
2453 2342 2485 2379 a
2516 2342 2621 2380 suo
2683 2327 3106 2398 praedecessore
3164 2329 3466 2396 translate,
3499 2349 3561 2389 se

1895 2415 2104 2486 tamen
2163 2417 2376 2485 sperat,
2433 2419 2676 2485 parante
2731 2414 2995 2483 Domino,
3055 2422 3460 2488 reperturum:
3495 2424 3559 2474 tu

1909 2519 2148 2558 causam
2181 2503 2491 2575 diligenter
2538 2504 2790 2576 inquire,
2825 2503 3170 2576 inquisitam
3202 2506 3275 2563 ad
3334 2524 3441 2568 nos
3471 2525 3560 2566 re-

1911 2592 2058 2647 ferre
2115 2609 2380 2665 procura.
2443 2593 2603 2656 Quod
2637 2593 2687 2649 si
2745 2593 3191 2666 previlegiorum
3243 2597 3561 2660 auctoritas

1912 2680 2238 2752 nequiverit
2270 2681 2528 2752 reperiri,
2561 2684 2624 2736 tu
2652 2698 2786 2736 cum
2847 2682 3210 2756 principibus
3267 2689 3434 2741 terra:
3492 2687 3564 2742 de

1913 2770 2335 2826 restauratione
2356 2770 2807 2826 Tarraconensis
2829 2771 3082 2828 ecclesiae
3107 2774 3295 2829 stude.
3321 2774 3562 2831 Interim

1911 2863 2107 2915 tamen
2131 2863 2594 2916 Tarraconenses
2625 2858 2928 2933 episcopos
2943 2860 3016 2926 ei,
3040 2865 3323 2934 tanquam
3347 2868 3563 2920 metro-

1913 2948 2170 3020 politano
2203 2948 2456 3019 proprio,
2509 2949 2747 3005 obedire
2778 2949 3073 3022 praecipito
3112 2950 3559 3026 Eluensisquo-

1913 3054 2026 3109 que
2056 3036 2308 3109 episcopi
2340 3053 2580 3094 causam
2609 3037 2918 3109 diligenter
2974 3039 3275 3111 inquirite,
3308 3045 3366 3098 et
3413 3041 3566 3102 inter

1912 3127 2348 3182 Narbonensem
2395 3125 2736 3198 episcopum
2789 3131 2848 3182 et
2904 3128 3099 3200 ipsum
3151 3130 3314 3200 justo
3363 3131 3567 3188 omnia

1910 3215 2136 3288 judicio
2168 3214 2435 3270 difﬁnito.
2472 3214 2629 3270 Idem
2662 3232 2893 3287 quoque
2932 3221 2986 3271 te
3016 3217 3087 3272 de
3117 3218 3417 3274 Crassensi
3449 3235 3563 3276 cm-

1891 3341 1893 3344 ι
1920 3304 2092 3360 nobio
2113 3305 2266 3359 inter
2292 3303 2727 3359 Narbonensem
2761 3303 3266 3377 archiepiscopum
3288 3312 3346 3362 et
3365 3323 3566 3366 mena-.-

1918 3393 2060 3451 ehos
2091 3392 2354 3464 ejusdem
2387 3389 2632 3447 ccbnobii
2663 3406 2928 3448 exercere
2955 3391 3344 3465 praecipimus.

2666 3505 2822 3562 XXX.

1922 3599 2126 3655 Urbani
2185 3600 2232 3652 II
2283 3597 2510 3668 epistola
2567 3595 2637 3650 ad
2684 3599 3025 3669 Raymrz’um
3081 3598 3136 3654 S.
3192 3602 3256 3653 Β.
3313 3601 3569 3658 Ecclesiae

1985 3670 2363 3751 presbyterum
2392 3671 2442 3723 et
2471 3669 2728 3751 legatum.
2767 3699 2835 3710 -—-
2866 3670 3028 3751 Illam
3058 3672 3202 3751 inter
3257 3673 3570 3751 episcppuna

1995 3742 2449 3797 Barcinmzensem
2483 3742 2893 3812 [Bertrannum]
2923 3745 2976 3800 et
3024 3743 3271 3798 abbatem
3285 3742 3345 3802 Β.
3381 3742 3569 3802 Ρὸηιίὶ

1991 3813 2380 3868 Τοιηενίεηδειη
2415 3811 2778 3885 [Frolardum]
2802 3811 3055 3884 judicem
3081 3815 3378 3872 constituit.

2538 3903 2726 3972 (Anno
2759 3901 2939 3970 1089.)

2363 3989 2595 4059 [MANSI,
2633 3990 2837 4046 Comil.
2869 3989 3139 4058 XX,679.]

1989 4107 2265 4162 Uasmus
2288 4119 2490 4160 servus
2521 4118 2820 4159 servorum
2854 4103 2974 4171 Dei,
3004 4103 3360 4161 Charissimo
3392 4109 3572 4178 atque

1917 4193 2260 4251 dulcissimo
2290 4190 2452 4248 fratri
2483 4191 2766 4263 Raynerio
2783 4196 2994 4248 sancte:
3012 4193 3285 4249 Romana:
3301 4193 3569 4258 Ecclesia;

1916 4284 2254 4357 presbytero
2309 4286 2486 4354 atque
2526 4279 2736 4353 legato,
2787 4279 3035 4338 salutem
3067 4287 3124 4338 et
3181 4283 3562 4356 apostolicam

1917 4371 2405 4430 benedictionem.

1989 4463 2310 4532 Postquam
2342 4477 2374 4514 a
2407 4458 2598 4525 nobis,
2625 4459 2802 4513 frater
2821 4459 3188 4526 charissima,
3215 4461 3566 4528 discessisti,

1919 4552 2128 4606 fratres
2159 4548 2494 4604 charissimi
2528 4547 2709 4602 nostri
2756 4547 3149 4604 Narbonensis
3212 4553 3272 4604 et
3300 4550 3567 4606 Barcino-

158 4638 446 4702 dimcesis,
471 4635 850 4693 saecularibus
882 4638 1271 4708 potestatibus
1303 4637 1504 4709 fultus,
1539 4640 1801 4710 invadat;
1834 4648 1890 4712 Ι)
1912 4640 2114 4696 nensis
2145 4637 2437 4694 antistites
2460 4641 2848 4708 pervenerunt
2868 4637 2940 4691 ad
2965 4654 3072 4693 nos
3095 4639 3392 4710 justitiam
3411 4639 3570 4696 sedis

158 4728 312 4796 quod
338 4724 878 4782 excommunicatos
898 4725 972 4779 ab
993 4742 1060 4780 eo
1081 4724 1206 4780 sine
1227 4727 1385 4781 omni
1420 4729 1547 4798 ejus
1579 4729 1806 4786 absolu-

157 4813 593 4887 tionerecipiat;
608 4813 763 4886 quod
786 4813 846 4869 in
866 4813 1098 4870 Jacensi
1133 4815 1269 4872 sede
1295 4815 1420 4871 sine
1443 4817 1530 4872 sui
1567 4816 1801 4874 licentia

158 4904 719 4976 feceritepiscopum
743 4903 1098 4969 consecrari;
1132 4904 1406 4976 quodque
1437 4906 1640 4961 auditu
1673 4907 1806 4964 hor-

160 4994 407 5050 randum
441 4998 550 5063 est,
578 4996 878 5048 mortuum
911 4993 1228 5064 quemdam
1260 4993 1370 5048 sub
1413 4995 1806 5064 anathemate,

162 5084 232 5139 ab
253 5083 384 5154 ejus
415 5081 719 5138 monachis
752 5080 1202 5148 cxtumulatum,
1228 5087 1282 5136 et
1315 5081 1468 5139 inter
1507 5091 1806 5143 monaste-

163 5173 314 5227 rium
331 5170 689 5226 tumulatum
703 5169 976 5226 asseruit.
994 5171 1052 5226 In
1061 5175 1147 5226 ter
1158 5176 1384 5238 caetera,
1399 5173 1536 5244 praaj
1545 5174 1805 5230 udicium

163 5261 269 5318 sibi
295 5260 516 5316 factum
547 5261 618 5316 de
646 5259 1170 5316 Tarraconensium
1229 5261 1633 5334 episcoporum
1665 5265 1803 5319 sub-

163 5350 440 5405 tract/ioue
461 5365 565 5422 per
586 5349 909 5405 Romanam
950 5348 1265 5404 Eeclesiam
1297 5349 1638 5422 suppliciter
1666 5351 1802 5408 inti-

167 5439 361 5504 mavit,
408 5438 565 5494 circa
593 5454 694 5494 eos
727 5440 790 5509 [Γ.
824 5454 959 5493 eum
985 5454 1086 5493 eos
1117 5455 1180 5492 ac
1232 5437 1427 5494 deinde
1455 5440 1802 5512 possederit]

166 5527 558 5582 Narbonensis
616 5525 956 5598 metropolis
990 5543 1090 5598 per
1119 5543 1304 5582 annos
1345 5527 1804 5601 quadringentos

167 5617 282 5672 sine
337 5616 584 5672 alterius
637 5615 1052 5672 reclamatione
1110 5615 1274 5687 prius
1323 5617 1558 5672 sederit.
1593 5617 1804 5673 Nostra

163 5707 339 5778 igitur
368 5705 492 5760 vice
517 5705 574 5760 in
601 5704 866 5777 partibus
903 5702 1020 5761 illis
1051 5705 1322 5775 fungens,
1353 5705 1800 5764 Tarraconensi-

1914 4726 2242 4801 apostolica:
2273 4742 2450 4796 super
2480 4723 2606 4781 suis
2635 4725 3018 4796 querimoniis
3043 4726 3452 4800 flagitantesin
3475 4728 3570 4782 ab-

1911 4818 2106 4874 batem
2131 4815 2280 4871 beati
2303 4812 2970 4872 Pontii.Barcinonensis
2993 4816 3351 4887 querebatur
3370 4814 3570 4872 dicens

1921 4923 1982 4962 se
2012 4909 2142 4978 post
2173 4907 2510 4974 susceptum
2533 4902 2905 4974 episcOpatus
2936 4903 3194 4960 officium
3226 4904 3342 4962 sub.
3388 4919 3576 4962 manu.

1917 4991 2154 5066 propria
2173 4991 2370 5064 quiete
2397 4990 2727 5048 cmnobium
2760 4991 2962 5048 Sancti
2981 4991 3135 5046 Cucu
3147 4990 3282 5047 fatis
3303 5005 3456 5054 anno
3477 4989 3569 5045 in-

1915 5085 2171 5156 tcgro,ut
2199 5080 2452 5152 speciale
2509 5097 2628 5136 sua
2660 5079 2924 5136 Ecclesiae
2973 5079 3321 5138 beneficium
3370 5094 3570 5150 posse-

1914 5172 2070 5228 disse
2087 5170 2482 5240 abbatemque
2512 5167 2656 5224 inibi
2683 5183 2786 5239 per
2805 5184 2874 5223 se.
2887 5167 3570 5234 electum,consentiente

1914 5266 1970 5317 et
2001 5261 2274 5316 laudante
2302 5258 2486 5330 legato
2520 5257 2791 5313 Romanis
2817 5255 3081 5312 Ecclesiae
3104 5256 3370 5323 Ricardo,
3405 5273 3572 5330 regu-

1914 5349 2114 5405 lariter
2146 5347 2348 5413 fuisse,
2383 5363 2556 5419 quem
2587 5350 2791 5418 postea
2821 5344 3424 5404 Tomeriensisabbas
3453 5363 3580 5403 una

1913 5455 2044 5496 cum
2081 5435 2406 5502 monachis,
2439 5436 2728 5492 renitente
2774 5433 3573 5506 episcopo,violenter.mona~

1914 5527 2090 5584 sterio
2110 5525 2458 5584 exturbavit.
2490 5525 2665 5580 Porro
2695 5539 2874 5595 quam
2901 5522 3128 5582 diversa
3157 5523 3248 5580 bis
3279 5527 3336 5580 te
3379 5523 3570 5582 adhuc

1915 5617 2220 5672 nobiscum
2245 5613 2436 5686 posito
2460 5613 2612 5670 beati
2639 5611 2824 5668 Pontii
2849 5611 3032 5670 abbas
3053 5613 3315 5671 retulerit
3337 5619 3442 5674 tua
3455 5613 3505 5668 fr

1913 5705 2157 5768 ternitas
2189 5701 2566 5774 recognoscit.
2601 5701 2736 5757 Tuae
2769 5718 2905 5775 ergo
2938 5702 3256 5774 prudentia:
3287 5702 3484 5758 intene-
