3998 6158
429 373 549 440 315

1730 386 1800 450 Β.
1847 386 2139 454 URBANI
2184 390 2236 456 ll
2282 394 2533 461 ΡΑΡιΕ.

426 524 521 583 cui
551 520 892 602 huiusmodi
922 529 1157 606 negotia
1183 529 1244 588 in
1269 529 1535 604 partibus
1554 526 1673 585 illis
1703 524 2075 584 discutienda
2100 527 2158 595 Α

3712 406 3839 473 316

2899 536 3120 597 XXXII.

423 620 483 713 et
506 617 1298 713 definiendacommisimus,
1321 635 1561 677 causam
1591 617 1744 674 hanc
1764 614 2078 713 diligenter
2190 625 2396 711 Urbfmi
2418 629 2468 686 ιι
2502 628 2847 713 αρίδιοιαμαά
2892 626 3276 713 Βιψηωηιῑαηι
3334 630 3605 713 (fomitem,
3639 631 3839 713 ἔφη.

423 704 739 780 inquirere,
765 712 824 765 et
851 710 933 765 ita
968 710 1208 767 Domino
1255 709 1511 767 donante
1560 725 1730 781 agere
1777 724 1850 763 ne
1880 705 2075 761 locum

412 795 651 867 justitia
678 799 901 870 perdat,
937 815 1075 854 neve
1124 799 1315 854 favore
1362 798 1681 868 cujuslibet
1727 800 1830 852 aut
1859 794 1981 851 zelo
2014 793 2073 849 in

421 892 643 958 partem
677 887 917 943 alteram
951 887 1369 960 supplanteris.
1418 889 1641 946 Memor
1668 892 1792 946 esto
1841 882 2071 943 consilii

420 979 575 1051 quod
602 996 637 1033 a
665 976 831 1032 nobis
849 976 954 1032 tibi
981 977 1182 1034 datum
1211 984 1297 1034 est
1320 980 1577 1047 abeunti,
1603 984 1659 1035 et
1675 982 1916 1037 consilio
1939 982 2074 1038 reli~

416 1066 712 1140 giosorum
763 1065 1020 1122 virorum
1076 1067 1509 1123 communicato
1561 1069 1646 1125 sic
1703 1068 2068 1142 disponenda

411 1155 676 1227 dispone,
710 1157 776 1209 ut
807 1155 1071 1210 Romana
1112 1158 1359 1228 aequitas
1390 1158 1534 1213 nulli
1586 1158 1662 1214 sit
1707 1159 2063 1217 oblocutioni

409 1244 677 1314 obnoxia,
710 1244 810 1300 sed
842 1244 899 1299 in
933 1244 1209 1301 omnibus
1231 1246 1523 1318 judicium
1557 1252 1725 1305 tuum
1756 1248 2058 1307 veritatem

407 1350 731 1406 exsequens
748 1334 1118 1390 discretionis
1135 1335 1463 1407 apostolica
1478 1338 1749 1392 semitam
1764 1356 1877 1394 non
1893 1340 2061 1395 relin-

408 1425 567 1494 quat.
596 1424 747 1479 Sane
777 1424 871 1479 his
902 1428 958 1480 te
988 1428 1329 1495 suspectum
1364 1441 1493 1481 esse
1552 1427 1779 1483 noveris
1810 1429 1950 1500 quia
1998 1430 2054 1485 in

405 1512 579 1567 domo
600 1513 912 1568 adversarii
928 1515 1392 1571 commmoraris.
1418 1518 1486 1572 Et
1500 1517 1687 1573 solent
1708 1516 2055 1593 plerumque

403 1600 597 1658 ofﬁcia
614 1618 649 1657 a
665 1601 853 1675 rigore
875 1603 1103 1659 animos
1122 1606 1887 1679 commutare.Przecipimus
1916 1626 2052 1682 ergo

403 1690 698 1747 dilectioni
729 1695 840 1746 tum
873 1708 944 1748 ne
975 1693 1204 1750 abbatis
1234 1698 1334 1750 aut
1363 1694 1544 1752 ullius
1589 1694 1847 1753 hominis
1874 1716 2052 1755 causa

402 1779 640 1837 omittas
672 1781 813 1852 quin
846 1781 997 1837 lianc
1027 1799 1266 1839 causam
1311 1785 1598 1840 sententia
1640 1785 2047 1843 irretractabili

400 1869 641 1925 omnino
671 1869 927 1939 decidas,
960 1888 1065 1927 nec
1096 1888 1294 1929 eorum
1319 1872 1578 1946 aliquem
1611 1892 1787 1947 super
1817 1875 1925 1932 hoc
1958 1878 2046 1932 ul-
2078 1898 2124 1963 Β

398 1959 582 2015 terius
613 1958 990 2032 apostolicam
1038 1962 1233 2017 sedem
1267 1962 1560 2035 appellare
1609 1965 1933 2036 permittas.
1973 1969 2047 2023 De

397 2048 641 2104 ecclesia
671 2064 904 2121 quoque
962 2050 1119 2105 Beati
1178 2051 1474 2124 Sylvestri,
1508 2069 1626 2125 qua
1684 2053 2046 2111 Salmodien-

396 2153 491 2193 ses
522 2136 808 2193 monachi‘
826 2139 1000 2193 Beato
1031 2139 1180 2195 Rufo
1212 2140 1527 2198 abstulisse
1574 2142 1869 2209 dicuntur,
1915 2146 2045 2217 jus-

392 2228 519 2280 tum
538 2225 778 2281 omnino
807 2230 863 2280 et
882 2225 1304 2285 irretractabile
1324 2230 1714 2287 determinato
1727 2233 2041 2303 judicium.

391 2316 599 2371 Caetera
625 2315 880 2371 videnlur
909 2316 1231 2373 desiderari.

1114 2424 1299 2481 XXXI.

392 2509 603 2567 Urbani
630 2512 681 2566 II
706 2512 936 2575 epistola
964 2513 1035 2567 ad
1063 2514 1388 2570 Frotardum
1435 2519 1837 2573 Tomeriensem
1874 2519 2041 2574 abba-

459 2590 583 2637 tem.
608 2612 675 2661 _—-_-
698 2584 962 2661 ﬂortalur
989 2584 1157 2661 atde
1184 2586 1358 2642 illatis
1399 2587 1801 2661 archiepiscopo
1839 2591 2041 2647 Narbo-

456 2654 617 2707 nensi
644 2654 875 2725 injuriis
904 2657 1234 2726 satisfaciat.

1012 2745 1201 2814 (Anno
1230 2746 1416 2815 4089.)

813 2830 1044 2904 [ΜΑΝει,
1079 2833 1284 2890 Concil.
1316 2834 1428 2904 ΧΧ,
1458 2837 1610 2908 678.]

455 2935 735 3017 Uasmus
757 2938 1085 3011 episcopus,
1112 2956 1312 2997 servus
1329 2958 1626 2999 servorum
1640 2944 1739 3001 Dei
1764 2945 2037 3001 charissi-

384 3041 481 3081 mo
507 3030 564 3082 et
593 3027 1076 3084 reverendissimo
1116 3030 1278 3085 fratri
1325 3032 1626 3089 Fnorsnno
1673 3035 2033 3092 Tomeriensi

384 3113 582 3171 abbati
613 3115 861 3173 salutem
892 3121 950 3173 et
979 3118 1357 3191 apostolicam
1386 3121 1873 3180 benedictionem.

451 3204 764 3262 Venientes
793 3222 980 3279 nuper
1024 3208 1097 3263 ad
1137 3225 1244 3264 nos
1300 3211 1765 3269 reverendissimi
1824 3214 2032 3270 fratres

379 3293 778 3351 Narbonensis
804 3312 871 3351 ac
901 3296 1349 3355 Barcinonensis
1390 3300 1685 3358 antistites
1720 3304 2032 3360 Dalmatius

378 3386 433 3439 et
459 3384 798 3440 Bertrandus
820 3386 1102 3443 adversus
1133 3387 1549 3446 fraternitatem
1581 3394 1746 3447 tuam
1773 3393 2027 3449 multum

379 3473 684 3544 conquesti
718 3477 873 3529 sunt.
907 3475 1304 3533 Narbonensis
1334 3478 1491 3534 enim
1520 3479 1795 3537 ecclesias
1826 3498 1965 3539 suas
1994 3500 2028 3539 a

379 3563 435 3614 te
480 3559 715 3616 invasas
746 3565 803 3617 et
848 3566 1383 3623 excommunicatos
1414 3584 1448 3623 a
1477 3571 1535 3624 te
1564 3573 1825 3641 receptos
1855 3575 1914 3626 et
1966 3572 2025 3627 in

376 3646 607 3703 Jacensi
641 3650 778 3705 sede
806 3667 910 3722 per
939 3655 995 3706 te
1024 3652 1150 3708 sine
1180 3671 1290 3710 sua
1322 3655 1557 3712 licentia
1580 3658 1876 3715 asserebat
1904 3661 2025 3733 epi-

376 3751 619 3808 scopum
642 3743 1063 3797 consecratum.
1092 3741 1387 3798 Mortuum
1411 3760 1641 3817 quoque
1663 3747 1773 3802 sub
1790 3749 2026 3806 anathe-

375 3829 530 3881 mate
545 3826 862 3883 monachos
875 3832 1007 3885 tuos
1029 3831 1447 3898 extumulasse,
1462 3832 1685 3889 etintra
1696 3837 2023 3893 coznobium

372 3915 699 3972 tumulasse
748 3916 995 3974 dicebat.
1052 3919 1213 3983 Quod
1259 3921 1465 3977 auditu
1516 3938 1750 3995 quoque
1797 3925 2026 3983 videtur

371 4003 752 4061 horrendum.
785 4007 973 4079 Super
1000 4008 1095 4065 his
1126 4009 1399 4066 omnibus
1432 4011 1480 4067 si
1510 4029 1645 4069 vera
1673 4018 1813 4069 sunt
1857 4019 2021 4072 tuam

372 4092 711 4166 religionem
742 4094 793 4151 ei
825 4112 1079 4171 congrue
1111 4099 1446 4156 satisfacere
1462 4100 1634 4176 legati
1669 4104 1852 4159 nostri
1866 4105 2024 4176 judi-

370 4183 480 4249 cio,
514 4186 571 4239 et
611 4183 683 4239 ab
715 4183 1015 4241 invasione
1062 4203 1265 4243 eorum
1309 4205 1435 4261 qua:
1486 4194 1624 4245 sunt
1670 4192 2020 4265 episcopalis

361 4268 519 4338 juris
544 4270 616 4327 de
644 4274 849 4327 caetero
880 4273 1195 4341 abstinere,
1224 4279 1281 4332 et
1298 4293 1501 4347 pacem
1531 4294 1666 4333 cum
1695 4295 1762 4335 eo
1787 4281 2017 4337 firmam

368 4357 581 4413 habere
612 4361 678 4413 ut
705 4359 951 4432 dignum
982 4366 1069 4417 est
1089 4364 1253 4419 vobis
1274 4365 1657 4438 deprecamur
1684 4371 1860 4440 atque
1880 4386 2020 4440 pran-

368 4443 639 4516 cipimus.
672 4446 1117 4505 Barcinonensis
1149 4455 1425 4522 praeterea
1449 4454 1805 4523 querebatur
1832 4473 2018 4513 cmno~

368 4532 532 4589 bium
564 4535 759 4590 Sancti
792 4537 1109 4603 Cucufatis,
1144 4540 1299 4611 quod
1333 4540 1599 4613 suijuris
1627 4546 1735 4609 est,
1768 4548 1823 4600 te
1855 4544 2013 4601 inva-

2255 702 2432 756 ricum
2487 702 2866 771 vicecomitem,
2926 702 3130 758 clerum
3189 703 3561 777 populumque
3631 702 3838 764 Narbo-

2254 788 2495 829 ηθηιςθτη.

2804 861 2990 933 (Anno
3023 862 3205 935 1089.)

2599 952 2832 1023 [MANSI,
2866 952 3072 1009 Concil.
3104 952 3216 1020 XX,
3250 953 3399 1022 678.]

2249 1038 2516 1097 Uasmus
2547 1041 2877 1113 episcopus,
2918 1057 3120 1097 servus
3168 1058 3468 1098 servorum
3503 1041 3623 1111 Dei,
3668 1042 3829 1101 clero

2173 1130 2231 1183 et
2260 1129 2475 1201 populo
2526 1130 2910 1198 Narbonensi,
2944 1130 3271 1188 RAYMUNDO
3309 1130 3576 1187 videlicet
3622 1132 3826 1189 comiti

2171 1222 2348 1291 atque
2372 1223 2674 1275 Avusnmo
2702 1219 3025 1275 vicecomiti
3070 1218 3433 1275 charissimis
3463 1218 3622 1290 filiis,
3655 1220 3824 1277 salu-

2169 1313 2285 1365 tem
2318 1313 2376 1365 et
2404 1309 2783 1382 apostolicam
2816 1309 3299 1365 benedictionem.

2239 1398 2575 1454 Venientem
2607 1398 2679 1454 ad
2708 1416 2814 1454 nos
2846 1398 3394 1454 reverendissimum
3445 1397 3680 1454 fratrem
3714 1415 3821 1454 no-

2165 1488 2353 1541 strum
2368 1485 2743 1553 Dalmatium,
2758 1490 3069 1542 vestratem
3088 1486 3824 1559 archiepiscopum,debita

2162 1575 2535 1632 veneratione
2556 1576 2951 1648 suscepimus,
2973 1576 3219 1648 ejusque
3241 1576 3588 1647 probitatem
3615 1579 3671 1631 et
3693 1574 3825 1631 reli-

2160 1664 2394 1737 gionem
2420 1665 2776 1735 jamdudum
2809 1669 3213 1737 agnoscentes,
3270 1656 3465 1737 ipsum
3512 1662 3816 1721 dilectioni

2157 1758 2361 1808 vestrae
2393 1752 2723 1826 apostolica:
2759 1753 2916 1809 sedis
2946 1751 3211 1825 apicibus
3242 1752 3813 1809 commendavimus.

2156 1842 2274 1898 Vos
2308 1842 2507 1914 itaque
2535 1843 2587 1900 ei
2623 1847 2687 1898 ut
2718 1841 2927 1897 dilecto
2960 1849 3017 1898 et
3073 1841 3358 1899 catholico
3391 1842 3565 1911 Patri,
3616 1841 3822 1899 dilecti

2161 1931 2286 1998 filii,
2320 1932 2569 1999 obedite,
2605 1931 2986 1987 reverentiam
3016 1935 3073 1988 et
3096 1930 3356 1987 debitam
3389 1931 3817 2003 subjectionem

2159 2025 2223 2076 ut
2250 2021 2472 2077 domini
2493 2021 2705 2077 vicario
2732 2021 2789 2075 in
2809 2020 3087 2076 omnibus
3106 2020 3391 2086 exhibete,
3408 2020 3666 2076 decimas
3689 2020 3821 2076 uni-

2156 2110 2369 2182 cuique
2401 2109 2655 2166 ecclesiae
2689 2110 3045 2183 pertinentes
3076 2126 3144 2164 ex
3202 2110 3426 2183 integro
3479 2110 3725 2177 reddite,
3755 2116 3819 2166 et

2155 2216 2520 2271 quiscunque
2560 2198 2908 2271 episcopalis
2953 2197 3198 2270 justitize
3231 2203 3388 2266 sunt,
3420 2198 3649 2272 integra
3696 2198 3814 2254 sibi

2154 2292 2510 2344 conservate.
2546 2291 2679 2354 Quae
2736 2292 2934 2344 autem
2965 2287 3130 2344 vobis
3180 2304 3247 2343 ex
3277 2286 3521 2343 Domino
3578 2286 3812 2354 dixerit,

2153 2378 2355 2434 devote
2386 2394 2451 2433 ac
2482 2377 2733 2433 libenter
2786 2376 2982 2432 audite
3022 2380 3079 2432 et
3136 2375 3386 2431 obedite.
3421 2375 3529 2431 Pro
3576 2375 3812 2433 Christo

2151 2467 2309 2522 enim
2342 2465 2629 2539 legatione
2661 2466 2927 2538 fungitur
2981 2465 3132 2521 inter
3176 2481 3278 2521 vos
3336 2466 3648 2521 obsecrans
3701 2481 3813 2537 pro

2149 2554 2381 2611 Christo
2412 2559 2477 2610 ut
2516 2553 2969 2610 reconciliemini
3022 2558 3153 2609 Deo.
3200 2554 3399 2626 Ipsum
3459 2570 3597 2627 ergo
3654 2553 3814 2611 sicut

2148 2642 2447 2699 Christum
2488 2644 2794 2700 audientes
2842 2648 2899 2698 et
2927 2643 3284 2699 honorantes
3341 2658 3535 2698 mores
3579 2648 3807 2701 vestros

2146 2732 2441 2805 corrigite,
2475 2750 2508 2789 a
2534 2732 2691 2788 vitiis
2713 2732 3025 2802 abstinete,
3053 2733 3164 2788 Deo
3187 2732 3246 2786 in
3274 2731 3552 2788 omnibus
3574 2730 3805 2805 placere

2146 2825 2364 2878 curate.
2398 2821 2456 2877 Si
2489 2820 2645 2878 enim
2678 2822 2794 2878 Deo
2823 2820 3050 2894 placere
3091 2820 3456 2888 studueritis,
3502 2826 3801 2895 pastorem

2144 2911 2401 2982 profecto
2431 2910 2546 2967 Deo
2577 2910 2901 2984 placentem
2933 2910 3247 2977 habebitis,
3269 2914 3328 2967 et
3356 2928 3659 2967 summum
3691 2929 3799 2985 pro

2141 2999 2306 3056 vobis
2326 3000 2589 3071 judicem
2619 2998 3021 3073 interpellans,
3053 2998 3167 3055 nisi
3197 3003 3391 3055 vestra
3419 2997 3634 3056 delicta
3680 3000 3802 3056 im-

2142 3089 2401 3162 pediant,
2434 3088 2727 3162 copiosius
2784 3088 3075 3144 audietur.
3111 3088 3205 3144 Eis
3262 3093 3455 3143 autem
3509 3087 3611 3159 qui
3640 3088 3798 3144 bona

2140 3178 2536 3234 Narbonensis
2566 3177 2835 3234 Ecclesiae
2867 3176 3088 3248 injuste
3118 3176 3382 3233 detinent
3411 3181 3469 3233 et
3514 3176 3796 3234 violenter

2061 3269 2104 3337 C
2144 3267 2437 3337 auferunt,
2466 3267 2885 3334 denuntiamus
2914 3265 2973 3321 in
3006 3264 3244 3321 nomine
3286 3265 3513 3321 Domini
3563 3266 3699 3322 Jesu
3732 3271 3794 3323 et

2138 3356 2459 3429 apostolica
2489 3355 2836 3411 auctoritate
2867 3353 3241 3427 praecipimus
3271 3359 3562 3427 quatenus
3590 3358 3691 3410 aut
3720 3370 3791 3410 ea

2137 3444 2570 3518 archiepiscopo
2602 3445 2868 3510 reddant,
2903 3448 3006 3500 aut
3034 3447 3271 3516 pactum
3302 3459 3437 3500 cum
3464 3459 3531 3499 eo
3565 3442 3680 3500 tale
3706 3444 3790 3500 fa-

2136 3532 2313 3601 ciant,
2340 3534 2494 3606 quod
2518 3533 2629 3606 ipsi
2654 3533 2870 3590 debent
2888 3532 3271 3605 complacere,
3294 3549 3366 3587 ne
3391 3532 3544 3587 bona
3569 3532 3791 3604 injuste

2135 3621 2473 3690 detinendo,
2494 3627 2551 3678 et
2572 3622 2883 3678 auferendo
2903 3625 3153 3691 terrena,
3178 3624 3234 3677 et
3253 3620 3459 3675 animas
3484 3620 3791 3677 incurrant

2134 3711 2461 3782 periculum
2491 3715 2549 3766 et
2574 3710 2744 3767 bonis
2778 3711 3079 3782 priventur
3101 3709 3352 3766 aeternis.
3378 3708 3539 3777 Quod
3571 3709 3622 3765 si
3656 3726 3789 3766 nos-

2132 3802 2223 3855 tra
2261 3804 2548 3872 praecepta
2592 3799 3069 3871 contempserint.
3131 3815 3265 3855 cum
3299 3798 3506 3853 iterata
3554 3798 3628 3854 ad
3675 3815 3787 3856 nos

2132 3886 2371 3959 querela
2389 3887 2736 3960 pervenerit,
2770 3904 2877 3943 nos
2903 3902 3195 3944 canonum
3245 3885 3528 3944 ultionem
3570 3890 3629 3942 et
3654 3886 3787 3960 gla-

2131 3976 2295 4032 dium
2326 3974 2567 4049 spiritus
2599 3992 2939 4044 exeremus;
2972 3976 3310 4032 obedientes
3357 3991 3492 4032 vero
3540 3976 3784 4035 monitis

2130 4064 2349 4122 nostris
2382 4065 2782 4122 misericordia
2812 4064 3009 4121 divina
3037 4063 3347 4121 custodiat.

2840 4170 3078 4227 XXXIII.

2132 4259 2337 4316 Urbani
2363 4260 2416 4315 II
2436 4273 2598 4331 papae
2624 4260 2854 4331 epistola
2894 4259 2965 4315 ad
3009 4260 3215 4315 clerum
3258 4262 3311 4314 et
3349 4259 3564 4331 plebem
3621 4260 3785 4331 Vien-

2198 4330 2522 4386 nensem};
2543 4330 3017 4403 Archiepiscopum
3047 4330 3398 4403 Viennensem
3415 4330 3780 4399 commendat,

2197 4404 2247 4457 et
2274 4402 2527 4473 praecipit
2549 4404 2608 4456 ut
2629 4401 3079 4474 constituantur
3101 4417 3227 4474 quae
3251 4402 3318 4457 de
3339 4401 3492 4457 bonis
3521 4402 3781 4460 Ecclesia:

2205 4474 2517 4530 Viennensis
2545 4473 2773 4529 Ataldus
2802 4473 3133 4547 prwpositus
3161 4473 3549 4545 dissipaverat.

2753 4562 2937 4633 (Anno
2971 4562 3153 4634 1089.)

366 4622 539 4724 dente
568 4622 1207 4724 s.ublatum.monach_is_
1226 4627 1796 4724 violentenexpulsis
1822 4650 1834 4701 ;
1861 4632 2015 4724 idem
2045 4635 2093 4701 D
2125 4649 2213 4724 μ),
2248 4651 2540 4718 Βουρυετ,
2568 4622 2826 4724 lacuna,
2858 4654 2900 4705 ι,
2954 4649 3099 4719 x1v,
3222 4650 3349 4716 691,
3395 4666 3465 4707 ex
3510 4650 3773 4707 Biblioth.

366 4711 542 4767 etiam
574 4711 645 4768 de
673 4711 934 4769 cmnobio
965 4716 1148 4770 sancti
1184 4716 1478 4774 Laurentii
1503 4720 1718 4776 factum
1744 4721 2010 4779 astruxit.

365 4798 512 4864 Quia
539 4799 721 4873 igitur
747 4804 806 4856 et
826 4800 916 4856 vir
933 4801 1070 4858 talis
1091 4808 1180 4859 est
1197 4821 1427 4862 morum
1450 4807 1735 4881 dignitate
1754 4814 1811 4865 et
1830 4813 2016 4882 ponti-

365 4887 519 4944 ﬁcali
550 4890 738 4963 gratia
767 4893 834 4945 ut
876 4889 927 4945 ei
983 4891 1313 4949 discredere
1356 4912 1469 4951 non
1522 4897 1837 4968 possimus,
1870 4903 1927 4956 et
1948 4903 2009 4955 tu

364 4976 503 5034 olim
534 4978 703 5035 nobis
733 4977 901 5033 aliter
951 4978 1220 5047 retulisti,
1260 4998 1449 5037 causa:
1498 4984 1679 5056 hujus
1712 4986 2008 5057 judicium

364 5066 768 5123 irretractabili
802 5068 1091 5124 sententia
1125 5070 1563 5128 terminandum
1590 5073 1778 5147 legato
1809 5079 2009 5133 nostro

367 5156 796 5224 mandavimus,
831 5160 888 5213 et
916 5160 971 5212 te
1001 5156 1052 5211 ei
1075 5158 1301 5228 judicio
1338 5160 1610 5219 volumus
1658 5164 1912 5231 obedire,
1944 5170 2009 5221 ut

366 5256 554 5313 neque
598 5248 687 5312 tu,
747 5261 935 5317 neque
994 5245 1092 5302 ille
1151 5245 1396 5304 ulterius
1446 5267 1623 5322 super
1668 5252 1778 5307 hoc
1809 5254 2007 5311 sedem

365 5330 741 5401 apostolicam
773 5334 1192 5406 permittamini
1241 5337 1552 5417 appellare.
1594 5340 1872 5397 Praeterea
1916 5360 2006 5399 ro-

364 5420 572 5490 ganter
590 5435 895 5500 rogamus,
927 5425 1427 5496 quemadmodum
1460 5428 1531 5483 de
1551 5431 1653 5483 tua
1684 5430 1921 5501 speciali
1951 5436 2009 5487 et

364 5504 636 5563 familiari
664 5507 941 5581 religione
964 5512 1337 5582 conﬁdimus,
1360 5520 1426 5572 ut
1444 5516 1879 5575 Narbonensem
1902 5535 2005 5575 an-

361 5594 607 5652 tistitem
635 5594 788 5676 sicut
815 5600 1115 5672 proprium
1144 5607 1202 5659 et
1223 5604 1451 5662 Patrem
1483 5606 1848 5678 spiritualem
1883 5625 2004 5665 res-

363 5687 535 5757 pectu
566 5684 695 5758 ejus
726 5687 894 5759 cujus
923 5687 1044 5745 vice
1076 5690 1339 5764 fungitur
1359 5695 1671 5754 reverearis
1693 5702 1750 5756 et
1768 5697 2001 5771 diligas.

2559 4722 2787 4777 Floriac.
2822 4725 2986 4794 parte
3015 4738 3097 4788 In,
3129 4738 3186 4795 p.
3214 4723 3328 4793 76.)

2196 4810 2473 4866 Unsmus
2494 4809 2824 4883 episcopus,
2850 4826 3052 4866 servus
3074 4823 3375 4867 servorum
3394 4809 3519 4878 Dei,
3543 4810 3777 4866 dilectis

2119 4898 2276 4966 filiis,
2310 4899 2463 4956 clero
2494 4903 2553 4956 et
2581 4898 2768 4955 ordini
2802 4900 3143 4969 monastico,
3178 4916 3284 4956 nec
3315 4916 3431 4956 non
3472 4897 3777 4956 nobilibus

2117 4991 2176 5044 et
2203 4987 2359 5061 plebi
2388 4987 2665 5044 Viennnae
2698 4988 3178 5055 consistentibus,
3211 4987 3462 5045 salutem
3493 4992 3552 5043 et
3597 5004 3772 5061 apos-

2117 5075 2351 5133 tolicam
2386 5075 2872 5133 benedictionem.

2188 5165 2341 5222 Beati
2371 5165 2523 5221 Petri
2554 5164 2764 5233 filium,
2798 5170 3065 5222 nostrum
3089 5171 3285 5222 autem
3319 5166 3579 5233 fratrem,
3602 5181 3774 5221 vene-

2118 5253 2358 5309 rabilem
2397 5257 2573 5326 atque
2628 5253 3038 5311 cbarissimum
3094 5254 3599 5328 archiepiscopum
3637 5270 3769 5311 ves-

2114 5346 2294 5408 trum,
2309 5341 2632 5397 venientem
2655 5343 2725 5397 ad
2749 5359 2857 5399 nos
2874 5359 3134 5416 congrua
3158 5344 3477 5401 reverentia
3497 5346 3555 5399 et
3568 5342 3771 5402 debito.

2115 5428 2421 5487 dulcedine
2451 5429 2753 5488 charitatis
2789 5432 3143 5507 excepimus.
3178 5432 3325 5500 Quia
3350 5449 3484 5490 vero
3519 5431 3768 5489 antehae

2114 5518 2283 5576 nobis
2304 5518 2450 5576 facie
2470 5518 2706 5592 ignotus
2726 5520 3046 5591 exstiterat,
3064 5538 3297 5579 morum
3317 5520 3684 5578 honestatem
3705 5525 3769 5579 et

2113 5607 2329 5665 indolis
2357 5609 2487 5681 ejus
2515 5610 2759 5683 egregia
2806 5610 3064 5670 volentes
3096 5610 3452 5669 industriam
3489 5608 3767 5683 experiri,

2115 5697 2422 5758 nobiscum
2442 5715 2578 5758 eum
2595 5698 2937 5775 aliquandiu
2954 5700 3321 5775 propensiori
3337 5700 3643 5759 atl'ectione
3661 5700 3770 5757 du-
