3998 6158
219 384 340 447 317

1396 384 1804 450 ΕΡΙΞΤΟῙΛΕ
1843 385 1945 449 ET
1987 382 2467 448 PRIVILEGIA.

3509 380 3628 451 318

221 519 420 574 ximus
450 518 851 575 detinendam.
888 520 1117 578 Gratias
1139 528 1334 578 autem
1353 519 1488 590 Deo,
1506 520 1644 592 quia
1660 519 1719 575 in
1742 535 1808 576 eo
1821 525 1877 575 et
1904 522 1959 587 Α
1989 516 2385 591 apostolorum
2400 517 2727 593 principum
2753 517 2901 575 Petri
2924 515 3155 576 etPauli
3182 517 3419 592 specula
3430 522 3626 594 positi,

219 609 484 666 scientia:
512 626 781 683 saporem
813 615 868 667 et
883 610 1206 667 honestatis
1223 611 1457 667 odorem
1488 609 1875 665 bonuminve-

219 700 443 755 nimus.
482 698 712 755 Merum
764 699 943 773 igitur
984 701 1112 772 ejus
1162 699 1519 766 maturitate,
1571 697 1871 753 industriae

219 789 534 861 probitate,
566 790 867 862 animique
899 790 1209 862 prudentia
1239 788 1560 862 plurimum
1581 785 1870 852 delectati,

219 896 355 933 cum
378 878 507 950 jam
539 879 610 933 de
640 878 816 935 eharo
842 878 1186 945 ehariorem,
1219 880 1289 934 de
1320 876 1591 933 familiari
1622 875 1871 931 familia-

218 968 438 1023 riorem
497 968 817 1036 effecimus,
880 970 1023 1024 adeo
1055 974 1120 1023 ut
1175 967 1383 1023 dehinc
1427 984 1539 1021 non
1589 970 1872 1037 tanquam

218 1056 478 1125 Gallum,
513 1058 614 1113 sed
647 1061 929 1130 tanquam
956 1058 1284 1114 Romanum
1316 1057 1375 1111 in
1410 1057 1673 1111 Romana
1710 1054 1874 1109 curia

217 1146 760 1203 censeamus.Unde
790 1150 845 1202 et
875 1150 1256 1202 revertentem
1290 1146 1360 1201 ad
1396 1162 1498 1200 vos
1530 1143 1744 1199 nostris
1770 1142 1871 1197 lit-

218 1236 361 1292 teris
394 1235 710 1310 prosecuti,
745 1235 1013 1291 charitati
1045 1240 1246 1292 vestra:
1267 1233 1544 1290 attentius
1575 1248 1870 1289 commen-

216 1326 457 1393 damus,
490 1331 555 1381 ut
584 1325 684 1398 qui
715 1342 820 1398 per
849 1342 910 1381 se
926 1324 1090 1381 vobis
1106 1325 1319 1381 charus
1337 1324 1621 1380 hactenus
1644 1326 1875 1378 etvene—

216 1415 425 1471 rabilis
455 1414 695 1471 habitus
752 1418 860 1483 est,
921 1432 1025 1487 per
1063 1432 1170 1470 nos
1225 1414 1500 1486 deinceps
1532 1412 1763 1467 charior
1818 1415 1874 1467 et

212 1503 611 1560 venerabilior
636 1503 941 1560 habeatur.
973 1504 1089 1559 Nos
1119 1502 1272 1559 enim
1293 1519 1423 1558 cum
1453 1519 1554 1575 pro
1586 1499 1873 1575 generalis

214 1593 517 1665 aequitatis
548 1594 765 1659 debito,
798 1598 938 1649 tunc
969 1609 1072 1663 pro
1096 1592 1330 1664 speciali
1363 1592 1491 1662 ejus
1543 1589 1870 1657 dilectione,

214 1682 510 1755 quidquid
543 1683 801 1749 honoris,
828 1682 1112 1753 quidquid
1137 1681 1873 1755 dignitatis,antecessores

214 1771 403 1827 nostri
435 1772 674 1826 Vienna:
707 1770 976 1827 Ecclesiae
1015 1769 1407 1835 contulerunt,
1469 1768 1714 1823 Domino
1757 1767 1871 1821 lar-

1982 609 2224 665 Domino
2255 609 2617 682 disponente.
2650 607 2976 677 existimus,
2996 609 3151 683 quod
3175 607 3353 685 igitur
3383 612 3631 669 necessi-

1981 698 2202 755 tatibus
2225 698 2663 771 peregrinorum
2693 698 2977 755 charitate
3008 699 3204 756 debita
3235 700 3624 773 providentes,

1982 787 2148 859 hospi
2159 786 2331 843 talem
2348 788 2480 843 dom
2491 805 2523 842 u
2533 805 2609 857 m,
2617 789 2642 861 j
2652 793 2789 844 uxta
2801 792 3029 862 portam
3043 792 3247 846 vestra:
3260 778 3629 849 Pistoriensis

1982 877 2167 945 urbis,
2225 894 2351 949 quze
2408 882 2463 932 S.
2500 877 2651 933 Petri
2707 878 2939 945 dicitur,
2999 879 3311 949 adjuvante
3358 881 3627 948 Domino,

1980 965 2189 1020 vestris
2217 964 2504 1038 impensis
2520 965 2872 1034 aedificastis;
2892 984 3022 1033 nos,
3054 972 3229 1039 prout
3250 969 3495 1041 dignum
3518 974 3627 1036 est,

1981 1059 2174 1110 vestru
2186 1072 2239 1108 m
2256 1055 2516 1110 studium
2532 1054 2956 1124 eollaudamus,
2973 1058 3390 1130 praesentisque
3403 1060 3628 1131 paginis

1982 1143 2325 1200 auctoritate
2350 1144 2721 1201 decernimus
2750 1148 2815 1200 ut
2843 1144 3221 1212 decimarum,
3254 1163 3380 1218 quas
3410 1148 3575 1204 vobis
3596 1166 3631 1205 a

1982 1232 2196 1304 pupulo
2226 1233 2461 1302 dantur,
2496 1250 2630 1305 pars
2660 1233 2907 1302 decima,
2939 1234 3271 1291 etlaborum
3300 1240 3628 1294 vestrorum

1983 1322 2228 1387 decima,
2264 1316 2813 1394 quemadmoduma
2839 1322 3004 1379 vobis
3021 1324 3379 1382 unanimiter
3408 1330 3497 1383 est
3510 1331 3627 1383 sta-

1983 1414 2109 1466 tutu
2121 1430 2173 1467 ιιι
2186 1412 2395 1476 ,eidem
2412 1412 2685 1484 hospitali
2704 1412 2902 1468 domui
2918 1412 3193 1486 deinceps
3206 1414 3265 1469 in
3281 1420 3628 1488 perpetuum

1982 1502 2374 1558 conferantur.
2407 1502 2689 1557 Prazterea
2717 1501 3035 1574 apostolica
3064 1504 3405 1560 auctoritate
3435 1521 3630 1562 cense-

1982 1609 2116 1648 mus
2149 1597 2214 1647 ut
2244 1608 2604 1663 quaecunque
2623 1590 2794 1647 hodie
2822 1592 3023 1647 eadem
3062 1592 3369 1664 hospitalis
3416 1594 3629 1650 domus

1973 1682 2134 1752 juste
2161 1682 2439 1753 possidet,
2474 1682 2593 1737 sive
2622 1681 2681 1735 in
2695 1680 3017 1737 crastinum
3036 1681 3410 1737 concessione
3439 1684 3629 1754 ponti-

1982 1772 2180 1831 ﬁcum,
2217 1770 2520 1841 largitione
2553 1769 3011 1842 principum.vel
3042 1768 3335 1824 oblatione
3366 1769 3628 1826 fidelium

211 1863 431 1936 giente,
456 1862 689 1916 firmum
710 1857 1573 1934 perpetuumqueservabimus.
1612 1861 1685 1911 he
1703 1856 1871 1911 bonis
1904 1892 1950 1956 Β
1981 1860 2136 1931 juste
2162 1864 2337 1930 atque
2389 1860 2664 1914 canonice
2715 1858 2925 1931 poterit
2981 1857 3248 1931 adipisci,
3283 1859 3452 1914 firma
3493 1860 3543 1915 ei
3575 1864 3632 1915 et

212 1968 284 2006 au
295 1955 413 2006 tem
435 1948 704 2006 Ecclesiae
730 1954 950 2017 vestrae,
967 1966 1093 2021 qua:
1123 1947 1290 2003 Atald
1301 1965 1368 2002 us
1385 1945 1735 2019 przepositus
1753 1944 1871 2000 dis-

210 2039 451 2113 sipavit,
481 2043 546 2094 ut
576 2039 635 2094 in
667 2039 931 2109 eiusdem
981 2035 1400 2108 archiepiscopi
1453 2051 1662 2090 manus
1705 2034 1874 2089 resti-

210 2133 467 2184 tuantur
495 2127 735 2184 omnino
764 2127 1157 2200 przncipimus;
1186 2125 1236 2180 si
1268 2126 1365 2196 qui
1399 2139 1529 2179 vero
1569 2127 1872 2179 contuma-

209 2218 361 2274 citer
388 2218 545 2273 bona
556 2217 760 2273 eadem
777 2215 1023 2271 retinere
1036 2211 1871 2287 praesumpserint,apostolicze

208 2306 478 2380 profecto
501 2305 748 2377 justitim
805 2304 1058 2361 sentient
1114 2301 1422 2358 ultionem.
1484 2301 1683 2372 Neque
1714 2300 1869 2355 enim

208 2395 613 2452 Viennensem
668 2394 983 2449 Ecclesium
1040 2392 1300 2463 antiquis
1356 2390 1528 2446 bonis
1587 2390 1869 2455 minuere,

210 2486 318 2543 sed
348 2500 457 2558 per
485 2484 585 2540 Dei
616 2484 867 2556 gratiam
899 2498 1242 2539 conservare
1272 2485 1327 2535 (t
1370 2496 1603 2553 augere,
1636 2478 1872 2551 justitia

210 2575 497 2642 dictante,
530 2572 922 2646 disponimus.
957 2570 1341 2644 Omnipotens
1398 2569 1555 2624 Deus
1600 2567 1868 2641 potentiaa

210 2681 335 2721 sua
370 2664 610 2720 dextera
638 2661 883 2718 interius
912 2678 1014 2717 vos
1035 2660 1409 2730 exteriusque
1441 2656 1751 2714 custodiat.

935 2776 1168 2833 XXXIV.

210 2871 428 2929 Urbani
472 2884 635 2941 papa
681 2868 996 2941 "cpistola
1038 2866 1122 2941 ad
1175 2863 1555 2938 suﬁragancos
1598 2864 1869 2941 ΔΙῑινριιξξ.ξίενε

274 2934 634 2999 Arelatensis.
696 2934 815 2996 1m;
871 2938 1143 3011 signiﬁcat
1187 2934 1401 3011 eilorta
1456 2951 1525 2990 ac
1584 2934 1867 3011 Gm'bilino

274 3015 531 3085 episcopo
552 3015 872 3084 juramcnta
898 3006 1062 3085 irrita
1091 3026 1125 3064 α
1152 3025 1207 3063 se
1232 3010 1381 3079 facta
1411 3023 1554 3069 csso;
1584 3023 1742 3078 quem
1773 3006 1869 3078 qui

272 3082 564 3157 ceperint,
578 3100 665 3140 eos
691 3085 923 3155 infames
943 3082 1204 3136 declarat.

715 3172 903 3241 (Circa
932 3186 1152 3226 annum
1180 3168 1365 3233 1089.)

645 3262 876 3333 [Massa
896 3260 1100 3316 Concil.
1130 3258 1241 3328 XX,
1269 3255 1424 3329 700.]

280 3381 572 3437 URBANUS
601 3377 931 3451 episcopus,
965 3391 1167 3431 servus
1185 3388 1481 3429 servorum
1498 3370 1621 3437 Dei,
1658 3370 1865 3425 sull‘ra-

213 3468 428 3542 ganeis
458 3466 727 3523 Ecclesiae
757 3462 1112 3520 Arelatensis
1132 3459 1381 3516 salutem
1401 3463 1457 3515 et
1486 3458 1864 3531 apostolicam

206 3558 707 3619 benedictionem.

276 3648 395 3705 Illa
422 3645 625 3704 omnia
677 3645 1042 3699 sacramenta
1096 3656 1222 3713 qva:
1269 3634 1551 3694 adversus
1597 3636 1864 3692 Ecclesia:

196 3737 505 3812 justitiam
535 3739 709 3807 atque
739 3731 1078 3804 religionem
1108 3725 1398 3785 confrater
1423 3725 1756 3783 Guibilinus
1774 3744 1864 3781 ar-

202 3828 628 3901 chiepiscopus
684 3826 874 3877 vester
909 3818 1127 3874 invitus
1159 3824 1215 3873 et
1244 3816 1520 3872 omnibus
1554 3815 1745 3871 modis
1775 3832 1862 3871 co-

201 3923 381 3976 actus
415 3917 656 3988 jurasse
704 3909 1095 3984 cognoscitur,
1146 3907 1304 3979 quia,
1355 3910 1421 3960 ut
1463 3905 1860 3977 praediximus,

201 4009 325 4079 Deo,
354 4011 417 4063 et
439 4000 710 4061 Ecclesia:
761 3996 1277 4055 constitutionibus
1311 3992 1713 4059 adversantur,
1763 3994 1860 4049 de-

202 4097 345 4154 creti
381 4092 570 4150 nostri
594 4090 936 4147 auctoritate
958 4084 1374 4141 irritaomniuo
1405 4098 1533 4138 esse
1551 4098 1861 4137 censemus

201 4190 258 4244 et
284 4180 623 4242 Arelatensi
652 4177 922 4235 Ecclesia:
945 4178 1237 4231 annuente
1284 4171 1533 4228 Domino
1583 4175 1861 4243 perpetuo

202 4288 554 4349 permanere
583 4266 1105 4325 decernimus.’Eos
1140 4267 1332 4318 autem
1367 4261 1465 4331 qui
1520 4260 1858 4333 praedictum

203 4366 397 4421 virum
428 4364 668 4434 captum
701 4355 916 4432 gladiis
947 4358 1003 4409 et
1029 4352 1428 4409 membrorum
1466 4349 1858 4405 detruncatio-

202 4455 383 4511 nibus
413 4450 806 4524 perterrentes
836 4441 1105 4501 nefandis
1137 4439 1520 4521 sacramentis
1561 4439 1689 4494 ausi
1722 4442 1861 4494 sunt

201 4540 537 4616 implicare,
569 4538 820 4594 infames
854 4534 913 4589 in
964 4534 1310 4605 perpetuum
1343 4544 1471 4583 esse
1517 4527 1855 4594 sancimus;

1982 1949 2210 2004 illibata
2224 1954 2625 2021 permaneant.
2642 1947 3020 2005 Decernimus
3032 1964 3168 2020 ergo
3182 1964 3252 2003 ne
3265 1945 3369 2003 ulli
3392 1948 3630 2004 omnino

1981 2037 2287 2093 hominum
2320 2037 2490 2092 liceat
2509 2038 2776 2093 eamdem
2792 2038 3032 2092 domum
3051 2041 3268 2092 temere
3291 2038 3632 2109 perturbare

1981 2132 2080 2182 aut
2111 2127 2263 2181 infra
2293 2143 2419 2182 eam
2453 2127 2710 2199 aliquem
2742 2130 3083 2199 capere,aut
3112 2126 3196 2180 eis
3220 2125 3490 2182 subditas
3504 2144 3632 2199 pos-

1980 2216 2273 2273 sessiones
2295 2217 2542 2282 auferre,
2567 2215 2852 2283 minuere,
2883 2215 2973 2272 vel
3004 2213 3329 2271 temerariis
3377 2217 3630 2274 vexatio-

1982 2305 2156 2361 nibus
2188 2305 2449 2378 fatigare.
2497 2305 2610 2361 Sed
2650 2305 2850 2360 omnia
2905 2305 3133 2377 integra
3190 2309 3628 2375 conserventur,

1981 2411 2182 2450 eorum
2216 2412 2317 2467 pro
2377 2411 2626 2467 quorum
2686 2394 3128 2449 conservatione
3186 2410 3465 2450 concessa
3494 2400 3633 2451 sunt

1980 2483 2208 2549 usibus,
2239 2500 2557 2555 eorumque
2587 2482 2760 2540 saluti
2794 2483 2894 2556 qui
2936 2481 3255 2538 obtulerint
3302 2484 3628 2555 profutura.

1978 2572 2254 2643 Ejusdem
2276 2570 2498 2627 tenoris
2514 2570 2882 2645 privilegium
2895 2568 3387 2642 caaterisquoque,
3410 2572 3511 2643 qui
3530 2589 3634 2645 per

1976 2665 2234 2716 vestrum
2248 2662 2648 2734 episcopatum
2663 2657 3219 2732 sunt,hospitalibus
3232 2657 3629 2732 indulgemus,

1976 2749 2028 2805 ei
2059 2749 2345 2815 videlicet,
2381 2767 2506 2822 quae
2530 2750 2695 2821 juxta
2726 2748 2938 2804 Villam
2970 2750 3314 2815 Quarratam
3345 2752 3435 2804 est
3456 2749 3631 2805 aedifi-

1976 2843 2124 2903 cata,
2156 2838 2207 2893 ei
2223 2856 2349 2911 quaa
2355 2840 2526 2909 juxta
2537 2837 2841 2910 Capariam
2857 2836 3160 2909 oppidum,
3176 2837 3225 2892 ei
3242 2853 3368 2909 quae
3389 2836 3449 2892 in
3462 2842 3629 2910 prato

1975 2928 2132 2999 quod
2164 2928 2381 2983 dicitur
2408 2926 2765 2999 Episcopi,ei
2784 2942 2914 2999 quae
2934 2926 3107 2997 juxta
3136 2924 3329 2982 locum
3361 2923 3467 2997 qui
3486 2925 3629 2982 dici-

1973 3020 2071 3071 tur
2100 3016 2253 3071 Crux
2284 3015 2714 3080 Brandelliana,
2747 3016 2797 3071 ei
2840 3030 3074 3087 quoque
3108 3030 3234 3086 qua:
3283 3015 3342 3070 in
3380 3013 3628 3073 Blisceto

1973 3105 2181 3160 vestris
2194 3104 2409 3160 studiis
2424 3103 2826 3176 impensisque
2839 3102 3121 3159 aedificata
3133 3106 3240 3159 est.
3266 3103 3401 3167 Qua!
3423 3108 3626 3160 vestrae

1972 3192 2056 3247 illi
2082 3197 2251 3263 juxta
2282 3196 2508 3265 portam
2569 3192 2626 3247 S.
2662 3191 2814 3247 Petri
2871 3192 3071 3247 domui
3132 3190 3427 3263 hospitali,
3476 3192 3630 3249 sicut

1895 3262 1938 3330 (ἶ
1976 3262 2148 3336 hodie
2179 3262 2299 3349 est,
2319 3282 2736 3353 inperpetuum
2764 3279 3027 3349 subjecta
3043 3294 3171 3335 esse
3200 3262 3501 3349 praesentis
3530 3297 3629 3335 au-

1976 3370 2245 3426 ctoritate
2258 3371 2482 3443 pagina:
2496 3369 2933 3425 confirmamus.
2944 3369 3080 3434 Quae
3091 3383 3226 3422 vero
3238 3369 3400 3422 extra
3418 3367 3626 3424 urbem

1974 3460 2296 3533 hospitales
2308 3461 2519 3515 domus
2536 3458 3075 3529 consistunt,hujus
3088 3455 3373 3530 privilegii
3396 3457 3626 3515 decreto

1975 3550 2292 3605 statuimus
2322 3553 2385 3605 ut
2409 3549 2560 3604 infra
2590 3563 2776 3602 unum
2821 3547 3078 3603 stadium
3116 3563 3290 3603 nemo
3325 3546 3497 3617 juxta
3526 3563 3625 3605 eas

1974 3638 2229 3711 aliquem
2257 3654 2482 3711 capere,
2516 3637 2786 3710 praadari,
2813 3640 2915 3691 aut
2962 3636 3254 3692 hostiliter
3294 3636 3626 3693 disturbare

1972 3733 2310 3801 praesumat;
2344 3743 2596 3800 quorum
2627 3725 2892 3781 omnium
2915 3726 3314 3781 ordinationes
3346 3742 3413 3782 ac
3435 3726 3627 3799 dispo-

1973 3817 2215 3873 sitiones
2244 3816 2409 3873 vobis
2449 3814 2775 3886 vestrisque
2819 3814 3259 3871 successoribus
3299 3814 3623 3870 committi-

1974 3911 2199 3971 mus,ut
2211 3904 2543 3977 eorum,qui
2559 3905 2615 3959 in
2629 3903 2794 3959 vobis
2807 3900 3143 3974 spirituales
3155 3918 3220 3956 ac
3234 3900 3623 3973 religiosiores

1974 3994 2189 4049 fuerint
2233 3994 2527 4049 voluntate
2583 3990 2906 4058 communi,
2960 3989 3392 4045 communicato
3442 3990 3622 4045 etiam

1971 4084 2216 4138 fratrum
2245 4081 2428 4137 Vallis
2454 4080 2827 4136 lmbrosianae
2845 4076 3110 4143 consilio,
3132 4092 3420 4132 consensu
3443 4077 3620 4133 etiam

1969 4170 2145 4227 vestri
2176 4170 2454 4243 episcopi,
2489 4168 2536 4224 si
2569 4167 2894 4223 catholicus
2908 4164 3149 4222 fueritet
3177 4163 3505 4237 religiosus,
3526 4166 3624 4221 ad-

1970 4259 2173 4315 hibito.
2207 4261 2478 4314 Rectores
2508 4257 2729 4313 eisdem
2763 4255 3038 4312 domibus
3070 4253 3486 4327 praeponimus,
3519 4255 3621 4326 qui

1970 4349 2292 4417 secundum
2307 4348 2424 4405 Deu
2436 4364 2488 4403 m
2503 4363 2704 4403 earum
2720 4362 2920 4401 curam
2939 4344 3174 4410 habere,
3192 4347 3249 4399 et
3266 4342 3620 4416 pauperibus

1967 4444 2025 4494 et
2054 4436 2532 4495 convenientibus
2544 4435 2792 4493 sollicite
2808 4433 3146 4490 ministrare
3162 4435 3452 4507 procuret.
3467 4432 3619 4488 Sane

1968 4527 2017 4583 si
2049 4529 2183 4598 quis
2216 4528 2273 4580 in
2306 4525 2627 4581 crastinum
2645 4525 2975 4597 episcopus,
3001 4521 3497 4594 archiepiscopus,
3516 4521 3621 4577 im-

200 4639 259 4689 et
288 4612 407 4687 nisi
466 4642 787 4701 congruam
844 4620 1249 4696 pmnitentiam
1303 4618 1549 4691 egerint,
1586 4633 1619 4671 a
1647 4616 1858 4670 Christi
1888 4631 1935 4697 D
1967 4619 2218 4688 perator,
2252 4619 2354 4670 aut
2374 4615 2577 4686 judex,
2629 4614 2918 4685 princeps,
2954 4615 3057 4666 aut
3095 4612 3232 4677 dux,
3266 4625 3482 4676 comes,
3516 4615 3620 4665 aut

198 4717 453 4794 corpore
473 4722 532 4775 et
560 4713 847 4789 sanguine
878 4712 949 4769 ab
979 4707 1357 4766 ecclesiarum
1393 4704 1631 4761 introitu
1665 4720 1858 4777 segre-

198 4826 435 4883 gamus.

924 4886 1133 4945 XXXV.

342 4986 552 5045 Urbani
580 4985 630 5041 II
660 4981 809 5038 bulla
833 4995 935 5054 pro
965 4975 1243 5032 canonicis
1272 4971 1719 5028 Pistoriensibus.

838 5069 1023 5140 (Anno
1048 5064 1232 5136 1090.)

452 5164 780 5237 [ΖΑειιΑῐιιΑ,
809 5156 1091 5214 Ληεσὰυἰα
1122 5152 1292 5208 medii
1310 5152 1431 5218 xvi,
1455 5150 1603 5220 222.]

274 5256 548 5313 Uananus
579 5251 910 5323 episcopus,
931 5262 1133 5302 servus
1148 5256 1445 5297 servorum
1480 5238 1601 5306 Dei,
1635 5237 1852 5293 charis-

200 5345 369 5402 simis
380 5341 519 5399 ﬁliis
532 5336 902 5397 Pistoriensis
915 5332 1179 5390 Ecclesiae
1195 5327 1509 5393 canonicis,
1531 5342 1850 5398 eorumque

200 5424 649 5490 successoribus
674 5427 733 5482 in
768 5427 1136 5499 perpetuum.

263 5523 294 5579 J
302 5521 453 5579 ustis
484 5519 633 5574 votis
655 5530 964 5573 assensum
979 5504 1536 5585 praberejustisque
1557 5500 1847 5577 petitioni-

191 5612 304 5668 bus
332 5627 506 5668 aures
527 5604 969 5666 accommodare
983 5618 1088 5657 nos
1107 5595 1393 5663 convenit,
1410 5593 1531 5666 qui,
1546 5591 1682 5648 licet
1704 5590 1844 5648 indi-

198 5700 297 5774 gni
343 5698 589 5773 justitiae
645 5695 895 5753 cultores
953 5696 1127 5762 atque
1185 5700 1476 5760 praecones
1536 5683 1593 5738 in
1621 5680 1847 5738 excelsa

1966 4704 2305 4769 vicecomes,
2331 4707 2432 4759 aut
2465 4718 2709 4775 persona
2739 4699 3028 4772 quaelibet,
3054 4708 3232 4772 parva
3259 4699 3347 4755 vel
3378 4715 3615 4772 magna,

1972 4798 2177 4866 potens
2209 4797 2309 4847 aut
2338 4792 2651 4863 impotens,
2687 4790 2867 4861 hujus
2899 4788 3082 4844 nostri
3104 4786 3387 4860 privilegii
3433 4786 3615 4860 [pagi-

1968 4883 2124 4948 nam]
2156 4881 2362 4945 sciens,
2397 4884 2596 4935 contra
2627 4896 2755 4934 eam
2789 4882 3005 4933 temere
3035 4876 3233 4931 venire
3282 4875 3613 4940 tentaverit,

1966 4970 2222 5025 secundo
2253 4968 2489 5024 tertiove
2519 4966 2938 5031 commonitus,
2964 4966 3012 5019 si
3049 4982 3163 5019 non
3213 4962 3615 5018 satisfactione

1966 5075 2225 5130 congrua
2254 5056 2680 5124 emendaverit;
2704 5072 2738 5110 a
2767 5054 2981 5110 Christi
3000 5057 3057 5109 et
3086 5050 3347 5108 Ecclesiae
3374 5067 3614 5123 corpore

1966 5164 2099 5203 eum
2136 5145 2478 5202 auctoritate
2508 5144 2813 5218 potestatis
2845 5141 3177 5216 apostolicae
3210 5154 3610 5212 segregamus.

1959 5236 2027 5292 Ili
2059 5240 2252 5290 autem
2271 5233 2392 5305 qui,
2427 5235 2498 5289 ob
2518 5233 2615 5289 Dei
2651 5233 3019 5306 proximique
3042 5229 3410 5285 dilectionem
3442 5233 3501 5285 et
3522 5247 3611 5287 se-

1958 5324 2050 5380 dis
2080 5322 2409 5396 apostolica:
2441 5322 2890 5388 institutionem,
2925 5319 3231 5392 praedictas
3259 5318 3466 5375 domos
3486 5320 3613 5376 suis

1956 5413 2127 5469 bonis
2160 5412 2343 5469 ditare
2356 5410 2676 5468 etexaltare
2702 5408 3053 5476 curaverint,
3072 5408 3167 5463 Dei
3182 5408 3610 5480 apostolorum-

1956 5519 2067 5575 que
2099 5503 2227 5575 ejus
2256 5499 2678 5567 benedictione,
2712 5503 2770 5554 et
2817 5502 3191 5571 peccatorum
3242 5496 3611 5555 absolutione

1954 5592 2232 5658 ditentur,
2267 5590 2387 5648 sive
2420 5589 2730 5645 donentur.
2756 5588 2881 5651 Qua
2897 5587 3082 5660 adjuti
3098 5588 3170 5643 ad
3205 5587 3381 5643 vitam
3413 5604 3609 5661 perve-

1956 5681 2122 5737 niant
2146 5680 2583 5753 sempiternam.
2610 5678 2815 5733 Amen.
