3998 6158
415 380 534 444 349

1717 374 1788 440 Β.
1835 373 2144 454 URBANI
2172 376 2239 441 ll,
2267 368 2524 444 ΡΑΡΕ.

3704 367 3828 440 3,20

487 518 783 595 Scriptum
813 535 917 594 per
968 533 1210 577 manum
1259 512 1516 589 Gregorii
1566 509 1836 571 scrinarii
1883 517 2060 588 atque
2087 514 2143 582 Α
2174 516 2348 575 nibus
2375 517 2655 592 fatigare;
2711 513 2812 575 sed
2863 510 3061 574 omnia
3105 509 3337 590 integra
3383 513 3823 576 conserventur,

417 611 638 670 notarii.
662 609 812 668 sacri
845 609 1066 683 palatii.

706 702 768 756 B.
801 700 869 755 V.

491 793 703 850 Datum
732 791 924 846 Homre
957 804 1058 860 per
1086 802 1295 842 manus
1323 783 1588 851 Joannis,
1621 783 1677 839 S.
1714 783 1880 839 Rom.
1933 782 2060 836 Ecc.

418 875 1012 944 diaconicardinalis,
1065 891 1217 930 anno
1273 873 1584 929 Dominica:
1635 871 2063 927 lncarnatioms

421 968 731 1030 millesimo
742 966 1140 1036 octuagesimo
1155 961 1648 1028 nono,indictione
1667 959 2065 1017 tertiadecima

419 1054 828 1129 [duodecima],
861 1059 1069 1125 quarto
1086 1053 1224 1109 Idus
1243 1051 1526 1118 Januarii,
1543 1067 1694 1106 anno
1726 1065 1856 1104 vero
1879 1047 2065 1120 ponti-

416 1147 570 1204 ficat.
603 1143 804 1200 domui
838 1142 1050 1202 Urbani
1085 1158 1246 1214 papae
1267 1141 1544 1200 secundo.

1126 1257 1362 1313 XXXVI.

417 1354 439 1375 ⁶
473 1353 721 1409 Urbanus
755 1353 803 1408 11
831 1350 1151 1406 monasterii
1194 1346 1692 1409 Baitenburhensis,
1726 1363 1759 1400 a
1806 1345 2058 1415 Wet/one,

486 1425 742 1480 Bouaria;
771 1423 924 1486 ἀπίει,
955 1423 1174 1491 ejusque
1193 1421 1420 1490 conjuge
1459 1421 1611 1474 Jutta
1659 1415 1886 1481 conditi,
1929 1432 2058 1487 pro-

487 1497 767 1552 tectionem
795 1495 1042 1565 suscipit.

1037 1601 1227 1669 (Anno
1259 1597 1443 1664 1090.)

869 1709 1070 1779 {Lam},
1111 1709 1353 1777 Regesta,
1383 1705 1422 1771 Ι,
1460 1705 1606 1773 105.]

415 1914 777 1983 Privilegium
837 1912 1041 1970 Urbani
1082 1821 1475 1982 ρίζεξνῧορνο
1528 1910 1831 1965 canonicisi
1876 1907 2017 1963 Sane

754 1984 1036 2050 Antonini,
1070 1983 1308 2038 diwcesis
1345 1983 1721 2038 Ruthenensis.

1038 2093 1226 2158 (Anno
1254 2088 1433 2159 1090.)

644 2199 726 2267 [D.
760 2199 1055 2264 MARTENE,
1091 2197 1342 2260 Thesaur.
1370 2195 1588 2264 Anco/1.,
1615 2195 1656 2258 Ι,
1689 2196 1837 2265 248.]

486 2307 763 2372 URBANUS
781 2306 1112 2378 epiSGOpus,
1132 2320 1335 2360 servus
1359 2318 1655 2358 servorum
1671 2301 1768 2358 Dei
1792 2301 2064 2357 charissi-

414 2413 510 2460 mo
542 2391 1496 2466 tilioPe'rno,praepositocanoniczn
1519 2394 1573 2447 S.
1607 2390 1885 2450 Antonini
1905 2407 2058 2446 mar-

417 2484 560 2556 tyris
591 2485 650 2540 in
681 2482 1041 2540 Condacensi
1059 2481 1307 2538 termino
1325 2480 1703 2552 siti,ejusque
1716 2479 2062 2534 successori-

413 2574 538 2634 bus.
556 2573 835 2640 canonice
863 2570 1292 2636 ordinandis,in
1325 2572 1694 2640 perpetuum.

483 2665 630 2718 Cum
661 2659 951 2718 universis
963 2664 1177 2715 sanctae
1198 2657 1459 2716 Ecclesiae
1473 2655 1609 2712 ﬁliis
1631 2673 1702 2713 ex
1729 2656 2058 2729 apostolicae

413 2750 571 2808 sedis
601 2748 944 2809 auctoritate
967 2765 1038 2803 ac
1072 2745 1473 2802 benevolentia
1518 2745 1810 2802 debitores
1847 2745 2057 2802 exista-

415 2855 570 2905 mus,
607 2837 930 2893 illistamen
959 2834 1716 2907 lucisatquepersonisquae
1748 2833 2058 2906 specialius

397 2941 482 2984 ac
511 2924 860 2997 familiarius
884 2925 1162 2981 Romanis.
1186 2923 1484 2978 adhaerent
1502 2922 1788 2991 Ecclesiae,
1811 2939 2058 2996 qumque

415 3013 716 3088 amplioris
748 3012 1048 3086 religionis
1059 3011 1258 3084 gratiae
1274 3010 1550 3080 eminent,
1572 3011 1933 3084 propensiori
1951 3029 2057 3069 nos

413 3103 684 3161 convenit
738 3101 1056 3166 charitatis.
1139 3142 1152 3156 .
1233 3143 1246 3156 .
1327 3143 1340 3155 .
1422 3141 1434 3155 .
1515 3141 1530 3155 .
1610 3141 1622 3154 .
1656 3101 1802 3168 Quia
1857 3099 2054 3175 igitur,

410 3191 728 3260 venerabili
759 3192 936 3247 fratre
968 3195 1166 3246 nostro
1195 3191 1398 3245 Amato
1427 3188 1698 3262 episcOpo
1716 3189 1886 3245 nobis
1917 3191 2060 3246 refe-

2173 625 2375 666 eorum
2408 624 2510 681 pro
2530 622 2780 684 quorum
2800 604 3222 664 sustentatione
3237 618 3516 664 concessa
3545 604 3684 659 sunt
3699 597 3826 666 usi-

2173 699 2287 755 bus
2315 698 2636 770 profutura.
2660 695 2986 770 Vosigitur,
3002 694 3107 754 ﬁlii
3125 693 3192 750 in-
3208 693 3440 756 Christo
3460 686 3822 757 charissimi,

2174 789 2401 860 Oportet
2424 785 2707 860 regularis
2736 783 3062 856 disciplinae
3106 780 3457 838 institutioni
3511 777 3826 843 sollicitius

2174 893 2238 932 ac
2270 875 2534 933 devotius
2566 875 2859 940 insudare,
2895 878 2958 929 ut
2985 877 3251 945 quantos
3285 866 3826 943 saecularibusestis

2172 965 2526 1022 tumultibus
2556 964 2744 1030 liberi,
2760 967 2920 1018 tanto
2937 961 3259 1018 studiosius
3277 959 3499 1032 placere
3518 963 3629 1014 Deo
3642 956 3831 1031 totius

2174 1054 2388 1111 mentis
2418 1059 2476 1110 et
2506 1054 2712 1110 animae
2737 1049 3374 1116 virtutibusanheletis:
3403 1047 3829 1122 prmcipuestn-

2171 1145 2378 1206 dentes
2408 1144 2679 1199 Romanis
2695 1139 2964 1198 Ecclesiae
2987 1141 3216 1196 decreta
3226 1137 3554 1194 veneranda
3570 1151 3827 1203 servare,

2171 1234 2342 1305 cujus
2374 1231 2693 1305 patrocinio
2724 1231 2795 1288 ab
2829 1229 3104 1290 omnium.
3118 1230 3262 1304 jugo
3291 1225 3606 1290 viventium
3655 1224 3826 1291 estis,

2171 1326 2465 1384 annuente
2498 1321 2766 1384 Domino,
2798 1317 3150 1391 praemuniti.
3177 1318 3258 1374 Ad
3293 1315 3576 1382 indicium
3609 1318 3822 1388 autem

2171 1415 2452 1483 perceptas
2487 1410 2663 1481 hujus
2693 1426 2727 1466 a
2760 1409 3023 1470 Romana
3063 1405 3319 1464 Ecclesia
3358 1405 3663 1473 libertatis,
3716 1419 3826 1476 per

2170 1517 2356 1556 annos
2385 1499 2650 1573 singulos
2681 1499 2940 1569 quinque
2966 1496 3186 1553 solidos
3201 1500 3444 1552 monetae
3467 1493 3627 1549 illius
3651 1497 3822 1549 terrae

2172 1587 2546 1646 Lateranensi
2578 1587 2796 1661 palatio
2829 1585 3188 1659 persolvetis.
3212 1591 3358 1654 Sane
3386 1582 3598 1656 siquis
3619 1583 3674 1638 in
3699 1599 3824 1637 cra-

2170 1678 2389 1738 stinum
2410 1677 2884 1751 archiepisc0pus
2906 1675 3350 1748 autepiscOpus,
3381 1673 3704 1745 imperator.
3717 1675 3826 1728 aut

2171 1785 2288 1834 rex,
2317 1767 2589 1840 princeps
2620 1770 2722 1823 aut
2768 1767 2910 1833 dux,
2941 1781 3136 1821 comes
3184 1769 3287 1824 aut
3328 1762 3670 1832 vicecomes,
3718 1764 3825 1816 aut

2021 1909 2066 1963 εἰ
2093 1887 2140 1953 Β
2165 1858 2367 1963 judex,
2391 1861 2492 1963 aut
2521 1873 2770 1963 persona
2800 1853 3090 1963 quaelibet,
3124 1851 3452 1963 magnavel
3474 1868 3676 1953 parva,
3717 1867 3822 1923 po-

2174 1952 2304 2003 tens
2334 1949 2435 2002 aut
2463 1945 2776 2017 impotens,
2809 1944 2990 2015 hujus
3019 1941 3203 2000 nostri
3225 1940 3510 2015 privilegii
3541 1939 3822 2013 paginam

2171 2035 2383 2102 sciens,
2419 2040 2621 2091 contra
2643 2050 2772 2090 eam
2798 2037 3016 2089 temere
3045 2031 3239 2086 venire
3259 2029 3597 2104 tentaverit,
3619 2046 3827 2103 secun-

2172 2126 2244 2181 do
2275 2125 2516 2181 tertiove
2529 2120 3000 2187 commonitus,si
3015 2136 3129 2175 non
3144 2119 3540 2184 satisfactione
3561 2133 3825 2190 congrua

2171 2213 2585 2282 emendaverit,
2619 2230 2654 2267 a
2703 2209 2918 2267 Christi
2978 2213 3034 2264 et
3072 2208 3338 2265 Ecclesia:
3395 2223 3633 2278 corpore
3679 2222 3821 2281 eum

2171 2303 2514 2358 auctoritate
2545 2301 2852 2372 potestatis
2902 2296 3229 2369 apostolicae
3263 2312 3663 2372 segregamus.
3689 2295 3823 2362 Haec

2169 2397 2365 2448 autem
2419 2388 2899 2446 conservantibus
2957 2404 3070 2460 pax
3099 2405 3133 2441 a
3163 2386 3279 2442 Deo
3310 2391 3368 2443 et
3413 2385 3827 2442 misericordia

2169 2479 2560 2552 praesentibus
2591 2495 2656 2534 ac
2689 2477 2904 2534 futuris
2935 2475 3164 2533 saeculis
3198 2477 3590 2532 conservetur.
3613 2475 3823 2544 Amen,
3929 2530 3938 2536 ,

2169 2586 2364 2634 amen,
2396 2585 2588 2624 amen.
3579 2613 3581 2615 .

2239 2658 2535 2730 Scriptum
2568 2673 2669 2730 per
2697 2671 2942 2712 manum
3000 2653 3259 2726 Gregorii
3305 2651 3592 2709 scriniarii
3642 2656 3823 2724 atque

2169 2746 2378 2802 notarii
2411 2745 2559 2801 sacri
2592 2743 2812 2816 palatii.

2239 2836 2450 2892 Datum
2483 2835 2676 2889 Romae
2709 2848 2813 2905 per
2845 2847 3057 2900 manus
3087 2829 3437 2904 Hotesculici
3495 2828 3821 2902 presbyteri

2165 2925 2346 2985 vicem
2379 2921 2636 2997 gerentis
2653 2919 3006 2988 cancellarii,
3031 2937 3068 2973 v
3091 2919 3376 2982 Kalendas
3407 2917 3643 2992 Aprilis,
3663 2933 3820 2992 anno

2165 3012 2398 3069 Domini
2431 3011 2589 3076 4090,
2624 3009 2942 3068 indictione
2963 3025 3086 3075 xm,
3118 3025 3270 3065 anno
3299 3005 3821 3078 mdorpniUrbani

2166 3119 2327 3175 papae
2358 3101 2425 3156 II.

2851 3213 3138 3269 XXXVIII.

415 3287 599 3386 ξ’θοξθν
631 3281 1012 3386 θοεηονίπωξθ
1037 3277 1912 3386 Ψωῖδίθωξδοθηξίξίῗξξξψδδυ
1929 3279 2058 3378 Pea‘
2086 3256 2130 3330 Ε
2169 3307 2528 3379 Privitegium
2585 3305 2790 3362 Urbani
2840 3317 3002 3375 papze
3034 3305 3081 3358 II
3116 3318 3216 3374 pro
3246 3302 3483 3358 Ecclesia
3524 3300 3816 3358 Gratiano-

415 3370 660 3435 tissimm
685 3368 1105 3426 recordationis
1136 3385 1300 3440 papa:
1330 3366 1591 3441 Gregorii
1624 3368 1744 3433 VII,
1779 3372 1898 3423 tam
1931 3367 2058 3440 ipso

411 3462 619 3518 Amato
649 3460 922 3531 episcopo
953 3473 1131 3528 quam
1146 3456 1631 3518 revsrendissimo
1663 3455 1837 3512 fratre
1860 3461 2058 3512 nostro

414 3545 1033 3620 HugoneLugdunensi
1047 3544 1485 3616 archiepiscopo
1498 3545 2060 3611 mediantibus,cum

414 3636 575 3696 omni
634 3635 962 3700 monastica
1004 3638 1062 3689 et
1113 3632 1396 3689 canonica
1453 3631 1732 3705 religione
1779 3632 2061 3689 destituta

416 3728 590 3792 esset,
623 3721 980 3788 institutam,
1006 3725 1125 3777 tam
1157 3720 1327 3776 bonis
1359 3719 1546 3776 initiis
1571 3724 1796 3791 oportet
1824 3737 1930 3776 nos
1961 3721 2058 3788 be-

417 3810 758 3876 nevolentiae
790 3826 1044 3866 manum.
1073 3808 1386 3881 porrigere,
1421 3825 1488 3864 ac
1535 3807 1832 3880 religionis
1875 3809 2058 3881 quieti

417 3899 767 3974 prospicere.
801 3899 1038 3969 Propter
1066 3897 1223 3970 quod
1253 3895 2058 3968 tuis,charissimeﬁliPetre,

406 3989 588 4063 justis
619 3987 998 4061 petitionibus
1029 3989 1352 4046 annuentes
1376 3984 1633 4057 przedicti
1664 3984 1857 4042 fratris
1876 3986 2059 4044 nostri

413 4079 606 4144 Amati
636 4077 894 4151 episcopi
953 4077 1166 4134 litteris
1195 4074 1432 4142 exarati,
1489 4075 1971 4146 praenominatam
2001 4079 2058 4130 S.

412 4166 689 4232 Antonini
721 4166 1153 4223 canonicam'in
1175 4164 1300 4236 jus,
1334 4162 1576 4220 tutelam
1610 4165 2061 4236 protectionem-

413 4273 529 4336 que
560 4261 772 4312 sanctae
804 4256 1076 4310 Romana:
1103 4253 1370 4310 Ecclesia:
1389 4253 1769 4326 suscipimus,
1791 4251 2061 4324 praesenti

413 4343 468 4402 si
497 4344 727 4400 decreto
762 4342 1065 4414 privilegia
1111 4341 1525 4398 conﬁrmantes
1570 4341 1768 4396 omnia
1815 4359 1942 4412 qua:
1973 4341 2059 4398 vel

413 4449 571 4495 nunc
593 4434 756 4503 juste
786 4431 1073 4503 possidet,
1102 4430 1189 4485 vel
1223 4430 1282 4484 in
1306 4433 1625 4501 posterum,
1644 4427 1927 4501 largiente
1957 4429 2062 4485 Do-

415 4520 596 4590 mino,
621 4522 782 4592 juste
816 4519 1025 4592 poterit
1055 4517 1321 4590 adipisci,
1350 4522 1407 4573 et
1435 4518 1507 4573 ab
1539 4517 1802 4572 omnium
1822 4519 2060 4574 omnino

2850 3376 3117 3446 politam.

2790 3490 2977 3561 (Anno
3006 3489 3189 3560 1090.)

2455 3608 2704 3680 [ΒΑιυΖ.,
2733 3606 2953 3661 Miscell.
2986 3603 3105 3660 edit
3134 3605 3294 3671 Luc.,
3326 3603 3531 3681 llI,_8.]

2241 3726 2518 3797 Unsmus
2547 3721 2880 3794 episcopus,
2903 3736 3107 3776 servus
3119 3735 3418 3775 servorum
3445 3719 3566 3790 Dei,
3595 3718 3821 3780 charis-

2170 3815 2329 3871 simo.
2352 3811 2514 3872 fratri
2548 3811 2773 3866 Husom
2805 3809 3343 3882 GratianOpolitano
3373 3808 3643 3882 episcopo
3667 3809 3823 3880 ejus-

2169 3919 2284 3976 que
2313 3899 2602 3976 legitimis.
2625 3898 3060 3956 successoribus
3091 3898 3148 3953 in
3174 3901 3542 3970 perpetuum.
3784 3903 3789 3907 '

2242 3992 2590 4047 Potestatem
2617 3986 2836 4061 ligandi
2867 3991 3044 4058 atque
3093 3986 3356 4042 solvendi
3399 3986 3457 4042 in
3490 3985 3651 4054 ccelis
3681 3990 3737 4042 et
3756 3986 3818 4060 in

2169 4085 2326 4138 terra
2355 4079 2522 4136 beato
2576 4078 2743 4134 Petro
2802 4077 3049 4148 ejusque
3104 4075 3547 4141 successoribus
3585 4079 3825 4148 auctora

2170 4170 2285 4226 Deo
2316 4165 2717 4241 principaliter
2743 4165 3019 4224 traditam
3039 4163 3154 4220 illis
3167 4163 3423 4222 Ecclesia
3439 4163 3631 4224 verbis
3649 4180 3831 4237 agno-

2171 4259 2282 4322 scit
2310 4255 2524 4328 quibus
2557 4255 2788 4310 Petrum
2813 4258 2902 4308 est
2917 4252 3534 4308 Dominusallocutus:
3561 4253 3836 4322 Quaecun-

2170 4362 2271 4418 que
2295 4345 2551 4416 ligaveris
2601 4359 2764 4414 super
2793 4337 3019 4412 terrain,
3077 4346 3235 4400 erant
3268 4342 3439 4413 ligata
3467 4350 3518 4396 et
3566 4344 3628 4397 in.
3655 4343 3829 4411 cretis,

2169 4439 2224 4496 et,
2249 4448 2587 4506 quaecunque
2623 4433 2848 4488 solveris
2900 4448 3064 4502 super
3093 4435 3319 4498 terram,
3377 4435 3538 4487 erant
3567 4432 3748 4494 soluta
3776 4440 3834 4488 et

2167 4526 2225 4579 in
2251 4524 2417 4580 cretis.
2452 4521 2567 4594 Ipsi
2601 4536 2836 4592 quoque
2867 4524 2924 4575 et
2955 4519 3200 4591 propriae
3254 4519 3502 4591 firmitas
3533 4523 3590 4574 et
3615 4519 3821 4582 alienae

415 4608 723 4674 hominum
750 4611 1036 4680 potestate
1061 4607 1171 4676 sub
1203 4609 1414 4662 sanctae
1433 4604 1758 4677 apostolica:
1776 4607 1932 4664 sedis
1955 4608 2062 4670 tui-
2094 4623 2142 4688 Β
2172 4611 2306 4668 fidei
2335 4609 2703 4668 confirmatio
2735 4608 2936 4663 eodem
2970 4607 3216 4664 Domino
3233 4612 3469 4663 auctore
3491 4611 3829 4680 praestatur,

412 4698 570 4756 tione
598 4697 842 4760 liberam
876 4712 1216 4769 permanere
1240 4695 1582 4752 auctoritate
1594 4695 1912 4768 apostolica
1935 4713 2066 4757 san-

413 4787 624 4854 cimus,
654 4784 1399 4858 salvaepiscOpalijustitia
1420 4783 1720 4849 canonica,
1754 4801 2064 4857 quousque

353 4911 360 4914 -
412 4873 501 4938 vel
534 4872 634 4947 qui
662 4873 733 4932 ad
766 4889 1026 4945 przesens
1051 4871 1394 4934 ibiDomino
1417 4871 1531 4930 Deo
1554 4875 1751 4928 nostro
1785 4871 2066 4934 famulan-

413 4968 512 5020 tur
559 4961 847 5028 canonici,
907 4959 994 5016 vel
1025 4961 1127 5032 qui
1184 4960 1402 5018 futuris
1431 4959 1648 5016 ibidem
1701 4961 2064 5032 temporibus

415 5057 556 5110 sunt
577 5050 866 5120 servituri,
919 5048 1264 5123 regulariter
1310 5049 1522 5116 vivere,
1569 5052 1626 5108 et
1673 5051 2064 5116 communiter

412 5138 678 5210 vivendo,
693 5140 1114 5212 prOpriumque
1141 5154 1254 5194 non
1274 5137 1562 5206 habendo,
1578 5144 1697 5196 tam
1714 5137 2064 5210 apostolicae

415 5243 603 5298 quam.
626 5227 929 5290 beatorum
962 5226 1294 5298 Hieronymi
1322 5230 1378 5281 et
1407 5227 1804 5298 Augustinide
1827 5243 2066 5283 conver-

418 5315 642 5376 satione
672 5316 1062 5372 communiter
1090 5314 1408 5371 viventium
1438 5313 1781 5372 clericorum
1818 5317 2066 5372 studue-

417 5402 538 5458 rint
565 5406 786 5464 statuta
816 5420 1062 5460 servare.
1087 5400 1390 5466 Decernim
1401 5418 1471 5460 us
1502 5417 1639 5473 ergo
1662 5406 1838 5474 atque
1857 5403 2066 5459 statui-

418 5507 552 5558 mus
595 5495 662 5547 ut
706 5490 852 5548 nulli
909 5492 1147 5558 omnino
1204 5489 1513 5553 hominum
1574 5489 1746 5546 liceat
1798 5492 2065 5550 eamdem

418 5580 757 5640 canonicam
793 5585 1009 5638 temere
1039 5582 1399 5654 perturbare,
1434 5585 1534 5638 aut
1565 5580 1614 5636 ei
1648 5579 1916 5638 subditas
1939 5599 2068 5655 pos-

418 5672 709 5735 sessiones
743 5671 989 5738 auferre,
1023 5671 1306 5744 minuere,
1335 5668 1424 5727 vel
1456 5668 1783 5740 temerariis
1810 5672 2067 5748 vexatio-

2175 4716 2310 4756 cum
2346 4699 2414 4755 ad
2449 4715 2586 4758 eum
2636 4697 2867 4752 dicitur:
2921 4698 3120 4768 Rogavi
3155 4713 3257 4768 pro
3289 4701 3340 4752 te
3367 4705 3428 4752 ut
3474 4713 3584 4752 mm
3611 4697 3832 4768 deﬁciat

2173 4789 2305 4858 ﬁdes
2326 4792 2441 4854 tua,
2471 4788 2649 4842 Petro.
2700 4787 2764 4841 Et
2791 4793 2850 4841 tu
2896 4786 3196 4857 aliquando
3227 4801 3510 4842 conversus
3557 4787 3830 4856 conﬁrma

2170 4879 2372 4949 fratres
2401 4880 2543 4931 tuos.
2604 4876 2841 4946 Oportet
2897 4891 3034 4946 ergo
3066 4891 3192 4941 nos,
3254 4874 3376 4947 qui,
3409 4874 3544 4931 licet
3571 4873 3825 4947 indigni,

2174 4966 2325 5022 Petri
2385 4965 2712 5024 residemus
2771 4963 2830 5018 in
2883 4962 3030 5032 loco,
3084 4981 3263 5036 prava
3303 4964 3610 5044 corrigere,
3671 4967 3830 5020 recta

2174 5055 2430 5120 firmare,
2460 5057 2518 5108 et
2549 5053 2606 5107 in
2641 5051 2798 5107 omni
2852 5051 3106 5110 Ecclesia
3148 5051 3216 5107 ad
3250 5051 3466 5109 interni
3514 5052 3827 5110 arbitrium

2165 5143 2386 5215 judicia
2406 5141 2491 5197 sic
2511 5140 2878 5212 disponenda
2925 5139 3237 5212 disponere
3269 5145 3336 5195 ut
3381 5141 3454 5196 de
3481 5140 3646 5206 vultu
3695 5141 3830 5212 ejus

2166 5231 2460 5303 judicium
2498 5235 2762 5285 nostrum
2797 5229 3057 5301 prodeat,
3092 5233 3150 5284 et
3177 5229 3332 5284 oculi
3365 5229 3551 5286 nostri
3590 5229 3832 5296 videant

2175 5318 2529 5390 aequitatem.
2561 5318 2701 5372 Tuis
2733 5316 3831 5390 igitur,dilectissimeinChristofrater

2175 5407 2339 5480 Hugo
2369 5404 2906 5478 Gratianopolitane
2935 5406 3416 5486 episcope,justis
3448 5407 3832 5480 petitionibus

2176 5499 2521 5564 annuentes,
2554 5494 2659 5551 tibi
2681 5495 2916 5568 tuisque
2930 5494 3211 5570 legitimis
3233 5497 3676 5568 successoribus
3693 5495 3834 5552 Gra-

2177 5583 2664 5658 tianopolitanum
2692 5585 3094 5657 episcopatum
3125 5585 3470 5657 regendum,
3511 5586 3830 5659 disponen-

2177 5674 2540 5748 dum,etjure
2562 5677 2840 5747 perpetuo
2854 5673 3274 5748 possidendum
3293 5674 3598 5748 praesentis
3609 5675 3830 5732 decreti
