3988 6164
372 281 495 342 323

1676 275 1748 338 B.
1793 275 2094 339 URBANI
2138 275 2190 339 II
2236 278 2486 340 PAPIE.

3671 276 3838 339 324

374 411 571 469 Sancti
601 410 918 469 Salvatoris
938 412 1010 467 de
1031 410 1494 480 Vadeno,Sancti
1520 409 1758 466 Petride
1789 408 2029 465 Miscbc-
2059 409 2113 477 Α
2144 411 2299 467 unde
2326 411 2437 468 hoc
2466 410 2799 483 exemplum
2830 409 3114 483 scriptum
3163 414 3276 477 est,
3304 409 3421 466 vidi
3455 414 3514 465 et
3543 409 3680 482 legi,
3724 415 3835 480 et,

371 506 454 568 to,
488 500 686 557 Sancti
736 499 900 557 Pauli
949 502 1020 556 de
1068 501 1299 568 Rasolo,
1345 499 1569 554 Sanctae
1618 497 1915 569 Reparatac
1947 498 2024 553 de

372 588 662 646 Marradio
717 588 1042 644 Faventine
1101 586 1387 652 dimcesis,
1444 593 1504 642 et
1542 586 1913 658 congregatio
1955 586 2028 641 de

374 677 534 734 Rivis
578 676 844 742 Caesaris,
892 680 950 732 et
996 674 1367 747 congregatio
1410 674 1484 750 de
1503 674 1764 729 Fontana
1786 673 2023 742 Taonis,

373 772 432 822 et
460 764 831 838 congregatio
889 764 960 819 de
1002 764 1193 819 Monte
1250 766 1490 818 Armate
1550 761 1609 817 in
1669 760 2025 817 Bononiensi

372 853 625 920 dioecesi,
655 852 977 924 inspirante
1017 851 1264 907 Domino
1316 851 1373 905 in
1424 851 1690 907 eamdem
1719 850 2024 906 vobiscum

371 944 623 998 formam
654 941 955 1013 religionis
973 940 1398 1005 consenserint,
1425 944 1615 1001 nos,et
1644 938 1788 1010 ipsis
1814 942 1870 993 et
1898 955 2024 994 om-

371 1031 545 1093 nibus
565 1031 665 1103 qui
698 1046 761 1084 se
792 1031 852 1084 in
884 1029 1211 1085 crastinum
1242 1028 1433 1084 eidem
1460 1026 1761 1099 religionis
1792 1027 1923 1082 usui
1955 1043 2025 1082 ex

367 1119 593 1190 integro
615 1117 837 1173 sociare
859 1117 1165 1184 voluerint,
1192 1115 1496 1189 praesentis
1539 1113 1823 1188 privilegii
1848 1114 2024 1171 liber-

366 1210 483 1262 tate
515 1206 835 1279 apostolica
864 1205 1211 1261 auctoritate
1241 1203 1619 1260 concedimus
1671 1204 1926 1275 quandiu
1961 1204 2021 1259 in

365 1295 570 1351 eadem
603 1294 904 1366 religionis
933 1299 992 1349 et
1006 1292 1450 1349 consuetudinis
1472 1291 1696 1347 unitate
1712 1292 2023 1364 persistere

366 1382 828 1456 procuraverint.
876 1381 1305 1438 Constituimus
1347 1383 1544 1436 autem
1575 1383 1640 1435 ut
1669 1397 1869 1436 eorum
1903 1398 2023 1437 om-

366 1471 532 1528 nium
563 1476 740 1544 caput
764 1474 1048 1535 vestrum,
1080 1469 1236 1542 quod
1262 1468 1323 1524 in
1346 1467 1511 1524 Valle
1543 1467 1909 1525 lmbroxiane
1939 1470 2019 1526 si-

365 1565 495 1615 tum
524 1558 1071 1627 est,monasterium
1088 1557 1548 1613 habeatur.Sane
1564 1572 1697 1612 cum
1728 1557 2018 1614 terminus

362 1646 495 1704 vitae
548 1646 766 1719 pastori
813 1650 1006 1702 vestro
1035 1645 1231 1701 divina
1257 1645 1645 1719 dispositione
1683 1645 2015 1719 contigerit,

364 1736 465 1842 qpi
501 1735 632 1807 ejus
652 1733 777 1834 loco
799 1734 1251 1842 substituendus
1284 1733 1478 1834 l'uerit,
1500 1733 1651 1834 quia
1680 1735 1933 1835 et.vobis
1960 1739 2020 1836 et
2046 1775 2094 1842 Β

366 1823 503 1880 aliis
528 1823 806 1879 omnibus
829 1839 1075 1895 praeesse
1094 1822 1761 1895 debebit,omnium,qui
1792 1823 2016 1880 caeteris

362 1916 625 1987 pressant
655 1912 1049 1981 monasteriis,
1084 1928 1375 1969 consensu
1401 1917 1460 1968 et
1480 1911 1703 1985 judicio
1742 1912 2013 1986 eligatur.

363 2000 524 2065 Quod
558 2002 607 2058 si
640 2002 787 2057 forte
828 2018 897 2057 ex
939 2000 1087 2074 ipsis
1139 2002 1453 2057 abbatibus
1491 2001 1737 2074 quilibet
1767 2002 2016 2058 Domino

363 2089 715 2164 disponente
744 2091 813 2146 ad
845 2091 954 2146 hoc
983 2091 1253 2163 generale
1284 2092 1545 2164 regimen
1576 2091 1797 2148 electus
1820 2092 2016 2160 fuerit,

362 2180 435 2236 ad
458 2184 712 2235 vestrum
741 2179 1059 2252 principale
1079 2180 1406 2236 ccenobium
1421 2180 1822 2252 principaliter
1834 2185 2020 2236 trans-

361 2273 478 2335 eat,
510 2272 569 2324 ct
613 2269 742 2338 ejus
792 2285 927 2324 mox
952 2267 1199 2339 judicio,
1232 2268 1406 2324 sicuti
1430 2269 1490 2325 in
1511 2268 1719 2326 diebus
1738 2285 2016 2327 veneran-

361 2356 449 2411 dae
482 2355 777 2413 memoriae
806 2356 1054 2413 Joannis
1102 2356 1277 2429 primi
1328 2358 1558 2414 abbatis
1588 2358 1765 2415 vestri
1798 2358 2018 2415 factum

361 2447 609 2511 constat,
631 2448 838 2501 caetera
859 2445 1056 2501 omnia
1072 2445 1237 2501 unita
1251 2444 1419 2502 vobis
1441 2445 1798 2502 monasteria
1818 2446 2018 2519 dispo-

365 2536 739 2589 nantur.Vos
769 2532 969 2606 igitur,
1002 2533 1107 2588 ﬁlii
1138 2533 1198 2589 in
1227 2534 1458 2590 Christo
1486 2534 1877 2599 dilectissimi,
1914 2552 2019 2590 no-

361 2619 463 2676 lite
496 2620 791 2694 negligere
815 2621 1088 2693 gratiam,
1120 2638 1248 2694 quze
1278 2621 1337 2677 in
1384 2623 1549 2678 vobis
1584 2627 1693 2689 est,
1723 2640 1851 2695 quae
1883 2623 2021 2679 data

361 2713 450 2765 est
480 2708 644 2765 vobis
662 2726 765 2781 per
785 2710 1071 2765 unitatem
1104 2715 1317 2766 sanctae
1348 2710 1771 2768 observationis
1803 2715 1860 2766 et
1892 2711 2020 2767 reli-

359 2795 570 2869 gionis.
604 2796 735 2852 Haec
775 2797 1165 2867 meditemini,
1198 2797 1257 2853 in
1290 2797 1384 2855 his
1404 2803 1607 2866 estote,
1641 2804 1702 2854 ut
1725 2801 2020 2872 profectus

358 2890 551 2941 vester
574 2885 923 2941 manifestus
950 2885 1027 2941 sit
1048 2886 1326 2943 omnibus
1356 2886 1403 2957 (Ι
1426 2886 1558 2941 Tim.
1584 2904 1659 2955 iv,
1697 2890 1805 2959 15).
1839 2889 2022 2944 Parti-

360 2972 1118 3045 cipesenimeristiell‘ecti
1140 2975 1302 3041 estis,
1336 2975 1385 3031 si
1407 2979 1602 3031 tamen
1628 2975 1863 3032 initium
1888 2977 2022 3034 sub-

361 3062 590 3118 stantiae
612 3064 742 3135 ejus
765 3080 951 3136 usque
976 3063 1048 3119 ad
1069 3064 1243 3119 finem
1279 3064 1516 3120 firmum
1543 3066 1844 3122 retineatis
1866 3067 2016 3135 (Heb.

2136 504 2309 571 prout
2336 499 2416 555 ibi
2448 499 2663 564 inveni,
2722 498 2819 554 hic
2851 498 2987 554 inde
3042 498 3414 570 transcripsi,
3444 502 3504 554 et
3541 497 3832 554 ﬁdeliter

2135 588 2539 660 exemplavi,et
2567 589 2639 644 ad
2673 588 2957 659 majorem
2980 586 3155 643 ﬁdem
3186 586 3517 644 habendam
3549 585 3821 658 signum

2136 693 2277 733 mea
2309 694 2522 733 manus
2554 676 2800 749 apposui
2832 691 2902 732 ex
2931 676 3278 733 auctoritate
3310 674 3457 732 mihi
3488 691 3826 746 concessa,

2133 770 2191 822 et
2219 766 2357 822 data
2412 783 2446 821 a
2498 765 2815 822 venerabili
2873 765 3044 822 Patre
3101 765 3338 822 domino
3385 765 3634 832 Thoma,
3689 765 3819 821 Dei

2133 856 2321 929 gratia
2342 855 2678 912 Pistoriensi
2699 855 2970 927 episcopo
2998 854 3057 910 in
3072 855 3412 926 episcopatu
3429 852 3718 909 Pistorien
3729 853 3789 910 si
3800 895 3822 921 ,

2133 946 2521 1018 praesentibus
2542 944 2780 1000 domino
2801 944 2999 1000 Ticcic
3022 942 3271 1015 plebanc
3293 941 3563 1014 plebisde
3584 941 3823 998 Laiati-

2130 1038 2281 1100 co,et
2305 1033 2638 1107 presbytero
2658 1033 2868 1103 juncta
2889 1031 3230 1103 cappellano
3260 1031 3451 1103 plebis
3473 1030 3810 1103 praedictas,

2131 1128 2189 1178 et
2217 1121 2560 1178 Armaleone
2581 1121 2837 1194 qondam
2879 1119 3310 1193 Inl‘rangipanis
3349 1124 3404 1176 et
3435 1119 3618 1176 Curso
3639 1118 3811 1175 Doni

2130 1212 2379 1268 testibus
2401 1210 2618 1281 rogatis
2634 1216 2691 1266 et
2723 1210 2940 1265 vocatis
2971 1210 3044 1264 ad
3063 1209 3205 1275 hiec,
3243 1209 3354 1266 sub
3384 1207 3557 1265 annis
3586 1208 3809 1264 Domi-

2130 1300 2261 1356 nica
2291 1300 2602 1356 Nativitate
2642 1300 2802 1363 1288,
2832 1297 3152 1354 indictione
3198 1298 3474 1366 secunda,
3506 1297 3601 1353 die
3628 1296 3806 1371 vige-

2130 1390 2281 1446 sima
2292 1388 2678 1463 Septembris.

2882 1476 3023 1532 XLI.

2202 1570 2451 1627 Urbanus
2480 1570 2538 1624 II
2578 1566 3150 1638 Majorzs-Monasterii
3168 1565 3399 1621 tutelam
3437 1567 3691 1637 suscipiit

2476 1641 2946 1712 possessionesque
2973 1638 3092 1709 ejus
3116 1638 3425 1709 conﬁrmat.

2738 1747 2924 1814 (Anno
2975 1743 3161 1815 1090.)

2410 1853 2695 1925 [Mamu.,
2736 1852 2931 1907 Annal.
2973 1850 3179 1906 Bened.
3208 1850 3291 1917 Ὗ,
3337 1848 3488 1923 272.]

2197 1971 2313 2026 lloc
2362 1969 2486 2042 ipso
2544 1985 2697 2024 anno
2754 1967 3109 2034 Bernardus,
3170 1962 3787 2037 Majoris-Monasterii

2125 2059 2328 2127 abbas,
2362 2057 2796 2131 amplissimum
2830 2056 3149 2112 abUrbano
3178 2055 3227 2111 ll
3248 2053 3619 2129 privilegium
3634 2054 3791 2111 obti-

2126 2147 2343 2205 nuit.In
2374 2164 2441 2204 eo
2488 2147 2765 2220 praefatur
2794 2145 3071 2219 pontifex,
3105 2161 3239 2201 cum
3271 2143 3562 2201 universis
3591 2142 3791 2199 eccle-

2127 2237 2232 2294 siis
2264 2236 2492 2293 debitor
2521 2233 2743 2303 sit,illis
2763 2238 2959 2291 tamen
2982 2233 3126 2291 locis
3148 2238 3324 2307 atque
3352 2233 3622 2307 personis
3652 2250 3789 2309 quas

2124 2324 2394 2398 ampliori
2428 2323 2729 2397 religionis
2758 2324 2949 2397 gratia
2994 2324 3273 2391 eminent,
3317 2340 3380 2380 se
3410 2323 3789 2397 propensiori

2127 2413 2432 2471 charitatis
2462 2413 2656 2469 studio
2689 2411 2993 2469 consulere
3023 2413 3254 2480 dobere,
3287 2414 3548 2486 adeoque
3577 2413 3784 2470 Sancti

2128 2502 2359 2560 Martini
2394 2501 2771 2570 monasterio,
2805 2518 2939 2558 cum
2986 2519 3088 2576 pro
3122 2501 3274 2558 beati
3306 2501 3656 2559 confessoris
3678 2502 3786 2559 de-

2127 2591 2433 2647 votioneac
2448 2591 2923 2658 reverentia,tum
2938 2607 3042 2663 pro
3059 2590 3359 2664 religionis
3372 2590 3780 2664 praerogativa,

2128 2697 2244 2754 qua
2274 2679 2423 2736 sacri
2454 2679 2613 2736 illius
2660 2678 2768 2735 loci
2817 2680 3088 2736 monachi
3131 2679 3556 2753 praecellebant.
3591 2679 3780 2744 Quam

2127 2770 2200 2825 ob
2232 2785 2353 2825 rem
2385 2767 2468 2824 ait
2494 2785 2556 2825 se
2578 2783 2783 2824 omnes
2814 2768 2943 2839 ejus
2964 2768 3366 2840 possessiones
3405 2767 3778 2838 confirmare,

2127 2859 2517 2930 eamdemque
2545 2856 2739 2912 locum
2772 2857 2831 2911 in
2859 2872 3030 2912 suam
3061 2856 3304 2912 tutelam
3322 2857 3658 2930 suscipere;
3683 2873 3781 2913 ve-

2126 2952 2249 3004 tare
2270 2964 2343 3004 ne
2364 2946 2557 3002 missae
2580 2944 2697 3001 illic
2718 2945 2964 3018 publica
2986 2947 3059 3002 ab
3076 2946 3366 3020 episcopis
3386 2944 3774 3016 celebrentur,

2127 3053 2237 3094 neu
2272 3034 2542 3092 monachi
2574 3034 2647 3091 ad
2678 3038 2944 3091 externas
2995 3035 3275 3091 stationes
3304 3038 3408 3091 aut
3447 3034 3776 3109 exsequias,

360 3168 445 3219 Ill,
495 3152 605 3222 14).
638 3122 991 3208 hiemen-tote
1020 3153 1176 3224 quod
1208 3151 1496 3209 Dominus
1526 3153 1607 3208 ait
1638 3171 1652 3209 :
1708 3155 1812 3222 Qui
1836 3122 2018 3227 perse-
2047 3141 2092 3209 Β
2130 3130 2336 3227 prima"
2366 3123 2627 3224 ipsofum
2659 3123 2889 3180 abbatis
2908 3122 3773 3227 .vomfltatem‘comminantur}

357 3242 627 3298 veraverit
652 3256 818 3313 usque
839 3243 901 3297 in
927 3242 1112 3313 ﬁnem,
1153 3241 1243 3296 hic
1268 3242 1452 3298 salvus
1482 3245 1585 3298 erit
1627 3244 1830 3313 (Matth.
1864 3261 2017 3312 xxxv,

365 3330 473 3399 13).
526 3329 728 3402 Itaque
755 3331 837 3386 sic
887 3331 1063 3386 luceat
1113 3331 1213 3386 tua:
1254 3339 1432 3387 vestra
1459 3348 1645 3387 coram
1684 3333 2017 3403 hominibus,

357 3423 420 3474 ut
466 3418 689 3474 videant
735 3434 898 3490 opera
938 3423 1113 3475 vestra
1167 3418 1327 3487 bona,
1370 3428 1421 3476 et
1464 3420 1769 3491 glorificent
1800 3423 2020 3479 Patrem

356 3514 598 3562 vestrum
625 3508 724 3578 qui
751 3507 813 3561 in
837 3507 985 3562 caelis
1024 3514 1104 3562 est
1133 3506 1339 3578 (Matth.
1385 3525 1440 3574 v,
1468 3508 1577 3580 16).
1611 3510 1695 3564 Ad
1726 3509 2015 3566 indicium

360 3597 557 3649 autem
606 3598 888 3665 perceptas
919 3594 1099 3665 hujus
1115 3611 1150 3649 a
1169 3594 1433 3651 Romana
1451 3594 1709 3652 Ecclesia
1730 3596 2016 3655 libertatis

357 3698 463 3753 per
487 3697 674 3737 annos
703 3680 969 3754 singulos
1017 3682 1327 3738 duodecim
1385 3682 1511 3756 sagi
1559 3682 1731 3740 cilicii
1777 3685 2017 3744 brachia

358 3769 625 3826 Laterani
650 3769 866 3843 palatio
888 3769 1252 3843 persolvetis.
1286 3771 1439 3829 Sane
1478 3771 1527 3828 si
1563 3772 1697 3846 quis
1718 3774 1777 3830 in
1811 3776 2012 3831 crasti-

358 3873 501 3913 num
531 3856 1029 3931 archiepiscopus,
1050 3864 1151 3916 aut
1179 3859 1512 3933 episcopus,
1544 3861 1881 3936 imperator,
1914 3869 2016 3921 aut

357 3963 475 4013 rex,
497 3946 791 4020 princeps,
825 3952 927 4003 aut
954 3948 1091 4015 dux,
1126 3966 1344 4016 comes,
1375 3955 1477 4007 aut
1518 3951 1725 4024 judex,
1757 3958 1861 4009 aut
1889 3970 2016 4026 per.

358 4052 501 4092 sona
517 4034 795 4109 quaelibet
806 4053 1021 4110 magna
1033 4037 1119 4094 vel
1136 4055 1330 4111 parva,
1351 4044 1560 4112 potens
1579 4045 1681 4096 aut
1696 4040 2010 4115 impotens,

260 4134 265 4139 ‘
355 4124 540 4196 hujus
572 4125 757 4181 nostri
810 4126 1095 4200 privilegii
1126 4127 1399 4201 paginam
1432 4129 1625 4186 sciens
1654 4136 1857 4187 contra
1885 4150 2015 4190 eam

354 4216 572 4269 temere
591 4213 787 4269 venire
806 4214 1133 4283 tentaverit,
1156 4217 1414 4273 secundo
1437 4220 1726 4292 tertioque
1755 4237 2014 4279 commo-

357 4300 539 4370 nitus,
590 4298 639 4354 si
684 4317 797 4356 non
849 4301 1248 4358 satisfactione
1271 4319 1529 4375 congrua
1556 4306 2015 4374 emendaverit,a

354 4386 567 4444 Christi
590 4391 647 4443 et
658 4387 922 4445 Ecclesia:
937 4406 1177 4463 corpore
1198 4406 1333 4446 eum
1349 4393 1691 4449 auctoritate
1705 4396 2011 4466 potestatis

2128 3218 2232 3271 aut
2260 3231 2295 3271 a
2320 3213 2526 3287 quovis
2553 3213 3135 3269 excommunicentur
3166 3230 3180 3281 ;
3212 3213 3314 3270 sed
3344 3213 3676 3287 praecipere,
3707 3218 3773 3270 nt

2127 3318 2332 3360 omnes
2362 3317 2563 3359 eorum
2597 3316 2786 3358 caussa
2817 3301 3112 3376 graviores
3142 3317 3211 3358 ex
3240 3301 3569 3375 apostolica
3618 3301 3771 3360 sedis

2119 3390 2344 3463 judicio
2397 3391 2708 3464 pendeant.
2742 3390 2815 3447 Ut
2842 3391 3027 3447 libera
3056 3390 3131 3446 sit
3161 3390 3392 3447 abbatis
3415 3389 3639 3459 electio,
3671 3390 3773 3464 qui

2125 3480 2198 3536 ab
2229 3480 2668 3553 archiepiscopo
2691 3479 3097 3543 Turonensi,si
3123 3479 3594 3535 communionem
3619 3480 3774 3536 sedis

2125 3567 2453 3642 apostolicae
2504 3569 2719 3625 habeat
2766 3570 3229 3625 consecrationem
3274 3567 3456 3642 gratis
3502 3566 3765 3641 accipiat,

2123 3658 2346 3730 absque
2376 3657 2495 3713 ulla
2517 3655 2901 3730 professionis
2928 3656 3263 3713 exactione:
3297 3657 3389 3713 sin
3422 3655 3640 3723 minus,
3671 3660 3771 3713 aut

2122 3747 2192 3802 ad
2227 3746 2558 3802 Romanum
2610 3745 2946 3818 pontificem
2976 3744 3370 3801 consecrandus
3407 3745 3769 3811 accedat,aut

2123 3852 2158 3892 a
2179 3851 2528 3909 quocunque
2546 3834 2818 3907 episcopo
2842 3834 3268 3890 consecrandum
3290 3850 3353 3890 se
3374 3834 3598 3892 offerat.
3613 3833 3764 3890 Idem

2123 3923 2312 3980 sancit
2332 3922 2591 3997 pontifex
2609 3922 2680 3978 de
2703 3939 2868 3979 sacro
2882 3921 3219 3991 chrismate,
3248 3922 3319 3978 de
3340 3922 3769 3979 consecratione

2125 4011 2395 4069 altarium
2424 4028 2526 4069 seu
2550 4009 2951 4080 basilicarum,
2993 4016 3049 4068 et
3079 4012 3149 4068 de
3182 4009 3650 4068 ordinationibus
3676 4027 3766 4067 sa-

2125 4101 2259 4158 cris.
2291 4102 2444 4158 Tum
2479 4100 2681 4156 subdit
2713 4101 3031 4158 monachos
3061 4099 3411 4173 alloquens:
3458 4102 3551 4157 Vos
3581 4101 3764 4172 igitur,

2123 4190 2232 4260 ﬁlii
2242 4191 2301 4245 in
2319 4190 2530 4245 Christo
2551 4188 2918 4257 dilectissimi,
2944 4193 3149 4262 oportet
3165 4188 3436 4261 regularis
3462 4187 3765 4261 disciplinae

2122 4276 2458 4334 institutioni
2486 4278 2777 4334 sollicitius
2804 4283 2857 4334 et
2888 4277 3131 4334 devotius
3162 4277 3423 4335 insudare
3447 4296 3466 4333 :
3508 4282 3768 4351 quatenus

2120 4376 2324 4439 quanto
2371 4367 2439 4424 ab
2466 4367 2817 4422 saecularibus
2846 4368 3168 4424 tumultibus
3207 4367 3487 4423 liberiores
3511 4368 3761 4435 existitis,

355 4475 685 4570 εῐὲηίοηοεθ
703 4456 1114 4570 ,εθεῗθεεφάεο
1148 4477 1642 4570 “onerantibus
1671 4456 1867 4540 εἶιίθιη
1902 4502 2011 4558 Pax
2043 4504 2093 4570 D
2122 4456 3766 4570 Ϋῗῖῗ,¹.ίῗ.ξ¹ι’ῗῗέ²¹ἷ¹ῗῖὶἕ³ἶῖ¹ιῗῖί¹⁸,Εἴθεέῗῗῗθέῖῗδὲῗῖξῖ⁸έῖῗῖ³ἶῗῗ

357 4582 391 4621 a
412 4564 616 4631 Deo,et
636 4565 1035 4622 misericordia
1055 4567 1443 4639 praesentibus
1462 4573 1521 4626 et
1544 4570 1761 4627 futuris
1782 4574 2012 4632 saeculis

352 4658 745 4713 conservetur.
804 4655 1009 4711 Amen.
1060 4657 1266 4712 Amen.
1309 4658 1512 4714 Amen.
1559 4659 1854 4733 Scriptum
1910 4680 2013 4736 per

352 4759 598 4800 manum
627 4742 884 4817 Gregorii
917 4743 1204 4800 scriniarii
1236 4749 1411 4819 atque
1459 4749 1670 4804 notarii
1723 4751 1872 4807 sacri
1904 4769 2005 4824 pa-

351 4831 497 4889 latii.

420 4925 632 4979 Datum
654 4922 846 4985 Romae
874 4938 976 4996 per
996 4940 1208 4979 manus
1222 4921 1472 4980 Joannis
1494 4931 1707 4983 sanctis
1731 4927 2003 4986 Romanis

350 5009 616 5068 Ecclesia:
641 5012 868 5068 diaconi
902 5011 1240 5082 cardinalis,
1275 5030 1429 5070 anno
1466 5016 1776 5072 Dominicaa
1808 5018 2001 5075 Incar-

351 5100 604 5157 nationis
634 5101 793 5169 1000,
846 5101 1162 5159 indictione
1193 5118 1321 5169 xm,
1364 5107 1567 5161 octavo
1596 5104 1734 5162 Idus
1761 5107 1999 5181 Aprilis,

350 5204 504 5245 anno
560 5188 932 5262 pontificatus
1006 5190 1207 5247 domui
1265 5190 1480 5247 Urbani
1541 5208 1703 5267 papa:
1756 5197 2000 5254 secundi

348 5277 542 5333 tertio.

420 5363 884 5439 Bartholomeus,
898 5368 1192 5440 quondam
1216 5367 1458 5426 Baronis
1476 5368 1767 5444 imperiali
1800 5378 1999 5431 aucto-

350 5453 715 5525 ritatejudex
744 5455 1074 5513 ordinarius
1128 5462 1305 5532 atque
1366 5459 1651 5529 notarius,
1711 5462 1998 5536 scriptum

349 5541 804 5627 privilegium,et
826 5544 1173 5623 apostolicae
1203 5545 1515 5624 litteras,et
1541 5549 1741 5607 omnia
1756 5536 1994 5627 scripta.

2123 4546 2414 4602 virtutibus
2453 4545 2743 4601 anheletis.
2794 4544 3056 4618 Denique
3084 4563 3189 4619 pro
3218 4545 3328 4602 hac
3352 4543 3621 4602 libertate
3645 4544 3763 4602 sin-

2119 4634 2275 4707 gulis
2296 4634 2466 4691 annis
2496 4651 2677 4690 unam
2707 4634 2835 4690 auri
2872 4634 3108 4691 unciam
3140 4633 3591 4707 persolvijubet.
3626 4633 3758 4690 Scri-

2113 4725 2272 4795 ptum
2295 4739 2396 4795 per
2448 4740 2678 4779 manum
2728 4722 2978 4793 Gregorii
3032 4724 3321 4779 scriniarii
3376 4730 3534 4795 atque
3563 4723 3763 4779 notarii

2111 4813 2259 4866 sacri
2281 4813 2498 4882 palatii.
2532 4813 2731 4868 Datum
2754 4812 2939 4870 Romae
2951 4828 3054 4884 per
3091 4829 3321 4868 manum
3351 4813 3580 4870 Joannis
3610 4810 3664 4867 S.
3695 4813 3753 4869 Β.

2112 4901 2173 4955 Ε.
2205 4899 2424 4956 diaconi
2468 4900 2793 4969 cardinalis,
2826 4918 2971 4958 anno
3020 4902 3323 4959 Dominicse
3367 4900 3757 4956 Incarnationis

2114 4987 2273 5056 1090,
2318 4989 2616 5045 indictione
2670 5006 2795 5057 xm,
2824 4990 3175 5062 pontiﬁcatus
3211 4989 3401 5047 damni
3433 4989 3634 5047 Urbam
3655 5004 3752 5060 pa-

2106 5091 2199 5149 per
2227 5079 2275 5134 II
2304 5080 2485 5145 tertio,
2514 5085 2664 5135 sexto
2693 5077 2901 5136 decimo
2929 5079 3051 5134 Kal.
3084 5078 3235 5135 Maii.

2113 5285 2363 5343 Urbanus
2416 5285 2466 5341 ιι
2526 5283 2847 5412 Βανεήανᾰιί
3052 5285 3259 5357 Basoli,
3318 5283 3504 5340 abbati
3560 5256 3752 5338 bullam

2850 5373 2901 5411 η
2981 5374 3001 5411 ι
3035 5398 3048 5411 .

2827 5373 3048 5412 mouit.

2733 5445 2921 5519 (Anno
2954 5445 3142 5520 1090.)

2177 5552 2441 5631 [Manna
2474 5554 2532 5611 et
2563 5550 2845 5623 Romam,
2900 5553 3172 5627 Oavrages
3451 5550 3548 5625 Ill,
3579 5550 3684 5631 α]
