3998 6158
222 300 347 367 323

960 440 1157 501 XLIII.

224 527 557 612 Urbanus_ll
584 531 848 612 Ecclesiae
904 533 1234 612 {levellensis
1288 535 1594 612 libertatem
1649 555 1714 593 ac
1753 555 1881 612 pos-

353 601 637 670 sessiones,
664 607 878 674 petente
912 606 1116 661 Ursone
1142 608 1408 679 episcopo,
1437 608 1743 679 conﬁrmat.

568 692 1060 832 [Ucamuf‘lizii’a
1080 692 1312 833 15937-031,
1350 766 1535 839 1483.]

296 848 576 905 Unnanus
609 850 941 924 episcopus,
971 870 1174 909 servus
1206 871 1507 911 servorum
1534 857 1881 923 Dei,dilecto

218 937 280 992 in
305 937 538 993 Christo
561 939 724 994 fratri
761 939 917 996 Unso
950 941 1274 999 Ravellensi
1308 945 1603 1018 episcopo,
1636 947 1882 1019 ejusque

220 1027 669 1083 successoribus
701 1029 981 1085 canonice
1008 1030 1392 1088 instituendis
1420 1034 1476 1089 in
1510 1040 1879 1107 perpetuum.

294 1115 520 1171 Sanctae
551 1116 826 1173 Romanae
868 1123 927 1174 et
960 1119 1286 1192 apostolicae
1318 1123 1669 1180 universalis
1689 1123 1882 1180 Eccle-

218 1202 324 1258 siae
378 1203 640 1277 dignitas
690 1206 871 1279 exigit
939 1213 1006 1263 ut
1061 1208 1173 1264 sibi
1223 1209 1472 1268 ﬁdeliter
1518 1212 1883 1269 adhaerentes

213 1297 641 1361 remuneret,et
670 1294 902 1354 exaltet.
934 1296 1083 1360 Quia
1111 1298 1290 1370 igitur
1320 1300 1593 1357 Romanis
1614 1300 1882 1358 Ecclesia:

212 1379 567 1437 ﬁdelitatem
597 1398 664 1437 ac
696 1382 1030 1441 libertatem
1065 1386 1335 1443 ardenter
1363 1389 1683 1461 requisisti,
1707 1394 1765 1447 et
1779 1391 1881 1446 ob-

211 1469 445 1541 sequiis
479 1472 851 1542 prevenisiti,
892 1474 964 1529 ad
1013 1473 1071 1529 id
1120 1480 1314 1531 vestra
1364 1477 1587 1545 civitas,
1636 1479 1881 1536 Domino

211 1561 552 1631 praestante,
586 1561 869 1632 pervenit,
908 1566 973 1617 ut
1025 1564 1472 1635 prmdecossoris
1505 1568 1687 1624 nostri
1720 1585 1880 1624 reve-

212 1648 414 1703 rendae
452 1649 747 1705 memoria:
806 1649 1057 1709 Victoris
1090 1652 1163 1708 III
1220 1658 1481 1727 tempore
1539 1656 1879 1730 episcopum

212 1736 501 1793 meruerit
519 1738 912 1811 adipisci.Nos
930 1741 1124 1814 itaque
1137 1741 1523 1801 nihilominus
1543 1744 1880 1802 exaltationi

211 1828 423 1881 vestrae
453 1827 909 1899 congaudentes,
941 1834 997 1885 et
1026 1832 1413 1889 antecesseris
1444 1833 1628 1890 nostri
1660 1838 1880 1891 statuta
1908 1817 1956 1883 Β

212 1915 550 1984 ﬁrmamus,
599 1918 657 1972 et
685 1933 816 1973 eam
845 1917 1009 1974 vobis
1066 1916 1396 1976 libertatem
1444 1922 1779 1993 adjicimus,
1811 1927 1878 1979 ut

211 2002 579 2059 Ravelleusis
607 2003 868 2062 Ecclesia
899 2006 1175 2080 deinceps
1224 2008 1296 2063 ab
1328 2010 1521 2065 omnis
1570 2011 1876 2082 potestatis

210 2092 583 2163 subjectioue
612 2092 817 2161 libera,
849 2093 911 2149 iu
942 2095 1127 2152 solius
1158 2097 1407 2153 Romani
1440 2099 1877 2170 poutiﬁcisjure

209 2181 736 2254 deminutioneque
794 2184 1101 2241 consistat.
1135 2185 1392 2258 Dignum
1440 2186 1659 2260 quippe
1690 2192 1779 2244 est
1811 2192 1876 2243 ut

208 2269 311 2342 qui
343 2270 405 2326 iu
432 2269 841 2342 corporalibus
873 2272 1049 2329 rebus
1101 2273 1481 2331 vehementer
1511 2276 1876 2343 excrevistis,

210 2358 619 2431 spiritualium
639 2376 873 2433 quoque
894 2378 1209 2419 munerum
1233 2364 1876 2437 perceptione,Domino

209 2446 522 2521 largiente,
555 2449 850 2506 crescetis.
886 2450 1151 2507 Vestram
1210 2452 1393 2524 igitur
1447 2453 1764 2511 Ecclesium
1818 2454 1877 2510 iu

213 2536 555 2609 apostolicae
577 2537 735 2594 sedis
765 2538 986 2611 gremio
1018 2538 1353 2611 specialiter
1373 2541 1743 2599 coufoveutes
1772 2541 1878 2598 tibi

211 2624 482 2698 legitime
539 2626 982 2696 conﬁrmamus,
1037 2627 1383 2701 coepiscope
1415 2629 1581 2699 Urse,
1641 2631 1879 2703 tuisque

216 2712 505 2787 legitimis
529 2716 988 2783 successoribus,
1022 2733 1256 2775 omnem
1302 2718 1701 2775 Ravelleusem
1733 2720 1877 2776 dice-

215 2802 373 2860 cesis
394 2802 689 2859 ambitum
715 2805 1019 2876 praesentis
1050 2806 1391 2865 auctoritate
1422 2808 1647 2882 pagina
1677 2808 1881 2865 conﬁr-

221 2908 489 2960 mamus,
519 2896 868 2964 potestatem
917 2894 1080 2950 vobis
1128 2894 1503 2969 indulgentes
1548 2898 1703 2952 intra
1750 2914 1878 2954 eam

223 2980 453 3052 absque
484 2980 664 3037 ullius
694 2982 1155 3039 contradictione
1184 2983 1443 3041 chrisma
1479 2986 1781 3042 conﬁcere.
1818 3028 1832 3042 .
1863 3028 1876 3042 .

221 3069 416 3139 (Multa
445 3069 644 3125 desunt
675 3072 735 3125 in
758 3072 1078 3143 privilegio,
1110 3074 1243 3145 quia
1270 3075 1381 3145 fuit
1402 3076 1658 3141 recisum,
1685 3084 1879 3131 etcum

217 3159 314 3228 ﬁlo
342 3167 654 3227 consutam,
684 3168 747 3215 ut
773 3159 844 3215 ad
870 3176 1113 3232 praesens
1144 3163 1366 3234 exstat.)

215 3247 316 3302 size
349 3250 666 3319 praestante
696 3247 945 3305 Domino
1005 3250 1487 3323 irrefragabiliter
1543 3252 1874 3320 observare,

215 3337 473 3406 ejusque
502 3335 709 3392 honori
743 3354 847 3409 pro
877 3338 1099 3395 viribus
1116 3340 1877 3414 semperinsistere.Siquis

212 3428 418 3480 autem
436 3425 497 3479 iu
528 3424 852 3481 crastinum
886 3426 1365 3501 archiepiscOpus
1397 3432 1499 3487 aut
1540 3429 1874 3503 episcOpus,

212 3511 543 3585 imperator
574 3519 674 3569 aut
704 3530 823 3581 rex,
856 3516 1129 3588 princeps
1151 3520 1253 3571 aut
1284 3516 1421 3585 dux,
1455 3521 1558 3572 aut
1582 3518 1873 3590 patritius,

213 3616 420 3657 comes
452 3606 556 3657 aut
580 3602 923 3669 vicecomes,
957 3609 1059 3660 aut
1070 3604 1275 3675 judex,
1308 3610 1409 3660 aut
1440 3621 1690 3677 persona
1719 3624 1874 3678 quae-

215 3690 362 3746 libet
390 3707 610 3764 magna
638 3691 726 3747 vel
758 3709 952 3764 parva,
986 3698 1193 3765 potens
1224 3698 1325 3749 aut
1355 3694 1667 3767 impotens,
1700 3695 1877 3768 hujus

216 3778 410 3835 nostri
440 3777 725 3852 privilegii
762 3781 1036 3854 paginam
1069 3782 1282 3849 sciens,
1346 3799 1683 3840 concessam
1713 3784 1877 3842 vobis

213 3867 555 3924 libertatem
622 3869 849 3925 auferre
933 3870 1263 3938 tentaverit,
1323 3873 1580 3928 secundo
1638 3873 1878 3929 tertiove

211 3956 693 4024 commouitus,si
708 3974 822 4012 non
842 3958 1242 4015 satisfactione
1261 3962 1876 4033 congruaemendave-

211 4046 311 4113 rit,
349 4045 497 4113 is,ut
516 4062 551 4099 a
575 4044 788 4102 Christi
817 4051 875 4103 et
904 4047 1171 4104 Ecclesiae
1194 4065 1435 4123 corpore
1457 4051 1876 4124 segregandus,

209 4133 577 4205 honorisque
607 4135 697 4189 sui
729 4138 787 4190 et
816 4134 993 4191 ofﬁcii
1013 4136 1270 4208 periculo
1295 4138 1600 4210 subjacere
1622 4139 1872 4196 debebit.

210 4221 716 4279 Couservantibus
746 4228 944 4280 autem
974 4223 1117 4294 haec,
1144 4243 1257 4297 pax
1289 4243 1322 4282 a
1357 4227 1598 4283 Domino
1624 4231 1681 4284 et
1702 4228 1877 4286 mise-

214 4310 476 4367 ricordia
505 4313 894 4383 praesentibus
914 4318 972 4370 et
997 4314 1212 4370 futuris
1233 4314 1463 4371 saeculis
1483 4320 1871 4375 conservetur.

215 4404 435 4465 Amen,
467 4415 660 4468 amen,
690 4417 881 4457 amen.

290 4488 510 4544 Datum
565 4487 789 4545 Salerni
845 4506 950 4563 per
1004 4507 1216 4547 manus
1265 4492 1507 4548 Joannis
1566 4494 1625 4549 S.
1676 4494 1743 4549 R.
1806 4495 1869 4551 E.

216 4576 456 4633 diaconi
487 4577 645 4633 card.
666 4577 847 4635 Nonis
867 4578 1154 4646 Octobris,
1178 4580 1301 4636 ind.
1324 4597 1445 4648 xm,
1470 4598 1624 4638 anno
1646 4584 1874 4639 lncarn.

212 4666 537 4723 Dominicae
560 4667 717 4736 1090,
738 4668 1116 4741 pontiﬁcatus
1147 4684 1279 4725 vero
1296 4670 1363 4725 D.
1400 4670 1615 4726 Urbani
1647 4688 1808 4744 papae
1829 4671 1876 4728 II

210 4753 412 4811 tertio.

953 4846 1143 4903 XLIV.

217 4932 432 5009 Urbani
460 4933 759 5009 IIAepistola
786 4934 869 5009 ad,
885 4936 1095 5009 clerum
1122 4941 1174 4991 et
1209 4936 1419 5009 plebem
1470 4936 1873 4994 Carnotensem.

288 5033 360 5043 --
392 5002 464 5059 De
487 5002 766 5079 Gaufredt
780 5007 1016 5079 episcopi
1041 5002 1393 5079 depositione,
1447 5012 1500 5063 et
1539 5009 1717 5063 leonis
1747 5024 1878 5065 oon-

288 5076 495 5130 secrati
524 5076 582 5130 in
611 5077 727 5148 ejus
749 5076 929 5133 locum
953 5076 1358 5151 subrogattone.

850 5166 1036 5237 (Anno
1069 5166 1228 5222 4090.

648 5235 880 5303 (Manet,
918 5239 1124 5295 Concil.
1156 5235 1276 5307 XX,
1309 5238 1459 5309 650.]

294 5323 568 5380 Una/mus
598 5323 930 5398 episcopus,
954 5342 1157 5384 servus
1182 5342 1479 5383 servorum
1503 5326 1626 5396 Dei,
1650 5328 1877 5388 dilectis

216 5412 278 5468 iu
309 5411 548 5467 0hristo
579 5409 716 5468 ﬁliis
738 5412 891 5470 clero
908 5419 963 5472 et
982 5413 1200 5488 populo
1222 5414 1588 5485 Carnotensi,
1624 5416 1875 5475 salutem

216 5506 270 5556 et
298 5499 691 5574 apostolicam
724 5502 1209 5560 benedictionem.

283 5590 405 5657 Nos
415 5588 659 5668 quidem
673 5594 803 5651 tum
822 5608 928 5673 pro
954 5592 1135 5653 beatae
1157 5593 1352 5652 Mariae
1373 5608 1606 5672 semper
1618 5594 1876 5674 Virginis

1401 308 1812 379 EPISTULA“:
1854 310 1955 380 ET
1996 311 2477 382 PRIVILEGIA.

1912 452 1969 518 Α
1996 449 2297 507 devotione
2318 455 2375 507 et
2396 453 2877 520 reverentia,tum
2898 469 3002 527 pro
3019 450 3203 508 nostri
3224 449 3399 507 officii
3423 449 3641 514 debito,

3522 315 3643 380 326

1989 539 2254 596 Ecclesia:
2285 543 2487 596 vestrae
2519 540 2908 606 dilectionem,
2925 540 3341 614 protectionem
3364 541 3419 595 et
3437 553 3640 593 curam

1989 628 2303 700 specialius
2329 628 3021 702 impendeates,ejusque
3050 629 3280 685 labores
3308 627 3640 691 diuturnos,

1991 734 2138 789 quos
2160 733 2193 772 a
2223 717 2511 773 Gaufredo
2540 719 2836 790 quondam
2869 719 3140 791 episcopo
3171 734 3345 791 passa
3374 720 3484 786 est,
3516 732 3642 789 pro-

1990 807 2260 878 pensiore
2292 807 2490 862 animo
2531 808 2973 880 perpendentes,
3034 808 3112 863 rei
3143 807 3384 862 veritate
3417 803 3643 861 diutius

1992 899 2168 967 atque
2198 894 2539 968 diligentius
2570 895 3230 969 pertractata.largiente
3256 894 3643 964 Domino,ju-

1991 983 2163 1038 stitiaz
2193 984 2604 1040 satisfecimus.
2638 986 2853 1040 Bonam
2889 985 3086 1057 itaque
3117 982 3295 1039 animi
3338 982 3515 1038 vestri
3546 999 3645 1037 vo-

1991 1071 2275 1128 luntatem
2292 1074 2707 1145 praevenientes
2721 1091 2785 1129 ac
2799 1075 3130 1145 subsequeu
3141 1070 3643 1138 tes,vencrabilem

1989 1161 2181 1217 virum
2215 1166 2446 1217 Ivonem
2483 1163 2911 1235 presbyterum,
2945 1178 3140 1234 quem,
3202 1160 3493 1217 Gaufredo
3543 1176 3648 1232 per

1990 1266 2096 1305 nos
2127 1251 2412 1322 deposito,
2447 1249 2730 1307 catholica
2773 1255 2947 1323 atque
2997 1249 3270 1307 canonice
3320 1249 3644 1304 secundum

1991 1344 2193 1394 nostra
2223 1340 2446 1395 monita
2475 1339 2755 1412 elegistis,
2789 1354 2860 1394 ne
2889 1341 3039 1411 quod
3079 1338 3324 1394 ulterius
3354 1338 3464 1394 hac
3493 1337 3553 1392 in
3586 1353 3646 1392 re

1989 1428 2407 1484 detrimentum
2438 1433 2632 1485 vestra
2660 1428 2919 1484 Ecclesia
2948 1431 3260 1500 pateretur,
3312 1427 3440 1483 sine
3472 1442 3647 1482 more

1990 1514 2270 1588 longioris
2301 1516 2603 1573 obstaculo
2627 1516 3117 1573 consecravimus.

2060 1604 2226 1659 Nunc
2256 1621 2389 1660 eum
2426 1606 2496 1660 ad
2528 1600 3048 1671 vosremittentes,
3079 1609 3365 1675 tanquam
3398 1604 3456 1659 Β.
3494 1603 3647 1659 Petri

1990 1694 2265 1749 manibus
2295 1695 2791 1757 oonsecratum,B.
2826 1693 2977 1748 Petri
3009 1693 3134 1747 vice
3156 1708 3259 1748 vos
3293 1706 3571 1764 rogamus
3593 1696 3651 1747 et

1989 1782 2365 1838 obsecramus
2388 1786 2679 1855 quatenus
2710 1798 2844 1836 eum
2870 1781 3120 1853 benigne
3143 1779 3537 1852 suscipientes
3557 1780 3654 1835 de-

1986 1870 2109 1926 bita
2141 1875 2205 1925 ut
2221 1870 2472 1943 pastoris
2487 1870 2604 1926 veri
2626 1871 2955 1926 membrum
2980 1868 3310 1924 obedientia
3327 1867 3648 1937 honoretis;

1985 1958 2181 2014 debita
2209 1958 2604 2015 sollicitudine
2637 1976 2766 2031 quis
2796 1959 2962 2014 vobis
2984 1956 3417 2014 annuntiaverit
3447 1958 3645 2014 obser-

1987 2048 2347 2115 vetis;et'ut
2375 2048 2500 2119 ipse
2554 2048 2672 2104 Deo
2704 2047 2952 2120 placere,
3005 2052 3060 2101 et
3090 2063 3225 2102 eum
3283 2064 3387 2119 pro
3434 2045 3646 2102 vestris

1985 2135 2175 2190 valeat
2202 2137 2537 2209 excessibus
2569 2137 2743 2209 digne
2799 2135 3211 2191 intercedendo
3259 2134 3512 2208 placare,
3542 2150 3648 2191 vos

1987 2241 2220 2297 quoque
2251 2224 2477 2296 placere
2508 2225 2624 2280 Deo
2654 2225 2792 2281 totis
2849 2224 3258 2280 conaminibus
3312 2228 3642 2296 procurate.

1987 2314 2044 2369 Si
2098 2314 2257 2369 enim
2288 2312 2516 2386 placere
2543 2314 2658 2370 Deo
2690 2312 3035 2379 statueritis,
3090 2316 3385 2384 pastorem
3443 2310 3645 2383 procul

1989 2403 2167 2459 dubio
2198 2403 2315 2458 Deo
2349 2401 2675 2475 placentem
2711 2401 3027 2468 habebitis,
3060 2417 3167 2456 nos
3199 2416 3430 2473 quoque
3462 2399 3521 2454 in
3552 2414 3648 2454 ve-

1987 2490 2128 2546 stris
2160 2490 2699 2563 opportunitatibus
2730 2489 2801 2546 ad
2833 2489 3266 2545 exaudiendum
3302 2492 3536 2560 paratos
3567 2487 3650 2541 in-

1985 2578 2247 2635 venietis.
2283 2579 2461 2635 Porro
2522 2580 2593 2635 de
2622 2579 2938 2645 Gaufredo,
2973 2578 3074 2650 qui
3131 2577 3257 2633 sine
3316 2576 3649 2633 conditione

1988 2668 2148 2724 omni
2180 2668 2398 2724 nostris
2430 2668 2707 2724 manibus
2735 2668 3142 2740 episcopatum
3177 2665 3449 2730 reddidit,
3491 2663 3650 2719 indi—

1988 2773 2170 2831 gnum
2193 2773 2256 2812 se
2286 2759 2553 2829 patenter
2582 2773 2929 2830 agnoscens,
2947 2755 3333 2828 praecepimus
3356 2756 3414 2809 et
3443 2752 3645 2825 praeci-

1988 2847 2186 2919 pimus
2216 2862 2289 2901 ne
2323 2846 2457 2919 quis
2487 2846 2539 2902 ei
2570 2846 2688 2902 ullo
2711 2845 2884 2901 modo
2906 2845 2978 2900 ad
3001 2843 3402 2917 episcopatum
3421 2840 3645 2898 reinva-

1990 2935 2247 2990 dendum
2276 2933 2365 2990 vel
2398 2934 2794 2990 infestandum
2835 2949 3144 2989 assensum
3206 2931 3647 2987 accommodare

1990 3027 2327 3094 praesumat,
2352 3021 2497 3076 alias
2527 3026 2584 3076 et
2613 3021 2807 3092 ipsum
2830 3024 2886 3074 et
2916 3020 3102 3092 ipsius
3135 3019 3393 3073 fautores
3423 3032 3649 3073 excom-

1991 3128 2089 3166 mu
2097 3110 2374 3167 nicationi
2389 3110 2519 3181 subj
2527 3126 2691 3165 acere
2704 3106 3388 3164 censemus.0bedientes
3399 3122 3502 3162 vos
3512 3120 3648 3162 vero

1414 3164 1644 3270 δίδίυέδ
1684 3164 1875 3221 Ε⁰⁰¹θ’
1908 3184 1951 3249 C
1988 3164 2693 3270 monitisnostris‘gratia
2719 3196 2915 3252 divina
2942 3195 3253 3252 custodiat.

2058 3288 2204 3343 Data
2222 3288 2429 3359 Capuae
2461 3290 2661 3342 octavo
2684 3284 2976 3339 Kalendas
3010 3282 3360 3339 Decembris.

1990 3492 2198 3551 Urbani
2225 3492 2277 3546 II
2296 3505 2463 3563 papa:
2498 3398 3218 3563 epistolaxaltlvlticherium,
3278 3485 3649 3563 archiepisco—

2052 3580 2187 3636 pum
2235 3556 2615 3641 Senonensém.
2650 3592 2735 3641 ——_
2773 3561 3011 3641 (regem:
3068 3556 3649 3641 episcOpumﬂm-no-

2056 3628 2260 3690 tensem
2317 3634 2409 3688 illi
2456 3632 2796 3689 commendat
2853 3628 3210 3701 Gaufredum',
3245 3628 3329 3684 ἐἰ
3390 3628 3653 3685 invadere

2056 3708 2425 3830 episcopatum
2480 3703 2795 3772 tentaverit,
2869 3702 3393 3758 unathematizatum
3459 3700 3645 3756 decla-

2058 3794 2120 3830 να
2153 3818 2165 3830 .

2058 3794 2165 3832 rut.

2609 3864 2797 3935 (Anno
2824 3862 3008 3932 1090.)

2427 3970 2656 4041 [MANSI,
2692 3968 2896 4024 Coneil.
2927 3966 3038 4032 XX,
3062 3966 3213 4036 651.]

2056 4086 2320 4150 Quantas
2352 4102 2456 4158 pro
2487 4084 2776 4141 Gaul‘redo
2807 4083 3105 4156 quondam
3132 4080 3407 4153 episcopo
3436 4080 3648 4136 Carno-

1986 4175 2171 4231 tensis
2203 4173 2469 4230 Ecclesia:
2518 4172 2820 4228 molestias
2870 4170 3244 4236 sustinuerit,
3291 4171 3524 4239 quantae
3577 4169 3649 4224 ad

1987 4263 2367 4336 apostolicam
2400 4262 2600 4318 sedem
2633 4259 2885 4333 querelae
2923 4258 3156 4332 perlatae
3188 4257 3426 4322 fuerint,
3458 4255 3650 4313 delec-

1986 4352 2166 4408 tionis
2197 4356 2309 4407 tuae
2341 4351 2665 4406 strenuitas
2693 4349 3074 4422 recognoscit.
3103 4347 3365 4404 Tandem
3397 4346 3480 4402 rei
3509 4344 3653 4402 veri-

1986 4445 2105 4498 tate
2125 4440 2463 4511 diligentius
2479 4436 3118 4512 perquisita,largiente
3135 4434 3649 4506 Domino,juslitiae

1909 4550 1956 4615 Ι)
1988 4529 2402 4595 satisfecimus,
2436 4533 2494 4584 et
2522 4527 2595 4582 ab
2643 4526 2770 4599 ipso
2818 4526 2878 4581 in
2923 4524 3141 4581 nostris
3189 4523 3465 4580 manibus
3521 4523 3649 4579 sine
3752 4538 3761 4546 κ

1987 4618 2303 4690 cujuslibet
2331 4622 2530 4673 tenore
2563 4614 2917 4671 conditionis
2948 4614 3323 4686 episcopatus
3358 4612 3651 4667 refutatus

1986 4712 2094 4763 est.
2129 4706 2390 4761 Tandem
2423 4705 2495 4760 ad
2527 4709 2690 4759 tuam
2721 4703 3144 4759 fraternitatem
3178 4700 3398 4773 scripta
3441 4697 3649 4755 direxi-

1985 4811 2141 4861 mus,
2177 4794 2257 4850 rei
2291 4797 2468 4866 gestaa
2528 4792 2792 4848 ordinem
2846 4790 3195 4859 indicantes,
3258 4794 3318 4845 et
3364 4792 3431 4843 ut
3477 4791 3648 4842 tuum

1987 4883 2449 4939 Caruotensibus
2480 4881 2550 4937 ad
2585 4880 2920 4954 eligendum
2950 4885 3007 4935 et
3023 4877 3489 4934 consecrandum
3504 4875 3653 4930 anti-

1987 4972 2183 5029 stitem
2225 4970 2511 5028 auxilium
2567 4969 2968 5026 contribueres
3020 4965 3373 5038 ﬂagitantes.
3434 4962 3648 5019 Nostra

1987 5063 2186 5134 itaque
2216 5061 2347 5117 fulti
2376 5059 2610 5116 licentia
2637 5062 3018 5114 Carnotenses
3042 5052 3432 5110 venerabilem
3450 5050 3644 5106 virum

1986 5152 2393 5225 presbyterum
2425 5149 2653 5204 Ivonem
2691 5144 2969 5203 canonico
2992 5143 3197 5199 ordine
3217 5141 3276 5196 in
3302 5140 3644 5213 episcopum

1986 5241 2304 5315 elegerunt.
2339 5238 2482 5293 Cum
2515 5241 2713 5292 autem
2744 5253 2778 5291 a
2803 5239 2861 5291 te
2890 5230 3346 5290 consecrationis
3392 5229 3641 5303 gratiam

1986 5346 2090 5403 pro
2123 5334 2283 5385 more
2320 5324 2588 5383 Ecclesia:
2648 5325 3009 5398 petivissent,
3038 5327 3141 5378 tua
3197 5319 3535 5377 fraternitas
3590 5319 3645 5376 ei

1989 5435 2231 5475 manum
2270 5416 2569 5490 imponere
2600 5412 2905 5470 recusavit.
2932 5413 3017 5468 Ad
3034 5428 3141 5467 nos
3171 5409 3352 5483 igitur
3379 5408 3526 5482 ipsis
3547 5424 3646 5464 ve-

1985 5507 2305 5574 nientibus,
2336 5509 2393 5562 et
2448 5501 2903 5561 consecrationis
2960 5498 3495 5574 ejusdemfgratiam
3538 5496 3639 5553 de-

1985 5596 2385 5678 poscentibus,
2417 5610 2525 5654 nos
2558 5592 2658 5673 qui
2688 5591 2797 5655 viri
2843 5590 3185 5671 religionem
3228 5589 3356 5668 jam
3414 5586 3642 5655 dudum
