3998 6158
437 301 553 359 327

423 521 707 596 .petitioni
759 521 932 593 justas
975 519 1177 576 deesse
1234 517 1623 590 nequivimus.
1679 520 2091 573 Consecratum

436 610 623 684 igitur
652 626 788 665 cum
821 608 982 665 salva
1008 612 1119 664 tuae
1152 606 1419 663 Ecclesiae
1451 605 1780 663 obedientia
1800 604 2092 661 remitten-

437 705 552 770 tes,
610 697 943 756 dilectionis
1001 701 1112 753 tuae
1174 695 1544 751 dulcedinem
1595 695 1983 769 postulamus,
2029 696 2094 750 ut

435 789 598 847 omni
627 787 750 844 litis
779 787 978 843 fomite
1010 784 1336 856 consOpito,
1359 784 1719 858 benignitate
1733 800 1868 841 eum
1898 782 2095 840 debita

436 874 868 951 complecteris,
927 878 986 929 et
1041 873 1114 928 ad
1172 871 1437 928 Ecclesiae
1493 872 1754 946 regimen
1810 871 2090 928 auxilium

436 970 604 1023 tuum
629 963 681 1021 ei
709 962 998 1036 largiaris.
1058 961 1234 1017 Porro
1266 961 1646 1030 Gaut‘redum,
1682 961 1731 1016 si
1791 961 2091 1034 episcopa-

435 1059 561 1111 tum
592 1052 884 1117 invadere,
942 1054 1042 1106 aut
1069 1048 1391 1106 Ecclesium
1440 1050 1715 1107 infestare
1763 1049 2089 1122 tentaverit,

429 1141 626 1216 ipsum
664 1139 970 1213 ipsiusque
999 1139 1255 1196 fautores
1288 1139 1648 1196 anathemati
1670 1139 1973 1211 subjacere
1992 1138 2090 1195 de-

432 1228 743 1287 crevimus.

503 1321 651 1376 Data
679 1319 888 1391 Capuae
920 1316 1172 1390 septimo
1206 1314 1501 1372 Kalendas
1532 1316 1889 1373 Decembris.

1167 1403 1359 1461 XLVI.

437 1498 642 1557 Urbani
668 1498 722 1553 II
745 1496 973 1568 cpistola
1006 1494 1076 1551 ad
1136 1496 1506 1550 .Jltmannum
1562 1494 1944 1549 Patavicnsem
1973 1495 2088 1567 cpi-

1133 1582 1373 1638 scopum.

880 1637 1131 1710 (Fragm.
1168 1636 1232 1678 ἐ
1263 1640 1429 1692 Anno
1462 1636 1646 1707 1090.)

507 1729 651 1796 [Vita
678 1727 965 1783 Altmanni
982 1742 1074 1799 ap.
1108 1726 1393 1796 Bonmn‘n,
1421 1729 1463 1780 t.
1500 1725 1569 1794 ΙΙ,
1602 1731 1751 1798 Aug.
1776 1741 1831 1797 p.
1869 1726 2014 1794 474.]

1737 295 1807 357 B.
1856 291 2152 359 UltBANI
2199 294 2249 355 Il
2300 292 2547 356 PAPIE.

435 434 873 499 noveramus,et
898 428 1070 502 cujus
1102 428 1360 504 eligendi
1390 426 1685 486 licentiam
1718 428 2088 497 dederamus,
2121 431 2176 495 Α

3727 290 3858 354 328

2770 423 2999 482 CAPUT
3038 423 3281 482 XLVIII.

2312 518 2559 574 Urbanus
2586 518 2637 572 ΙΙ
2684 510 3041 587 parthcnonis
3072 514 3128 570 S.
3162 516 3350 587 Crucis
3378 516 3740 571 Pictaviensis

2673 586 3033 659 possessiones
3062 586 3369 657 conﬁrmat.

2820 693 3009 764 (Anno
3043 691 3224 763 1091.)

2379 783 2668 852 [MABILL.,
2701 782 2902 837 Annal.
2935 781 3052 836 0rd.
3086 781 3140 837 S.
3172 780 3370 837 Bened.
3403 779 3472 848 V,
3503 780 3654 851 282.]

2270 889 2616 946 Pictaviensi
2649 889 2872 945 Sanctis
2929 888 3130 944 Crucis
3183 885 3553 945 nobilissimo
3609 887 3851 960 parthe-

2201 979 2337 1035 noni
2368 981 2501 1050 post
2520 976 2892 1034 Petronillam
2943 977 3303 1033 abbatissam
3334 976 3568 1049 praefuit
3597 976 3849 1044 Adelais,

2204 1084 2331 1140 qua:
2363 1067 2436 1123 ab
2486 1066 2716 1122 Urbano
2762 1066 2823 1122 ἸΙ
2854 1065 3011 1121 sedis
3064 1064 3395 1138 apostolica:
3451 1064 3759 1121 tuitionem
3777 1070 3854 1122 et

2200 1156 2699 1225 confirmationem
2735 1155 3174 1228 possessionum
3205 1152 3477 1220 obtinuit,
3529 1154 3852 1226 diplomate

2199 1246 2333 1301 dato
2365 1244 2670 1301 Beneventi
2702 1260 2805 1315 per
2826 1260 3065 1299 manum
3095 1243 3340 1299 Joannis
3362 1244 3418 1300 S.
3446 1241 3510 1297 R.
3533 1243 3596 1299 E.
3615 1242 3851 1300 diaconi

2199 1333 2535 1399 cardinalis,
2560 1350 2616 1388 ιν
2646 1332 2769 1388 Kal.
2796 1331 3031 1404 Aprilis,
3066 1348 3217 1387 anno
3247 1331 3561 1387 Dominicis
3583 1336 3850 1388 incarna-

2199 1423 2378 1479 tionis
2402 1423 2564 1491 1094,
2599 1423 2971 1494 pontificatus
3002 1420 3216 1476 Urbani
3240 1439 3394 1477 anno
3424 1438 3497 1477 ιν.
3530 1421 3647 1476 Sub
3670 1421 3846 1477 linem

2199 1511 2538 1583 diplomatis
2560 1512 2921 1568 abbatissam
2947 1514 3004 1566 et
3024 1527 3251 1566 sorores
3273 1515 3604 1566 commonet
3630 1514 3693 1565 ut
3711 1526 3849 1582 apo-

2198 1599 2414 1656 stolicis
2447 1599 2995 1672 sedisbenignitati
3045 1600 3263 1655 sanctis
3319 1598 3546 1655 actibus
3604 1614 3845 1671 respon-

2197 1688 3019 1763 deant,regularisdisciplinze
3035 1688 3503 1745 institutionibus
3523 1687 3845 1744 studiosius

508 1776 544 1796 ι.
571 1776 648 1785 η-
985 1776 1074 1799 ηπ-
1110 1776 1393 1796 nm”,
1429 1776 1462 1780 --
1602 1776 1750 1798 ---σ-
1778 1776 1831 1797 τ-
1878 1776 1922 1781 --
3266 1776 3277 1787 .
3504 1776 3514 1786 .
3636 1776 3646 1787 .
3690 1776 3701 1787 .

505 1817 782 1874 Uamvs
812 1814 1150 1887 episcopus.
1196 1830 1398 1871 servus
1430 1828 1729 1870 servorum
1767 1813 1892 1881 Dei.
1949 1814 2089 1870 ειη·
2117 1795 2164 1861 Β
2197 1776 3843 1887 fi??‘_?.‘i‘im.‘3’ff_“‘lEt???_$l‘3f§'f‘f‘.f‘fl$_vl§‘1‘f?'

433 1905 670 1962 rissimo
700 1904 864 1960 fratri
891 1905 1229 1969 ALTMANNO,
1254 1902 1526 1975 episcopo
1544 1902 1903 1972 ’Pataviensi,
1928 1901 2084 1959 salu-

431 1998 638 2051 temet
658 1991 1038 2066 apostolicam
1066 1991 1550 2048 benedictionem.

499 2077 913 2138 Strenuitatem
945 2084 1108 2136 tuam
1140 2080 1197 2135 in
1233 2080 1333 2136 Dei
1393 2081 1569 2135 rebus
1598 2084 1656 2135 et
1700 2068 1967 2137 Ecclesiae
1998 2079 2083 2136 la-

426 2170 675 2228 boribus
698 2170 1029 2236 audientes,
1064 2169 1122 2224 in
1174 2168 1420 2225 Domino
1451 2170 1817 2241 gaudemus;
1846 2173 1903 2225 et
1954 2169 2084 2225 ideo

432 2276 639 2334 preces
668 2263 894 2315 vestras
916 2258 974 2313 in
1006 2258 1101 2313 his
1132 2272 1260 2329 quae
1288 2262 1491 2314 contra
1515 2274 1735 2315 morem
1759 2262 1971 2314 nostrae
2001 2258 2085 2312 vi-

434 2350 648 2405 dentur
670 2345 1344 2415 Ecclesiae,-audivimus,
1369 2353 1475 2403 etc.

1145 2434 1357 2490 XLVII.

435 2527 641 2585 Urbani
649 2528 717 2598 11
738 2526 963 2598 epistola
993 2524 1063 2580 ad
1101 2525 1405 2598 Lansoncm
1433 2531 1488 2580 et
1518 2524 1811 2598 Rodat/am
1838 2524 2080 2598 abbates,

498 2603 551 2653 et
572 2595 971 2653 ‘Adalbe'ronem
1022 2597 1423 2667 primicerium.
1459 2626 1528 2635 ——
1583 2595 1881 2666 Conﬁrmat
1936 2596 2081 2650 elec-

500 2672 701 2724 tionem
731 2668 976 2723 Metensis
1004 2668 1240 2738 episcopi
1267 2667 1336 2721 ab
1364 2668 1444 2721 eis
1471 2668 1697 2737 factam.

1036 2755 1225 2825 (Anno
1256 2754 1415 2809 4091.

860 2826 1093 2896 [MANSI,
1129 2826 1332 2881 Concil.
1367 2826 1485 2894 ΧΧ,
1508 2826 1657 2895 705.]

504 2916 785 2972 Uasanus
816 2914 1145 2987 episcopus,
1177 2930 1381 2970 servus
1403 2930 1702 2970 servorum
1725 2913 2082 2981 Dei,dilectis

430 3006 491 3061 in
523 3003 723 3061 Chisto
749 3003 887 3059 ﬁliis
918 3002 1188 3070 LANZONI,
1226 3003 1492 3059 Ronuu‘o
1537 3003 1875 3071 abbatibus,
1900 3004 2083 3059 Δολι-

428 3109 636 3150 aanom
667 3093 1020 3166 primicerio,
1054 3091 1501 3159 archidiaconis,
1533 3098 1591 3147 et
1638 3093 1797 3147 omni
1828 3092 2079 3148 catholi-

427 3200 493 3239 co
526 3159 806 3238 Metensis
835 3159 1103 3236 Ecclesiae
1162 3179 1315 3236 clero
1369 3196 1435 3236 ac
1472 3181 1686 3253 populo
1738 3180 1987 3237 salutem
2019 3186 2078 3238 et
2111 3159 2153 3227 (ἶ

427 3268 805 3343 apostolicam
837 3267 1326 3324 benedictionem.

497 3358 857 3426 Gaudemus,
891 3357 994 3412 filii
1026 3357 1085 3412 in
1115 3357 1350 3413 Christo
1384 3355 1744 3422 charissimi,
1780 3358 1919 3430 quia
1974 3375 2078 3415 vos

425 3446 697 3522 gaudetis
726 3446 783 3502 in
817 3447 1064 3502 Domino
1092 3446 1230 3518 quia
1260 3445 1557 3502 catholicae
1584 3447 1716 3503 fidei
1749 3448 2077 3521 lucernam,

425 3552 553 3607 quae
586 3535 647 3590 in
677 3533 1031 3590 Herimanno
1062 3538 1272 3590 sancta:
1305 3535 1598 3591 memorias
1620 3526 1946 3608 permansit
1964 3536 2081 3608 epi-

424 3639 620 3695 scopo,
672 3623 924 3678 necdum
977 3622 1262 3678 exctincta
1291 3627 1413 3692 est;
1474 3625 1615 3696 quia
1663 3626 2076 3698 prmdecessori

425 3711 576 3767 bono
622 3725 1024 3767 successorem
1057 3710 1417 3783 probabilem
1464 3712 1820 3784 providistis.
1854 3714 1924 3769 Et
1971 3731 2077 3770 nos

424 3799 605 3873 igitur
630 3798 800 3856 bonis
828 3799 974 3854 votis
1000 3799 1211 3854 vestris
1241 3800 1421 3855 robur
1448 3806 1795 3872 preestantes
1823 3803 2075 3858 auctori-

424 3886 560 3943 tatis
590 3885 919 3958 apostolicaa
942 3885 1328 3954 devotionem,
1364 3893 1421 3944 et
1449 3888 1792 3945 electionem
1818 3896 2074 3949 vestram

423 3973 634 4031 litteris
665 3974 1063 4047 praesentibus
1094 3976 1508 4048 approhamus.
1571 3977 1793 4034 Vestris
1844 3997 2075 4054 quoque

420 4062 917 4137 postulationibus
947 4080 1257 4120 assensum
1286 4064 1663 4135 conferimus,
1684 4070 1748 4122 ut
1773 4070 1948 4124 vestri
1979 4062 2091 4127 in-'

423 4153 591 4209 tersit
611 4152 862 4220 arbitrii,
895 4170 929 4208 a
977 4153 1193 4225 quibus
1225 4153 1599 4226 potissimum
1631 4156 1944 4215 catholicis
1975 4161 2072 4217 de-

421 4241 554 4297 beat
599 4240 890 4313 episcopis
920 4243 1269 4299 eonsecrari.
1306 4242 1451 4299 Illud
1510 4261 1651 4301 sane
1680 4245 1840 4301 omni
1899 4252 2072 4305 modo

422 4328 839 4399 requirendum
882 4335 974 4386 est
1034 4336 1232 4386 utrum
1281 4348 1385 4403 per
1413 4349 1657 4387 manum
1713 4334 2073 4395 Trevirensis

419 4414 582 4472 illius
613 4416 753 4472 dicti
772 4417 1117 4489 arehiepisc.
1144 4417 1473 4475 Simoniace
1496 4419 1666 4475 fuerit
1690 4421 1747 4475 in
1768 4422 2069 4482 diaconem

2195 1867 2486 1923 anhelent.
2521 1866 2735 1923 Eodem
2764 1865 3081 1938 diplomate
3112 1865 3317 1921 statuit
3336 1865 3612 1938 pontifex,
3641 1870 3706 1920 ut
3725 1865 3849 1921 col-

2191 1956 2404 2028 legiate
2460 1956 2522 2011 Β.
2584 1955 2959 2028 Radegundis
3037 1953 3285 2011 ecclesia
3341 1955 3564 2010 Sanctae
3639 1954 3848 2010 Crucis

2194 2044 2461 2117 regimini
2494 2045 2553 2099 in
2582 2048 2948 2116 perpetuum,
2978 2043 3062 2098 uti
3087 2048 3275 2113 antea,
3310 2043 3626 2114 subjaeeat.
3678 2043 3848 2108 Quod

2185 2134 2310 2204 jam
2361 2132 2524 2205 prius
2555 2132 2901 2188 definierunt
2932 2136 3173 2187 Amatus
3221 2130 3537 2187 Ellorensis
3565 2135 3623 2186 et
3675 2131 3849 2204 Hugo

2192 2222 2425 2277 Diensis
2456 2221 2736 2294 episcopi,
2770 2219 3099 2293 apostolicae
3132 2220 3290 2276 sedis
3316 2218 3579 2291 legati,in
3595 2220 3848 2276 concilio

2193 2310 2581 2378 Santonensi;
2618 2311 2891 2381 idemque
2946 2308 3259 2381 Gregorius
3316 2308 3417 2363 VII
3456 2307 3666 2363 litteris
3716 2309 3848 2365 suis

2193 2400 2652 2466 conﬁrmaverat,
2684 2397 2914 2472 Hugoni
2947 2400 3004 2453 et
3049 2396 3269 2453 caeteris
3300 2394 3526 2453 clericis
3572 2397 3845 2467 ejusdem

2191 2488 2446 2545 ecclesiae
2480 2486 2795 2560 inscriptis.

2786 2601 3013 2658 CAPUT
3052 2600 3245 2656 XLIX.

2196 2692 2402 2749 Urbani
2456 2692 2510 2747 II
2571 2692 2801 2764 epistola
2859 2691 2930 2746 ad
2985 2690 3849 2764 Romualdumwlllonopolitanzz

2262 2764 2519 2820 Ecclesia
2557 2761 2883 2835 episcopum.
2940 2793 3036 2835 -—__
3065 2763 3149 2816 Ex
3202 2761 3423 2835 concilii
3476 2761 3851 2835 Beneventani

2261 2836 2529 2889 sententia
2564 2833 2962 2906 iépiscbpatumi
2987 2833 3451 2906 Nonopolitanum
3480 2848 3607 2906 non
3652 2834 3846 2906 Eccle-

2260 2907 2362 3031 szl'ee
2386 2904 2760 3031 B‘rundasinz
2787 2904 2879 2961 sed
2936 2905 3194 2961 Romana:
3234 2904 3351 2960 sedi
3404 2904 3702 2975 subiectum
3748 2904 3847 2961 de-

2261 2994 2290 3031 c
2313 2994 2415 3031 ara
2442 3019 2454 3031 .

2261 2984 2454 3033 claret.

2817 3066 3006 3137 (Anno
3041 3064 3222 3137 1091.)

2616 3153 2847 3226 [ΜΑΝει,
2883 3153 3088 3209 Concit.
3118 3153 3233 3221 XX,
3262 3153 3412 3225 739.]

2258 3270 2536 3326 Unsmus
2566 3269 2896 3343 episcopus,
2924 3285 3126 3325 servus
3156 3284 3455 3325 servorum
3486 3268 3605 3336 Dei,
3629 3267 3845 3326 dilecto

2189 3358 2353 3415 fratri
2388 3358 2730 3429 ROMUALDO,
2764 3357 3207 3431 Monopolitanae
3238 3357 3502 3414 Ecclesiae
3540 3357 3838 3432 episcopo,

2189 3448 2433 3520 suisque
2463 3447 2901 3504 successoribus
2958 3447 3232 3504 canonice
3290 3446 3721 3505 substituendis
3776 3449 3842 3505 in

2188 3540 2561 3610 perpetuam.

2255 3630 2565 3682 Sacrorum
2588 3642 2881 3682 canonum
2912 3629 2968 3682 et
2996 3626 3362 3683 decretorum
3408 3626 3843 3697 pontificalium

2185 3714 2450 3787 deposcit
2478 3713 2793 3771 auctoritas
2824 3721 2889 3770 ut
2919 3716 3172 3787 majores
3205 3712 3595 3770 Ecclesiarum
3644 3731 3842 3771 causa:

2185 3802 2514 3875 apostolica:
2539 3803 2698 3859 sedis
2722 3804 2948 3875 judicio
2970 3805 3379 3871 terminentur,
3431 3803 3526 3859 cui
3550 3818 3661 3859 nos
3704 3803 3847 3860 licet

2182 3892 2408 3966 indigni
2456 3892 2664 3947 divinae
2719 3893 3119 3965 dispositionis
3170 3892 3410 3949 arbitrio
3457 3892 3842 3965 praesidentes

2182 3982 2446 4037 eamdem
2467 3981 2918 4038 sollicitudinem
2954 3982 3238 4038 universis
3269 3999 3370 4054 per
3406 3982 3611 4037 orbem
3642 3980 3841 4038 Eccle-

2182 4070 2672 4143 siis,proutnobis
2684 4070 3081 4144 apostolorum
3094 4088 3338 4127 suorum
3352 4070 3560 4126 divina:
3574 4070 3841 4143 dignatio

2182 4160 2508 4232 majestatis
2538 4160 2687 4216 scire
2730 4165 2787 4215 et
2841 4176 3017 4232 posse
3048 4160 3355 4232 impendit,
3407 4160 3827 4232 impendimus.

2180 4249 2326 4305 Cum
2356 4264 2492 4322 ergo
2523 4252 2834 4320 praestante
2878 4249 3123 4304 Domino
3181 4248 3605 4305 lncarnationis
3634 4248 3838 4304 Domi-

2182 4337 2321 4393 nicis
2354 4354 2508 4394 anno
2542 4336 2668 4393 1091
2710 4337 2987 4409 synodale
3003 4337 3315 4394 concilium
3338 4337 3397 4392 in
3422 4337 3831 4394 Beneventana

2178 4431 2333 4483 esset
2361 4425 2617 4481 Ecclesia
2647 4427 2757 4482 sub
2789 4430 2989 4482 nostra
3040 4427 3353 4499 praesentia
3380 4430 3829 4498 congregatum,

420 4504 746 4561 ordinatus.
780 4505 1075 4577 Quidquid
1104 4508 1261 4562 enim
1292 4508 1363 4563 ab
1410 4525 1477 4564 eo
1508 4510 1962 4570 extraordinarie
1992 4516 2081 4572 in-
2110 4522 2158 4588 Β
2188 4520 2246 4572 et
2274 4516 2553 4571 adversus
2587 4515 3005 4570 fraternitatem
3036 4520 3198 4570 tuam
3257 4514 3686 4582 Brundusinus,
3730 4529 3837 4570 seu

419 4592 711 4666 digneque
743 4594 1022 4666 suscepit,
1055 4612 1162 4652 nos
1192 4597 1376 4651 sancti
1409 4597 1664 4669 Spiritus
1686 4600 1912 4670 judicio
1941 4603 2077 4660 irri-

420 4686 547 4738 tum
579 4698 706 4740 esse
738 4699 1065 4753 censemus,
1098 4688 1163 4739 ut
1209 4685 1443 4741 eosdem
1473 4686 1708 4743 ordines
1759 4689 1832 4745 ab
1881 4691 2076 4765 aliquo

419 4771 701 4830 sortiatur
750 4771 1024 4845 episcopo
1054 4772 1337 4829 catholico
1380 4776 1665 4846 praesenti
1726 4781 2069 4838 auctoritate

408 4860 811 4934 praecipimus.
846 4860 1004 4917 Talis
1051 4863 1210 4917 enim
1268 4862 1587 4935 ordinator,
1620 4881 1755 4921 cum
1788 4866 1933 4924 nihil
1964 4871 2068 4926 ha-

416 4949 632 5017 buerit,
664 4950 801 5006 dare
826 4949 971 5005 nihil
1004 4951 1213 5023 potuit.
1252 4950 1360 5007 Vos
1390 4952 1589 5023 itaque
1621 4952 1724 5009 lilii
1761 4955 1819 5010 in
1839 4957 2070 5014 Christo

419 5038 1150 5111 charissimi,perseVerate
1171 5038 1232 5094 in
1263 5038 1356 5094 his
1378 5057 1506 5111 quis
1536 5058 1571 5097 a
1601 5046 2070 5105 reverentissimo

416 5127 708 5184 confratre
740 5131 959 5197 nostro,
995 5143 1151 5183 nunc
1208 5127 1551 5201 angelorum
1606 5132 1851 5203 concivi,
1904 5135 2069 5192 Heri-

418 5230 636 5271 manno
658 5215 931 5290 episeopo
961 5216 1273 5273 didicistis.
1305 5217 1473 5291 Agite
1502 5233 1630 5290 qua:
1687 5221 1880 5293 agitis,
1930 5225 2070 5296 quia

419 5302 706 5376 serpentis
732 5309 906 5377 caput
928 5304 1290 5362 calcantibus
1312 5312 1527 5363 aeterna
1544 5325 1577 5363 a
1593 5307 1842 5367 Domino
1856 5328 2069 5372 corona

394 5392 795 5465 .przsbebitur.
830 5395 958 5466 Ipse
985 5412 1089 5451 vos
1111 5413 1225 5453 sua.
1241 5396 1431 5469 gratia
1450 5395 1701 5453 fideliter
1719 5405 1941 5459 certare
1969 5404 2070 5460 tri-

420 5481 579 5547 buat,
611 5484 667 5536 et
696 5483 895 5538 interni
922 5485 1249 5542 mercedem
1278 5485 1459 5543 bravii
1491 5485 1784 5560 dignetur.

491 5569 638 5633 Data
662 5573 973 5631 Beneventi
1008 5573 1280 5633 Kalendis
1310 5574 1626 5638 Februarii.

2187 4604 2463 4660 Oritanus
2510 4608 2966 4676 conquereretur
3020 4604 3350 4676 episcOpus,
3410 4609 3470 4658 et
3500 4608 3613 4658 tua;
3672 4601 3837 4658 illius

2186 4692 2452 4750 Ecclesia:
2502 4693 2867 4749 munimenta
2924 4698 3227 4765 perspecta
3285 4698 3444 4749 sunt.
3503 4690 3724 4759 Quibus
3774 4691 3836 4747 in

2181 4786 2492 4855 conspectu
2545 4786 2742 4838 nostro
2774 4781 3004 4837 concilii
3039 4782 3290 4837 universi
3348 4780 3704 4853 diligentiori
3741 4780 3834 4835 in-

2179 4872 2390 4943 dagine
2421 4871 2757 4943 perquisilis
2788 4888 2823 4926 a
2850 4869 3283 4926 venerabilibus
3303 4871 3519 4925 nostris
3538 4869 3833 4941 episcopis

2180 4959 2653 5033 presbyterisque
2684 4959 3083 5015 cardinalibus
3104 4958 3505 5029 adjudicatum
3528 4962 3617 5013 est
3633 4957 3832 5012 Mono-

2179 5047 2497 5121 politanam
2519 5034 2837 5104 Ecclesiam
2878 5047 3085 5118 majori
3119 5048 3471 5119 scriptorum
3525 5045 3830 5119 pontifica-

2178 5136 2325 5192 lium
2357 5136 2701 5192 auctoritate
2738 5135 2944 5191 fultam
2976 5135 3362 5191 Brundusium
3392 5134 3658 5191 Ecclesiae
3689 5134 3833 5189 sub-

2170 5225 2485 5298 jectionem
2517 5228 2574 5280 et
2600 5225 2993 5281 obedientiam
3026 5243 3142 5281 non
3174 5224 3400 5280 debere.
3435 5224 3693 5288 Quorum
3717 5240 3828 5280 nos

2178 5313 2529 5371 sententiam
2562 5315 2949 5387 approbantes
2990 5319 3201 5371 nostra;
3233 5313 3595 5370 auctoritatis
3623 5312 3834 5370 robore

2178 5402 2671 5467 conﬁrmavimus,
2700 5406 2759 5458 et
2788 5420 2891 5475 per
2916 5404 3218 5476 praesentis
3248 5401 3532 5475 privilegii
3552 5401 3831 5474 paginam

2177 5497 2231 5549 te
2260 5496 2508 5564 tuosque
2538 5507 2906 5549 successores
2938 5492 3011 5549 ab
3042 5492 3293 5551 Oritanie
3325 5508 3425 5548 seu
3445 5490 3831 5548 Brundusium

2176 5579 2444 5645 Ecclesiae
2486 5580 2844 5657 subjectione
2871 5580 3086 5644 liberos
3117 5582 3228 5641 sub
3259 5580 3444 5641 solius
3488 5578 3830 5657 apostolica
