3988 6164
136 289 271 361 329

1340 288 1747 359 EPISTOL/E
1792 290 1895 353 ET
1935 291 2412 361 PRIVILEGIA.

3455 287 3577 355 330

140 420 303 477 sedis
334 419 677 476 obedientia
707 419 765 477 in
797 426 1145 497 perpetuum
1178 439 1519 495 permanere
1550 424 1809 480 decemi-
1838 428 1895 495 Α
1924 424 2251 480 accolarum
2286 422 2494 479 raritas
2528 440 2640 479 non
2687 426 2963 489 meretur,
3011 420 3433 481 monasterium
3483 426 3573 477 ta-

140 526 299 579 mus,
330 514 668 566 statuentes
694 516 761 567 ut
785 528 1134 585 quacunque
1158 511 1594 584 Monopolitana
1614 512 1802 567 Eccle-

139 599 229 655 sia
260 599 559 656 hactenus
579 599 743 671 juste
763 602 1044 672 possedit,
1067 607 1169 658 aut
1189 602 1361 658 hodie
1382 600 1661 674 possidet,
1685 600 1805 657 sive

138 687 195 742 in
226 688 567 743 crastinum
583 689 745 760 juste
763 692 935 762 atque
955 690 1236 746 canonice
1260 690 1469 762 poterit
1485 688 1725 761 adipisci
1743 689 1800 744 in

139 775 428 843 castellis,
465 776 639 846 villis,
672 777 854 846 silvis,
884 778 945 834 in
987 777 1269 845 ecclesiis,
1319 777 1381 832 in
1432 777 1805 833 monasteriis

136 865 241 920 tibi
273 866 525 939 tuisque
555 867 998 923 successoribus
1023 866 1339 941 episcopali
1362 867 1497 940 jure
1526 866 1801 940 regenda,

140 952 522 1026 disponenda
549 971 616 1011 ac
643 955 998 1027 possidenda
1030 957 1203 1012 ﬁrma
1238 959 1295 1010 et
1342 955 1567 1011 illibata
1617 954 1803 1027 persi-

140 1045 317 1110 stant,
336 1042 509 1099 salva
524 1042 584 1098 in
601 1044 876 1101 omnibus
896 1045 1169 1100 Romana:
1191 1049 1248 1100 et
1268 1044 1595 1118 apostolicae
1608 1042 1800 1099 Eccle-

140 1132 238 1187 sie
283 1132 638 1189 reverentia.
691 1132 954 1190 Obeunte
999 1138 1077 1202 te,
1125 1133 1211 1190 vel
1259 1137 1497 1190 tuorum
1544 1131 1807 1205 quolibet

138 1220 745 1288 successorum,clero
758 1238 911 1295 popu
922 1221 1091 1295 loque
1106 1221 1539 1295 Monopolitano
1554 1221 1801 1278 facultas

139 1310 231 1375 sit,
261 1314 507 1366 semota
534 1311 695 1366 omni
721 1311 1023 1384 pravitate,
1046 1312 1386 1384 episcopum
1409 1310 1683 1366 canonice
1705 1308 1803 1365 eli-

138 1398 340 1471 gendi,
379 1398 607 1456 electus
636 1404 832 1457 autem
864 1417 897 1456 a
920 1400 1181 1457 Romano
1202 1400 1476 1473 pontiﬁce
1497 1404 1798 1455 consecra-

136 1486 315 1543 bitur.
352 1487 515 1544 Sane
564 1488 611 1544 si
660 1487 795 1561 quis
842 1488 903 1545 in
950 1488 1276 1547 crastinum
1323 1487 1800 1561 archiepiscopus

137 1580 231 1631 aut
259 1577 611 1649 episcopus,
644 1576 965 1651 imperator
993 1582 1095 1634 aut
1118 1595 1233 1645 rex,
1257 1578 1528 1651 princeps
1542 1576 1797 1641 autdux,

136 1681 337 1721 comes
370 1672 475 1721 aut
504 1666 848 1732 vicecomes,
874 1667 1056 1738 judex
1084 1670 1187 1723 aut
1233 1682 1482 1739 persona
1527 1664 1801 1737 quaelibet

138 1770 363 1828 magna
390 1754 483 1812 vel
515 1771 710 1828 parva,
743 1761 949 1828 potens
980 1760 1082 1812 aut
1112 1756 1425 1829 impotens,
1477 1755 1656 1825 hujus
1693 1770 1795 1809 no-

1913 530 2045 569 men
2080 511 2163 568 illi
2197 513 2432 579 habere,
2492 517 2549 568 et
2576 512 2758 569 totius
2782 512 2989 571 insulae
3040 510 3334 568 ambitum
3383 508 3570 585 possi-

1911 603 2047 658 dere
2076 606 2377 675 praesentis
2406 602 2630 675 paginae
2649 603 2991 659 auctoritate
3007 600 3331 659 sancimus.
3374 601 3571 674 Ipsum

1911 690 2088 746 etiam
2140 691 2586 761 monasterium,
2637 691 2731 746 cui
2780 690 3112 747 fraternitas
3152 694 3278 759 tua,
3330 694 3569 747 auctore

1912 779 2180 849 Domino,
2212 780 2505 854 praesidet,
2537 779 2595 835 in
2628 781 2690 835 B.
2712 779 3120 838 Bartholomzei
3143 779 3363 838 honore
3382 784 3440 836 et
3460 795 3566 836 no-

1912 869 2070 924 mine
2101 873 2526 937 consecratum,
2577 868 2636 924 in
2684 869 2741 924 S.
2802 869 2867 924 R.
2916 872 2974 925 et
3023 867 3352 941 apostolicae
3410 867 3570 927 sedis

1910 957 2224 1015 favendum
2254 958 2490 1031 speciali
2509 958 2865 1031 protectione
2881 956 3263 1030 suscipimus.
3302 957 3411 1013 Per
3431 973 3570 1030 prae-

1910 1052 2135 1103 sentem
2166 1047 2350 1121 igitur
2379 1047 2564 1104 nostri
2595 1046 2883 1120 privilegii
2914 1045 3188 1120 paginam
3246 1045 3569 1119 apostoiica

1910 1135 2253 1193 auctoritate
2300 1134 2618 1193 statuimus
2666 1140 2731 1191 ut
2778 1151 3143 1208 quaecunque
3188 1133 3361 1190 hodie
3408 1133 3565 1190 idem

1908 1225 2231 1281 caenobium
2255 1226 2418 1297 juste
2446 1226 2725 1298 possidet,
2758 1224 2879 1282 sive
2912 1225 2971 1281 in
3004 1227 3307 1297 posterum
3329 1239 3564 1279 conces-

1908 1313 2070 1369 sione
2100 1313 2466 1387 pontiﬁcum,
2494 1312 2845 1370 liberalitate
2874 1312 3229 1385 principum,
3258 1310 3348 1368 vel
3399 1310 3564 1369 obla-

1907 1402 2064 1458 tione
2109 1402 2390 1471 ﬁdelium,
2434 1404 2598 1475 juste
2637 1408 2811 1476 atque
2859 1401 3136 1458 canonice
3187 1401 3402 1475 poterit
3446 1401 3566 1458 adi-

1906 1490 2074 1564 pisci,
2105 1492 2277 1549 ﬁrma
2321 1491 2425 1548 tibi
2472 1492 2709 1565 tuisque
2753 1489 3191 1548 successoribus
3232 1493 3290 1547 et
3335 1489 3564 1549 illibata

1905 1585 2307 1651 permaneant.
2341 1581 2720 1638 Decernimus
2776 1597 2911 1654 ergo
2975 1584 3043 1636 ut
3090 1577 3237 1635 nulli
3316 1578 3561 1637 omnino

1902 1667 2211 1725 hominum
2234 1668 2405 1726 liceat
2424 1669 2577 1727 idem
2600 1669 2931 1727 coenobium
2951 1673 3171 1726 temere
3191 1667 3559 1741 perturbare,

1903 1762 2005 1812 aut
2033 1758 2083 1814 ei
2128 1759 2394 1815 subditas
2442 1760 2845 1833 possessiones
2891 1758 3137 1825 auferre,
3188 1755 3279 1813 vel
3324 1756 3550 1815 ablatas

136 1842 239 1899 atri
274 1842 574 1917 privilegii
606 1844 878 1918 paginam
912 1846 1126 1913 sciens,
1160 1848 1362 1901 contra
1403 1860 1532 1901 eam
1579 1847 1796 1900 temere
1826 1842 1871 1868 ”
1900 1845 2172 1915 retinere,
2203 1847 2291 1904 vel
2325 1848 2607 1917 minuere,
2650 1847 2737 1905 vel
2776 1845 3104 1903 temerariis
3149 1844 3556 1905 vexationibus

134 1932 335 1989 venire
388 1933 720 2001 tentaverit,
781 1934 1040 1990 secundo
1096 1934 1338 1990 tertiove
1402 1931 1797 1989 commonitus

134 2021 181 2075 si
242 2038 367 2078 non
421 2022 825 2079 satisfactione
879 2040 1139 2096 congrua
1194 2020 1608 2089 emendaverit,
1661 2036 1797 2076 eum

134 2110 387 2165 honoris
418 2111 510 2166 sui
529 2116 588 2167 et
605 2111 779 2167 officii
800 2112 1058 2185 periculo
1082 2113 1386 2183 subjacere
1403 2106 1795 2178 decernimus,

132 2202 189 2252 et
223 2214 257 2254 a
287 2198 507 2255 Christi
541 2203 716 2272 atque
746 2199 1013 2257 Ecclesiae
1044 2216 1284 2273 corpore
1323 2198 1667 2254 auctoritate
1696 2213 1796 2269 po-

132 2288 379 2344 testatis
438 2287 770 2360 apostolicae
828 2304 1254 2363 segregamus;
1315 2284 1799 2343 conservantibus

138 2382 349 2431 autem
380 2393 495 2449 pax
525 2394 559 2432 a
585 2376 723 2444 Deo,
758 2381 815 2433 et
843 2377 1052 2434 merito
1078 2376 1468 2450 praesentibus
1498 2391 1564 2430 ac
1586 2373 1799 2431 futuris

138 2463 382 2520 saeculis
413 2472 807 2522 conservetur.
835 2468 1040 2535 Amen,
1072 2481 1267 2533 amen,
1301 2482 1492 2520 amen.

214 2553 514 2626 Scriptum
575 2570 680 2627 per
738 2570 949 2611 manus
1008 2554 1314 2611 Lanfranci
1377 2553 1588 2609 notarii
1647 2552 1799 2609 sacri

138 2641 370 2714 palatii.

214 2731 435 2789 Datum
468 2732 775 2789 Beneventi
806 2749 909 2805 per
953 2750 1165 2789 manus
1211 2731 1455 2788 Joannis
1506 2731 1564 2787 S.
1616 2731 1683 2785 R.
1736 2729 1795 2786 E.

142 2820 377 2877 diaconi
411 2823 593 2890 card.,
628 2838 781 2877 anno
825 2823 1053 2878 Domini
1103 2822 1327 2878 incarn.
1383 2821 1541 2889 1091,
1595 2820 1796 2875 indict.

144 2926 233 2965 xiv
262 2909 396 2964 Kal.
430 2910 665 2983 Aprilis,
707 2927 860 2969 anno
910 2911 1285 2985 pontiﬁcatus
1317 2910 1381 2966 D.
1434 2909 1648 2965 Urbani
1698 2925 1799 2980 pa-

148 3016 236 3072 pae
267 3001 319 3055 Il
351 3003 582 3071 quarto.

1906 1934 2176 2009 fatigare;
2228 1937 2328 1992 sed
2377 1936 2576 1993 omnia
2622 1937 2851 2010 integra
2896 1938 3315 1991 conserventur
3355 1950 3561 1991 eorum

1906 2040 2009 2096 pro
2042 2041 2293 2097 quorum
2326 2026 2749 2081 sustentatione
2766 2030 2823 2081 et
2838 2023 3259 2099 gubernatione
3280 2039 3560 2081 concessa

1906 2117 2065 2181 sunt,
2099 2113 2305 2169 usibus
2337 2114 2660 2186 profutura.
2693 2112 2954 2169 Obeunte
2982 2116 3036 2167 te
3077 2128 3233 2169 nunc
3281 2111 3555 2195 ejusdem

1904 2199 2013 2255 loci
2047 2201 2276 2267 abbate,
2310 2200 2396 2257 vel
2428 2206 2658 2257 tuorum
2695 2200 2957 2274 quolibet
2987 2216 3415 2267 successorum,
3452 2196 3556 2253 nul

1904 2287 1999 2344 lus
2030 2289 2108 2345 ibi
2139 2289 2400 2362 qualibet
2444 2289 2840 2362 subreptionis
2886 2288 3102 2346 astutia
3147 2287 3235 2344 vel
3286 2286 3561 2343 violentia

1906 2382 2295 2450 praeponatur,
2331 2379 2442 2435 nisi
2475 2395 2649 2452 quem
2679 2378 2890 2433 fratres
2922 2376 3221 2433 communi
3252 2376 3444 2431 favore
3464 2373 3554 2429 vel

1903 2467 2151 2521 fratrum
2180 2484 2316 2539 pars
2347 2466 2572 2523 consilii
2605 2466 2855 2523 sanioris
2886 2465 3148 2539 elegerit,
3183 2463 3405 2520 electus
3450 2480 3553 2523 au-

1904 2560 2020 2611 tem
2055 2556 2126 2611 ad
2154 2554 2320 2613 Rom.
2355 2561 2512 2629 pont.
2543 2556 2975 2612 consecrandus
3006 2554 3258 2611 accedat.
3290 2552 3407 2609 Vos
3439 2552 3550 2608 ita-

1907 2660 2041 2716 que,
2074 2643 2178 2699 ﬁlii
2212 2645 2268 2700 in
2301 2643 2530 2700 Christo
2563 2642 2778 2711 dilecti,
2812 2646 3038 2716 oportet
3067 2630 3352 2715 regularis
3383 2640 3560 2698 disci-

1912 2732 2085 2806 plinae.
2126 2733 2492 2790 institutione
2540 2734 2827 2789 ferventer
2874 2730 3162 2799 insistere,
3223 2736 3281 2787 et
3350 2729 3558 2786 divina;

1910 2821 2054 2895 legis
2086 2827 2371 2895 praecepta
2410 2822 2734 2879 studiosius
2786 2822 3114 2886 observare,
3148 2824 3212 2875 ut
3261 2823 3479 2893 quanto
3528 2836 3562 2875 a

1909 2907 2289 2966 saecularibus
2310 2910 2665 2966 tumultibus
2685 2909 2988 2967 liberiores
3009 2907 3171 2977 estis,
3194 2911 3355 2965 tanto
3377 2905 3560 2963 soler-

1908 2999 2024 3054 tius
2056 2998 2284 3072 placere
2309 2999 2425 3054 Deo
2456 2999 2593 3056 totis
2623 2998 2837 3055 mentis
2867 3002 2925 3055 et
2949 2997 3159 3055 anima:
3183 2996 3405 3055 viribus
3454 3013 3562 3053 an-

1906 3089 2139 3146 hcletis.
2168 3090 2251 3144 Ad
2308 3089 2590 3144 indicium
2642 3092 2839 3144 autem
2888 3092 3170 3161 perceptae
3220 3103 3255 3143 a
3292 3086 3558 3143 Romana

150 3177 404 3236 Urbanus
434 3177 483 3232 II
506 3180 898 3233 monasterium
945 3177 999 3233 S.
1053 3177 1438 3233 Bartholomazi
1482 3178 1541 3231 in
1594 3176 1795 3246 Liparo
1825 3168 1867 3234 C
1908 3178 2165 3234 Ecclesia
2194 3177 2500 3243 libertatis,
2531 3194 2709 3232 unam
2756 3176 2880 3231 auri
2934 3176 3171 3231 unciam
3221 3190 3325 3247 per
3369 3190 3557 3231 annos

228 3248 423 3304 insula
453 3249 711 3304 tuendum
737 3251 966 3321 suscipit
994 3252 1047 3305 et
1082 3251 1199 3320 ejus
1230 3249 1369 3304 bona
1397 3247 1702 3318 conﬁrmat.

775 3338 962 3410 (Anno
992 3338 1173 3411 1091.)

497 3426 788 3498 [Housm],
819 3428 983 3484 Italia
1011 3443 1190 3494 sacra,
1221 3427 1265 3499 Ι,
1294 3427 1445 3498 775.]

213 3532 499 3590 ῢηΒΑΝυε
530 3534 861 3606 episcopus,
891 3550 1093 3590 servus
1116 3550 1411 3590 servorum
1437 3530 1561 3599 Dei,
1584 3529 1795 3586 dilecto

148 3623 309 3680 fratri
338 3623 666 3690 Amsaosm,
700 3623 892 3679 abbati
920 3622 1273 3696 Liparitano,
1295 3623 1540 3695 ejusque
1565 3634 1794 3677 succes-

144 3713 379 3769 soribus
412 3710 758 3786 regulariter
786 3712 1216 3769 substituendis
1245 3712 1305 3767 in
1336 3714 1703 3785 perpetuum.

208 3808 350 3856 Cum
383 3801 672 3856 universae
704 3801 909 3857 insulae
937 3802 1263 3857 secundum
1285 3799 1553 3857 instituta
1584 3795 1796 3872 regalis

140 3890 291 3961 juris
320 3890 469 3957 sint,
503 3894 732 3946 constat
780 3891 1037 3963 profecto
1092 3890 1193 3962 qui
1242 3888 1499 3963 religiosi
1544 3876 1796 3961 impera-~

144 3979 283 4035 toris
312 3977 689 4035 Constantini
721 3978 1023 4052 privilegio
1053 3978 1110 4034 in
1137 3980 1240 4050 jus
1268 3978 1568 4051 proprium
1594 3978 1654 4032 Β.
1693 3976 1797 4033 Pe-

148 4073 229 4124 tro
254 4069 511 4139 ejusque
524 4068 960 4124 successoribus
974 4068 1361 4124 occidentales
1374 4084 1579 4123 omnes
1594 4065 1796 4123 insulae

148 4158 489 4213 condonahe
519 4161 680 4222 sunt,
728 4158 980 4212 maxime
1030 4174 1157 4229 quae
1207 4156 1363 4212 circa
1406 4156 1583 4212 Italia:
1634 4175 1798 4215 oram

149 4244 460 4311 habentur,
480 4261 732 4317 quorum
754 4245 951 4301 multa;
978 4246 1232 4319 peccatis
1251 4245 1614 4319 exigentibus
1635 4265 1799 4305 acco-

148 4332 337 4390 larum
360 4351 395 4389 a
415 4334 724 4390 Saracenis
746 4339 916 4408 capta
935 4334 1247 4390 Christiani
1279 4334 1533 4392 nominis
1554 4336 1799 4409 gloriam

151 4423 500 4479 amiserunt.
561 4423 719 4481 Inter
774 4441 923 4495 quas
980 4423 1210 4496 Liparis
1264 4423 1327 4478 B.
1390 4423 1802 4485 Bartholomezi

150 4511 397 4585 apostoli
430 4528 675 4585 corpore
704 4513 1002 4585 quondam
1033 4511 1336 4584 insignita,
1388 4513 1565 4568 eremi
1617 4513 1805 4572 instar
1835 4535 1879 4601 Ι)

150 4601 388 4657 redacta
417 4600 811 4672 cognoscitur,
843 4616 1022 4674 quam
1055 4599 1260 4656 multis
1300 4617 1589 4656 annorum
1617 4604 1803 4659 curri-

148 4687 293 4744 culis
324 4687 602 4756 evolutis,
627 4705 762 4745 cum
784 4693 1207 4747 Saracenorum
1229 4689 1382 4745 vires
1402 4689 1609 4746 divinae
1634 4691 1805 4749 mise-

147 4776 414 4833 ricordiae
482 4777 742 4850 potentia
802 4778 1207 4851 repressisset,
1275 4777 1534 4851 religiosi
1595 4779 1805 4838 fratres

146 4866 361 4921 divine
392 4866 693 4922 servitutis
720 4867 920 4923 studio
948 4867 1217 4922 eamdem
1247 4867 1495 4939 ingressi
1525 4868 1804 4940 insulam,

146 4953 515 5009 monasteria
544 4952 630 5009 illi
661 4954 961 5010 domicilia
989 4960 1329 5011 construere
1360 4962 1730 5028 curaverunt,
1751 4965 1809 5016 et

148 5042 450 5116 plurimos
482 5041 539 5096 in
561 5043 829 5099 eamdem
850 5042 1107 5099 insulam
1129 5042 1365 5099 colonos
1387 5061 1495 5100 sua
1518 5044 1807 5105 industria

146 5128 608 5187 constituerunt.
628 5130 746 5188 Nos
765 5130 983 5205 itaque,
1007 5131 1224 5204 quibus
1244 5147 1313 5187 ex
1332 5129 1539 5188 divinae
1566 5134 1806 5193 arbitrio

146 5217 478 5275 voluntatis
508 5235 610 5293 per
639 5218 970 5294 apostolica:
1004 5219 1162 5275 sedis
1194 5219 1429 5277 culmen
1460 5227 1805 5281 cunctarum

148 5306 497 5365 sollicitudo
540 5309 812 5367 imminet
851 5308 1263 5378 Ecclesiarum,
1312 5308 1449 5367 licet
1494 5311 1553 5366 in
1602 5315 1805 5371 eadem

148 5394 353 5453 insula
379 5397 786 5471 episcopatum
817 5398 1114 5472 quondam
1146 5398 1328 5455 fuisse
1370 5398 1429 5455 in
1479 5400 1537 5458 S.
1590 5400 1804 5479 Grego-

152 5483 334 5543 rianaz
374 5485 602 5560 paginae
648 5486 913 5562 registris
959 5503 1370 5561 agnoscamus,
1421 5490 1561 5563 quia
1606 5495 1804 5549 tamen

152 5574 415 5661 episcopi
446 5575 790 5652 dignitatem
823 5593 979 5636 nunc
1025 5576 1214 5653 ipsius
1260 5575 1371 5636 loci
1418 5578 1704 5655 exiguitas
1749 5585 1807 5643 et

479 5701 742 5771 PATROL.
789 5703 932 5769 CLI.

1905 3268 2168 3341 singulos
2219 3266 2595 3322 Lateranensi
2645 3264 2860 3337 palatio
2906 3264 3267 3337 persolvetis.
3312 3268 3461 3319 Sane
3504 3262 3556 3319 si

1906 3359 2038 3432 quis
2067 3357 2127 3412 in
2161 3356 2483 3412 crastinum
2532 3354 3026 3427 archiepiscopus,
3074 3352 3406 3425 episcopus,
3451 3350 3557 3407 im-

1904 3452 2136 3521 perator
2165 3450 2262 3501 aut
2294 3462 2412 3513 rex,
2447 3445 2717 3516 princeps
2748 3447 2849 3498 aut
2878 3446 3015 3508 dux,
3049 3457 3244 3498 comes
3270 3444 3374 3497 aut
3402 3440 3555 3517 vice?

1905 3552 2121 3603 comes,
2142 3538 2242 3591 aut
2250 3533 2453 3605 judex,
2477 3538 2578 3589 aut
2598 3549 2889 3606 personna
2905 3530 3196 3604 quaelibet,
3226 3544 3442 3601 magna
3468 3524 3559 3583 vel
3630 3588 3645 3595 κ

1904 3643 2097 3699 parva.
2134 3628 2341 3698 potens
2370 3623 2455 3679 vel
2489 3624 2800 3696 impotens,
2833 3621 3015 3694 hujus
3046 3617 3231 3676 nostri
3263 3616 3554 3693 privilegii

1906 3713 2181 3788 paginam
2213 3712 2404 3769 sciens
2438 3717 2641 3769 contra
2668 3728 2798 3767 eam
2830 3715 3046 3768 temere
3081 3708 3277 3766 venire
3306 3711 3561 3764 tentave-

1906 3801 2000 3868 rit,
2036 3802 2293 3859 secundo
2324 3800 2564 3857 tertiove
2607 3799 3022 3865 commonitus,
3070 3798 3120 3854 si
3170 3814 3286 3852 non
3332 3796 3561 3852 satisfa-
3650 3816 3657 3821 λ

1906 3891 2095 3947 ctione
2127 3907 2388 3963 congrua
2425 3888 2839 3959 emendaverit,
2889 3904 3021 3943 cum
3065 3885 3306 3941 honoris
3353 3883 3447 3939 sui
3504 3885 3563 3939 et

1906 3979 2081 4037 ofﬁcii
2115 3978 2370 4052 periculo
2401 3979 2703 4049 subjacere
2732 3976 3122 4043 decernimus,
3173 3976 3231 4029 et
3278 3988 3313 4027 a
3339 3968 3559 4027 Christi

1908 4076 2083 4142 atque
2112 4067 2376 4123 Ecclesiae
2398 4084 2635 4139 corpore
2652 4065 2992 4121 auctoritate
3010 4060 3332 4136 apostolica
3366 4074 3560 4131 segre-

1907 4174 2138 4231 gamus.
2166 4155 2654 4212 Conservantibus
2684 4157 2880 4210 autem
2911 4169 3025 4225 pax
3054 4168 3089 4207 a
3117 4151 3254 4214 Deo,
3285 4153 3342 4204 et
3382 4146 3560 4203 mise-

1909 4247 1955 4302 ri
1965 4244 2159 4302 cordia
2182 4242 2568 4317 praesentibus
2586 4246 2642 4298 et
2663 4241 2879 4298 futuris
2900 4238 3128 4296 saeculis
3158 4238 3556 4294 conservetur.

1909 4339 2114 4403 Amen,
2148 4350 2339 4402 amen,
2365 4348 2555 4388 amen.

1981 4422 2194 4478 Datum
2225 4419 2391 4477 Militi
2426 4436 2530 4492 per
2559 4435 2769 4475 manus
2796 4417 3042 4475 Joannis
3072 4417 3131 4473 S.
3182 4414 3251 4470 R.
3297 4413 3362 4470 E.
3403 4411 3554 4468 diae.

1912 4512 2093 4578 card.,
2130 4528 2188 4566 ιιι
2219 4510 2416 4565 Nonas
2453 4508 2641 4575 Junii,
2691 4508 2812 4564 ind.
2856 4524 3016 4567 xvm.
3062 4505 3288 4561 incarn.
3326 4500 3563 4560 Domini

1914 4600 2073 4671 1091,
2104 4602 2266 4672 poni.
2288 4614 2421 4653 vero
2454 4602 2517 4653 D.
2550 4596 2771 4653 Urbani
2802 4597 2850 4652 II
2868 4612 3021 4653 anno
3041 4593 3272 4668 quarto.

2687 4712 2774 4768 LI.

1919 4805 2167 4863 Urbanus
2206 4803 2254 4858 Il
2302 4802 2577 4857 Corsicam
2627 4802 2873 4857 insulam
2916 4802 3013 4857 sub
3062 4797 3314 4869 Gregorio
3350 4793 3463 4869 _VI_I
3507 4793 3569 4846 in

1982 4877 2283 4947 pristinam
2338 4874 2594 4947 Ecclesiae
2638 4874 2896 4947 Romanae
2939 4864 3204 4928 ditionem
3268 4864 3566 4947 redactam,

1986 4932 2324 5070 'Daimofréo,
2366 4945 2610 5015 epispr
2658 4945 2862 5000 Pisano
2907 4953 2959 4999 et
3003 4958 3120 5014 qua
3173 4932 3570 4994 successoribus

1986 5031 2180 5072 comm:
2210 5025 2247 5071 ιτ
2283 5058 2293 5068 .

2540 5103 2726 5174 (Anno
2759 5102 2942 5173 1091.)

2235 5191 2532 5261 mensum,
2567 5193 2732 5248 Italia
2761 5208 2939 5260 sacra,
2973 5188 3070 5255 III,
3094 5184 3245 5255 369.]

1985 5310 2263 5367 Unsmus
2293 5307 2625 5380 episcopus,
2658 5323 2859 5363 servus
2880 5316 3177 5361 servorum
3200 5296 3323 5366 Dei,
3354 5293 3565 5360 dilecto

1913 5397 2077 5454 fratri
2106 5397 2458 5466 DAIMBERTO,
2491 5394 2834 5452 Pisanorum
2856 5389 3407 5466 episcopo,ejusque
3429 5397 3563 5439 suc-

1913 5484 2243 5545 cessoribus
2272 5485 2547 5541 canonice
2576 5481 3003 5541 substitneudis
3032 5480 3090 5535 in
3121 5477 3492 5552 perpetuum.

1991 5577 2139 5637 Cum
2160 5590 2366 5635 omnes
2389 5573 2594 5632 insulae
2618 5572 2829 5632 secunc‘
2841 5587 2941 5630 um
2966 5572 3190 5630 statuta
3206 5557 3584 5642 legaliajuris

3181 5693 3253 5761 11
