  <div class='ocr_page' id='page_1' title='image "/cluster/home/n/w/nwhite01/storage/ocr_20150623/151/hvd.32044054760095/171.png"; bbox 0 0 3998 6158; ppageno 0'>
   <div class='ocr_carea' id='block_1_1' title="bbox 425 321 537 386">
    <p class='ocr_par' dir='ltr' id='par_1_1' title="bbox 425 321 537 386">
     <span class='ocr_line' id='line_1_1' title="bbox 425 321 537 386; baseline 0 0"><span class='ocrx_word' id='word_1_1' title='bbox 425 321 537 386; x_wconf 72' lang='grc'>331</span> 
     </span>
    </p>
   </div>
   <div class='ocr_carea' id='block_1_2' title="bbox 1725 322 2533 391">
    <p class='ocr_par' dir='ltr' id='par_1_2' title="bbox 1725 322 2533 391">
     <span class='ocr_line' id='line_1_2' title="bbox 1725 322 2533 391; baseline 0 -3"><span class='ocrx_word' id='word_1_2' title='bbox 1725 324 1795 388; x_wconf 92' lang='grc' dir='ltr'>Β.</span> <span class='ocrx_word' id='word_1_3' title='bbox 1841 323 2140 391; x_wconf 79' lang='lat' dir='ltr'><strong>URBANI</strong></span> <span class='ocrx_word' id='word_1_4' title='bbox 2184 322 2237 388; x_wconf 88' lang='lat' dir='ltr'>II</span> <span class='ocrx_word' id='word_1_5' title='bbox 2282 322 2533 389; x_wconf 64' lang='lat' dir='ltr'>PAPIE.</span> 
     </span>
    </p>
   </div>
   <div class='ocr_carea' id='block_1_3' title="bbox 3714 318 3834 385">
    <p class='ocr_par' dir='ltr' id='par_1_3' title="bbox 3714 318 3834 385">
     <span class='ocr_line' id='line_1_3' title="bbox 3714 318 3834 385; baseline -0.008 0"><span class='ocrx_word' id='word_1_6' title='bbox 3714 318 3834 385; x_wconf 71' lang='lat'>332</span> 
     </span>
    </p>
   </div>
   <div class='ocr_carea' id='block_1_4' title="bbox 418 434 3837 532">
    <p class='ocr_par' dir='ltr' id='par_1_4' title="bbox 418 434 3837 532">
     <span class='ocr_line' id='line_1_4' title="bbox 418 434 3837 532; baseline 0 -20"><span class='ocrx_word' id='word_1_7' title='bbox 418 434 643 532; x_wconf 81' lang='lat' dir='ltr'>publici</span> <span class='ocrx_word' id='word_1_8' title='bbox 678 458 1026 531; x_wconf 80' lang='lat' dir='ltr'>habeantur,</span> <span class='ocrx_word' id='word_1_9' title='bbox 1051 465 1280 518; x_wconf 83' lang='lat' dir='ltr'>constat</span> <span class='ocrx_word' id='word_1_10' title='bbox 1296 461 1473 517; x_wconf 87' lang='lat' dir='ltr'>etiam</span> <span class='ocrx_word' id='word_1_11' title='bbox 1496 477 1593 517; x_wconf 89' lang='lat' dir='ltr'>eas</span> <span class='ocrx_word' id='word_1_12' title='bbox 1617 458 1872 532; x_wconf 85' lang='lat' dir='ltr'>religiosi</span> <span class='ocrx_word' id='word_1_13' title='bbox 1892 460 2072 530; x_wconf 75' lang='lat' dir='ltr'>impe-</span> <span class='ocrx_word' id='word_1_14' title='bbox 2103 463 2158 527; x_wconf 75' lang='grc' dir='ltr'><strong>Α</strong></span> <span class='ocrx_word' id='word_1_15' title='bbox 2187 474 2427 514; x_wconf 85' lang='lat' dir='ltr'>neusem</span> <span class='ocrx_word' id='word_1_16' title='bbox 2443 455 3381 530; x_wconf 83' lang='lat' dir='ltr'>metropolimtranslato,ejusque</span> <span class='ocrx_word' id='word_1_17' title='bbox 3393 456 3837 513; x_wconf 87' lang='lat' dir='ltr'>successoribus</span> 
     </span>
    </p>
   </div>
   <div class='ocr_carea' id='block_1_5' title="bbox 425 546 2082 621">
    <p class='ocr_par' dir='ltr' id='par_1_5' title="bbox 425 546 2082 621">
     <span class='ocr_line' id='line_1_5' title="bbox 425 546 2082 621; baseline 0.001 -20"><span class='ocrx_word' id='word_1_18' title='bbox 425 547 636 602; x_wconf 88' lang='lat' dir='ltr'>ratoris</span> <span class='ocrx_word' id='word_1_19' title='bbox 676 550 1037 605; x_wconf 82' lang='lat' dir='ltr'>Constantini</span> <span class='ocrx_word' id='word_1_20' title='bbox 1063 549 1405 606; x_wconf 79' lang='lat' dir='ltr'>liberalitate</span> <span class='ocrx_word' id='word_1_21' title='bbox 1424 566 1489 605; x_wconf 89' lang='lat' dir='ltr'>ac</span> <span class='ocrx_word' id='word_1_22' title='bbox 1512 547 1814 621; x_wconf 85' lang='lat' dir='ltr'>privilegio</span> <span class='ocrx_word' id='word_1_23' title='bbox 1838 547 1896 603; x_wconf 92' lang='lat' dir='ltr'>in</span> <span class='ocrx_word' id='word_1_24' title='bbox 1929 546 2082 603; x_wconf 87' lang='lat' dir='ltr'>beati</span> 
     </span>
    </p>
   </div>
   <div class='ocr_carea' id='block_1_6' title="bbox 426 634 2082 710">
    <p class='ocr_par' dir='ltr' id='par_1_6' title="bbox 426 634 2082 710">
     <span class='ocr_line' id='line_1_6' title="bbox 426 634 2082 710; baseline 0.001 -20"><span class='ocrx_word' id='word_1_25' title='bbox 426 634 578 690; x_wconf 86' lang='lat' dir='ltr'>Petri</span> <span class='ocrx_word' id='word_1_26' title='bbox 609 635 1077 710; x_wconf 87' lang='lat' dir='ltr'>vicariorumque</span> <span class='ocrx_word' id='word_1_27' title='bbox 1108 639 1237 709; x_wconf 86' lang='lat' dir='ltr'>ejus</span> <span class='ocrx_word' id='word_1_28' title='bbox 1258 640 1361 710; x_wconf 85' lang='lat' dir='ltr'>jus</span> <span class='ocrx_word' id='word_1_29' title='bbox 1393 637 1695 710; x_wconf 90' lang='lat' dir='ltr'>proprium</span> <span class='ocrx_word' id='word_1_30' title='bbox 1727 654 1855 693; x_wconf 91' lang='lat' dir='ltr'>esse</span> <span class='ocrx_word' id='word_1_31' title='bbox 1904 636 2082 692; x_wconf 90' lang='lat' dir='ltr'>colla-</span> 
     </span>
    </p>
   </div>
   <div class='ocr_carea' id='block_1_7' title="bbox 426 722 2082 797">
    <p class='ocr_par' dir='ltr' id='par_1_7' title="bbox 426 722 2082 797">
     <span class='ocr_line' id='line_1_7' title="bbox 426 722 2082 797; baseline 0 -20"><span class='ocrx_word' id='word_1_32' title='bbox 426 725 538 778; x_wconf 88' lang='lat' dir='ltr'>tas.</span> <span class='ocrx_word' id='word_1_33' title='bbox 572 722 1059 781; x_wconf 86' lang='lat' dir='ltr'>Intercidentibus</span> <span class='ocrx_word' id='word_1_34' title='bbox 1090 730 1285 781; x_wconf 89' lang='lat' dir='ltr'>autem</span> <span class='ocrx_word' id='word_1_35' title='bbox 1322 724 1590 797; x_wconf 84' lang='lat' dir='ltr'>plurimis</span> <span class='ocrx_word' id='word_1_36' title='bbox 1613 725 1810 781; x_wconf 77' lang='lat' dir='ltr'>divina</span> <span class='ocrx_word' id='word_1_37' title='bbox 1832 725 2082 797; x_wconf 82' lang='lat' dir='ltr'>disposi-</span> 
     </span>
    </p>
   </div>
   <div class='ocr_carea' id='block_1_8' title="bbox 425 810 2084 886">
    <p class='ocr_par' dir='ltr' id='par_1_8' title="bbox 425 810 2084 886">
     <span class='ocr_line' id='line_1_8' title="bbox 425 810 2084 886; baseline 0.001 -20"><span class='ocrx_word' id='word_1_38' title='bbox 425 810 965 883; x_wconf 87' lang='lat' dir='ltr'>tionejudiciorum</span> <span class='ocrx_word' id='word_1_39' title='bbox 999 812 1456 882; x_wconf 79' lang='lat' dir='ltr'>calamitatibus,</span> <span class='ocrx_word' id='word_1_40' title='bbox 1491 814 1864 886; x_wconf 81' lang='lat' dir='ltr'>proprietatis</span> <span class='ocrx_word' id='word_1_41' title='bbox 1904 813 2084 882; x_wconf 80' lang='lat' dir='ltr'><strong>hujus</strong></span> 
     </span>
    </p>
   </div>
   <div class='ocr_carea' id='block_1_9' title="bbox 428 894 2080 974">
    <p class='ocr_par' dir='ltr' id='par_1_9' title="bbox 428 894 2080 974">
     <span class='ocr_line' id='line_1_9' title="bbox 428 894 2080 974; baseline 0.001 -20"><span class='ocrx_word' id='word_1_42' title='bbox 428 898 486 954; x_wconf 90' lang='lat' dir='ltr'>in</span> <span class='ocrx_word' id='word_1_43' title='bbox 520 899 875 972; x_wconf 90' lang='lat' dir='ltr'>quibusdam</span> <span class='ocrx_word' id='word_1_44' title='bbox 900 918 1075 974; x_wconf 89' lang='lat' dir='ltr'>passa</span> <span class='ocrx_word' id='word_1_45' title='bbox 1098 894 1187 957; x_wconf 83' lang='lat' dir='ltr'>est</span> <span class='ocrx_word' id='word_1_46' title='bbox 1208 901 1463 958; x_wconf 86' lang='lat' dir='ltr'>Ecclesia</span> <span class='ocrx_word' id='word_1_47' title='bbox 1487 903 1750 958; x_wconf 82' lang='lat' dir='ltr'>Romana</span> <span class='ocrx_word' id='word_1_48' title='bbox 1762 904 2080 973; x_wconf 85' lang='lat' dir='ltr'>jacturam.</span> 
     </span>
    </p>
   </div>
   <div class='ocr_carea' id='block_1_10' title="bbox 428 989 2083 1063">
    <p class='ocr_par' dir='ltr' id='par_1_10' title="bbox 428 989 2083 1063">
     <span class='ocr_line' id='line_1_10' title="bbox 428 989 2083 1063; baseline 0 -20"><span class='ocrx_word' id='word_1_49' title='bbox 428 992 708 1044; x_wconf 84' lang='lat' dir='ltr'>Caeterum</span> <span class='ocrx_word' id='word_1_50' title='bbox 739 994 796 1044; x_wconf 92' lang='lat' dir='ltr'>et</span> <span class='ocrx_word' id='word_1_51' title='bbox 824 990 1142 1059; x_wconf 86' lang='lat' dir='ltr'>canonicis,</span> <span class='ocrx_word' id='word_1_52' title='bbox 1175 995 1234 1045; x_wconf 91' lang='lat' dir='ltr'>et</span> <span class='ocrx_word' id='word_1_53' title='bbox 1279 989 1568 1063; x_wconf 84' lang='lat' dir='ltr'>legalibus</span> <span class='ocrx_word' id='word_1_54' title='bbox 1629 990 1916 1045; x_wconf 81' lang='lat' dir='ltr'>institutis</span> <span class='ocrx_word' id='word_1_55' title='bbox 1967 990 2083 1044; x_wconf 82' lang='lat' dir='ltr'>Ro-</span> 
     </span>
    </p>
   </div>
   <div class='ocr_carea' id='block_1_11' title="bbox 429 1078 2087 1151">
    <p class='ocr_par' dir='ltr' id='par_1_11' title="bbox 429 1078 2087 1151">
     <span class='ocr_line' id='line_1_11' title="bbox 429 1078 2087 1151; baseline -0.002 -19"><span class='ocrx_word' id='word_1_56' title='bbox 429 1094 614 1133; x_wconf 78' lang='lat' dir='ltr'>manae</span> <span class='ocrx_word' id='word_1_57' title='bbox 645 1078 952 1151; x_wconf 87' lang='lat' dir='ltr'>dignitatis</span> <span class='ocrx_word' id='word_1_58' title='bbox 983 1079 1308 1151; x_wconf 88' lang='lat' dir='ltr'>proprietas</span> <span class='ocrx_word' id='word_1_59' title='bbox 1342 1096 1458 1135; x_wconf 90' lang='lat' dir='ltr'>non</span> <span class='ocrx_word' id='word_1_60' title='bbox 1502 1078 1840 1151; x_wconf 80' lang='lat' dir='ltr'>prolixitate</span> <span class='ocrx_word' id='word_1_61' title='bbox 1867 1082 2087 1149; x_wconf 88' lang='lat' dir='ltr'>tempo-</span> 
     </span>
    </p>
   </div>
   <div class='ocr_carea' id='block_1_12' title="bbox 431 1167 2085 1241">
    <p class='ocr_par' dir='ltr' id='par_1_12' title="bbox 431 1167 2085 1241">
     <span class='ocr_line' id='line_1_12' title="bbox 431 1167 2085 1241; baseline -0.001 -20"><span class='ocrx_word' id='word_1_62' title='bbox 431 1184 562 1222; x_wconf 87' lang='lat' dir='ltr'>rum</span> <span class='ocrx_word' id='word_1_63' title='bbox 622 1184 737 1223; x_wconf 90' lang='lat' dir='ltr'>non</span> <span class='ocrx_word' id='word_1_64' title='bbox 795 1167 1078 1223; x_wconf 85' lang='lat' dir='ltr'>divisione</span> <span class='ocrx_word' id='word_1_65' title='bbox 1127 1184 1441 1241; x_wconf 87' lang='lat' dir='ltr'>regnorum</span> <span class='ocrx_word' id='word_1_66' title='bbox 1496 1167 1620 1223; x_wconf 91' lang='lat' dir='ltr'>ulla</span> <span class='ocrx_word' id='word_1_67' title='bbox 1699 1167 2085 1223; x_wconf 90' lang='lat' dir='ltr'>diuturnitate</span> 
     </span>
    </p>
   </div>
   <div class='ocr_carea' id='block_1_13' title="bbox 428 1254 2086 1331">
    <p class='ocr_par' dir='ltr' id='par_1_13' title="bbox 428 1254 2086 1331">
     <span class='ocr_line' id='line_1_13' title="bbox 428 1254 2086 1331; baseline 0 -21"><span class='ocrx_word' id='word_1_68' title='bbox 428 1256 821 1331; x_wconf 84' lang='lat' dir='ltr'>possessionis</span> <span class='ocrx_word' id='word_1_69' title='bbox 852 1254 1198 1312; x_wconf 80' lang='lat' dir='ltr'>excluditur.</span> <span class='ocrx_word' id='word_1_70' title='bbox 1233 1257 1390 1313; x_wconf 88' lang='lat' dir='ltr'>Licet</span> <span class='ocrx_word' id='word_1_71' title='bbox 1421 1257 1599 1329; x_wconf 82' lang='lat' dir='ltr'>igitur</span> <span class='ocrx_word' id='word_1_72' title='bbox 1629 1257 1800 1312; x_wconf 90' lang='lat' dir='ltr'>annis</span> <span class='ocrx_word' id='word_1_73' title='bbox 1815 1254 2086 1328; x_wconf 87' lang='lat' dir='ltr'>plurimis</span> 
     </span>
    </p>
   </div>
   <div class='ocr_carea' id='block_1_14' title="bbox 434 1344 2082 1417">
    <p class='ocr_par' dir='ltr' id='par_1_14' title="bbox 434 1344 2082 1417">
     <span class='ocr_line' id='line_1_14' title="bbox 434 1344 2082 1417; baseline -0.001 -17"><span class='ocrx_word' id='word_1_74' title='bbox 434 1345 697 1401; x_wconf 83' lang='lat' dir='ltr'>Romana</span> <span class='ocrx_word' id='word_1_75' title='bbox 752 1344 1013 1400; x_wconf 84' lang='lat' dir='ltr'>Ecclesia</span> <span class='ocrx_word' id='word_1_76' title='bbox 1069 1345 1312 1401; x_wconf 70' lang='lat' dir='ltr'>Corsica:</span> <span class='ocrx_word' id='word_1_77' title='bbox 1375 1345 1744 1417; x_wconf 88' lang='lat' dir='ltr'>possessione</span> <span class='ocrx_word' id='word_1_78' title='bbox 1813 1344 2082 1411; x_wconf 86' lang='lat' dir='ltr'>caruerit,</span> 
     </span>
    </p>
   </div>
   <div class='ocr_carea' id='block_1_15' title="bbox 435 1433 2084 1507">
    <p class='ocr_par' dir='ltr' id='par_1_15' title="bbox 435 1433 2084 1507">
     <span class='ocr_line' id='line_1_15' title="bbox 435 1433 2084 1507; baseline -0.001 -19"><span class='ocrx_word' id='word_1_79' title='bbox 435 1433 884 1507; x_wconf 69' lang='lat' dir='ltr'>prmdecessoris</span> <span class='ocrx_word' id='word_1_80' title='bbox 909 1437 1106 1490; x_wconf 82' lang='lat' dir='ltr'>tamen</span> <span class='ocrx_word' id='word_1_81' title='bbox 1137 1434 1317 1489; x_wconf 87' lang='lat' dir='ltr'>nostri</span> <span class='ocrx_word' id='word_1_82' title='bbox 1341 1434 1598 1506; x_wconf 85' lang='lat' dir='ltr'>Gregorii</span> <span class='ocrx_word' id='word_1_83' title='bbox 1620 1433 1715 1488; x_wconf 88' lang='lat' dir='ltr'>Vll</span> <span class='ocrx_word' id='word_1_84' title='bbox 1743 1434 1800 1488; x_wconf 92' lang='lat' dir='ltr'>in</span> <span class='ocrx_word' id='word_1_85' title='bbox 1819 1434 2084 1504; x_wconf 85' lang='lat' dir='ltr'>ejusdem</span> 
     </span>
    </p>
   </div>
   <div class='ocr_carea' id='block_1_16' title="bbox 424 1521 2089 1594">
    <p class='ocr_par' dir='ltr' id='par_1_16' title="bbox 424 1521 2089 1594">
     <span class='ocr_line' id='line_1_16' title="bbox 424 1521 2089 1594; baseline -0.001 -17"><span class='ocrx_word' id='word_1_86' title='bbox 424 1524 526 1594; x_wconf 85' lang='lat' dir='ltr'>jus</span> <span class='ocrx_word' id='word_1_87' title='bbox 558 1522 823 1579; x_wconf 90' lang='lat' dir='ltr'>noscitur</span> <span class='ocrx_word' id='word_1_88' title='bbox 875 1528 1113 1579; x_wconf 89' lang='lat' dir='ltr'>auctore</span> <span class='ocrx_word' id='word_1_89' title='bbox 1164 1522 1411 1578; x_wconf 90' lang='lat' dir='ltr'>Domino</span> <span class='ocrx_word' id='word_1_90' title='bbox 1459 1522 1723 1578; x_wconf 89' lang='lat' dir='ltr'>rediisse.</span> <span class='ocrx_word' id='word_1_91' title='bbox 1757 1521 1874 1577; x_wconf 91' lang='lat' dir='ltr'>Nos</span> <span class='ocrx_word' id='word_1_92' title='bbox 1907 1522 2089 1594; x_wconf 85' lang='lat' dir='ltr'>igitur</span> 
     </span>
    </p>
   </div>
   <div class='ocr_carea' id='block_1_17' title="bbox 436 1610 2084 1682">
    <p class='ocr_par' dir='ltr' id='par_1_17' title="bbox 436 1610 2084 1682">
     <span class='ocr_line' id='line_1_17' title="bbox 436 1610 2084 1682; baseline -0.001 -16"><span class='ocrx_word' id='word_1_93' title='bbox 436 1612 716 1666; x_wconf 87' lang='lat' dir='ltr'>dilectiss.</span> <span class='ocrx_word' id='word_1_94' title='bbox 755 1614 820 1666; x_wconf 85' lang='lat' dir='ltr'>fr.</span> <span class='ocrx_word' id='word_1_95' title='bbox 854 1612 1035 1667; x_wconf 87' lang='lat' dir='ltr'>nostri</span> <span class='ocrx_word' id='word_1_96' title='bbox 1065 1612 1381 1668; x_wconf 86' lang='lat' dir='ltr'>Daimberti</span> <span class='ocrx_word' id='word_1_97' title='bbox 1412 1611 1761 1666; x_wconf 88' lang='lat' dir='ltr'>Pisanorum</span> <span class='ocrx_word' id='word_1_98' title='bbox 1805 1610 2084 1682; x_wconf 87' lang='lat' dir='ltr'>episcopi,</span> 
     </span>
    </p>
   </div>
   <div class='ocr_carea' id='block_1_18' title="bbox 430 1696 2085 1767">
    <p class='ocr_par' dir='ltr' id='par_1_18' title="bbox 430 1696 2085 1767">
     <span class='ocr_line' id='line_1_18' title="bbox 430 1696 2085 1767; baseline -0.001 -14"><span class='ocrx_word' id='word_1_99' title='bbox 430 1696 503 1753; x_wconf 81' lang='lat' dir='ltr'>ac</span> <span class='ocrx_word' id='word_1_100' title='bbox 536 1700 821 1754; x_wconf 89' lang='lat' dir='ltr'>nobilium</span> <span class='ocrx_word' id='word_1_101' title='bbox 857 1699 1095 1767; x_wconf 85' lang='lat' dir='ltr'>civium,</span> <span class='ocrx_word' id='word_1_102' title='bbox 1116 1706 1173 1756; x_wconf 91' lang='lat' dir='ltr'>et</span> <span class='ocrx_word' id='word_1_103' title='bbox 1204 1700 1566 1756; x_wconf 61' lang='lat' dir='ltr'>charissima;</span> <span class='ocrx_word' id='word_1_104' title='bbox 1598 1700 1750 1755; x_wconf 84' lang='lat' dir='ltr'>beati</span> <span class='ocrx_word' id='word_1_105' title='bbox 1790 1699 1934 1755; x_wconf 90' lang='lat' dir='ltr'>Petri</span> <span class='ocrx_word' id='word_1_106' title='bbox 1956 1699 2085 1753; x_wconf 72' lang='lat' dir='ltr'>tiliae</span> 
     </span>
    </p>
   </div>
   <div class='ocr_carea' id='block_1_19' title="bbox 436 1786 2088 1867">
    <p class='ocr_par' dir='ltr' id='par_1_19' title="bbox 436 1786 2088 1867">
     <span class='ocr_line' id='line_1_19' title="bbox 436 1786 2088 1867; baseline -0.002 -23"><span class='ocrx_word' id='word_1_107' title='bbox 436 1787 1075 1867; x_wconf 35' lang='lat' dir='ltr'>Mathildis’comitissae</span> <span class='ocrx_word' id='word_1_108' title='bbox 1108 1788 1605 1861; x_wconf 86' lang='lat' dir='ltr'>postulationibus</span> <span class='ocrx_word' id='word_1_109' title='bbox 1636 1787 1920 1854; x_wconf 83' lang='lat' dir='ltr'>inclinati,</span> <span class='ocrx_word' id='word_1_110' title='bbox 1949 1786 2088 1859; x_wconf 87' lang='lat' dir='ltr'>quia</span> 
     </span>
    </p>
   </div>
   <div class='ocr_carea' id='block_1_20' title="bbox 438 1875 2089 1949">
    <p class='ocr_par' dir='ltr' id='par_1_20' title="bbox 438 1875 2089 1949">
     <span class='ocr_line' id='line_1_20' title="bbox 438 1875 2089 1949; baseline -0.001 -16"><span class='ocrx_word' id='word_1_111' title='bbox 438 1875 693 1933; x_wconf 89' lang='lat' dir='ltr'>multum</span> <span class='ocrx_word' id='word_1_112' title='bbox 717 1877 845 1948; x_wconf 88' lang='lat' dir='ltr'>jam</span> <span class='ocrx_word' id='word_1_113' title='bbox 877 1877 1101 1933; x_wconf 90' lang='lat' dir='ltr'>dudum</span> <span class='ocrx_word' id='word_1_114' title='bbox 1134 1876 1434 1949; x_wconf 89' lang='lat' dir='ltr'>obsequiis</span> <span class='ocrx_word' id='word_1_115' title='bbox 1464 1877 1809 1933; x_wconf 89' lang='lat' dir='ltr'>Pisanorum</span> <span class='ocrx_word' id='word_1_116' title='bbox 1835 1875 2089 1948; x_wconf 89' lang='lat' dir='ltr'>gloriosa</span> 
     </span>
    </p>
   </div>
   <div class='ocr_carea' id='block_1_21' title="bbox 437 1964 2088 2031">
    <p class='ocr_par' dir='ltr' id='par_1_21' title="bbox 437 1964 2088 2031">
     <span class='ocr_line' id='line_1_21' title="bbox 437 1964 2088 2031; baseline -0.002 -10"><span class='ocrx_word' id='word_1_117' title='bbox 437 1964 712 2021; x_wconf 89' lang='lat' dir='ltr'>nobilitas</span> <span class='ocrx_word' id='word_1_118' title='bbox 744 1966 1070 2022; x_wconf 85' lang='lat' dir='ltr'>Romanam</span> <span class='ocrx_word' id='word_1_119' title='bbox 1104 1967 1217 2021; x_wconf 90' lang='lat' dir='ltr'>sibi</span> <span class='ocrx_word' id='word_1_120' title='bbox 1250 1966 1563 2021; x_wconf 90' lang='lat' dir='ltr'>Ecclesiam</span> <span class='ocrx_word' id='word_1_121' title='bbox 1597 1965 1730 2021; x_wconf 91' lang='lat' dir='ltr'>fecit</span> <span class='ocrx_word' id='word_1_122' title='bbox 1751 1965 2088 2031; x_wconf 78' lang='lat' dir='ltr'>obnoxiam,</span> 
     </span>
    </p>
   </div>
   <div class='ocr_carea' id='block_1_22' title="bbox 438 2052 2089 2127">
    <p class='ocr_par' dir='ltr' id='par_1_22' title="bbox 438 2052 2089 2127">
     <span class='ocr_line' id='line_1_22' title="bbox 438 2052 2089 2127; baseline -0.001 -18"><span class='ocrx_word' id='word_1_123' title='bbox 438 2054 776 2127; x_wconf 77' lang='lat' dir='ltr'>praedictam</span> <span class='ocrx_word' id='word_1_124' title='bbox 832 2053 1086 2109; x_wconf 87' lang='lat' dir='ltr'>insulam</span> <span class='ocrx_word' id='word_1_125' title='bbox 1130 2056 1253 2110; x_wconf 91' lang='lat' dir='ltr'>vice</span> <span class='ocrx_word' id='word_1_126' title='bbox 1302 2060 1500 2109; x_wconf 87' lang='lat' dir='ltr'>nostra</span> <span class='ocrx_word' id='word_1_127' title='bbox 1542 2054 1763 2110; x_wconf 64' lang='lat' dir='ltr'>Pisans:</span> <span class='ocrx_word' id='word_1_128' title='bbox 1824 2052 2089 2109; x_wconf 68' lang='lat' dir='ltr'>Ecclesiae</span> 
     </span>
    </p>
   </div>
   <div class='ocr_carea' id='block_1_23' title="bbox 437 2142 2091 2213">
    <p class='ocr_par' dir='ltr' id='par_1_23' title="bbox 437 2142 2091 2213">
     <span class='ocr_line' id='line_1_23' title="bbox 437 2142 2091 2213; baseline -0.001 -15"><span class='ocrx_word' id='word_1_129' title='bbox 437 2142 681 2210; x_wconf 88' lang='lat' dir='ltr'>consilio</span> <span class='ocrx_word' id='word_1_130' title='bbox 730 2142 1075 2199; x_wconf 90' lang='lat' dir='ltr'>clericorum</span> <span class='ocrx_word' id='word_1_131' title='bbox 1134 2143 1540 2211; x_wconf 89' lang='lat' dir='ltr'>cardinalium,</span> <span class='ocrx_word' id='word_1_132' title='bbox 1592 2142 1959 2213; x_wconf 88' lang='lat' dir='ltr'>aliorumque</span> <span class='ocrx_word' id='word_1_133' title='bbox 1987 2158 2091 2196; x_wconf 89' lang='lat' dir='ltr'>no-</span> 
     </span>
    </p>
   </div>
   <div class='ocr_carea' id='block_1_24' title="bbox 440 2230 2092 2295">
    <p class='ocr_par' dir='ltr' id='par_1_24' title="bbox 440 2230 2092 2295">
     <span class='ocr_line' id='line_1_24' title="bbox 440 2230 2092 2295; baseline -0.001 -8"><span class='ocrx_word' id='word_1_134' title='bbox 440 2237 696 2287; x_wconf 82' lang='lat' dir='ltr'>strorum</span> <span class='ocrx_word' id='word_1_135' title='bbox 728 2230 991 2286; x_wconf 83' lang='lat' dir='ltr'>ﬁdelium</span> <span class='ocrx_word' id='word_1_136' title='bbox 1022 2231 1451 2287; x_wconf 87' lang='lat' dir='ltr'>committimus</span> <span class='ocrx_word' id='word_1_137' title='bbox 1481 2236 1537 2286; x_wconf 89' lang='lat' dir='ltr'>et</span> <span class='ocrx_word' id='word_1_138' title='bbox 1565 2231 1988 2295; x_wconf 88' lang='lat' dir='ltr'>condonamus,</span> <span class='ocrx_word' id='word_1_139' title='bbox 2010 2230 2092 2285; x_wconf 87' lang='lat' dir='ltr'>ita</span> 
     </span>
    </p>
   </div>
   <div class='ocr_carea' id='block_1_25' title="bbox 437 2310 2090 2391">
    <p class='ocr_par' dir='ltr' id='par_1_25' title="bbox 437 2310 2090 2391">
     <span class='ocr_line' id='line_1_25' title="bbox 437 2310 2090 2391; baseline 0 -17"><span class='ocrx_word' id='word_1_140' title='bbox 437 2319 707 2374; x_wconf 80' lang='lat' dir='ltr'>videlicet</span> <span class='ocrx_word' id='word_1_141' title='bbox 738 2323 801 2374; x_wconf 90' lang='lat' dir='ltr'>ut</span> <span class='ocrx_word' id='word_1_142' title='bbox 831 2320 1091 2391; x_wconf 91' lang='lat' dir='ltr'>quandiu</span> <span class='ocrx_word' id='word_1_143' title='bbox 1125 2321 1327 2377; x_wconf 89' lang='lat' dir='ltr'>eadem</span> <span class='ocrx_word' id='word_1_144' title='bbox 1362 2321 1573 2376; x_wconf 88' lang='lat' dir='ltr'>Pisana</span> <span class='ocrx_word' id='word_1_145' title='bbox 1615 2310 1818 2376; x_wconf 83' lang='lat' dir='ltr'>civitas</span> <span class='ocrx_word' id='word_1_146' title='bbox 1868 2318 2090 2391; x_wconf 88' lang='lat' dir='ltr'>episco-</span> 
     </span>
    </p>
   </div>
   <div class='ocr_carea' id='block_1_26' title="bbox 439 2406 2092 2481">
    <p class='ocr_par' dir='ltr' id='par_1_26' title="bbox 439 2406 2092 2481">
     <span class='ocr_line' id='line_1_26' title="bbox 439 2406 2092 2481; baseline -0.001 -18"><span class='ocrx_word' id='word_1_147' title='bbox 439 2424 581 2480; x_wconf 89' lang='lat' dir='ltr'>pum</span> <span class='ocrx_word' id='word_1_148' title='bbox 610 2424 726 2463; x_wconf 92' lang='lat' dir='ltr'>non</span> <span class='ocrx_word' id='word_1_149' title='bbox 758 2408 1056 2464; x_wconf 90' lang='lat' dir='ltr'>invasione</span> <span class='ocrx_word' id='word_1_150' title='bbox 1088 2408 1412 2481; x_wconf 77' lang='lat' dir='ltr'>tyrannica,</span> <span class='ocrx_word' id='word_1_151' title='bbox 1463 2409 1563 2465; x_wconf 88' lang='lat' dir='ltr'>sed</span> <span class='ocrx_word' id='word_1_152' title='bbox 1605 2408 1741 2464; x_wconf 89' lang='lat' dir='ltr'>cleri</span> <span class='ocrx_word' id='word_1_153' title='bbox 1791 2412 1847 2464; x_wconf 90' lang='lat' dir='ltr'>et</span> <span class='ocrx_word' id='word_1_154' title='bbox 1892 2406 2092 2480; x_wconf 89' lang='lat' dir='ltr'>populi</span> 
     </span>
    </p>
   </div>
   <div class='ocr_carea' id='block_1_27' title="bbox 438 2496 2092 2569">
    <p class='ocr_par' dir='ltr' id='par_1_27' title="bbox 438 2496 2092 2569">
     <span class='ocr_line' id='line_1_27' title="bbox 438 2496 2092 2569; baseline 0.001 -17"><span class='ocrx_word' id='word_1_155' title='bbox 438 2496 717 2553; x_wconf 81' lang='lat' dir='ltr'>electione</span> <span class='ocrx_word' id='word_1_156' title='bbox 760 2497 1038 2553; x_wconf 89' lang='lat' dir='ltr'>canonica</span> <span class='ocrx_word' id='word_1_157' title='bbox 1080 2514 1184 2569; x_wconf 91' lang='lat' dir='ltr'>per</span> <span class='ocrx_word' id='word_1_158' title='bbox 1232 2498 1476 2554; x_wconf 82' lang='lat' dir='ltr'>Romani</span> <span class='ocrx_word' id='word_1_159' title='bbox 1526 2497 1821 2569; x_wconf 80' lang='lat' dir='ltr'>pontificis</span> <span class='ocrx_word' id='word_1_160' title='bbox 1881 2513 2092 2553; x_wconf 89' lang='lat' dir='ltr'>manus</span> 
     </span>
    </p>
   </div>
   <div class='ocr_carea' id='block_1_28' title="bbox 438 2586 2091 2659">
    <p class='ocr_par' dir='ltr' id='par_1_28' title="bbox 438 2586 2091 2659">
     <span class='ocr_line' id='line_1_28' title="bbox 438 2586 2091 2659; baseline 0 -19"><span class='ocrx_word' id='word_1_161' title='bbox 438 2587 744 2654; x_wconf 86' lang='lat' dir='ltr'>acceperit,</span> <span class='ocrx_word' id='word_1_162' title='bbox 769 2587 1267 2657; x_wconf 85' lang='lat' dir='ltr'>quemadmodum</span> <span class='ocrx_word' id='word_1_163' title='bbox 1287 2586 1720 2659; x_wconf 89' lang='lat' dir='ltr'>Landulphum,</span> <span class='ocrx_word' id='word_1_164' title='bbox 1744 2586 2091 2653; x_wconf 87' lang='lat' dir='ltr'>Gerardum,</span> 
     </span>
    </p>
   </div>
   <div class='ocr_carea' id='block_1_29' title="bbox 439 2674 2092 2746">
    <p class='ocr_par' dir='ltr' id='par_1_29' title="bbox 439 2674 2092 2746">
     <span class='ocr_line' id='line_1_29' title="bbox 439 2674 2092 2746; baseline 0 -16"><span class='ocrx_word' id='word_1_165' title='bbox 439 2677 495 2730; x_wconf 88' lang='lat' dir='ltr'>et</span> <span class='ocrx_word' id='word_1_166' title='bbox 524 2678 599 2742; x_wconf 86' lang='lat' dir='ltr'>te,</span> <span class='ocrx_word' id='word_1_167' title='bbox 628 2674 976 2730; x_wconf 88' lang='lat' dir='ltr'>charissime</span> <span class='ocrx_word' id='word_1_168' title='bbox 999 2675 1175 2729; x_wconf 79' lang='lat' dir='ltr'>frater</span> <span class='ocrx_word' id='word_1_169' title='bbox 1195 2676 1547 2743; x_wconf 90' lang='lat' dir='ltr'>Daimberte,</span> <span class='ocrx_word' id='word_1_170' title='bbox 1573 2675 1869 2746; x_wconf 83' lang='lat' dir='ltr'>accepisse</span> <span class='ocrx_word' id='word_1_171' title='bbox 1890 2675 2092 2746; x_wconf 87' lang='lat' dir='ltr'>digno-</span> 
     </span>
    </p>
   </div>
   <div class='ocr_carea' id='block_1_30' title="bbox 439 2763 2092 2837">
    <p class='ocr_par' dir='ltr' id='par_1_30' title="bbox 439 2763 2092 2837">
     <span class='ocr_line' id='line_1_30' title="bbox 439 2763 2092 2837; baseline 0 -18"><span class='ocrx_word' id='word_1_172' title='bbox 439 2764 644 2832; x_wconf 86' lang='lat' dir='ltr'>scitur,</span> <span class='ocrx_word' id='word_1_173' title='bbox 677 2766 735 2818; x_wconf 90' lang='lat' dir='ltr'>et</span> <span class='ocrx_word' id='word_1_174' title='bbox 764 2763 1023 2835; x_wconf 89' lang='lat' dir='ltr'>quandiu</span> <span class='ocrx_word' id='word_1_175' title='bbox 1056 2764 1114 2818; x_wconf 89' lang='lat' dir='ltr'>in</span> <span class='ocrx_word' id='word_1_176' title='bbox 1143 2781 1211 2820; x_wconf 92' lang='lat' dir='ltr'>ea</span> <span class='ocrx_word' id='word_1_177' title='bbox 1240 2781 1420 2837; x_wconf 88' lang='lat' dir='ltr'>quam</span> <span class='ocrx_word' id='word_1_178' title='bbox 1451 2764 1624 2819; x_wconf 87' lang='lat' dir='ltr'>hodie</span> <span class='ocrx_word' id='word_1_179' title='bbox 1653 2763 1886 2819; x_wconf 81' lang='lat' dir='ltr'>exhibet</span> <span class='ocrx_word' id='word_1_180' title='bbox 1907 2763 2092 2819; x_wconf 88' lang='lat' dir='ltr'>Eccle-</span> 
     </span>
    </p>
   </div>
   <div class='ocr_carea' id='block_1_31' title="bbox 438 2852 2093 2925">
    <p class='ocr_par' dir='ltr' id='par_1_31' title="bbox 438 2852 2093 2925">
     <span class='ocr_line' id='line_1_31' title="bbox 438 2852 2093 2925; baseline -0.001 -18"><span class='ocrx_word' id='word_1_181' title='bbox 438 2853 542 2908; x_wconf 68' lang='lat' dir='ltr'>siae</span> <span class='ocrx_word' id='word_1_182' title='bbox 572 2853 843 2908; x_wconf 71' lang='lat' dir='ltr'>Romanae</span> <span class='ocrx_word' id='word_1_183' title='bbox 876 2852 1154 2908; x_wconf 79' lang='lat' dir='ltr'>fidelitate</span> <span class='ocrx_word' id='word_1_184' title='bbox 1180 2853 1517 2925; x_wconf 87' lang='lat' dir='ltr'>perstiterit,</span> <span class='ocrx_word' id='word_1_185' title='bbox 1552 2852 1729 2923; x_wconf 83' lang='lat' dir='ltr'>hujus</span> <span class='ocrx_word' id='word_1_186' title='bbox 1754 2857 1961 2908; x_wconf 74' lang='lat' dir='ltr'>nostrae</span> <span class='ocrx_word' id='word_1_187' title='bbox 1994 2853 2093 2907; x_wconf 92' lang='lat' dir='ltr'>do-</span> 
     </span>
    </p>
   </div>
   <div class='ocr_carea' id='block_1_32' title="bbox 438 2939 2093 3014">
    <p class='ocr_par' dir='ltr' id='par_1_32' title="bbox 438 2939 2093 3014">
     <span class='ocr_line' id='line_1_32' title="bbox 438 2939 2093 3014; baseline 0 -19"><span class='ocrx_word' id='word_1_188' title='bbox 438 2940 695 2997; x_wconf 88' lang='lat' dir='ltr'>nationis</span> <span class='ocrx_word' id='word_1_189' title='bbox 727 2939 1104 2997; x_wconf 89' lang='lat' dir='ltr'>locationisve</span> <span class='ocrx_word' id='word_1_190' title='bbox 1131 2942 1319 3014; x_wconf 87' lang='lat' dir='ltr'>gratia</span> <span class='ocrx_word' id='word_1_191' title='bbox 1350 2942 1755 3013; x_wconf 88' lang='lat' dir='ltr'>perfungatur,</span> <span class='ocrx_word' id='word_1_192' title='bbox 1784 2958 1853 2997; x_wconf 88' lang='lat' dir='ltr'>ea</span> <span class='ocrx_word' id='word_1_193' title='bbox 1869 2940 2093 2997; x_wconf 90' lang='lat' dir='ltr'>scilicet</span> 
     </span>
    </p>
   </div>
   <div class='ocr_carea' id='block_1_33' title="bbox 438 3028 2090 3101">
    <p class='ocr_par' dir='ltr' id='par_1_33' title="bbox 438 3028 2090 3101">
     <span class='ocr_line' id='line_1_33' title="bbox 438 3028 2090 3101; baseline -0.001 -17"><span class='ocrx_word' id='word_1_194' title='bbox 438 3028 771 3084; x_wconf 90' lang='lat' dir='ltr'>conditione</span> <span class='ocrx_word' id='word_1_195' title='bbox 802 3029 1130 3101; x_wconf 89' lang='lat' dir='ltr'>interjecta,</span> <span class='ocrx_word' id='word_1_196' title='bbox 1150 3035 1212 3084; x_wconf 91' lang='lat' dir='ltr'>ut</span> <span class='ocrx_word' id='word_1_197' title='bbox 1234 3046 1336 3101; x_wconf 89' lang='lat' dir='ltr'>per</span> <span class='ocrx_word' id='word_1_198' title='bbox 1356 3046 1542 3085; x_wconf 90' lang='lat' dir='ltr'>annos</span> <span class='ocrx_word' id='word_1_199' title='bbox 1560 3029 1825 3101; x_wconf 84' lang='lat' dir='ltr'>singulos</span> <span class='ocrx_word' id='word_1_200' title='bbox 1849 3030 2090 3084; x_wconf 82' lang='lat' dir='ltr'>Lucanae</span> 
     </span>
    </p>
   </div>
   <div class='ocr_carea' id='block_1_34' title="bbox 438 3116 2086 3191">
    <p class='ocr_par' dir='ltr' id='par_1_34' title="bbox 438 3116 2086 3191">
     <span class='ocr_line' id='line_1_34' title="bbox 438 3116 2086 3191; baseline -0.001 -18"><span class='ocrx_word' id='word_1_201' title='bbox 438 3122 684 3173; x_wconf 62' lang='lat' dir='ltr'>monetae</span> <span class='ocrx_word' id='word_1_202' title='bbox 716 3117 897 3174; x_wconf 90' lang='lat' dir='ltr'>libras</span> <span class='ocrx_word' id='word_1_203' title='bbox 951 3118 1384 3191; x_wconf 85' lang='lat' dir='ltr'>quinquaginta</span> <span class='ocrx_word' id='word_1_204' title='bbox 1429 3118 1799 3191; x_wconf 86' lang='lat' dir='ltr'>Lateranensi</span> <span class='ocrx_word' id='word_1_205' title='bbox 1849 3116 2086 3190; x_wconf 86' lang='lat' dir='ltr'>palatio,</span> 
     </span>
    </p>
   </div>
   <div class='ocr_carea' id='block_1_35' title="bbox 2193 547 3415 619">
    <p class='ocr_par' dir='ltr' id='par_1_35' title="bbox 2193 547 3415 619">
     <span class='ocr_line' id='line_1_35' title="bbox 2193 547 3415 619; baseline -0.002 -15"><span class='ocrx_word' id='word_1_206' title='bbox 2193 548 2467 604; x_wconf 80' lang='lat' dir='ltr'>canonice</span> <span class='ocrx_word' id='word_1_207' title='bbox 2499 547 2926 603; x_wconf 83' lang='lat' dir='ltr'>substituendis</span> <span class='ocrx_word' id='word_1_208' title='bbox 2956 547 3016 601; x_wconf 88' lang='lat' dir='ltr'>in</span> <span class='ocrx_word' id='word_1_209' title='bbox 3045 550 3415 619; x_wconf 88' lang='lat' dir='ltr'>perpetuum.</span> 
     </span>
    </p>
   </div>
   <div class='ocr_carea' id='block_1_36' title="bbox 2264 634 3839 709">
    <p class='ocr_par' dir='ltr' id='par_1_36' title="bbox 2264 634 3839 709">
     <span class='ocr_line' id='line_1_36' title="bbox 2264 634 3839 709; baseline 0 -18"><span class='ocrx_word' id='word_1_210' title='bbox 2264 637 2418 692; x_wconf 89' lang='lat' dir='ltr'>Inter</span> <span class='ocrx_word' id='word_1_211' title='bbox 2429 635 2650 709; x_wconf 89' lang='lat' dir='ltr'>primas</span> <span class='ocrx_word' id='word_1_212' title='bbox 2663 636 3076 708; x_wconf 87' lang='lat' dir='ltr'>Hispaniarum</span> <span class='ocrx_word' id='word_1_213' title='bbox 3094 635 3267 691; x_wconf 90' lang='lat' dir='ltr'>urbes</span> <span class='ocrx_word' id='word_1_214' title='bbox 3281 636 3670 691; x_wconf 88' lang='lat' dir='ltr'>Tarraconem</span> <span class='ocrx_word' id='word_1_215' title='bbox 3693 634 3839 691; x_wconf 89' lang='lat' dir='ltr'>fuis-</span> 
     </span>
    </p>
   </div>
   <div class='ocr_carea' id='block_1_37' title="bbox 2192 722 3838 798">
    <p class='ocr_par' dir='ltr' id='par_1_37' title="bbox 2192 722 3838 798">
     <span class='ocr_line' id='line_1_37' title="bbox 2192 722 3838 798; baseline 0.001 -19"><span class='ocrx_word' id='word_1_216' title='bbox 2192 742 2253 780; x_wconf 90' lang='lat' dir='ltr'>se</span> <span class='ocrx_word' id='word_1_217' title='bbox 2273 724 2561 797; x_wconf 84' lang='lat' dir='ltr'>insignem</span> <span class='ocrx_word' id='word_1_218' title='bbox 2578 730 2634 781; x_wconf 90' lang='lat' dir='ltr'>et</span> <span class='ocrx_word' id='word_1_219' title='bbox 2651 724 2951 798; x_wconf 78' lang='lat' dir='ltr'>gentilem.</span> <span class='ocrx_word' id='word_1_220' title='bbox 2969 724 3144 780; x_wconf 88' lang='lat' dir='ltr'>etiam</span> <span class='ocrx_word' id='word_1_221' title='bbox 3157 722 3499 780; x_wconf 71' lang='lat' dir='ltr'>Christiana:</span> <span class='ocrx_word' id='word_1_222' title='bbox 3512 724 3838 796; x_wconf 72' lang='lat' dir='ltr'>paginas-ju-</span> 
     </span>
    </p>
   </div>
   <div class='ocr_carea' id='block_1_38' title="bbox 2193 802 3841 870">
    <p class='ocr_par' dir='ltr' id='par_1_38' title="bbox 2193 802 3841 870">
     <span class='ocr_line' id='line_1_38' title="bbox 2193 802 3841 870; baseline 0.001 -2"><span class='ocrx_word' id='word_1_223' title='bbox 2193 813 2360 869; x_wconf 87' lang='lat' dir='ltr'>diciis</span> <span class='ocrx_word' id='word_1_224' title='bbox 2392 815 2818 870; x_wconf 89' lang='lat' dir='ltr'>demonstrant.</span> <span class='ocrx_word' id='word_1_225' title='bbox 2851 814 3059 870; x_wconf 86' lang='lat' dir='ltr'>Justus</span> <span class='ocrx_word' id='word_1_226' title='bbox 3090 817 3287 869; x_wconf 90' lang='lat' dir='ltr'>autem</span> <span class='ocrx_word' id='word_1_227' title='bbox 3310 802 3596 869; x_wconf 82' lang='lat' dir='ltr'>DOminus</span> <span class='ocrx_word' id='word_1_228' title='bbox 3630 813 3688 868; x_wconf 90' lang='lat' dir='ltr'>in</span> <span class='ocrx_word' id='word_1_229' title='bbox 3727 813 3841 869; x_wconf 87' lang='lat' dir='ltr'>viis</span> 
     </span>
    </p>
   </div>
   <div class='ocr_carea' id='block_1_39' title="bbox 2194 901 3842 975">
    <p class='ocr_par' dir='ltr' id='par_1_39' title="bbox 2194 901 3842 975">
     <span class='ocr_line' id='line_1_39' title="bbox 2194 901 3842 975; baseline -0.001 -16"><span class='ocrx_word' id='word_1_230' title='bbox 2194 904 2338 965; x_wconf 80' lang='lat' dir='ltr'>suis,</span> <span class='ocrx_word' id='word_1_231' title='bbox 2373 909 2431 958; x_wconf 92' lang='lat' dir='ltr'>et</span> <span class='ocrx_word' id='word_1_232' title='bbox 2459 909 2701 960; x_wconf 87' lang='lat' dir='ltr'>sanctus</span> <span class='ocrx_word' id='word_1_233' title='bbox 2720 902 2778 957; x_wconf 91' lang='lat' dir='ltr'>in</span> <span class='ocrx_word' id='word_1_234' title='bbox 2804 902 3079 959; x_wconf 89' lang='lat' dir='ltr'>omnibus</span> <span class='ocrx_word' id='word_1_235' title='bbox 3100 902 3378 975; x_wconf 89' lang='lat' dir='ltr'>operibus</span> <span class='ocrx_word' id='word_1_236' title='bbox 3399 902 3546 973; x_wconf 87' lang='lat' dir='ltr'>suis,</span> <span class='ocrx_word' id='word_1_237' title='bbox 3568 901 3842 974; x_wconf 86' lang='lat' dir='ltr'>qui,cum</span> 
     </span>
    </p>
   </div>
   <div class='ocr_carea' id='block_1_40' title="bbox 2196 989 3843 1065">
    <p class='ocr_par' dir='ltr' id='par_1_40' title="bbox 2196 989 3843 1065">
     <span class='ocr_line' id='line_1_40' title="bbox 2196 989 3843 1065; baseline -0.001 -19"><span class='ocrx_word' id='word_1_238' title='bbox 2196 992 2251 1046; x_wconf 90' lang='lat' dir='ltr'>in</span> <span class='ocrx_word' id='word_1_239' title='bbox 2274 991 2817 1065; x_wconf 85' lang='lat' dir='ltr'>plcrisquejudiciis</span> <span class='ocrx_word' id='word_1_240' title='bbox 2833 989 3444 1063; x_wconf 88' lang='lat' dir='ltr'>incomprehensibilis</span> <span class='ocrx_word' id='word_1_241' title='bbox 3465 990 3843 1057; x_wconf 88' lang='lat' dir='ltr'>habeatur,in</span> 
     </span>
    </p>
   </div>
   <div class='ocr_carea' id='block_1_41' title="bbox 2194 1077 3844 1152">
    <p class='ocr_par' dir='ltr' id='par_1_41' title="bbox 2194 1077 3844 1152">
     <span class='ocr_line' id='line_1_41' title="bbox 2194 1077 3844 1152; baseline 0 -18"><span class='ocrx_word' id='word_1_242' title='bbox 2194 1079 2357 1135; x_wconf 87' lang='lat' dir='ltr'>nullo</span> <span class='ocrx_word' id='word_1_243' title='bbox 2383 1097 2643 1152; x_wconf 86' lang='lat' dir='ltr'>unquam</span> <span class='ocrx_word' id='word_1_244' title='bbox 2669 1078 2821 1135; x_wconf 88' lang='lat' dir='ltr'>valet</span> <span class='ocrx_word' id='word_1_245' title='bbox 2852 1078 3329 1152; x_wconf 90' lang='lat' dir='ltr'>reprehensibilis</span> <span class='ocrx_word' id='word_1_246' title='bbox 3368 1077 3667 1146; x_wconf 63' lang='lat' dir='ltr'>aestimari,</span> <span class='ocrx_word' id='word_1_247' title='bbox 3717 1078 3844 1151; x_wconf 85' lang='lat' dir='ltr'>ipse</span> 
     </span>
    </p>
   </div>
   <div class='ocr_carea' id='block_1_42' title="bbox 2191 1166 3843 1241">
    <p class='ocr_par' dir='ltr' id='par_1_42' title="bbox 2191 1166 3843 1241">
     <span class='ocr_line' id='line_1_42' title="bbox 2191 1166 3843 1241; baseline -0.002 -17"><span class='ocrx_word' id='word_1_248' title='bbox 2191 1170 2471 1224; x_wconf 81' lang='lat' dir='ltr'>transfert</span> <span class='ocrx_word' id='word_1_249' title='bbox 2502 1185 2681 1241; x_wconf 90' lang='lat' dir='ltr'>regna</span> <span class='ocrx_word' id='word_1_250' title='bbox 2709 1172 2766 1223; x_wconf 91' lang='lat' dir='ltr'>et</span> <span class='ocrx_word' id='word_1_251' title='bbox 2797 1171 2986 1223; x_wconf 87' lang='lat' dir='ltr'>mutat</span> <span class='ocrx_word' id='word_1_252' title='bbox 3017 1172 3298 1240; x_wconf 85' lang='lat' dir='ltr'>tempora:</span> <span class='ocrx_word' id='word_1_253' title='bbox 3326 1167 3439 1241; x_wconf 90' lang='lat' dir='ltr'>ipsi</span> <span class='ocrx_word' id='word_1_254' title='bbox 3469 1166 3660 1222; x_wconf 91' lang='lat' dir='ltr'>visum</span> <span class='ocrx_word' id='word_1_255' title='bbox 3677 1166 3843 1222; x_wconf 89' lang='lat' dir='ltr'>estin</span> 
     </span>
    </p>
   </div>
   <div class='ocr_carea' id='block_1_43' title="bbox 2193 1253 3844 1328">
    <p class='ocr_par' dir='ltr' id='par_1_43' title="bbox 2193 1253 3844 1328">
     <span class='ocr_line' id='line_1_43' title="bbox 2193 1253 3844 1328; baseline -0.002 -16"><span class='ocrx_word' id='word_1_256' title='bbox 2193 1258 2395 1312; x_wconf 88' lang='lat' dir='ltr'>eadem</span> <span class='ocrx_word' id='word_1_257' title='bbox 2429 1258 2571 1312; x_wconf 90' lang='lat' dir='ltr'>urbe</span> <span class='ocrx_word' id='word_1_258' title='bbox 2592 1256 2730 1314; x_wconf 90' lang='lat' dir='ltr'>olim</span> <span class='ocrx_word' id='word_1_259' title='bbox 2752 1256 3208 1312; x_wconf 87' lang='lat' dir='ltr'>Tarraconensis</span> <span class='ocrx_word' id='word_1_260' title='bbox 3232 1256 3395 1312; x_wconf 89' lang='lat' dir='ltr'>urbis</span> <span class='ocrx_word' id='word_1_261' title='bbox 3414 1254 3659 1328; x_wconf 86' lang='lat' dir='ltr'>gloriam</span> <span class='ocrx_word' id='word_1_262' title='bbox 3695 1253 3844 1312; x_wconf 82' lang='lat' dir='ltr'>exal-</span> 
     </span>
    </p>
   </div>
   <div class='ocr_carea' id='block_1_44' title="bbox 2193 1342 3841 1417">
    <p class='ocr_par' dir='ltr' id='par_1_44' title="bbox 2193 1342 3841 1417">
     <span class='ocr_line' id='line_1_44' title="bbox 2193 1342 3841 1417; baseline -0.002 -17"><span class='ocrx_word' id='word_1_263' title='bbox 2193 1350 2338 1410; x_wconf 88' lang='lat' dir='ltr'>tare;</span> <span class='ocrx_word' id='word_1_264' title='bbox 2380 1346 2489 1416; x_wconf 86' lang='lat' dir='ltr'>ipsi</span> <span class='ocrx_word' id='word_1_265' title='bbox 2533 1346 2722 1401; x_wconf 85' lang='lat' dir='ltr'>visum</span> <span class='ocrx_word' id='word_1_266' title='bbox 2755 1351 2842 1400; x_wconf 85' lang='lat' dir='ltr'>est</span> <span class='ocrx_word' id='word_1_267' title='bbox 2870 1346 2927 1399; x_wconf 90' lang='lat' dir='ltr'>in</span> <span class='ocrx_word' id='word_1_268' title='bbox 2961 1345 3162 1400; x_wconf 88' lang='lat' dir='ltr'>eadem</span> <span class='ocrx_word' id='word_1_269' title='bbox 3196 1344 3338 1399; x_wconf 91' lang='lat' dir='ltr'>urbe</span> <span class='ocrx_word' id='word_1_270' title='bbox 3371 1349 3609 1417; x_wconf 83' lang='lat' dir='ltr'>peccata</span> <span class='ocrx_word' id='word_1_271' title='bbox 3641 1342 3841 1417; x_wconf 89' lang='lat' dir='ltr'>populi</span> 
     </span>
    </p>
   </div>
   <div class='ocr_carea' id='block_1_45' title="bbox 2197 1432 3843 1506">
    <p class='ocr_par' dir='ltr' id='par_1_45' title="bbox 2197 1432 3843 1506">
     <span class='ocr_line' id='line_1_45' title="bbox 2197 1432 3843 1506; baseline -0.001 -16"><span class='ocrx_word' id='word_1_272' title='bbox 2197 1435 2286 1490; x_wconf 90' lang='lat' dir='ltr'>sui</span> <span class='ocrx_word' id='word_1_273' title='bbox 2318 1435 2572 1490; x_wconf 82' lang='lat' dir='ltr'>visitare.</span> <span class='ocrx_word' id='word_1_274' title='bbox 2605 1434 2748 1489; x_wconf 88' lang='lat' dir='ltr'>Cum</span> <span class='ocrx_word' id='word_1_275' title='bbox 2767 1434 2924 1489; x_wconf 90' lang='lat' dir='ltr'>enim</span> <span class='ocrx_word' id='word_1_276' title='bbox 2951 1434 3008 1488; x_wconf 92' lang='lat' dir='ltr'>in</span> <span class='ocrx_word' id='word_1_277' title='bbox 3025 1450 3093 1489; x_wconf 91' lang='lat' dir='ltr'>ea</span> <span class='ocrx_word' id='word_1_278' title='bbox 3109 1433 3569 1489; x_wconf 87' lang='lat' dir='ltr'>Christianorum</span> <span class='ocrx_word' id='word_1_279' title='bbox 3588 1432 3843 1506; x_wconf 84' lang='lat' dir='ltr'>populus</span> 
     </span>
    </p>
   </div>
   <div class='ocr_carea' id='block_1_46' title="bbox 2196 1512 3843 1595">
    <p class='ocr_par' dir='ltr' id='par_1_46' title="bbox 2196 1512 3843 1595">
     <span class='ocr_line' id='line_1_46' title="bbox 2196 1512 3843 1595; baseline -0.001 -17"><span class='ocrx_word' id='word_1_280' title='bbox 2196 1524 2506 1587; x_wconf 78' lang='lat' dir='ltr'>habitaret,</span> <span class='ocrx_word' id='word_1_281' title='bbox 2538 1522 2796 1578; x_wconf 84' lang='lat' dir='ltr'>visitavit</span> <span class='ocrx_word' id='word_1_282' title='bbox 2826 1523 2884 1577; x_wconf 91' lang='lat' dir='ltr'>in</span> <span class='ocrx_word' id='word_1_283' title='bbox 2915 1522 3077 1595; x_wconf 91' lang='lat' dir='ltr'>virga</span> <span class='ocrx_word' id='word_1_284' title='bbox 3104 1521 3448 1594; x_wconf 87' lang='lat' dir='ltr'>iniquitates</span> <span class='ocrx_word' id='word_1_285' title='bbox 3479 1512 3681 1578; x_wconf 85' lang='lat' dir='ltr'>eorum</span> <span class='ocrx_word' id='word_1_286' title='bbox 3705 1527 3759 1577; x_wconf 88' lang='lat' dir='ltr'>et</span> <span class='ocrx_word' id='word_1_287' title='bbox 3781 1522 3843 1577; x_wconf 89' lang='lat' dir='ltr'>in</span> 
     </span>
    </p>
   </div>
   <div class='ocr_carea' id='block_1_47' title="bbox 2195 1610 3844 1683">
    <p class='ocr_par' dir='ltr' id='par_1_47' title="bbox 2195 1610 3844 1683">
     <span class='ocr_line' id='line_1_47' title="bbox 2195 1610 3844 1683; baseline 0.001 -19"><span class='ocrx_word' id='word_1_288' title='bbox 2195 1610 2539 1667; x_wconf 78' lang='lat' dir='ltr'>verberibus</span> <span class='ocrx_word' id='word_1_289' title='bbox 2571 1616 2804 1683; x_wconf 86' lang='lat' dir='ltr'>peccata</span> <span class='ocrx_word' id='word_1_290' title='bbox 2832 1628 3055 1666; x_wconf 89' lang='lat' dir='ltr'>eorum.</span> <span class='ocrx_word' id='word_1_291' title='bbox 3081 1611 3190 1666; x_wconf 87' lang='lat' dir='ltr'>Sed</span> <span class='ocrx_word' id='word_1_292' title='bbox 3224 1628 3354 1666; x_wconf 90' lang='lat' dir='ltr'>ecce</span> <span class='ocrx_word' id='word_1_293' title='bbox 3377 1613 3504 1682; x_wconf 89' lang='lat' dir='ltr'>jam</span> <span class='ocrx_word' id='word_1_294' title='bbox 3532 1610 3844 1667; x_wconf 82' lang='lat' dir='ltr'>transactis</span> 
     </span>
    </p>
   </div>
   <div class='ocr_carea' id='block_1_48' title="bbox 2196 1700 3844 1773">
    <p class='ocr_par' dir='ltr' id='par_1_48' title="bbox 2196 1700 3844 1773">
     <span class='ocr_line' id='line_1_48' title="bbox 2196 1700 3844 1773; baseline -0.001 -18"><span class='ocrx_word' id='word_1_295' title='bbox 2196 1701 2469 1757; x_wconf 82' lang='lat' dir='ltr'>trecentis</span> <span class='ocrx_word' id='word_1_296' title='bbox 2502 1701 2821 1772; x_wconf 85' lang='lat' dir='ltr'>nonaginta</span> <span class='ocrx_word' id='word_1_297' title='bbox 2852 1700 3042 1767; x_wconf 89' lang='lat' dir='ltr'>annis,</span> <span class='ocrx_word' id='word_1_298' title='bbox 3076 1717 3144 1754; x_wconf 87' lang='lat' dir='ltr'>ex</span> <span class='ocrx_word' id='word_1_299' title='bbox 3177 1716 3292 1771; x_wconf 90' lang='lat' dir='ltr'>quo</span> <span class='ocrx_word' id='word_1_300' title='bbox 3314 1700 3612 1773; x_wconf 58' lang='lat' dir='ltr'>praefatam</span> <span class='ocrx_word' id='word_1_301' title='bbox 3643 1700 3844 1754; x_wconf 87' lang='lat' dir='ltr'>urbem</span> 
     </span>
    </p>
   </div>
   <div class='ocr_carea' id='block_1_49' title="bbox 2196 1787 3843 1861">
    <p class='ocr_par' dir='ltr' id='par_1_49' title="bbox 2196 1787 3843 1861">
     <span class='ocr_line' id='line_1_49' title="bbox 2196 1787 3843 1861; baseline -0.001 -18"><span class='ocrx_word' id='word_1_302' title='bbox 2196 1792 2592 1861; x_wconf 88' lang='lat' dir='ltr'>Agarenorum</span> <span class='ocrx_word' id='word_1_303' title='bbox 2626 1806 2768 1861; x_wconf 86' lang='lat' dir='ltr'>gens</span> <span class='ocrx_word' id='word_1_304' title='bbox 2801 1805 2979 1861; x_wconf 88' lang='lat' dir='ltr'>prope</span> <span class='ocrx_word' id='word_1_305' title='bbox 3012 1788 3332 1843; x_wconf 88' lang='lat' dir='ltr'>solitariam</span> <span class='ocrx_word' id='word_1_306' title='bbox 3369 1787 3585 1857; x_wconf 86' lang='lat' dir='ltr'>fecerit,</span> <span class='ocrx_word' id='word_1_307' title='bbox 3628 1787 3843 1860; x_wconf 85' lang='lat' dir='ltr'>princi-</span> 
     </span>
    </p>
   </div>
   <div class='ocr_carea' id='block_1_50' title="bbox 2201 1876 3847 1950">
    <p class='ocr_par' dir='ltr' id='par_1_50' title="bbox 2201 1876 3847 1950">
     <span class='ocr_line' id='line_1_50' title="bbox 2201 1876 3847 1950; baseline -0.001 -18"><span class='ocrx_word' id='word_1_308' title='bbox 2201 1895 2338 1950; x_wconf 88' lang='lat' dir='ltr'>pum</span> <span class='ocrx_word' id='word_1_309' title='bbox 2355 1894 2594 1933; x_wconf 89' lang='lat' dir='ltr'>suorum</span> <span class='ocrx_word' id='word_1_310' title='bbox 2615 1878 2890 1934; x_wconf 87' lang='lat' dir='ltr'>cordibus</span> <span class='ocrx_word' id='word_1_311' title='bbox 2909 1877 3193 1949; x_wconf 87' lang='lat' dir='ltr'>inspirare</span> <span class='ocrx_word' id='word_1_312' title='bbox 3211 1876 3487 1949; x_wconf 87' lang='lat' dir='ltr'>dignatus</span> <span class='ocrx_word' id='word_1_313' title='bbox 3505 1881 3592 1932; x_wconf 91' lang='lat' dir='ltr'>est</span> <span class='ocrx_word' id='word_1_314' title='bbox 3617 1879 3680 1931; x_wconf 91' lang='lat' dir='ltr'>ut</span> <span class='ocrx_word' id='word_1_315' title='bbox 3694 1876 3847 1947; x_wconf 89' lang='lat' dir='ltr'>ejus-</span> 
     </span>
    </p>
   </div>
   <div class='ocr_carea' id='block_1_51' title="bbox 2199 1966 3846 2038">
    <p class='ocr_par' dir='ltr' id='par_1_51' title="bbox 2199 1966 3846 2038">
     <span class='ocr_line' id='line_1_51' title="bbox 2199 1966 3846 2038; baseline 0 -18"><span class='ocrx_word' id='word_1_316' title='bbox 2199 1967 2331 2021; x_wconf 85' lang='lat' dir='ltr'>dem</span> <span class='ocrx_word' id='word_1_317' title='bbox 2351 1967 2510 2021; x_wconf 88' lang='lat' dir='ltr'>urbis</span> <span class='ocrx_word' id='word_1_318' title='bbox 2525 1966 2901 2033; x_wconf 81' lang='lat' dir='ltr'>restitutioni,</span> <span class='ocrx_word' id='word_1_319' title='bbox 2916 1967 3239 2022; x_wconf 90' lang='lat' dir='ltr'>secundum</span> <span class='ocrx_word' id='word_1_320' title='bbox 3256 1970 3604 2038; x_wconf 62' lang='lat' dir='ltr'>praeceptum</span> <span class='ocrx_word' id='word_1_321' title='bbox 3620 1970 3846 2037; x_wconf 87' lang='lat' dir='ltr'>aposto-</span> 
     </span>
    </p>
   </div>
   <div class='ocr_carea' id='block_1_52' title="bbox 2199 2054 3844 2126">
    <p class='ocr_par' dir='ltr' id='par_1_52' title="bbox 2199 2054 3844 2126">
     <span class='ocr_line' id='line_1_52' title="bbox 2199 2054 3844 2126; baseline 0 -17"><span class='ocrx_word' id='word_1_322' title='bbox 2199 2054 2320 2111; x_wconf 67' lang='lat' dir='ltr'>licae</span> <span class='ocrx_word' id='word_1_323' title='bbox 2361 2056 2534 2121; x_wconf 84' lang='lat' dir='ltr'>sedis,</span> <span class='ocrx_word' id='word_1_324' title='bbox 2578 2056 2670 2110; x_wconf 92' lang='lat' dir='ltr'>cui</span> <span class='ocrx_word' id='word_1_325' title='bbox 2721 2055 3065 2111; x_wconf 85' lang='lat' dir='ltr'>auctoritate</span> <span class='ocrx_word' id='word_1_326' title='bbox 3116 2054 3215 2111; x_wconf 87' lang='lat' dir='ltr'>Dei</span> <span class='ocrx_word' id='word_1_327' title='bbox 3265 2056 3352 2126; x_wconf 85' lang='lat'>[/&#39;.,</span> <span class='ocrx_word' id='word_1_328' title='bbox 3405 2060 3639 2111; x_wconf 88' lang='lat' dir='ltr'>auctore</span> <span class='ocrx_word' id='word_1_329' title='bbox 3687 2056 3844 2126; x_wconf 87' lang='lat' dir='ltr'>Deo],</span> 
     </span>
    </p>
   </div>
   <div class='ocr_carea' id='block_1_53' title="bbox 2199 2142 3846 2216">
    <p class='ocr_par' dir='ltr' id='par_1_53' title="bbox 2199 2142 3846 2216">
     <span class='ocr_line' id='line_1_53' title="bbox 2199 2142 3846 2216; baseline 0.001 -19"><span class='ocrx_word' id='word_1_330' title='bbox 2199 2142 2335 2199; x_wconf 90' lang='lat' dir='ltr'>licet</span> <span class='ocrx_word' id='word_1_331' title='bbox 2366 2144 2611 2216; x_wconf 87' lang='lat' dir='ltr'>indigni,</span> <span class='ocrx_word' id='word_1_332' title='bbox 2647 2143 3049 2215; x_wconf 67' lang='lat' dir='ltr'>praesidemus,</span> <span class='ocrx_word' id='word_1_333' title='bbox 3076 2143 3436 2199; x_wconf 89' lang='lat' dir='ltr'>insisterent.</span> <span class='ocrx_word' id='word_1_334' title='bbox 3461 2143 3846 2216; x_wconf 87' lang='lat' dir='ltr'>Berengarius</span> 
     </span>
    </p>
   </div>
   <div class='ocr_carea' id='block_1_54' title="bbox 2201 2232 3845 2305">
    <p class='ocr_par' dir='ltr' id='par_1_54' title="bbox 2201 2232 3845 2305">
     <span class='ocr_line' id='line_1_54' title="bbox 2201 2232 3845 2305; baseline -0.002 -16"><span class='ocrx_word' id='word_1_335' title='bbox 2201 2232 3013 2305; x_wconf 88' lang='lat' dir='ltr'>siquidem,Barchinonensis</span> <span class='ocrx_word' id='word_1_336' title='bbox 3025 2249 3241 2300; x_wconf 89' lang='lat' dir='ltr'>comes,</span> <span class='ocrx_word' id='word_1_337' title='bbox 3258 2233 3623 2288; x_wconf 88' lang='lat' dir='ltr'>auctoritatis</span> <span class='ocrx_word' id='word_1_338' title='bbox 3635 2236 3845 2288; x_wconf 66' lang='lat' dir='ltr'>nostra:</span> 
     </span>
    </p>
   </div>
   <div class='ocr_carea' id='block_1_55' title="bbox 2200 2319 3845 2395">
    <p class='ocr_par' dir='ltr' id='par_1_55' title="bbox 2200 2319 3845 2395">
     <span class='ocr_line' id='line_1_55' title="bbox 2200 2319 3845 2395; baseline 0.001 -19"><span class='ocrx_word' id='word_1_339' title='bbox 2200 2322 2578 2395; x_wconf 83' lang='lat' dir='ltr'>persuasione</span> <span class='ocrx_word' id='word_1_340' title='bbox 2610 2321 3022 2389; x_wconf 86' lang='lat' dir='ltr'>commonitus,</span> <span class='ocrx_word' id='word_1_341' title='bbox 3059 2338 3161 2393; x_wconf 89' lang='lat' dir='ltr'>pro</span> <span class='ocrx_word' id='word_1_342' title='bbox 3208 2321 3417 2376; x_wconf 67' lang='lat' dir='ltr'>animm</span> <span class='ocrx_word' id='word_1_343' title='bbox 3467 2338 3585 2377; x_wconf 76' lang='lat' dir='ltr'>suae</span> <span class='ocrx_word' id='word_1_344' title='bbox 3634 2319 3845 2388; x_wconf 86' lang='lat' dir='ltr'>salute,</span> 
     </span>
    </p>
   </div>
   <div class='ocr_carea' id='block_1_56' title="bbox 2200 2407 3849 2482">
    <p class='ocr_par' dir='ltr' id='par_1_56' title="bbox 2200 2407 3849 2482">
     <span class='ocr_line' id='line_1_56' title="bbox 2200 2407 3849 2482; baseline -0.001 -17"><span class='ocrx_word' id='word_1_345' title='bbox 2200 2427 2331 2465; x_wconf 92' lang='lat' dir='ltr'>cum</span> <span class='ocrx_word' id='word_1_346' title='bbox 2361 2426 2477 2464; x_wconf 85' lang='lat' dir='ltr'>suae</span> <span class='ocrx_word' id='word_1_347' title='bbox 2509 2408 2812 2481; x_wconf 85' lang='lat' dir='ltr'>potestatis</span> <span class='ocrx_word' id='word_1_348' title='bbox 2842 2409 3218 2482; x_wconf 88' lang='lat' dir='ltr'>magnatibus</span> <span class='ocrx_word' id='word_1_349' title='bbox 3248 2426 3363 2464; x_wconf 92' lang='lat' dir='ltr'>non</span> <span class='ocrx_word' id='word_1_350' title='bbox 3395 2407 3585 2465; x_wconf 88' lang='lat' dir='ltr'>solum</span> <span class='ocrx_word' id='word_1_351' title='bbox 3615 2409 3849 2465; x_wconf 81' lang='lat' dir='ltr'>restitu-</span> 
     </span>
    </p>
   </div>
   <div class='ocr_carea' id='block_1_57' title="bbox 2199 2496 3846 2570">
    <p class='ocr_par' dir='ltr' id='par_1_57' title="bbox 2199 2496 3846 2570">
     <span class='ocr_line' id='line_1_57' title="bbox 2199 2496 3846 2570; baseline 0 -17"><span class='ocrx_word' id='word_1_352' title='bbox 2199 2498 2343 2553; x_wconf 91' lang='lat' dir='ltr'>tioni</span> <span class='ocrx_word' id='word_1_353' title='bbox 2376 2497 2622 2570; x_wconf 67' lang='lat' dir='ltr'>praefata:</span> <span class='ocrx_word' id='word_1_354' title='bbox 2656 2497 2819 2552; x_wconf 81' lang='lat' dir='ltr'>urbis</span> <span class='ocrx_word' id='word_1_355' title='bbox 2849 2496 3072 2553; x_wconf 90' lang='lat' dir='ltr'>insistit</span> <span class='ocrx_word' id='word_1_356' title='bbox 3103 2497 3383 2569; x_wconf 86' lang='lat' dir='ltr'>[institit],</span> <span class='ocrx_word' id='word_1_357' title='bbox 3415 2499 3512 2554; x_wconf 89' lang='lat' dir='ltr'>sed</span> <span class='ocrx_word' id='word_1_358' title='bbox 3545 2502 3604 2554; x_wconf 92' lang='lat' dir='ltr'>et</span> <span class='ocrx_word' id='word_1_359' title='bbox 3642 2498 3846 2553; x_wconf 90' lang='lat' dir='ltr'>urbem</span> 
     </span>
    </p>
   </div>
   <div class='ocr_carea' id='block_1_58' title="bbox 2200 2585 3848 2659">
    <p class='ocr_par' dir='ltr' id='par_1_58' title="bbox 2200 2585 3848 2659">
     <span class='ocr_line' id='line_1_58' title="bbox 2200 2585 3848 2659; baseline -0.001 -16"><span class='ocrx_word' id='word_1_360' title='bbox 2200 2588 2411 2659; x_wconf 90' lang='lat' dir='ltr'>ipsam,</span> <span class='ocrx_word' id='word_1_361' title='bbox 2445 2591 2501 2640; x_wconf 90' lang='lat' dir='ltr'>et</span> <span class='ocrx_word' id='word_1_362' title='bbox 2531 2602 2763 2641; x_wconf 89' lang='lat' dir='ltr'>omnem</span> <span class='ocrx_word' id='word_1_363' title='bbox 2796 2603 2915 2641; x_wconf 63' lang='lat' dir='ltr'>suae</span> <span class='ocrx_word' id='word_1_364' title='bbox 2947 2585 3251 2657; x_wconf 88' lang='lat' dir='ltr'>potestatis</span> <span class='ocrx_word' id='word_1_365' title='bbox 3284 2591 3520 2653; x_wconf 88' lang='lat' dir='ltr'>terram,</span> <span class='ocrx_word' id='word_1_366' title='bbox 3567 2586 3631 2641; x_wconf 92' lang='lat' dir='ltr'>B.</span> <span class='ocrx_word' id='word_1_367' title='bbox 3685 2586 3848 2642; x_wconf 87' lang='lat' dir='ltr'>Petro</span> 
     </span>
    </p>
   </div>
   <div class='ocr_carea' id='block_1_59' title="bbox 2201 2672 3849 2746">
    <p class='ocr_par' dir='ltr' id='par_1_59' title="bbox 2201 2672 3849 2746">
     <span class='ocr_line' id='line_1_59' title="bbox 2201 2672 3849 2746; baseline -0.001 -16"><span class='ocrx_word' id='word_1_368' title='bbox 2201 2675 2448 2746; x_wconf 89' lang='lat' dir='ltr'>ejusque</span> <span class='ocrx_word' id='word_1_369' title='bbox 2462 2675 2632 2729; x_wconf 87' lang='lat' dir='ltr'>vicari</span> <span class='ocrx_word' id='word_1_370' title='bbox 2643 2675 2690 2729; x_wconf 89' lang='lat' dir='ltr'>is</span> <span class='ocrx_word' id='word_1_371' title='bbox 2712 2673 2879 2746; x_wconf 87' lang='lat' dir='ltr'>legali</span> <span class='ocrx_word' id='word_1_372' title='bbox 2901 2672 3278 2746; x_wconf 86' lang='lat' dir='ltr'>stipulatione</span> <span class='ocrx_word' id='word_1_373' title='bbox 3298 2674 3558 2741; x_wconf 88' lang='lat' dir='ltr'>tradidit,</span> <span class='ocrx_word' id='word_1_374' title='bbox 3583 2691 3849 2730; x_wconf 91' lang='lat' dir='ltr'>censum-</span> 
     </span>
    </p>
   </div>
   <div class='ocr_carea' id='block_1_60' title="bbox 2201 2762 3843 2836">
    <p class='ocr_par' dir='ltr' id='par_1_60' title="bbox 2201 2762 3843 2836">
     <span class='ocr_line' id='line_1_60' title="bbox 2201 2762 3843 2836; baseline 0.001 -18"><span class='ocrx_word' id='word_1_375' title='bbox 2201 2781 2314 2836; x_wconf 90' lang='lat' dir='ltr'>que</span> <span class='ocrx_word' id='word_1_376' title='bbox 2343 2764 2601 2836; x_wconf 90' lang='lat' dir='ltr'>quinque</span> <span class='ocrx_word' id='word_1_377' title='bbox 2631 2763 2914 2817; x_wconf 88' lang='lat' dir='ltr'>librarum</span> <span class='ocrx_word' id='word_1_378' title='bbox 2947 2764 3168 2836; x_wconf 89' lang='lat' dir='ltr'>argenti</span> <span class='ocrx_word' id='word_1_379' title='bbox 3206 2762 3581 2818; x_wconf 89' lang='lat' dir='ltr'>Lateranensi</span> <span class='ocrx_word' id='word_1_380' title='bbox 3630 2763 3843 2835; x_wconf 86' lang='lat' dir='ltr'>palatio</span> 
     </span>
    </p>
   </div>
   <div class='ocr_carea' id='block_1_61' title="bbox 2202 2850 3845 2925">
    <p class='ocr_par' dir='ltr' id='par_1_61' title="bbox 2202 2850 3845 2925">
     <span class='ocr_line' id='line_1_61' title="bbox 2202 2850 3845 2925; baseline 0 -18"><span class='ocrx_word' id='word_1_381' title='bbox 2202 2852 2375 2925; x_wconf 84' lang='lat' dir='ltr'>[add.,</span> <span class='ocrx_word' id='word_1_382' title='bbox 2407 2852 2679 2925; x_wconf 83' lang='lat' dir='ltr'>singulis]</span> <span class='ocrx_word' id='word_1_383' title='bbox 2713 2852 2883 2906; x_wconf 87' lang='lat' dir='ltr'>annis</span> <span class='ocrx_word' id='word_1_384' title='bbox 2914 2850 3255 2907; x_wconf 87' lang='lat' dir='ltr'>solvendum</span> <span class='ocrx_word' id='word_1_385' title='bbox 3291 2851 3568 2907; x_wconf 86' lang='lat' dir='ltr'>instituit.</span> <span class='ocrx_word' id='word_1_386' title='bbox 3603 2852 3719 2907; x_wconf 90' lang='lat' dir='ltr'>Nos</span> <span class='ocrx_word' id='word_1_387' title='bbox 3740 2852 3845 2908; x_wconf 87' lang='lat' dir='ltr'>ita-</span> 
     </span>
    </p>
   </div>
   <div class='ocr_carea' id='block_1_62' title="bbox 2202 2940 3849 3014">
    <p class='ocr_par' dir='ltr' id='par_1_62' title="bbox 2202 2940 3849 3014">
     <span class='ocr_line' id='line_1_62' title="bbox 2202 2940 3849 3014; baseline 0.001 -19"><span class='ocrx_word' id='word_1_388' title='bbox 2202 2960 2333 3014; x_wconf 87' lang='lat' dir='ltr'>que,</span> <span class='ocrx_word' id='word_1_389' title='bbox 2370 2946 2679 3014; x_wconf 71' lang='lat' dir='ltr'>praestante</span> <span class='ocrx_word' id='word_1_390' title='bbox 2701 2941 2837 3007; x_wconf 93' lang='lat' dir='ltr'>Deo,</span> <span class='ocrx_word' id='word_1_391' title='bbox 2854 2940 3242 2996; x_wconf 88' lang='lat' dir='ltr'>restitutionis</span> <span class='ocrx_word' id='word_1_392' title='bbox 3261 2940 3439 3011; x_wconf 86' lang='lat' dir='ltr'>hujus</span> <span class='ocrx_word' id='word_1_393' title='bbox 3461 2945 3734 3012; x_wconf 85' lang='lat' dir='ltr'>Optamus</span> <span class='ocrx_word' id='word_1_394' title='bbox 3758 2958 3849 2997; x_wconf 91' lang='lat' dir='ltr'>co-</span> 
     </span>
    </p>
   </div>
   <div class='ocr_carea' id='block_1_63' title="bbox 2200 3029 3841 3102">
    <p class='ocr_par' dir='ltr' id='par_1_63' title="bbox 2200 3029 3841 3102">
     <span class='ocr_line' id='line_1_63' title="bbox 2200 3029 3841 3102; baseline -0.001 -16"><span class='ocrx_word' id='word_1_395' title='bbox 2200 3035 2531 3102; x_wconf 89' lang='lat' dir='ltr'>operatores</span> <span class='ocrx_word' id='word_1_396' title='bbox 2571 3029 2839 3100; x_wconf 84' lang='lat' dir='ltr'>existere,</span> <span class='ocrx_word' id='word_1_397' title='bbox 2889 3029 3147 3101; x_wconf 75' lang='lat' dir='ltr'>praedicti</span> <span class='ocrx_word' id='word_1_398' title='bbox 3195 3029 3428 3084; x_wconf 88' lang='lat' dir='ltr'>comitis</span> <span class='ocrx_word' id='word_1_399' title='bbox 3478 3031 3841 3096; x_wconf 85' lang='lat' dir='ltr'>institutum,</span> 
     </span>
    </p>
   </div>
   <div class='ocr_carea' id='block_1_64' title="bbox 2202 3117 3850 3189">
    <p class='ocr_par' dir='ltr' id='par_1_64' title="bbox 2202 3117 3850 3189">
     <span class='ocr_line' id='line_1_64' title="bbox 2202 3117 3850 3189; baseline 0.002 -17"><span class='ocrx_word' id='word_1_400' title='bbox 2202 3119 2619 3189; x_wconf 88' lang='lat' dir='ltr'>libertatesque</span> <span class='ocrx_word' id='word_1_401' title='bbox 2649 3122 2705 3174; x_wconf 91' lang='lat' dir='ltr'>et</span> <span class='ocrx_word' id='word_1_402' title='bbox 2724 3117 3199 3185; x_wconf 90' lang='lat' dir='ltr'>consuetudines,</span> <span class='ocrx_word' id='word_1_403' title='bbox 3224 3134 3371 3189; x_wconf 88' lang='lat' dir='ltr'>quas</span> <span class='ocrx_word' id='word_1_404' title='bbox 3394 3119 3557 3174; x_wconf 91' lang='lat' dir='ltr'>novis</span> <span class='ocrx_word' id='word_1_405' title='bbox 3577 3119 3850 3176; x_wconf 86' lang='lat' dir='ltr'>Tarraco-</span> 
     </span>
    </p>
   </div>
   <div class='ocr_carea' id='block_1_65' title="bbox 437 3191 3849 3279">
    <p class='ocr_par' dir='ltr' id='par_1_65' title="bbox 437 3191 3849 3279">
     <span class='ocr_line' id='line_1_65' title="bbox 437 3191 3849 3279; baseline 0 -17"><span class='ocrx_word' id='word_1_406' title='bbox 437 3212 660 3263; x_wconf 87' lang='lat' dir='ltr'>remota</span> <span class='ocrx_word' id='word_1_407' title='bbox 688 3207 948 3279; x_wconf 87' lang='lat' dir='ltr'>qualibet</span> <span class='ocrx_word' id='word_1_408' title='bbox 979 3208 1304 3273; x_wconf 89' lang='lat' dir='ltr'>occasione,</span> <span class='ocrx_word' id='word_1_409' title='bbox 1357 3207 1665 3279; x_wconf 89' lang='lat' dir='ltr'>persolvat.</span> <span class='ocrx_word' id='word_1_410' title='bbox 1717 3207 1907 3279; x_wconf 84' lang='lat' dir='ltr'>Hujus</span> <span class='ocrx_word' id='word_1_411' title='bbox 1946 3222 2083 3278; x_wconf 87' lang='lat' dir='ltr'>ergo</span> <span class='ocrx_word' id='word_1_412' title='bbox 2117 3191 2160 3258; x_wconf 84' lang='lat' dir='ltr'>C</span> <span class='ocrx_word' id='word_1_413' title='bbox 2200 3207 2398 3263; x_wconf 88' lang='lat' dir='ltr'>nensis</span> <span class='ocrx_word' id='word_1_414' title='bbox 2431 3207 2592 3261; x_wconf 91' lang='lat' dir='ltr'>urbis</span> <span class='ocrx_word' id='word_1_415' title='bbox 2626 3204 2848 3261; x_wconf 91' lang='lat' dir='ltr'>colonis</span> <span class='ocrx_word' id='word_1_416' title='bbox 2877 3203 3284 3278; x_wconf 87' lang='lat' dir='ltr'>promulgasse</span> <span class='ocrx_word' id='word_1_417' title='bbox 3314 3206 3704 3279; x_wconf 88' lang='lat' dir='ltr'>cognoscitur,</span> <span class='ocrx_word' id='word_1_418' title='bbox 3735 3207 3849 3262; x_wconf 88' lang='lat' dir='ltr'>col-</span> 
     </span>
    </p>
   </div>
   <div class='ocr_carea' id='block_1_66' title="bbox 437 3295 2085 3352">
    <p class='ocr_par' dir='ltr' id='par_1_66' title="bbox 437 3295 2085 3352">
     <span class='ocr_line' id='line_1_66' title="bbox 437 3295 2085 3352; baseline -0.002 0"><span class='ocrx_word' id='word_1_419' title='bbox 437 3302 647 3352; x_wconf 79' lang='lat' dir='ltr'>nostrze</span> <span class='ocrx_word' id='word_1_420' title='bbox 706 3295 1012 3351; x_wconf 89' lang='lat' dir='ltr'>locationis</span> <span class='ocrx_word' id='word_1_421' title='bbox 1054 3300 1316 3352; x_wconf 80' lang='lat' dir='ltr'>tenorem</span> <span class='ocrx_word' id='word_1_422' title='bbox 1388 3296 1801 3351; x_wconf 89' lang='lat' dir='ltr'>inconcussum</span> <span class='ocrx_word' id='word_1_423' title='bbox 1847 3295 2085 3350; x_wconf 89' lang='lat' dir='ltr'>omnino</span> 
     </span>
    </p>
   </div>
   <div class='ocr_carea' id='block_1_67' title="bbox 437 3384 2083 3457">
    <p class='ocr_par' dir='ltr' id='par_1_67' title="bbox 437 3384 2083 3457">
     <span class='ocr_line' id='line_1_67' title="bbox 437 3384 2083 3457; baseline -0.002 -15"><span class='ocrx_word' id='word_1_424' title='bbox 437 3402 674 3442; x_wconf 89' lang='lat' dir='ltr'>manere</span> <span class='ocrx_word' id='word_1_425' title='bbox 722 3388 922 3441; x_wconf 88' lang='lat' dir='ltr'>nostra</span> <span class='ocrx_word' id='word_1_426' title='bbox 994 3384 1316 3457; x_wconf 88' lang='lat' dir='ltr'>apostolica</span> <span class='ocrx_word' id='word_1_427' title='bbox 1362 3385 1704 3441; x_wconf 90' lang='lat' dir='ltr'>auctoritate</span> <span class='ocrx_word' id='word_1_428' title='bbox 1762 3384 2083 3452; x_wconf 87' lang='lat' dir='ltr'>sancimus,</span> 
     </span>
    </p>
   </div>
   <div class='ocr_carea' id='block_1_68' title="bbox 437 3473 2087 3546">
    <p class='ocr_par' dir='ltr' id='par_1_68' title="bbox 437 3473 2087 3546">
     <span class='ocr_line' id='line_1_68' title="bbox 437 3473 2087 3546; baseline 0 -17"><span class='ocrx_word' id='word_1_429' title='bbox 437 3473 700 3546; x_wconf 88' lang='lat' dir='ltr'>quandiu</span> <span class='ocrx_word' id='word_1_430' title='bbox 732 3491 799 3529; x_wconf 88' lang='lat' dir='ltr'>ac</span> <span class='ocrx_word' id='word_1_431' title='bbox 823 3473 936 3545; x_wconf 90' lang='lat' dir='ltr'>ipsi</span> <span class='ocrx_word' id='word_1_432' title='bbox 970 3475 1323 3545; x_wconf 66' lang='lat' dir='ltr'>praescripta:</span> <span class='ocrx_word' id='word_1_433' title='bbox 1346 3473 1645 3529; x_wconf 86' lang='lat' dir='ltr'>ﬁdelitatis</span> <span class='ocrx_word' id='word_1_434' title='bbox 1669 3474 2087 3546; x_wconf 89' lang='lat' dir='ltr'>pensionisque</span> 
     </span>
    </p>
   </div>
   <div class='ocr_carea' id='block_1_69' title="bbox 436 3562 2087 3626">
    <p class='ocr_par' dir='ltr' id='par_1_69' title="bbox 436 3562 2087 3626">
     <span class='ocr_line' id='line_1_69' title="bbox 436 3562 2087 3626; baseline 0.001 -10"><span class='ocrx_word' id='word_1_435' title='bbox 436 3566 699 3617; x_wconf 79' lang='lat' dir='ltr'>tenorem</span> <span class='ocrx_word' id='word_1_436' title='bbox 756 3562 952 3617; x_wconf 90' lang='lat' dir='ltr'>debita</span> <span class='ocrx_word' id='word_1_437' title='bbox 999 3562 1305 3618; x_wconf 87' lang='lat' dir='ltr'>devotione</span> <span class='ocrx_word' id='word_1_438' title='bbox 1370 3562 1742 3618; x_wconf 86' lang='lat' dir='ltr'>servaverint.</span> <span class='ocrx_word' id='word_1_439' title='bbox 1807 3562 2087 3626; x_wconf 88' lang='lat' dir='ltr'>Quocirca</span> 
     </span>
    </p>
   </div>
   <div class='ocr_carea' id='block_1_70' title="bbox 437 3652 2085 3722">
    <p class='ocr_par' dir='ltr' id='par_1_70' title="bbox 437 3652 2085 3722">
     <span class='ocr_line' id='line_1_70' title="bbox 437 3652 2085 3722; baseline 0 -16"><span class='ocrx_word' id='word_1_440' title='bbox 437 3665 808 3706; x_wconf 87' lang='lat' dir='ltr'>successores</span> <span class='ocrx_word' id='word_1_441' title='bbox 856 3654 1087 3705; x_wconf 85' lang='lat' dir='ltr'>nostros</span> <span class='ocrx_word' id='word_1_442' title='bbox 1130 3666 1405 3722; x_wconf 86' lang='lat' dir='ltr'>rogamus</span> <span class='ocrx_word' id='word_1_443' title='bbox 1454 3656 1519 3706; x_wconf 91' lang='lat' dir='ltr'>ut</span> <span class='ocrx_word' id='word_1_444' title='bbox 1564 3654 1684 3705; x_wconf 90' lang='lat' dir='ltr'>tam</span> <span class='ocrx_word' id='word_1_445' title='bbox 1736 3667 1839 3722; x_wconf 90' lang='lat' dir='ltr'>pro</span> <span class='ocrx_word' id='word_1_446' title='bbox 1904 3652 2085 3707; x_wconf 61' lang='lat' dir='ltr'>beatas</span> 
     </span>
    </p>
   </div>
   <div class='ocr_carea' id='block_1_71' title="bbox 436 3737 2084 3811">
    <p class='ocr_par' dir='ltr' id='par_1_71' title="bbox 436 3737 2084 3811">
     <span class='ocr_line' id='line_1_71' title="bbox 436 3737 2084 3811; baseline 0 -17"><span class='ocrx_word' id='word_1_447' title='bbox 436 3738 630 3794; x_wconf 68' lang='lat' dir='ltr'>Mariae</span> <span class='ocrx_word' id='word_1_448' title='bbox 660 3753 894 3810; x_wconf 88' lang='lat' dir='ltr'>semper</span> <span class='ocrx_word' id='word_1_449' title='bbox 918 3737 1162 3811; x_wconf 91' lang='lat' dir='ltr'>virginis</span> <span class='ocrx_word' id='word_1_450' title='bbox 1195 3738 1533 3809; x_wconf 88' lang='lat' dir='ltr'>reverentia,</span> <span class='ocrx_word' id='word_1_451' title='bbox 1565 3755 1742 3811; x_wconf 91' lang='lat' dir='ltr'>quam</span> <span class='ocrx_word' id='word_1_452' title='bbox 1775 3756 1878 3811; x_wconf 89' lang='lat' dir='ltr'>pro</span> <span class='ocrx_word' id='word_1_453' title='bbox 1920 3740 2084 3794; x_wconf 91' lang='lat' dir='ltr'>nobi-</span> 
     </span>
    </p>
   </div>
   <div class='ocr_carea' id='block_1_72' title="bbox 433 3826 2086 3885">
    <p class='ocr_par' dir='ltr' id='par_1_72' title="bbox 433 3826 2086 3885">
     <span class='ocr_line' id='line_1_72' title="bbox 433 3826 2086 3885; baseline -0.001 0"><span class='ocrx_word' id='word_1_454' title='bbox 433 3826 674 3885; x_wconf 69' lang='lat' dir='ltr'>lissimas</span> <span class='ocrx_word' id='word_1_455' title='bbox 702 3826 954 3882; x_wconf 89' lang='lat' dir='ltr'>civitatis</span> <span class='ocrx_word' id='word_1_456' title='bbox 987 3826 1334 3883; x_wconf 90' lang='lat' dir='ltr'>Pisanorum</span> <span class='ocrx_word' id='word_1_457' title='bbox 1363 3844 1561 3883; x_wconf 89' lang='lat' dir='ltr'>amore</span> <span class='ocrx_word' id='word_1_458' title='bbox 1592 3844 1658 3883; x_wconf 92' lang='lat' dir='ltr'>ac</span> <span class='ocrx_word' id='word_1_459' title='bbox 1690 3827 2086 3884; x_wconf 82' lang='lat' dir='ltr'>familiaritate</span> 
     </span>
    </p>
   </div>
   <div class='ocr_carea' id='block_1_73' title="bbox 433 3915 2087 3989">
    <p class='ocr_par' dir='ltr' id='par_1_73' title="bbox 433 3915 2087 3989">
     <span class='ocr_line' id='line_1_73' title="bbox 433 3915 2087 3989; baseline 0.001 -17"><span class='ocrx_word' id='word_1_460' title='bbox 433 3916 698 3973; x_wconf 89' lang='lat' dir='ltr'>eamdem</span> <span class='ocrx_word' id='word_1_461' title='bbox 731 3915 1238 3972; x_wconf 80' lang='lat' dir='ltr'>honorificentiam</span> <span class='ocrx_word' id='word_1_462' title='bbox 1284 3916 1503 3971; x_wconf 69' lang='lat' dir='ltr'>Pisanze</span> <span class='ocrx_word' id='word_1_463' title='bbox 1555 3915 1822 3976; x_wconf 74' lang='lat' dir='ltr'>Ecclesiae</span> <span class='ocrx_word' id='word_1_464' title='bbox 1856 3933 2087 3989; x_wconf 90' lang='lat' dir='ltr'>semper</span> 
     </span>
    </p>
   </div>
   <div class='ocr_carea' id='block_1_74' title="bbox 433 4004 2080 4078">
    <p class='ocr_par' dir='ltr' id='par_1_74' title="bbox 433 4004 2080 4078">
     <span class='ocr_line' id='line_1_74' title="bbox 433 4004 2080 4078; baseline 0.001 -18"><span class='ocrx_word' id='word_1_465' title='bbox 433 4004 803 4078; x_wconf 89' lang='lat' dir='ltr'>impendant:</span> <span class='ocrx_word' id='word_1_466' title='bbox 840 4021 1135 4077; x_wconf 86' lang='lat' dir='ltr'>rogamus,</span> <span class='ocrx_word' id='word_1_467' title='bbox 1168 4010 1225 4061; x_wconf 92' lang='lat' dir='ltr'>et</span> <span class='ocrx_word' id='word_1_468' title='bbox 1248 4005 1565 4061; x_wconf 88' lang='lat' dir='ltr'>Daimberti</span> <span class='ocrx_word' id='word_1_469' title='bbox 1586 4006 1889 4078; x_wconf 68' lang='lat' dir='ltr'>praesentis</span> <span class='ocrx_word' id='word_1_470' title='bbox 1903 4006 2080 4077; x_wconf 88' lang='lat' dir='ltr'>episc.</span> 
     </span>
    </p>
   </div>
   <div class='ocr_carea' id='block_1_75' title="bbox 432 4094 2085 4167">
    <p class='ocr_par' dir='ltr' id='par_1_75' title="bbox 432 4094 2085 4167">
     <span class='ocr_line' id='line_1_75' title="bbox 432 4094 2085 4167; baseline 0 -17"><span class='ocrx_word' id='word_1_471' title='bbox 432 4111 824 4160; x_wconf 88' lang='lat' dir='ltr'>successores,</span> <span class='ocrx_word' id='word_1_472' title='bbox 856 4100 913 4150; x_wconf 92' lang='lat' dir='ltr'>et</span> <span class='ocrx_word' id='word_1_473' title='bbox 942 4094 1246 4151; x_wconf 81' lang='lat' dir='ltr'>universos</span> <span class='ocrx_word' id='word_1_474' title='bbox 1276 4095 1494 4150; x_wconf 61' lang='lat' dir='ltr'>Pisanis</span> <span class='ocrx_word' id='word_1_475' title='bbox 1541 4094 1706 4151; x_wconf 89' lang='lat' dir='ltr'>urbis</span> <span class='ocrx_word' id='word_1_476' title='bbox 1755 4094 1908 4151; x_wconf 90' lang='lat' dir='ltr'>cives</span> <span class='ocrx_word' id='word_1_477' title='bbox 1953 4100 2085 4167; x_wconf 91' lang='lat' dir='ltr'>post</span> 
     </span>
    </p>
   </div>
   <div class='ocr_carea' id='block_1_76' title="bbox 430 4183 2084 4255">
    <p class='ocr_par' dir='ltr' id='par_1_76' title="bbox 430 4183 2084 4255">
     <span class='ocr_line' id='line_1_76' title="bbox 430 4183 2084 4255; baseline 0.001 -17"><span class='ocrx_word' id='word_1_478' title='bbox 430 4184 738 4255; x_wconf 75' lang='lat' dir='ltr'>przesentia</span> <span class='ocrx_word' id='word_1_479' title='bbox 755 4188 1021 4255; x_wconf 90' lang='lat' dir='ltr'>tempora</span> <span class='ocrx_word' id='word_1_480' title='bbox 1038 4189 1436 4254; x_wconf 88' lang='lat' dir='ltr'>secuturos,ut</span> <span class='ocrx_word' id='word_1_481' title='bbox 1455 4184 1720 4240; x_wconf 88' lang='lat' dir='ltr'>eamdem</span> <span class='ocrx_word' id='word_1_482' title='bbox 1746 4183 2084 4240; x_wconf 83' lang='lat' dir='ltr'>fidelitatem</span> 
     </span>
    </p>
   </div>
   <div class='ocr_carea' id='block_1_77' title="bbox 431 4266 2086 4343">
    <p class='ocr_par' dir='ltr' id='par_1_77' title="bbox 431 4266 2086 4343">
     <span class='ocr_line' id='line_1_77' title="bbox 431 4266 2086 4343; baseline 0.001 -18"><span class='ocrx_word' id='word_1_483' title='bbox 431 4266 815 4343; x_wconf 83' lang='lat' dir='ltr'>eamdemque</span> <span class='ocrx_word' id='word_1_484' title='bbox 844 4272 1210 4327; x_wconf 86' lang='lat' dir='ltr'>devotionem</span> <span class='ocrx_word' id='word_1_485' title='bbox 1245 4273 1515 4327; x_wconf 67' lang='lat' dir='ltr'>Romanas</span> <span class='ocrx_word' id='word_1_486' title='bbox 1547 4272 1811 4327; x_wconf 81' lang='lat' dir='ltr'>Ecclesiae</span> <span class='ocrx_word' id='word_1_487' title='bbox 1857 4289 2086 4343; x_wconf 80' lang='lat' dir='ltr'>semper</span> 
     </span>
    </p>
   </div>
   <div class='ocr_carea' id='block_1_78' title="bbox 432 4359 2081 4432">
    <p class='ocr_par' dir='ltr' id='par_1_78' title="bbox 432 4359 2081 4432">
     <span class='ocr_line' id='line_1_78' title="bbox 432 4359 2081 4432; baseline 0.001 -19"><span class='ocrx_word' id='word_1_488' title='bbox 432 4359 766 4427; x_wconf 80' lang='lat' dir='ltr'>exhibeant,</span> <span class='ocrx_word' id='word_1_489' title='bbox 798 4365 864 4414; x_wconf 92' lang='lat' dir='ltr'>ut</span> <span class='ocrx_word' id='word_1_490' title='bbox 886 4360 1053 4415; x_wconf 80' lang='lat' dir='ltr'>firma</span> <span class='ocrx_word' id='word_1_491' title='bbox 1078 4360 1230 4415; x_wconf 89' lang='lat' dir='ltr'>inter</span> <span class='ocrx_word' id='word_1_492' title='bbox 1250 4364 1528 4431; x_wconf 90' lang='lat' dir='ltr'>utrosque</span> <span class='ocrx_word' id='word_1_493' title='bbox 1553 4361 1719 4424; x_wconf 83' lang='lat' dir='ltr'>ﬁdes,</span> <span class='ocrx_word' id='word_1_494' title='bbox 1752 4361 2081 4432; x_wconf 88' lang='lat' dir='ltr'>benignitas</span> 
     </span>
    </p>
   </div>
   <div class='ocr_carea' id='block_1_79' title="bbox 431 4446 1829 4519">
    <p class='ocr_par' dir='ltr' id='par_1_79' title="bbox 431 4446 1829 4519">
     <span class='ocr_line' id='line_1_79' title="bbox 431 4446 1829 4519; baseline 0.001 -17"><span class='ocrx_word' id='word_1_495' title='bbox 431 4446 825 4519; x_wconf 87' lang='lat' dir='ltr'>amicitiaque,</span> <span class='ocrx_word' id='word_1_496' title='bbox 858 4447 1103 4503; x_wconf 88' lang='lat' dir='ltr'>Domino</span> <span class='ocrx_word' id='word_1_497' title='bbox 1146 4453 1829 4519; x_wconf 88' lang='lat' dir='ltr'>annuente,permaneat.</span> 
     </span>
    </p>
   </div>
   <div class='ocr_carea' id='block_1_80' title="bbox 2198 3293 3845 3360">
    <p class='ocr_par' dir='ltr' id='par_1_80' title="bbox 2198 3293 3845 3360">
     <span class='ocr_line' id='line_1_80' title="bbox 2198 3293 3845 3360; baseline 0 -9"><span class='ocrx_word' id='word_1_498' title='bbox 2198 3296 2532 3360; x_wconf 88' lang='lat' dir='ltr'>laudamus,</span> <span class='ocrx_word' id='word_1_499' title='bbox 2563 3300 2619 3350; x_wconf 89' lang='lat' dir='ltr'>et</span> <span class='ocrx_word' id='word_1_500' title='bbox 2649 3299 2773 3350; x_wconf 89' lang='lat' dir='ltr'>rata</span> <span class='ocrx_word' id='word_1_501' title='bbox 2804 3310 3039 3350; x_wconf 89' lang='lat' dir='ltr'>manere</span> <span class='ocrx_word' id='word_1_502' title='bbox 3060 3293 3406 3350; x_wconf 89' lang='lat' dir='ltr'>auctoritate</span> <span class='ocrx_word' id='word_1_503' title='bbox 3428 3298 3626 3350; x_wconf 88' lang='lat' dir='ltr'>nostra</span> <span class='ocrx_word' id='word_1_504' title='bbox 3644 3296 3845 3351; x_wconf 88' lang='lat' dir='ltr'>decer-</span> 
     </span>
    </p>
   </div>
   <div class='ocr_carea' id='block_1_81' title="bbox 2197 3380 3854 3455">
    <p class='ocr_par' dir='ltr' id='par_1_81' title="bbox 2197 3380 3854 3455">
     <span class='ocr_line' id='line_1_81' title="bbox 2197 3380 3854 3455; baseline 0.001 -15"><span class='ocrx_word' id='word_1_505' title='bbox 2197 3386 2415 3441; x_wconf 90' lang='lat' dir='ltr'>nimus.</span> <span class='ocrx_word' id='word_1_506' title='bbox 2449 3385 2594 3439; x_wconf 85' lang='lat' dir='ltr'>Cum</span> <span class='ocrx_word' id='word_1_507' title='bbox 2627 3383 2898 3439; x_wconf 89' lang='lat' dir='ltr'>universa</span> <span class='ocrx_word' id='word_1_508' title='bbox 2917 3382 3208 3455; x_wconf 89' lang='lat' dir='ltr'>siquidem</span> <span class='ocrx_word' id='word_1_509' title='bbox 3234 3380 3423 3455; x_wconf 88' lang='lat' dir='ltr'>ipsius</span> <span class='ocrx_word' id='word_1_510' title='bbox 3449 3383 3678 3440; x_wconf 90' lang='lat' dir='ltr'>comitis</span> <span class='ocrx_word' id='word_1_511' title='bbox 3694 3390 3854 3442; x_wconf 83' lang='lat' dir='ltr'>terra</span> 
     </span>
    </p>
   </div>
   <div class='ocr_carea' id='block_1_82' title="bbox 2196 3472 3853 3546">
    <p class='ocr_par' dir='ltr' id='par_1_82' title="bbox 2196 3472 3853 3546">
     <span class='ocr_line' id='line_1_82' title="bbox 2196 3472 3853 3546; baseline 0.001 -17"><span class='ocrx_word' id='word_1_512' title='bbox 2196 3490 2372 3546; x_wconf 90' lang='lat' dir='ltr'>quam</span> <span class='ocrx_word' id='word_1_513' title='bbox 2408 3475 2467 3529; x_wconf 88' lang='grc' dir='ltr'>Β.</span> <span class='ocrx_word' id='word_1_514' title='bbox 2503 3473 2666 3528; x_wconf 91' lang='lat' dir='ltr'>Petro</span> <span class='ocrx_word' id='word_1_515' title='bbox 2698 3472 2933 3537; x_wconf 83' lang='lat' dir='ltr'>obtulit,</span> <span class='ocrx_word' id='word_1_516' title='bbox 2954 3477 3011 3527; x_wconf 92' lang='lat' dir='ltr'>et</span> <span class='ocrx_word' id='word_1_517' title='bbox 3035 3473 3529 3528; x_wconf 89' lang='lat' dir='ltr'>Tarraconensem</span> <span class='ocrx_word' id='word_1_518' title='bbox 3553 3474 3762 3529; x_wconf 88' lang='lat' dir='ltr'>urbem</span> <span class='ocrx_word' id='word_1_519' title='bbox 3780 3491 3853 3530; x_wconf 87' lang='lat' dir='ltr'>ac</span> 
     </span>
    </p>
   </div>
   <div class='ocr_carea' id='block_1_83' title="bbox 2195 3559 3851 3635">
    <p class='ocr_par' dir='ltr' id='par_1_83' title="bbox 2195 3559 3851 3635">
     <span class='ocr_line' id='line_1_83' title="bbox 2195 3559 3851 3635; baseline 0 -17"><span class='ocrx_word' id='word_1_520' title='bbox 2195 3563 2501 3635; x_wconf 89' lang='lat' dir='ltr'>populum,</span> <span class='ocrx_word' id='word_1_521' title='bbox 2534 3561 2779 3617; x_wconf 90' lang='lat' dir='ltr'>Domino</span> <span class='ocrx_word' id='word_1_522' title='bbox 2823 3560 2934 3616; x_wconf 92' lang='lat' dir='ltr'>sibi</span> <span class='ocrx_word' id='word_1_523' title='bbox 2982 3561 3295 3634; x_wconf 87' lang='lat' dir='ltr'>aspirante,</span> <span class='ocrx_word' id='word_1_524' title='bbox 3348 3559 3684 3631; x_wconf 88' lang='lat' dir='ltr'>collectum,</span> <span class='ocrx_word' id='word_1_525' title='bbox 3734 3562 3851 3618; x_wconf 90' lang='lat' dir='ltr'>sub</span> 
     </span>
    </p>
   </div>
   <div class='ocr_carea' id='block_1_84' title="bbox 2196 3649 3849 3724">
    <p class='ocr_par' dir='ltr' id='par_1_84' title="bbox 2196 3649 3849 3724">
     <span class='ocr_line' id='line_1_84' title="bbox 2196 3649 3849 3724; baseline 0.001 -19"><span class='ocrx_word' id='word_1_526' title='bbox 2196 3650 2523 3724; x_wconf 64' lang='lat' dir='ltr'>apostolicae</span> <span class='ocrx_word' id='word_1_527' title='bbox 2584 3650 2742 3706; x_wconf 91' lang='lat' dir='ltr'>sedis</span> <span class='ocrx_word' id='word_1_528' title='bbox 2799 3649 2983 3705; x_wconf 89' lang='lat' dir='ltr'>tutela</span> <span class='ocrx_word' id='word_1_529' title='bbox 3030 3649 3359 3722; x_wconf 88' lang='lat' dir='ltr'>specialiter</span> <span class='ocrx_word' id='word_1_530' title='bbox 3417 3650 3849 3706; x_wconf 83' lang='lat' dir='ltr'>confovendum</span> 
     </span>
    </p>
   </div>
   <div class='ocr_carea' id='block_1_85' title="bbox 2196 3737 3852 3812">
    <p class='ocr_par' dir='ltr' id='par_1_85' title="bbox 2196 3737 3852 3812">
     <span class='ocr_line' id='line_1_85' title="bbox 2196 3737 3852 3812; baseline -0.001 -17"><span class='ocrx_word' id='word_1_531' title='bbox 2196 3739 2575 3812; x_wconf 90' lang='lat' dir='ltr'>suscipimus,</span> <span class='ocrx_word' id='word_1_532' title='bbox 2603 3738 3047 3810; x_wconf 87' lang='lat' dir='ltr'>libertatemque</span> <span class='ocrx_word' id='word_1_533' title='bbox 3068 3737 3226 3795; x_wconf 90' lang='lat' dir='ltr'>illius</span> <span class='ocrx_word' id='word_1_534' title='bbox 3243 3754 3345 3810; x_wconf 91' lang='lat' dir='ltr'>per</span> <span class='ocrx_word' id='word_1_535' title='bbox 3374 3737 3606 3794; x_wconf 90' lang='lat' dir='ltr'>comitis</span> <span class='ocrx_word' id='word_1_536' title='bbox 3631 3739 3852 3794; x_wconf 89' lang='lat' dir='ltr'>Beren-</span> 
     </span>
    </p>
   </div>
   <div class='ocr_carea' id='block_1_86' title="bbox 2193 3825 3853 3902">
    <p class='ocr_par' dir='ltr' id='par_1_86' title="bbox 2193 3825 3853 3902">
     <span class='ocr_line' id='line_1_86' title="bbox 2193 3825 3853 3902; baseline 0.001 -20"><span class='ocrx_word' id='word_1_537' title='bbox 2193 3829 2338 3902; x_wconf 88' lang='lat' dir='ltr'>garii</span> <span class='ocrx_word' id='word_1_538' title='bbox 2371 3828 2587 3900; x_wconf 90' lang='lat' dir='ltr'>scripto</span> <span class='ocrx_word' id='word_1_539' title='bbox 2615 3829 2679 3898; x_wconf 67' lang='grc' dir='ltr'>[γ’.</span> <span class='ocrx_word' id='word_1_540' title='bbox 2713 3826 3021 3899; x_wconf 90' lang='lat' dir='ltr'>scriptum]</span> <span class='ocrx_word' id='word_1_541' title='bbox 3059 3825 3331 3884; x_wconf 86' lang='lat' dir='ltr'>collatam</span> <span class='ocrx_word' id='word_1_542' title='bbox 3361 3832 3601 3883; x_wconf 83' lang='lat' dir='ltr'>eatenus</span> <span class='ocrx_word' id='word_1_543' title='bbox 3632 3827 3853 3883; x_wconf 82' lang='lat' dir='ltr'>conﬁr-</span> 
     </span>
    </p>
   </div>
   <div class='ocr_carea' id='block_1_87' title="bbox 2195 3914 3853 3988">
    <p class='ocr_par' dir='ltr' id='par_1_87' title="bbox 2195 3914 3853 3988">
     <span class='ocr_line' id='line_1_87' title="bbox 2195 3914 3853 3988; baseline -0.001 -15"><span class='ocrx_word' id='word_1_544' title='bbox 2195 3934 2450 3981; x_wconf 84' lang='lat' dir='ltr'>mamus,</span> <span class='ocrx_word' id='word_1_545' title='bbox 2484 3920 2547 3971; x_wconf 92' lang='lat' dir='ltr'>ut</span> <span class='ocrx_word' id='word_1_546' title='bbox 2577 3915 2796 3970; x_wconf 91' lang='lat' dir='ltr'>nemini</span> <span class='ocrx_word' id='word_1_547' title='bbox 2821 3915 3142 3987; x_wconf 87' lang='lat' dir='ltr'>quidquam</span> <span class='ocrx_word' id='word_1_548' title='bbox 3177 3914 3332 3970; x_wconf 89' lang='lat' dir='ltr'>ultra</span> <span class='ocrx_word' id='word_1_549' title='bbox 3351 3914 3709 3988; x_wconf 87' lang='lat' dir='ltr'>persolvant,</span> <span class='ocrx_word' id='word_1_550' title='bbox 3730 3916 3853 3972; x_wconf 85' lang='lat' dir='ltr'>nisi</span> 
     </span>
    </p>
   </div>
   <div class='ocr_carea' id='block_1_88' title="bbox 2194 4002 3843 4078">
    <p class='ocr_par' dir='ltr' id='par_1_88' title="bbox 2194 4002 3843 4078">
     <span class='ocr_line' id='line_1_88' title="bbox 2194 4002 3843 4078; baseline -0.001 -18"><span class='ocrx_word' id='word_1_551' title='bbox 2194 4010 2402 4078; x_wconf 89' lang='lat' dir='ltr'>sponte</span> <span class='ocrx_word' id='word_1_552' title='bbox 2434 4003 2666 4077; x_wconf 86' lang='lat' dir='ltr'>propria</span> <span class='ocrx_word' id='word_1_553' title='bbox 2690 4004 2962 4059; x_wconf 75' lang='lat' dir='ltr'>Romanae</span> <span class='ocrx_word' id='word_1_554' title='bbox 2995 4020 3056 4059; x_wconf 86' lang='lat' dir='ltr'>se</span> <span class='ocrx_word' id='word_1_555' title='bbox 3092 4002 3303 4059; x_wconf 82' lang='lat' dir='ltr'>faciant</span> <span class='ocrx_word' id='word_1_556' title='bbox 3323 4002 3590 4060; x_wconf 66' lang='lat' dir='ltr'>Ecclesiae</span> <span class='ocrx_word' id='word_1_557' title='bbox 3617 4004 3843 4060; x_wconf 85' lang='lat' dir='ltr'>debito-</span> 
     </span>
    </p>
   </div>
   <div class='ocr_carea' id='block_1_89' title="bbox 2195 4091 3849 4166">
    <p class='ocr_par' dir='ltr' id='par_1_89' title="bbox 2195 4091 3849 4166">
     <span class='ocr_line' id='line_1_89' title="bbox 2195 4091 3849 4166; baseline 0 -17"><span class='ocrx_word' id='word_1_558' title='bbox 2195 4111 2306 4149; x_wconf 89' lang='lat' dir='ltr'>res.</span> <span class='ocrx_word' id='word_1_559' title='bbox 2342 4094 2414 4149; x_wconf 92' lang='lat' dir='ltr'>Ut</span> <span class='ocrx_word' id='word_1_560' title='bbox 2443 4093 2623 4166; x_wconf 88' lang='lat' dir='ltr'>igitur</span> <span class='ocrx_word' id='word_1_561' title='bbox 2651 4091 2773 4146; x_wconf 82' lang='lat' dir='ltr'>haec</span> <span class='ocrx_word' id='word_1_562' title='bbox 2801 4092 3019 4160; x_wconf 90' lang='lat' dir='ltr'>omnia,</span> <span class='ocrx_word' id='word_1_563' title='bbox 3055 4092 3170 4147; x_wconf 90' lang='lat' dir='ltr'>Deo</span> <span class='ocrx_word' id='word_1_564' title='bbox 3202 4096 3457 4164; x_wconf 89' lang='lat' dir='ltr'>auctore,</span> <span class='ocrx_word' id='word_1_565' title='bbox 3489 4093 3849 4150; x_wconf 83' lang='lat' dir='ltr'>inconcussa</span> 
     </span>
    </p>
   </div>
   <div class='ocr_carea' id='block_1_90' title="bbox 2194 4181 3848 4255">
    <p class='ocr_par' dir='ltr' id='par_1_90' title="bbox 2194 4181 3848 4255">
     <span class='ocr_line' id='line_1_90' title="bbox 2194 4181 3848 4255; baseline 0.001 -17"><span class='ocrx_word' id='word_1_566' title='bbox 2194 4187 2593 4255; x_wconf 88' lang='lat' dir='ltr'>permaneant,</span> <span class='ocrx_word' id='word_1_567' title='bbox 2615 4198 2721 4236; x_wconf 90' lang='lat' dir='ltr'>nos</span> <span class='ocrx_word' id='word_1_568' title='bbox 2737 4185 3172 4237; x_wconf 85' lang='lat' dir='ltr'>antecessorum</span> <span class='ocrx_word' id='word_1_569' title='bbox 3192 4185 3523 4237; x_wconf 87' lang='lat' dir='ltr'>nostrorum</span> <span class='ocrx_word' id='word_1_570' title='bbox 3540 4181 3848 4254; x_wconf 83' lang='lat' dir='ltr'>privilegia</span> 
     </span>
    </p>
   </div>
   <div class='ocr_carea' id='block_1_91' title="bbox 2193 4268 3844 4343">
    <p class='ocr_par' dir='ltr' id='par_1_91' title="bbox 2193 4268 3844 4343">
     <span class='ocr_line' id='line_1_91' title="bbox 2193 4268 3844 4343; baseline -0.001 -15"><span class='ocrx_word' id='word_1_571' title='bbox 2193 4276 2523 4343; x_wconf 84' lang='lat' dir='ltr'>sequentes,</span> <span class='ocrx_word' id='word_1_572' title='bbox 2550 4270 2649 4341; x_wconf 88' lang='lat' dir='ltr'>qui</span> <span class='ocrx_word' id='word_1_573' title='bbox 2672 4272 3072 4326; x_wconf 90' lang='lat' dir='ltr'>Ausonensem</span> <span class='ocrx_word' id='word_1_574' title='bbox 3105 4268 3420 4326; x_wconf 86' lang='lat' dir='ltr'>Ecclesiam</span> <span class='ocrx_word' id='word_1_575' title='bbox 3445 4272 3844 4327; x_wconf 87' lang='lat' dir='ltr'>Tarraconen-</span> 
     </span>
    </p>
   </div>
   <div class='ocr_carea' id='block_1_92' title="bbox 2194 4358 3844 4432">
    <p class='ocr_par' dir='ltr' id='par_1_92' title="bbox 2194 4358 3844 4432">
     <span class='ocr_line' id='line_1_92' title="bbox 2194 4358 3844 4432; baseline 0 -17"><span class='ocrx_word' id='word_1_576' title='bbox 2194 4362 2276 4416; x_wconf 90' lang='lat' dir='ltr'>sis</span> <span class='ocrx_word' id='word_1_577' title='bbox 2308 4360 2604 4432; x_wconf 87' lang='lat' dir='ltr'>quondam</span> <span class='ocrx_word' id='word_1_578' title='bbox 2637 4359 2940 4414; x_wconf 87' lang='lat' dir='ltr'>instituere</span> <span class='ocrx_word' id='word_1_579' title='bbox 2969 4358 3266 4422; x_wconf 89' lang='lat' dir='ltr'>vicariam,</span> <span class='ocrx_word' id='word_1_580' title='bbox 3289 4359 3415 4425; x_wconf 91' lang='lat' dir='ltr'>tibi,</span> <span class='ocrx_word' id='word_1_581' title='bbox 3440 4376 3473 4414; x_wconf 89' lang='grc' dir='ltr'>ο</span> <span class='ocrx_word' id='word_1_582' title='bbox 3495 4360 3844 4416; x_wconf 88' lang='lat' dir='ltr'>charissime</span> 
     </span>
    </p>
   </div>
   <div class='ocr_carea' id='block_1_93' title="bbox 2192 4447 3845 4521">
    <p class='ocr_par' dir='ltr' id='par_1_93' title="bbox 2192 4447 3845 4521">
     <span class='ocr_line' id='line_1_93' title="bbox 2192 4447 3845 4521; baseline -0.001 -17"><span class='ocrx_word' id='word_1_583' title='bbox 2192 4448 2273 4504; x_wconf 79' lang='lat' dir='ltr'>fili</span> <span class='ocrx_word' id='word_1_584' title='bbox 2308 4448 2635 4521; x_wconf 87' lang='lat' dir='ltr'>Berengari,</span> <span class='ocrx_word' id='word_1_585' title='bbox 2672 4447 2809 4519; x_wconf 90' lang='lat' dir='ltr'>quia</span> <span class='ocrx_word' id='word_1_586' title='bbox 2840 4452 2941 4502; x_wconf 92' lang='lat' dir='ltr'>tuo</span> <span class='ocrx_word' id='word_1_587' title='bbox 2972 4448 3344 4519; x_wconf 88' lang='lat' dir='ltr'>potissimum</span> <span class='ocrx_word' id='word_1_588' title='bbox 3373 4448 3566 4504; x_wconf 89' lang='lat' dir='ltr'>studio</span> <span class='ocrx_word' id='word_1_589' title='bbox 3596 4448 3717 4504; x_wconf 64' lang='lat' dir='ltr'>haec</span> <span class='ocrx_word' id='word_1_590' title='bbox 3750 4454 3845 4504; x_wconf 91' lang='lat' dir='ltr'>est</span> 
     </span>
    </p>
   </div>
   <div class='ocr_carea' id='block_1_94' title="bbox 504 4535 3845 4621">
    <p class='ocr_par' dir='ltr' id='par_1_94' title="bbox 504 4535 3845 4621">
     <span class='ocr_line' id='line_1_94' title="bbox 504 4535 3845 4621; baseline 0.001 -31"><span class='ocrx_word' id='word_1_591' title='bbox 504 4535 716 4590; x_wconf 89' lang='lat' dir='ltr'>Datum</span> <span class='ocrx_word' id='word_1_592' title='bbox 748 4535 1053 4591; x_wconf 89' lang='lat' dir='ltr'>Beneventi</span> <span class='ocrx_word' id='word_1_593' title='bbox 1087 4554 1141 4591; x_wconf 89' lang='lat' dir='ltr'><strong>IV</strong></span> <span class='ocrx_word' id='word_1_594' title='bbox 1168 4535 1292 4591; x_wconf 89' lang='lat' dir='ltr'>Kal.</span> <span class='ocrx_word' id='word_1_595' title='bbox 1326 4537 1445 4591; x_wconf 90' lang='lat' dir='ltr'>Jul.</span> <span class='ocrx_word' id='word_1_596' title='bbox 1482 4553 1583 4608; x_wconf 92' lang='lat' dir='ltr'>per</span> <span class='ocrx_word' id='word_1_597' title='bbox 1606 4553 1819 4593; x_wconf 88' lang='lat' dir='ltr'>manus</span> <span class='ocrx_word' id='word_1_598' title='bbox 1836 4537 2081 4595; x_wconf 86' lang='lat' dir='ltr'>Joannis</span> <span class='ocrx_word' id='word_1_599' title='bbox 2117 4556 2163 4621; x_wconf 77' lang='lat' dir='ltr'>D</span> <span class='ocrx_word' id='word_1_600' title='bbox 2192 4538 2481 4594; x_wconf 88' lang='lat' dir='ltr'>restitutio</span> <span class='ocrx_word' id='word_1_601' title='bbox 2516 4537 2801 4602; x_wconf 87' lang='lat' dir='ltr'>instituta,</span> <span class='ocrx_word' id='word_1_602' title='bbox 2835 4553 2903 4592; x_wconf 82' lang='lat' dir='ltr'>ex</span> <span class='ocrx_word' id='word_1_603' title='bbox 2934 4536 3206 4592; x_wconf 79' lang='lat' dir='ltr'>Romanae</span> <span class='ocrx_word' id='word_1_604' title='bbox 3233 4535 3500 4593; x_wconf 72' lang='lat' dir='ltr'>Ecclesiae</span> <span class='ocrx_word' id='word_1_605' title='bbox 3525 4535 3845 4593; x_wconf 86' lang='lat' dir='ltr'>liberalita-</span> 
     </span>
    </p>
   </div>
   <div class='ocr_carea' id='block_1_95' title="bbox 430 4623 2076 4691">
    <p class='ocr_par' dir='ltr' id='par_1_95' title="bbox 430 4623 2076 4691">
     <span class='ocr_line' id='line_1_95' title="bbox 430 4623 2076 4691; baseline 0.001 -10"><span class='ocrx_word' id='word_1_606' title='bbox 430 4625 489 4681; x_wconf 88' lang='lat' dir='ltr'>S.</span> <span class='ocrx_word' id='word_1_607' title='bbox 526 4624 591 4679; x_wconf 84' lang='lat' dir='ltr'>R.</span> <span class='ocrx_word' id='word_1_608' title='bbox 628 4625 686 4678; x_wconf 91' lang='lat' dir='ltr'>E.</span> <span class='ocrx_word' id='word_1_609' title='bbox 719 4623 947 4679; x_wconf 90' lang='lat' dir='ltr'>diaconi</span> <span class='ocrx_word' id='word_1_610' title='bbox 978 4624 1313 4691; x_wconf 88' lang='lat' dir='ltr'>cardinalis,</span> <span class='ocrx_word' id='word_1_611' title='bbox 1349 4624 1549 4679; x_wconf 90' lang='lat' dir='ltr'>indict.</span> <span class='ocrx_word' id='word_1_612' title='bbox 1601 4643 1714 4690; x_wconf 82' lang='lat' dir='ltr'>xw,</span> <span class='ocrx_word' id='word_1_613' title='bbox 1768 4643 1919 4682; x_wconf 86' lang='lat' dir='ltr'>anno</span> <span class='ocrx_word' id='word_1_614' title='bbox 1968 4631 2076 4682; x_wconf 88' lang='lat' dir='ltr'>Do-</span> 
     </span>
    </p>
   </div>
   <div class='ocr_carea' id='block_1_96' title="bbox 432 4712 2080 4796">
    <p class='ocr_par' dir='ltr' id='par_1_96' title="bbox 432 4712 2080 4796">
     <span class='ocr_line' id='line_1_96' title="bbox 432 4712 2080 4796; baseline 0.001 -28"><span class='ocrx_word' id='word_1_615' title='bbox 432 4712 574 4768; x_wconf 89' lang='lat' dir='ltr'>mini</span> <span class='ocrx_word' id='word_1_616' title='bbox 607 4713 826 4768; x_wconf 89' lang='lat' dir='ltr'>incarn.</span> <span class='ocrx_word' id='word_1_617' title='bbox 862 4713 1018 4781; x_wconf 76' lang='lat' dir='ltr'>109i,</span> <span class='ocrx_word' id='word_1_618' title='bbox 1054 4714 1259 4796; x_wconf 84' lang='lat' dir='ltr'>pontif.</span> <span class='ocrx_word' id='word_1_619' title='bbox 1293 4719 1488 4769; x_wconf 88' lang='lat' dir='ltr'>autem</span> <span class='ocrx_word' id='word_1_620' title='bbox 1514 4714 1577 4770; x_wconf 94' lang='lat' dir='ltr'>D.</span> <span class='ocrx_word' id='word_1_621' title='bbox 1608 4713 1824 4770; x_wconf 90' lang='lat' dir='ltr'>Urbani</span> <span class='ocrx_word' id='word_1_622' title='bbox 1848 4731 2010 4788; x_wconf 77' lang='lat' dir='ltr'>papae</span> <span class='ocrx_word' id='word_1_623' title='bbox 2035 4715 2080 4770; x_wconf 87' lang='grc' dir='ltr'>ΙΙ</span> 
     </span>
    </p>
   </div>
   <div class='ocr_carea' id='block_1_97' title="bbox 430 4807 659 4875">
    <p class='ocr_par' dir='ltr' id='par_1_97' title="bbox 430 4807 659 4875">
     <span class='ocr_line' id='line_1_97' title="bbox 430 4807 659 4875; baseline 0 -18"><span class='ocrx_word' id='word_1_624' title='bbox 430 4807 659 4875; x_wconf 86' lang='lat' dir='ltr'>quarto.</span> 
     </span>
    </p>
   </div>
   <div class='ocr_carea' id='block_1_98' title="bbox 1211 4919 1297 4974">
    <p class='ocr_par' dir='ltr' id='par_1_98' title="bbox 1211 4919 1297 4974">
     <span class='ocr_line' id='line_1_98' title="bbox 1211 4919 1297 4974; baseline 0.012 -1"><span class='ocrx_word' id='word_1_625' title='bbox 1211 4919 1297 4974; x_wconf 88' lang='lat' dir='ltr'>LII</span> 
     </span>
    </p>
   </div>
   <div class='ocr_carea' id='block_1_99' title="bbox 429 5025 2076 5097">
    <p class='ocr_par' dir='ltr' id='par_1_99' title="bbox 429 5025 2076 5097">
     <span class='ocr_line' id='line_1_99' title="bbox 429 5025 2076 5097; baseline 0.001 -16"><span class='ocrx_word' id='word_1_626' title='bbox 429 5025 634 5083; x_wconf 83' lang='lat' dir='ltr'>Urbani</span> <span class='ocrx_word' id='word_1_627' title='bbox 661 5025 710 5080; x_wconf 84' lang='lat' dir='ltr'>ll</span> <span class='ocrx_word' id='word_1_628' title='bbox 740 5025 967 5097; x_wconf 80' lang='lat' dir='ltr'>epistola</span> <span class='ocrx_word' id='word_1_629' title='bbox 994 5025 1063 5080; x_wconf 76' lang='lat' dir='ltr'>ad</span> <span class='ocrx_word' id='word_1_630' title='bbox 1115 5027 1505 5096; x_wconf 75' lang='lat' dir='ltr'>Berengarz’um</span> <span class='ocrx_word' id='word_1_631' title='bbox 1555 5028 1914 5081; x_wconf 66' lang='lat' dir='ltr'>Ausonensem</span> <span class='ocrx_word' id='word_1_632' title='bbox 1962 5029 2076 5097; x_wconf 79' lang='lat' dir='ltr'>epi-</span> 
     </span>
    </p>
   </div>
   <div class='ocr_carea' id='block_1_100' title="bbox 496 5097 2075 5167">
    <p class='ocr_par' dir='ltr' id='par_1_100' title="bbox 496 5097 2075 5167">
     <span class='ocr_line' id='line_1_100' title="bbox 496 5097 2075 5167; baseline 0.003 -17"><span class='ocrx_word' id='word_1_633' title='bbox 496 5113 732 5167; x_wconf 87' lang='lat' dir='ltr'>scopum.</span> <span class='ocrx_word' id='word_1_634' title='bbox 768 5129 834 5136; x_wconf 93' lang='lat'><strong>—</strong></span> <span class='ocrx_word' id='word_1_635' title='bbox 880 5098 1017 5152; x_wconf 80' lang='lat' dir='ltr'>Eum</span> <span class='ocrx_word' id='word_1_636' title='bbox 1064 5099 1344 5153; x_wconf 56' lang='lat' dir='ltr'>constituit</span> <span class='ocrx_word' id='word_1_637' title='bbox 1394 5097 1845 5154; x_wconf 66' lang='lat' dir='ltr'>Tarraconensem</span> <span class='ocrx_word' id='word_1_638' title='bbox 1893 5097 2075 5154; x_wconf 76' lang='lat' dir='ltr'>archi-</span> 
     </span>
    </p>
   </div>
   <div class='ocr_carea' id='block_1_101' title="bbox 496 5169 823 5239">
    <p class='ocr_par' dir='ltr' id='par_1_101' title="bbox 496 5169 823 5239">
     <span class='ocr_line' id='line_1_101' title="bbox 496 5169 823 5239; baseline 0.003 -19"><span class='ocrx_word' id='word_1_639' title='bbox 496 5169 823 5239; x_wconf 78' lang='lat' dir='ltr'>episcopum.</span> 
     </span>
    </p>
   </div>
   <div class='ocr_carea' id='block_1_102' title="bbox 1048 5274 1452 5346">
    <p class='ocr_par' dir='ltr' id='par_1_102' title="bbox 1048 5274 1452 5346">
     <span class='ocr_line' id='line_1_102' title="bbox 1048 5274 1452 5346; baseline -0.005 -17"><span class='ocrx_word' id='word_1_640' title='bbox 1048 5275 1237 5346; x_wconf 87' lang='lat' dir='ltr'>(Anno</span> <span class='ocrx_word' id='word_1_641' title='bbox 1268 5274 1452 5346; x_wconf 84' lang='grc'>1091.)</span> 
     </span>
    </p>
   </div>
   <div class='ocr_carea' id='block_1_103' title="bbox 843 5381 1653 5452">
    <p class='ocr_par' dir='ltr' id='par_1_103' title="bbox 843 5381 1653 5452">
     <span class='ocr_line' id='line_1_103' title="bbox 843 5381 1653 5452; baseline 0.002 -17"><span class='ocrx_word' id='word_1_642' title='bbox 843 5381 1075 5451; x_wconf 58' lang='grc' dir='ltr'>[ΜΑΝεῃ</span> <span class='ocrx_word' id='word_1_643' title='bbox 1111 5383 1326 5437; x_wconf 82' lang='lat' dir='ltr'>Concil.</span> <span class='ocrx_word' id='word_1_644' title='bbox 1356 5382 1473 5450; x_wconf 84' lang='lat' dir='ltr'>XX,</span> <span class='ocrx_word' id='word_1_645' title='bbox 1503 5382 1653 5452; x_wconf 68' lang='lat'>648.]</span> 
     </span>
    </p>
   </div>
   <div class='ocr_carea' id='block_1_104' title="bbox 497 5509 2073 5585">
    <p class='ocr_par' dir='ltr' id='par_1_104' title="bbox 497 5509 2073 5585">
     <span class='ocr_line' id='line_1_104' title="bbox 497 5509 2073 5585; baseline 0.003 -18"><span class='ocrx_word' id='word_1_646' title='bbox 497 5509 776 5567; x_wconf 75' lang='lat' dir='ltr'>URBANUS</span> <span class='ocrx_word' id='word_1_647' title='bbox 806 5513 1135 5585; x_wconf 89' lang='lat' dir='ltr'>episcopus,</span> <span class='ocrx_word' id='word_1_648' title='bbox 1170 5532 1371 5572; x_wconf 89' lang='lat' dir='ltr'>servus</span> <span class='ocrx_word' id='word_1_649' title='bbox 1394 5530 1693 5570; x_wconf 89' lang='lat' dir='ltr'>servorum</span> <span class='ocrx_word' id='word_1_650' title='bbox 1715 5513 1833 5579; x_wconf 90' lang='lat' dir='ltr'>Dei,</span> <span class='ocrx_word' id='word_1_651' title='bbox 1859 5513 2073 5571; x_wconf 89' lang='lat' dir='ltr'>dilecto</span> 
     </span>
    </p>
   </div>
   <div class='ocr_carea' id='block_1_105' title="bbox 425 5599 2068 5677">
    <p class='ocr_par' dir='ltr' id='par_1_105' title="bbox 425 5599 2068 5677">
     <span class='ocr_line' id='line_1_105' title="bbox 425 5599 2068 5677; baseline 0.001 -16"><span class='ocrx_word' id='word_1_652' title='bbox 425 5599 590 5661; x_wconf 73' lang='lat' dir='ltr'>fratri</span> <span class='ocrx_word' id='word_1_653' title='bbox 622 5599 1005 5672; x_wconf 74' lang='lat' dir='ltr'>BBRENGARIO,</span> <span class='ocrx_word' id='word_1_654' title='bbox 1038 5601 1366 5660; x_wconf 85' lang='lat' dir='ltr'>Ausonensi</span> <span class='ocrx_word' id='word_1_655' title='bbox 1396 5600 1690 5677; x_wconf 91' lang='lat' dir='ltr'>episcopo,</span> <span class='ocrx_word' id='word_1_656' title='bbox 1712 5600 1771 5660; x_wconf 88' lang='lat' dir='ltr'>in</span> <span class='ocrx_word' id='word_1_657' title='bbox 1795 5600 2068 5663; x_wconf 81' lang='lat' dir='ltr'>Tarraco-</span> 
     </span>
    </p>
   </div>
   <div class='ocr_carea' id='block_1_106' title="bbox 2189 4624 3844 4700">
    <p class='ocr_par' dir='ltr' id='par_1_106' title="bbox 2189 4624 3844 4700">
     <span class='ocr_line' id='line_1_106' title="bbox 2189 4624 3844 4700; baseline 0 -19"><span class='ocrx_word' id='word_1_658' title='bbox 2189 4627 2265 4682; x_wconf 90' lang='lat' dir='ltr'>tis</span> <span class='ocrx_word' id='word_1_659' title='bbox 2277 4627 2466 4700; x_wconf 88' lang='lat' dir='ltr'>gratia</span> <span class='ocrx_word' id='word_1_660' title='bbox 2485 4624 2747 4697; x_wconf 87' lang='lat' dir='ltr'>pallium,</span> <span class='ocrx_word' id='word_1_661' title='bbox 2763 4625 2944 4680; x_wconf 90' lang='lat' dir='ltr'>totius</span> <span class='ocrx_word' id='word_1_662' title='bbox 2958 4624 3177 4680; x_wconf 90' lang='lat' dir='ltr'>scilicet</span> <span class='ocrx_word' id='word_1_663' title='bbox 3188 4624 3563 4681; x_wconf 87' lang='lat' dir='ltr'>sacerdotalis</span> <span class='ocrx_word' id='word_1_664' title='bbox 3585 4624 3844 4697; x_wconf 87' lang='lat' dir='ltr'>dignita-</span> 
     </span>
    </p>
   </div>
   <div class='ocr_carea' id='block_1_107' title="bbox 2190 4712 3171 4787">
    <p class='ocr_par' dir='ltr' id='par_1_107' title="bbox 2190 4712 3171 4787">
     <span class='ocr_line' id='line_1_107' title="bbox 2190 4712 3171 4787; baseline -0.004 -16"><span class='ocrx_word' id='word_1_665' title='bbox 2190 4716 2266 4771; x_wconf 89' lang='lat' dir='ltr'>tis</span> <span class='ocrx_word' id='word_1_666' title='bbox 2297 4714 2743 4787; x_wconf 86' lang='lat' dir='ltr'>plenitudinem,</span> <span class='ocrx_word' id='word_1_667' title='bbox 2777 4712 3171 4785; x_wconf 89' lang='lat' dir='ltr'>indulgemus.</span> 
     </span>
    </p>
   </div>
   <div class='ocr_carea' id='block_1_108' title="bbox 2262 4801 3840 4876">
    <p class='ocr_par' dir='ltr' id='par_1_108' title="bbox 2262 4801 3840 4876">
     <span class='ocr_line' id='line_1_108' title="bbox 2262 4801 3840 4876; baseline 0.001 -18"><span class='ocrx_word' id='word_1_668' title='bbox 2262 4805 2544 4859; x_wconf 82' lang='lat' dir='ltr'>Praetcrea</span> <span class='ocrx_word' id='word_1_669' title='bbox 2573 4803 2675 4858; x_wconf 87' lang='lat' dir='ltr'>tibi</span> <span class='ocrx_word' id='word_1_670' title='bbox 2702 4802 2936 4874; x_wconf 90' lang='lat' dir='ltr'>tuisque</span> <span class='ocrx_word' id='word_1_671' title='bbox 2957 4802 3396 4858; x_wconf 90' lang='lat' dir='ltr'>successoribus</span> <span class='ocrx_word' id='word_1_672' title='bbox 3418 4801 3675 4876; x_wconf 82' lang='lat' dir='ltr'>legitime</span> <span class='ocrx_word' id='word_1_673' title='bbox 3696 4803 3840 4859; x_wconf 90' lang='lat' dir='ltr'>sub-</span> 
     </span>
    </p>
   </div>
   <div class='ocr_carea' id='block_1_109' title="bbox 2188 4889 3840 4963">
    <p class='ocr_par' dir='ltr' id='par_1_109' title="bbox 2188 4889 3840 4963">
     <span class='ocr_line' id='line_1_109' title="bbox 2188 4889 3840 4963; baseline -0.001 -15"><span class='ocrx_word' id='word_1_674' title='bbox 2188 4891 2528 4960; x_wconf 88' lang='lat' dir='ltr'>stituendis,</span> <span class='ocrx_word' id='word_1_675' title='bbox 2550 4891 2651 4963; x_wconf 86' lang='lat' dir='ltr'>qui</span> <span class='ocrx_word' id='word_1_676' title='bbox 2674 4891 2733 4946; x_wconf 92' lang='lat' dir='ltr'>in</span> <span class='ocrx_word' id='word_1_677' title='bbox 2753 4889 3206 4947; x_wconf 87' lang='lat' dir='ltr'>Tarraconensis</span> <span class='ocrx_word' id='word_1_678' title='bbox 3227 4890 3477 4947; x_wconf 88' lang='lat' dir='ltr'>civitatis</span> <span class='ocrx_word' id='word_1_679' title='bbox 3497 4895 3555 4946; x_wconf 88' lang='lat' dir='ltr'>et</span> <span class='ocrx_word' id='word_1_680' title='bbox 3574 4890 3840 4947; x_wconf 73' lang='lat' dir='ltr'>ecclesias</span> 
     </span>
    </p>
   </div>
   <div class='ocr_carea' id='block_1_110' title="bbox 2187 4979 3837 5051">
    <p class='ocr_par' dir='ltr' id='par_1_110' title="bbox 2187 4979 3837 5051">
     <span class='ocr_line' id='line_1_110' title="bbox 2187 4979 3837 5051; baseline -0.001 -14"><span class='ocrx_word' id='word_1_681' title='bbox 2187 4980 2669 5037; x_wconf 87' lang='lat' dir='ltr'>restaurationem</span> <span class='ocrx_word' id='word_1_682' title='bbox 2704 4980 2825 5051; x_wconf 89' lang='lat' dir='ltr'>pari</span> <span class='ocrx_word' id='word_1_683' title='bbox 2858 4979 3053 5035; x_wconf 90' lang='lat' dir='ltr'>studio</span> <span class='ocrx_word' id='word_1_684' title='bbox 3082 4979 3506 5046; x_wconf 89' lang='lat' dir='ltr'>insudaverint,</span> <span class='ocrx_word' id='word_1_685' title='bbox 3533 4981 3837 5050; x_wconf 64' lang='lat' dir='ltr'>praefatam</span> 
     </span>
    </p>
   </div>
   <div class='ocr_carea' id='block_1_111' title="bbox 2185 5068 3840 5140">
    <p class='ocr_par' dir='ltr' id='par_1_111' title="bbox 2185 5068 3840 5140">
     <span class='ocr_line' id='line_1_111' title="bbox 2185 5068 3840 5140; baseline -0.001 -15"><span class='ocrx_word' id='word_1_686' title='bbox 2185 5069 2431 5125; x_wconf 86' lang='lat' dir='ltr'>Tarraco</span> <span class='ocrx_word' id='word_1_687' title='bbox 2440 5086 2546 5125; x_wconf 87' lang='lat' dir='ltr'>neu</span> <span class='ocrx_word' id='word_1_688' title='bbox 2555 5086 2677 5124; x_wconf 87' lang='lat' dir='ltr'>sem</span> <span class='ocrx_word' id='word_1_689' title='bbox 2691 5068 2995 5123; x_wconf 88' lang='lat' dir='ltr'>ecclesiam</span> <span class='ocrx_word' id='word_1_690' title='bbox 3012 5069 3147 5138; x_wconf 79' lang='lat' dir='ltr'>jure</span> <span class='ocrx_word' id='word_1_691' title='bbox 3168 5068 3402 5140; x_wconf 91' lang='lat' dir='ltr'>proprio</span> <span class='ocrx_word' id='word_1_692' title='bbox 3416 5068 3840 5139; x_wconf 86' lang='lat' dir='ltr'>possidendam</span> 
     </span>
    </p>
   </div>
   <div class='ocr_carea' id='block_1_112' title="bbox 2185 5156 3841 5231">
    <p class='ocr_par' dir='ltr' id='par_1_112' title="bbox 2185 5156 3841 5231">
     <span class='ocr_line' id='line_1_112' title="bbox 2185 5156 3841 5231; baseline -0.001 -17"><span class='ocrx_word' id='word_1_693' title='bbox 2185 5159 2478 5231; x_wconf 80' lang='lat' dir='ltr'>perhuius</span> <span class='ocrx_word' id='word_1_694' title='bbox 2491 5156 2775 5230; x_wconf 90' lang='lat' dir='ltr'>privilegii</span> <span class='ocrx_word' id='word_1_695' title='bbox 2804 5156 3077 5229; x_wconf 85' lang='lat' dir='ltr'>paginam</span> <span class='ocrx_word' id='word_1_696' title='bbox 3101 5157 3547 5223; x_wconf 79' lang='lat' dir='ltr'>confirmamus,</span> <span class='ocrx_word' id='word_1_697' title='bbox 3568 5173 3841 5213; x_wconf 89' lang='lat' dir='ltr'>unacum</span> 
     </span>
    </p>
   </div>
   <div class='ocr_carea' id='block_1_113' title="bbox 2185 5245 3840 5319">
    <p class='ocr_par' dir='ltr' id='par_1_113' title="bbox 2185 5245 3840 5319">
     <span class='ocr_line' id='line_1_113' title="bbox 2185 5245 3840 5319; baseline -0.001 -16"><span class='ocrx_word' id='word_1_698' title='bbox 2185 5248 2460 5304; x_wconf 90' lang='lat' dir='ltr'>omnibus</span> <span class='ocrx_word' id='word_1_699' title='bbox 2492 5246 2752 5302; x_wconf 89' lang='lat' dir='ltr'>ecclesiis</span> <span class='ocrx_word' id='word_1_700' title='bbox 2782 5263 2928 5319; x_wconf 86' lang='lat' dir='ltr'>quas</span> <span class='ocrx_word' id='word_1_701' title='bbox 2957 5245 3192 5319; x_wconf 91' lang='lat' dir='ltr'>proprio</span> <span class='ocrx_word' id='word_1_702' title='bbox 3212 5246 3349 5317; x_wconf 84' lang='lat' dir='ltr'>jure</span> <span class='ocrx_word' id='word_1_703' title='bbox 3379 5246 3643 5302; x_wconf 88' lang='lat' dir='ltr'>noscitur</span> <span class='ocrx_word' id='word_1_704' title='bbox 3681 5246 3840 5301; x_wconf 87' lang='lat' dir='ltr'>anti-</span> 
     </span>
    </p>
   </div>
   <div class='ocr_carea' id='block_1_114' title="bbox 2184 5333 3844 5409">
    <p class='ocr_par' dir='ltr' id='par_1_114' title="bbox 2184 5333 3844 5409">
     <span class='ocr_line' id='line_1_114' title="bbox 2184 5333 3844 5409; baseline -0.001 -17"><span class='ocrx_word' id='word_1_705' title='bbox 2184 5337 2388 5409; x_wconf 89' lang='lat' dir='ltr'>quitus</span> <span class='ocrx_word' id='word_1_706' title='bbox 2416 5335 2769 5407; x_wconf 90' lang='lat' dir='ltr'>possedisse,</span> <span class='ocrx_word' id='word_1_707' title='bbox 2804 5335 3206 5407; x_wconf 71' lang='lat' dir='ltr'>praecipientes</span> <span class='ocrx_word' id='word_1_708' title='bbox 3236 5335 3309 5391; x_wconf 91' lang='lat' dir='ltr'>de</span> <span class='ocrx_word' id='word_1_709' title='bbox 3328 5333 3421 5391; x_wconf 89' lang='lat' dir='ltr'>bis</span> <span class='ocrx_word' id='word_1_710' title='bbox 3444 5351 3573 5407; x_wconf 64' lang='lat' dir='ltr'>quae</span> <span class='ocrx_word' id='word_1_711' title='bbox 3599 5335 3844 5391; x_wconf 85' lang='lat' dir='ltr'>Sarace-</span> 
     </span>
    </p>
   </div>
   <div class='ocr_carea' id='block_1_115' title="bbox 2183 5421 3842 5496">
    <p class='ocr_par' dir='ltr' id='par_1_115' title="bbox 2183 5421 3842 5496">
     <span class='ocr_line' id='line_1_115' title="bbox 2183 5421 3842 5496; baseline 0.001 -17"><span class='ocrx_word' id='word_1_712' title='bbox 2183 5441 2393 5480; x_wconf 91' lang='lat' dir='ltr'>norum</span> <span class='ocrx_word' id='word_1_713' title='bbox 2427 5425 2499 5479; x_wconf 88' lang='lat' dir='ltr'>ad</span> <span class='ocrx_word' id='word_1_714' title='bbox 2534 5440 2790 5496; x_wconf 66' lang='lat' dir='ltr'>praesens</span> <span class='ocrx_word' id='word_1_715' title='bbox 2820 5424 3127 5496; x_wconf 90' lang='lat' dir='ltr'>subjacent</span> <span class='ocrx_word' id='word_1_716' title='bbox 3156 5421 3382 5490; x_wconf 89' lang='lat' dir='ltr'>ditioni,</span> <span class='ocrx_word' id='word_1_717' title='bbox 3432 5428 3500 5478; x_wconf 91' lang='lat' dir='ltr'>ut</span> <span class='ocrx_word' id='word_1_718' title='bbox 3544 5440 3681 5478; x_wconf 90' lang='lat' dir='ltr'>cum</span> <span class='ocrx_word' id='word_1_719' title='bbox 3732 5438 3842 5481; x_wconf 83' lang='lat' dir='ltr'>eas</span> 
     </span>
    </p>
   </div>
   <div class='ocr_carea' id='block_1_116' title="bbox 2182 5511 3842 5586">
    <p class='ocr_par' dir='ltr' id='par_1_116' title="bbox 2182 5511 3842 5586">
     <span class='ocr_line' id='line_1_116' title="bbox 2182 5511 3842 5586; baseline 0 -17"><span class='ocrx_word' id='word_1_720' title='bbox 2182 5517 2297 5569; x_wconf 90' lang='lat' dir='ltr'>Deo</span> <span class='ocrx_word' id='word_1_721' title='bbox 2328 5511 2609 5586; x_wconf 89' lang='lat' dir='ltr'>placuerit</span> <span class='ocrx_word' id='word_1_722' title='bbox 2638 5513 2909 5586; x_wconf 87' lang='lat' dir='ltr'>potestati</span> <span class='ocrx_word' id='word_1_723' title='bbox 2941 5511 3141 5586; x_wconf 90' lang='lat' dir='ltr'>populi</span> <span class='ocrx_word' id='word_1_724' title='bbox 3178 5512 3493 5569; x_wconf 89' lang='lat' dir='ltr'>Christiani</span> <span class='ocrx_word' id='word_1_725' title='bbox 3526 5511 3691 5585; x_wconf 75' lang='lat' dir='ltr'>[deest</span> <span class='ocrx_word' id='word_1_726' title='bbox 3742 5528 3842 5569; x_wconf 89' lang='lat' dir='ltr'>re-</span> 
     </span>
    </p>
   </div>
   <div class='ocr_carea' id='block_1_117' title="bbox 2181 5600 3842 5681">
    <p class='ocr_par' dir='ltr' id='par_1_117' title="bbox 2181 5600 3842 5681">
     <span class='ocr_line' id='line_1_117' title="bbox 2181 5600 3842 5681; baseline 0.001 -19"><span class='ocrx_word' id='word_1_727' title='bbox 2181 5602 2442 5662; x_wconf 85' lang='lat' dir='ltr'>stituere.</span> <span class='ocrx_word' id='word_1_728' title='bbox 2480 5602 2708 5681; x_wconf 59' lang='lat' dir='ltr'>liena],</span> <span class='ocrx_word' id='word_1_729' title='bbox 2742 5602 2813 5663; x_wconf 86' lang='lat' dir='ltr'>ad</span> <span class='ocrx_word' id='word_1_730' title='bbox 2842 5601 3099 5662; x_wconf 87' lang='lat' dir='ltr'>debitam</span> <span class='ocrx_word' id='word_1_731' title='bbox 3149 5600 3406 5661; x_wconf 64' lang='lat' dir='ltr'>ecclesia</span> <span class='ocrx_word' id='word_1_732' title='bbox 3449 5605 3652 5661; x_wconf 64' lang='lat' dir='ltr'>vestra</span> <span class='ocrx_word' id='word_1_733' title='bbox 3692 5600 3842 5664; x_wconf 81' lang='lat' dir='ltr'>obe-</span> 
     </span>
    </p>
   </div>
  </div>
