3998 6158
182 343 299 414 ⁵333

1348 353 1754 416 EPISTOLBE
1799 356 1898 415 ET
1943 353 2421 417 PRIVILEGIA.

3472 354 3592 413 334

190 486 458 543 dientiam
482 487 833 551 referantur,
851 484 1011 542 salva
1032 489 1229 542 tamen
1253 486 1310 541 in
1334 487 1609 543 omnibus
1629 488 1830 543 Itoma-
1861 491 1914 555 Α
1944 488 2153 560 gimini
2187 487 2542 554 commissis,
2579 486 2830 544 salutem
2863 491 2919 542 et
2949 484 3329 559 apostolicam
3360 485 3596 541 benedi-

192 593 270 630 nze
301 575 565 632 Ecclesiae
598 560 966 631 auctoritate.
1004 574 1181 630 Porro
1214 578 1612 631 Aneonensem
1654 575 1834 632 cccle-

187 665 321 721 siam
358 664 463 721 tibi
494 664 1201 736 tuisque‘succcssoribus
1227 664 1425 721 tandiu
1458 665 1836 722 concedimus

183 754 613 827 possidendam,
633 754 836 821 donec,
859 756 1093 809 auctore
1116 754 1254 818 Deo,
1275 753 1343 808 ad
1381 753 1612 825 pristini
1646 758 1833 810 status

185 842 597 915 plenitudinem
628 848 821 897 vestro
865 842 1060 898 studio
1092 842 1547 917 Tarraconensis
1591 843 1836 899 ecclesia

186 932 539 987 reformatur.
570 930 750 987 Pallio
773 930 970 1002 itaque
998 930 1058 986 in
1091 931 1407 985 missarum
1432 930 1735 987 solemniis
1754 932 1836 987 in-

185 1025 270 1075 tra
297 1020 599 1076 ecclesiam
634 1018 1005 1075 solummodo
1038 1019 1120 1074 uti
1163 1018 1407 1085 debetis,
1435 1020 1491 1073 in
1526 1021 1835 1092 praecipuis

188 1114 407 1165 tantum
458 1108 896 1175 festivitatibus,
929 1108 1193 1163 videlicet
1230 1108 1529 1163 nativitate
1578 1108 1832 1174 Domini,

185 1197 522 1271 Epiphania,
546 1202 904 1270 liypapante;
934 1197 1108 1253 Cmna
1141 1197 1666 1264 Domini,Sabbato
1699 1215 1833 1253 san-

184 1293 288 1353 cto,
314 1286 778 1342 Resurrectionis
810 1286 1003 1357 prima
1047 1289 1103 1341 et
1148 1286 1405 1341 secunda
1436 1286 1595 1354 feria,
1619 1288 1833 1342 Ascen-

181 1376 339 1431 sione
368 1374 622 1440 Domini,
646 1377 1008 1438 Pentecoste,
1039 1373 1226 1429 tribus
1262 1374 1674 1431 festivitatibus
1700 1393 1834 1430 san-

178 1468 276 1520 ctae
306 1463 521 1533 Mariis,
545 1461 732 1518 sancti
767 1480 1002 1534 quoque
1034 1461 1355 1530 Michaelis,
1380 1467 1436 1518 et
1459 1464 1641 1519 sancti
1665 1465 1837 1519 Joan-

181 1554 268 1608 nis
300 1551 592 1624 Baptistze,
618 1551 679 1604 in
714 1550 998 1606 natalitiis
1033 1551 1300 1607 omnium
1335 1551 1756 1623 apostolorum,
1780 1556 1836 1608 et

180 1658 374 1697 eorum
409 1644 733 1712 martyrum
768 1656 1019 1711 quorum
1069 1640 1314 1712 pignora
1346 1640 1403 1694 in
1432 1646 1623 1695 vestra
1652 1641 1833 1697 eccle-

182 1730 264 1786 sia
313 1729 705 1796 continentur,
734 1728 789 1782 in
840 1729 1395 1784 commemoratione
1447 1728 1833 1784 nihilominus

183 1819 442 1873 omnium
492 1822 853 1880 sanctorum,
884 1816 939 1870 in
976 1817 1514 1871 consecrationibus
1559 1816 1829 1873 ecclesia-

186 1925 331 1975 rum,
354 1907 787 1979 episc0porum,
814 1903 1184 1971 clericorum,
1218 1905 1273 1959 in
1326 1923 1477 1961 anno
1527 1923 1827 1963 consecra-

182 1996 352 2051 tionis
387 1999 496 2049 tua:
530 1994 643 2059 die,
678 1993 733 2047 in
767 1993 1239 2049 solemnitatibus
1265 1995 1438 2049 etiam
1471 1999 1682 2050 sanctas
1714 1997 1828 2051 vir-

179 2086 329 2157 ginis
359 2082 609 2147 ‘Theclae,
643 2083 946 2154 sanctique
995 2083 1268 2153 martyris
1312 2083 1613 2139 Fructuosi
1647 2101 1712 2139 ac
1743 2101 1827 2140 so-

180 2175 398 2231 ciorum
433 2174 580 2244 ejus.
612 2172 689 2226 Te
720 2170 918 2244 igitur,
946 2171 1411 2226 reverentissime
1434 2174 1624 2239 frater,
1659 2173 1827 2228 affec-

180 2266 332 2319 tione
363 2262 575 2318 intima
605 2260 983 2317 exhortamur
1009 2264 1297 2332 quatenus
1329 2260 1568 2333 dignum
1607 2266 1655 2315 te
1686 2261 1830 2316 tanti

179 2352 419 2408 honoris
453 2348 747 2423 pontificio
792 2365 1025 2421 semper
1065 2348 1360 2416 exhibeas,
1386 2348 1733 2405 Christianis
1764 2367 1830 2406 ac

178 2440 485 2497 Saracenis
516 2440 642 2494 sine
672 2436 990 2493 offensione
1021 2454 1148 2492 esse
1179 2454 1519 2509 procurans,
1549 2439 1617 2493 ad
1654 2439 1829 2494 fidem

176 2530 447 2588 infideles
476 2543 755 2600 quaerere,
790 2527 906 2581 Deo
954 2525 1252 2599 largiente,
1286 2526 1475 2582 verbis
1506 2528 1744 2583 studeas
1775 2532 1832 2583 et

177 2617 488 2692 exemplis.
521 2617 617 2673 Sic
648 2615 903 2671 exterius
933 2613 1089 2686 pallii
1131 2614 1412 2687 dignitate
1444 2616 1737 2688 praecellas
1771 2616 1829 2671 in

168 2709 367 2768 oculis
413 2706 747 2776 hominum,
783 2710 846 2760 ut
891 2704 1138 2760 interius
1167 2704 1445 2759 virtutum
1494 2705 1834 2762 excellentia

178 2797 404 2869 polleas
435 2812 628 2850 coram
661 2810 926 2864 supernae
959 2790 1142 2847 oculis
1177 2793 1519 2863 majestatis.

249 2887 429 2942 Plane
448 2902 552 2958 per
576 2883 876 2957 praesentis
907 2880 1188 2953 privilegii
1223 2882 1497 2953 paginam
1528 2883 1701 2937 officii
1737 2901 1834 2939 no-

177 2977 279 3033 stri
308 2974 659 3030 auctoritate
682 2970 1043 3027 decrevimus
1075 2975 1133 3023 ut
1159 2969 1498 3042 quicunque
1533 2988 1593 3026 se
1625 2972 1835 3028 Tarra-

176 3063 455 3120 conensis
486 3058 742 3117 ecclesia:
766 3060 920 3114 bona
951 3058 1167 3129 injuste
1198 3057 1481 3113 hactenus
1513 3059 1837 3117 obtinuisse

173 3155 565 3225 cognoscunt,
597 3165 667 3203 ea
696 3148 972 3219 deinceps
1010 3147 1198 3201 eidem
1246 3147 1501 3221 ecclesiae
1534 3150 1837 3204 restituere

1944 577 2218 633 ctionem.

2018 667 2339 740 Religionis
2373 671 2570 721 vestrae
2621 665 2810 721 zelum
2844 665 3051 721 merito
3106 662 3508 720 collaudamus
3539 668 3598 720 et

1943 755 2162 827 gratias
2183 755 2435 827 agimus,
2452 754 2590 827 quia
2611 757 2811 810 contra
2830 753 3224 809 Simoniacam
3247 753 3595 825 pravitatem

1943 845 2231 900 immenso
2258 846 2473 900 fervore
2503 844 2740 912 ardetis,
2765 847 2821 898 et
2843 842 2988 898 alios
3011 842 3187 898 etiam
3211 842 3413 898 ardere
3438 858 3595 898 com-

1944 932 2180 1006 pellitis.
2216 932 2363 989 Illud
2387 938 2582 989 antem
2613 932 2671 987 in
2702 932 2867 987 vobis
2894 931 3199 995 miramur,
3223 929 3365 985 illud
3400 930 3598 1003 argui-

1943 1040 2075 1077 mus
2109 1024 2261 1094 quod
2295 1027 2497 1078 contra
2523 1026 2859 1076 sanctorum
2884 1020 3123 1075 Patrum
3145 1019 3598 1075 constitutiones

1942 1100 2075 1166 ante
2107 1112 2410 1181 probatam
2444 1128 2588 1178 rem,
2617 1112 2751 1165 ante
2784 1108 3086 1181 negotium
3121 1107 3430 1163 definitum
3463 1124 3597 1163 san-

1944 1201 2203 1256 ctitatem
2236 1204 2491 1255 vestram
2526 1216 2559 1254 a
2603 1198 3014 1254 communione
3063 1196 3371 1253 confratris
3412 1197 3597 1253 nostri

1943 1290 2136 1345 Pisaui
2167 1289 2467 1354 antistitis,
2484 1286 3084 1359 suspenditis.Neque
3105 1286 3261 1341 enim
3284 1302 3385 1341 vos
3412 1286 3594 1351 decet,

1944 1377 2177 1432 assidue
2200 1378 2415 1432 divinis
2436 1380 2704 1431 vacantes
2731 1375 3006 1440 servitiis,
3030 1373 3198 1430 aliter
3222 1390 3391 1447 agere
3413 1392 3592 1448 quam

1943 1467 2154 1521 divinis
2185 1465 2541 1521 instruimini
2567 1464 2928 1537 disciplinis;
2964 1464 3086 1536 ipse
3108 1464 3324 1536 quippe
3346 1463 3598 1520 occulto-

1943 1574 2073 1611 rum
2106 1556 2369 1628 cognitor
2399 1555 2551 1611 Deus
2582 1554 2971 1610 Sodomorum
2996 1552 3151 1608 mala
3182 1552 3370 1608 noluit
3399 1553 3595 1609 audita

1935 1644 2202 1715 judicare
2224 1644 2569 1715 priusquam
2594 1642 2902 1697 manifeste
2920 1658 3045 1713 qua:
3063 1641 3407 1696 dicebantur
3421 1657 3599 1713 agno-

1945 1737 2170 1787 sceret:
2205 1732 2555 1798 Descendunt,
2590 1730 2689 1796 ait,
2734 1738 2785 1785 et
2831 1730 3017 1785 videbo
3063 1738 3255 1785 utrum
3301 1730 3599 1786 clamorem

1942 1824 2038 1895 qui
2068 1824 2213 1878 venit
2258 1822 2325 1876 ad
2382 1838 2467 1875 me
2522 1836 2679 1891 opere
2735 1820 3154 1891 compleverinf;
3187 1820 3341 1875 unde
3390 1820 3598 1875 beatus

1942 1917 2158 1984 martyr
2207 1916 2263 1967 et
2320 1911 2580 1981 pontifex
2611 1910 2905 1965 Evaristus
2963 1909 3045 1963 ait
3078 1926 3091 1963 :
3119 1932 3146 1959 ‹‹
3182 1903 3336 1964 Mala
3393 1908 3598 1965 audita

1940 2000 2169 2056 nullum
2226 2003 2515 2062 moveant,
2552 2014 2656 2053 nec
2704 1999 2927 2070 passim
2975 1998 3131 2053 dicta
3182 1999 3407 2069 absque
3439 2002 3598 2053 certa

1941 2089 2279 2162 probatione
2304 2087 2554 2159 quisque
2586 2104 2845 2158 unquam
2872 2087 3206 2153 credat,sed
3234 2090 3367 2142 ante
3398 2086 3598 2142 audita

1939 2178 2249 2251 diligenter
2287 2176 2568 2248 inquirat,
2602 2192 2674 2231 ne
2724 2174 3139 2247 praecipitando
3187 2174 3320 2246 quis
3372 2174 3596 2247 aliquid

1939 2270 2092 2340 agat.
2121 2290 2147 2315 ››
2171 2266 2229 2321 Si
2269 2264 2424 2320 enim
2475 2264 2629 2320 Deus
2677 2263 2942 2319 omnium
2993 2263 3381 2319 Sodomorum
3440 2261 3599 2317 mala

1939 2371 2189 2428 quorum
2223 2354 2444 2409 clamor
2472 2356 2812 2425 pervenerat
2841 2368 3025 2423 usque
3051 2351 3122 2407 ad
3150 2349 3599 2417 coelum,omnia

1940 2445 2153 2512 sciens,
2180 2459 2283 2498 nec
2314 2443 2550 2498 credere
2584 2441 2765 2514 prius,
2789 2458 2893 2495 nec
2917 2440 3186 2511 judicare
3213 2439 3398 2495 voluit
3418 2456 3596 2511 quam

1939 2534 2064 2606 ipse
2093 2550 2221 2588 eam
2253 2549 2385 2587 cum
2416 2529 2685 2585 fidelibus
2729 2529 2980 2585 testibus
3017 2527 3327 2601 diligenter
3355 2527 3598 2584 investi-

1941 2640 2111 2696 gans,
2134 2639 2260 2694 quae
2293 2618 2558 2676 audierat
2582 2635 2650 2674 ex
2681 2633 2853 2690 opere
2885 2616 3166 2672 veraciter
3199 2620 3597 2689 cognosceret,

1942 2711 2128 2767 multo
2156 2709 2345 2782 magis
2366 2725 2472 2763 nos
2494 2708 2736 2763 humani
2763 2714 2818 2762 et
2838 2704 3415 2778 peccatores,quibus
3438 2704 3596 2760 inco-

1942 2802 2104 2873 gnita
2134 2803 2272 2855 sunt
2307 2796 2534 2853 occulta
2575 2795 2803 2867 judicia
2851 2793 2972 2861 Dei,
3007 2793 3129 2848 haec
3178 2798 3592 2865 praecaventes,

1943 2888 2169 2944 nullum
2191 2891 2323 2941 ante
2340 2902 2532 2940 veram
2545 2885 2889 2955 justamque
2913 2881 3314 2954 probationem
3331 2881 3601 2954 judicare

1946 2982 2045 3032 aut
2064 2977 2344 3032 damnare
2366 2974 2671 3041 debemus,
2696 2972 3005 3028 manifeste
3028 2970 3304 3043 Apostolo
3326 2970 3551 3026 dicente
3576 2986 3590 3025 :

1947 3073 2030 3122 'I‘u
2053 3067 2173 3137 quis
2202 3081 2256 3119 es
2287 3065 2383 3133 qui
2419 3052 2649 3132 judicas‘
2669 3062 2911 3117 alimnm
2944 3063 3194 3115 servum?
3223 3060 3330 3116 Suo
3370 3059 3600 3116 Domino

1947 3159 2072 3219 stat,
2124 3157 2214 3208 aut
2260 3151 2443 3206 cadit!
2474 3151 2632 3215 Quod
2682 3148 3006 3220 capitulum
3062 3148 3344 3220 Apostoli,
3395 3138 3601 3202 beatus

174 3221 292 3316 prie
346 3238 561 3311 judicii
605 3236 785 3292 divini
838 3235 1147 3291 formidine
1191 3241 1248 3290 et
1296 3236 1451 3291 sedis
1509 3236 1838 3310 apostolicae
1869 3221 1912 3288 C
1950 3241 2316 3313 Augustinus
2346 3255 2637 3309 exponens
2670 3238 2750 3292 ait
2784 3253 2796 3291 ε
2829 3259 2856 3286 ‹(
2890 3235 3090 3292 Noluit
3119 3235 3277 3289 θρίω
3304 3235 3603 3290 hominem

173 3328 508 3387 reverentia
566 3326 858 3382 studeant.
890 3324 949 3379 Si
981 3325 1114 3396 quis
1172 3329 1366 3379 autem
1414 3325 1469 3379 in
1516 3327 1839 3382 crastinum

176 3418 666 3491 archiepiscopus
696 3420 799 3470 aut
847 3414 1176 3487 episcopus,
1211 3414 1529 3485 imperator
1574 3420 1675 3469 aut
1722 3433 1837 3483 rex,

174 3511 460 3582 princeps
491 3510 592 3560 aut
620 3505 758 3569 dux,
786 3519 982 3559 comes
1025 3508 1128 3558 aut
1171 3502 1512 3575 vicecomes,
1530 3505 1712 3575 judex
1741 3509 1843 3559 aut

175 3598 433 3671 quilibet
465 3593 868 3666 magistratus,
899 3590 986 3647 vel
1021 3609 1269 3664 persona
1310 3592 1721 3661 ecclesiastica,
1754 3592 1842 3649 vel

169 3683 502 3745 saecularis,
535 3682 716 3753 hujus
748 3680 1031 3754 privilegii
1081 3681 1357 3753 paginam
1406 3682 1619 3748 sciens,
1643 3686 1844 3737 contra

169 3793 300 3831 eam
370 3770 576 3828 venire
628 3775 843 3825 temere
902 3769 1237 3841 tentaverit,
1299 3770 1553 3827 secundo
1610 3771 1845 3827 tertiove

168 3860 604 3927 commonitus,
639 3859 688 3914 si
734 3876 847 3914 non
889 3860 1287 3915 satisfactione
1328 3860 1618 3932 cbndigna
1648 3876 1846 3915 emen-

168 3952 423 4017 daverit,
451 3966 587 4004 eum
612 3948 850 4003 honoris
872 3948 963 4002 sui
987 3952 1043 4002 et
1067 3947 1239 4001 officii
1266 3946 1523 4020 periculo
1546 3949 1847 4019 subjaccre

167 4038 572 4101 decrevimus,
605 4041 663 4093 et
711 4053 745 4091 a
791 4035 1017 4091 Christo
1064 4039 1237 4107 atque
1290 4034 1557 4092 Ecclesia:
1609 4053 1848 4109 corpore

169 4128 595 4203 segregamus,
637 4124 1120 4181 conservantibus
1158 4130 1353 4180 autem
1405 4143 1517 4197 pax
1564 4144 1598 4182 a
1646 4126 1759 4181 Deo
1792 4131 1851 4182 et

170 4215 596 4273 misericordia
618 4215 1006 4287 praesentibus
1038 4219 1094 4269 et
1127 4214 1340 4268 futuris
1371 4214 1601 4269 saeculis
1626 4232 1854 4274 conser.

169 4312 373 4360 vetur.
408 4307 616 4369 Amen,
650 4320 841 4358 amen.

252 4400 475 4450 Datum
509 4394 715 4465 Capuae
748 4391 1025 4447 Kalendis
1067 4389 1229 4458 Julii,
1266 4408 1368 4463 per
1399 4409 1610 4447 manus
1642 4398 1852 4449 sanctae

175 4485 471 4540 Romanis
504 4481 776 4537 Ecclesia:
804 4480 1050 4537 Joannis
1080 4480 1307 4535 diaconi
1340 4481 1677 4547 cardinalis,
1710 4483 1858 4538 indi-

1951 3336 2022 3391 ab
2049 3330 2285 3388 homine
2302 3327 2554 3402 judicari
2577 3344 2645 3383 ex
2666 3325 2905 3382 arbitrio
2929 3321 3405 3396 suspicionis,vel
3428 3321 3603 3377 etiam

1951 3418 2408 3480 extraordinario
2441 3418 2719 3484 usurpato
2754 3413 3001 3486 judicio,
3027 3413 3127 3469 sed
3156 3412 3352 3484 potius
3383 3428 3452 3467 ex
3478 3410 3606 3483 lege

1957 3512 2050 3569 Dei
2083 3508 2411 3565 secundum
2444 3505 2705 3562 ordinem
2740 3502 3170 3571 Ecclesiae,sive
3199 3500 3351 3556 ultro
3382 3500 3606 3557 confes-

1954 3617 2085 3656 sum
2138 3597 2256 3653 sive
2308 3598 2669 3661 accusatum,
2717 3596 2889 3664 atque
2936 3590 3299 3658 convictum;
3348 3587 3608 3661 alioquin

1953 3689 2097 3744 illud
2131 3704 2235 3742 cur
2264 3684 2409 3739 dixit
2439 3701 2451 3739 :
2487 3683 2546 3738 Si
2574 3684 2695 3753 quis
2726 3684 2903 3753 frater
2931 3681 3273 3747 nominatur,
3306 3686 3403 3734 aut
3427 3679 3607 3750 forni-

1953 3787 2120 3844 cator,
2153 3779 2249 3831 aut
2282 3773 2439 3829 idolis
2478 3772 2737 3839 serviens,
2770 3773 2903 3837 ctc.,
2935 3768 3049 3824 nisi
3093 3767 3231 3839 quia
3258 3783 3386 3822 eam
3414 3765 3611 3822 nomi-

1956 3866 2253 3923 nationem
2278 3860 2521 3931 intelligi
2548 3858 2729 3914 voluit
2749 3874 2875 3929 qua
2902 3858 2967 3911 fit
2997 3857 3055 3911 in
3078 3870 3456 3928 quemquam,
3474 3870 3609 3910 cum

1958 3952 2249 4012 sententia
2273 3950 2472 4007 ordine
2512 3946 2824 4019 judiciario
2872 3949 3048 4016 atque
3098 3942 3429 4014 integritate
3477 3958 3610 4013 pro-

1960 4042 2179 4101 fertur?
2209 4040 2354 4095 Nam
2384 4037 2430 4093 si
2465 4035 2787 4092 nominatio
2821 4033 3064 4101 sufficit,
3091 4030 3256 4086 multi
3291 4028 3613 4085 damnandi

1959 4138 2099 4189 sunt
2131 4131 2488 4192 innocentes,
2513 4124 2651 4197 quia
2691 4139 2843 4194 smpe
2874 4121 3020 4177 falso
3066 4120 3126 4174 in
3176 4134 3472 4192 quoquam
3504 4117 3614 4173 cri-

1962 4222 2117 4279 mine
2151 4217 2505 4273 nominatur.
2535 4236 2561 4263 ››
2594 4212 2800 4269 Decuit
2839 4227 2974 4284 ergo
3006 4226 3106 4265 vos
3138 4208 3230 4264 die
3261 4224 3327 4263 ac
3359 4211 3525 4262 nocte
3556 4205 3615 4261 in

1962 4312 2088 4384 lege
2109 4305 2338 4363 Domini
2366 4303 2716 4359 meditantes
2748 4301 2863 4357 ista
2887 4304 2943 4354 et
2964 4297 3304 4369 hujusmodi
3328 4295 3497 4370 plura
3521 4294 3619 4350 ob-

1964 4412 2248 4462 servasse,
2284 4410 2388 4449 nec
2431 4396 2563 4447 ante
2612 4388 2933 4464 legitimam
2978 4386 3428 4453 discessionem,
3464 4388 3564 4440 aut
3588 4400 3624 4440 υ.

1966 4484 2380 4543 communione
2413 4499 2515 4537 vos
2546 4479 2743 4536 Pisani
2786 4477 3067 4535 antistitis
3109 4476 3491 4542 subtraxisse,
3522 4476 3626 4529 aut

171 4573 380 4627 ctione
411 4575 645 4643 quarta,
677 4587 834 4624 anno
866 4570 1180 4625 Dominicis
1214 4569 1637 4626 incarnationis
1668 4570 1853 4626 mille-
1887 4593 1934 4659 Ι)
1966 4581 2127 4632 tanta
2158 4591 2290 4629 eum
2323 4570 2565 4625 infamia
2612 4568 2940 4623 denotasse.
2965 4565 3112 4630 Quia
3156 4570 3353 4620 tamen
3401 4581 3509 4620 vox
3555 4578 3625 4617 ex

176 4664 341 4717 simo
398 4659 780 4732 nonagesimo
832 4658 1039 4731 primo,
1084 4659 1458 4730 pontificatus
1515 4664 1711 4715 autem
1755 4660 1856 4714 do-

172 4750 328 4806 mini
371 4748 592 4804 Urbini
625 4748 676 4804 Ιῐ
708 4765 861 4804 anno
893 4752 1122 4820 quarto.

964 4882 1106 4937 Llll.

176 4994 431 5048 Litterae
466 4990 677 5046 Urbani
700 5004 864 5061 papae
898 4991 947 5044 II
973 4988 1043 5043 ad
1081 4989 1249 5043 Vallis
1283 4989 1549 5045 Umbrosae
1578 4997 1627 5044 ct
1658 4989 1868 5043 Comat-

256 5062 394 5117 «ἔπιέ
442 5064 678 5133 priores,
709 5079 777 5116 ne
822 5078 853 5115 ιι
903 5064 1284 5116 communione
1314 5062 1507 5115 Pisoni
1551 5062 1786 5131 episcopi
1812 5076 1868 5114 se

257 5136 543 5190 alieuent.

836 5221 1024 5290 (Anno
1059 5220 1243 5290 1091.)

244 5330 657 5402 [Mn-ranam,
692 5327 897 5383 Annal.
930 5325 1237 5383 Camaldut.
1274 5325 1369 5392 lll,
1404 5325 1678 5397 append.,
1708 5325 1823 5399 92.]

200 5470 203 5471 ⁷
267 5463 563 5520 υιιΒΑΝυε
607 5460 940 5533 episcopus,
974 5475 1176 5537 servus
1215 5472 1515 5512 servorum
1549 5456 1669 5524 Dei,
1704 5473 1872 5514 vene-

186 5551 498 5609 rabilibus
553 5549 611 5604 in
664 5547 894 5605 Christo
943 5547 1083 5603 filiis
1134 5547 1200 5603 Η.
1239 5589 1251 5600 .
1289 5588 1301 5601 .
1339 5590 1352 5602 .
1383 5544 1874 5605 Vallumbrosano

190 5642 276 5707 Μ.
298 5631 328 5701 ’.
371 5684 384 5702 .
419 5636 861 5701 Camaldulensi
892 5642 949 5695 et
978 5635 1531 5713 congregationibus
1552 5650 1752 5695 eorum
1787 5654 1874 5697 re-

1970 4661 2269 4725 religionis
2292 4658 2495 4714 merito
2517 4673 2885 4723 veneramur,
2902 4660 2958 4710 et
2983 4671 3051 4710 ex
3073 4670 3269 4710 amore
3287 4652 3534 4724 justitias
3564 4650 3623 4706 id

1958 4754 2145 4826 egisse
2177 4749 2496 4811 credimus,
2517 4749 2718 4800 vestrae
2751 4744 2810 4799 in
2836 4743 2945 4799 hoc
2970 4741 3329 4815 simplicitati
3361 4739 3625 4812 benigni-

1975 4847 2092 4898 tate
2122 4835 2441 4911 apostolica
2484 4834 2812 4907 parcimus;
2844 4832 3095 4888 maxime
3128 4848 3261 4885 cum
3311 4829 3370 4883 in
3417 4826 3627 4882 litteris

1972 4928 2181 4985 vestris
2211 4925 2354 4980 alios
2385 4924 2564 4994 hujus
2596 4921 3027 4978 criminationis
3062 4923 3330 4975 auctores
3360 4915 3628 4971 ostende-

1974 5018 2125 5081 ritis,
2150 5019 2207 5070 et
2238 5031 2338 5069 vos
2371 5014 2442 5067 ab
2488 5013 2617 5084 eius
2669 5011 2986 5066 intentione
3029 5003 3412 5063 removeritis.
3446 5003 3631 5076 Roga-

1977 5124 2110 5163 mus
2146 5109 2343 5159 autem
2367 5119 2486 5169 vos,
2511 5107 2567 5157 et
2588 5104 2866 5171 tanquam
2895 5094 3235 5153 obedientize
3265 5091 3401 5148 filiis
3432 5092 3633 5165 praeci-

1978 5198 2178 5269 pimus
2209 5196 2273 5247 ut
2304 5208 2403 5247 eos
2442 5190 2613 5246 nobis
2662 5205 2730 5243 ex
2777 5186 3012 5243 nomine
3043 5183 3351 5255 designare
3399 5180 3636 5249 curetis,

1982 5288 2276 5356 quatenus
2308 5285 2540 5335 auctore
2572 5278 2687 5333 Deo
2727 5272 3167 5330 accusatoribus
3207 5270 3457 5343 cognitis
3488 5269 3638 5326 infa-

1982 5373 2104 5429 mia
2133 5371 2256 5426 hmc
2302 5373 2402 5424 aut
2451 5366 2862 5438 comprobetur
2890 5361 3167 5417 canonice
3198 5365 3298 5415 aut
3341 5375 3637 5415 removea-

1982 5467 2097 5517 tur.
2116 5460 2400 5515 Przeterea
2421 5459 2625 5510 notum
2643 5453 2806 5509 vobis
2822 5451 3093 5506 volumus
3109 5449 3269 5522 ipsos
3278 5448 3637 5520 jamdudum

1986 5569 2020 5608 a
2048 5548 2217 5606 nobis
2250 5564 2352 5620 per
2380 5558 2724 5601 communes
2746 5538 2939 5596 Pisani
2963 5539 3162 5614 pepuli
3186 5538 3411 5595 litteras
3440 5553 3637 5593 evoca-

1985 5644 2095 5701 tos.
2120 5638 2179 5699 Si
2212 5651 2348 5710 ergo
2380 5632 2630 5692 necdum
2675 5630 2870 5690 venire
2910 5633 3210 5708 ceperunt
3238 5644 3337 5687 vos
3384 5642 3484 5685 eos
3511 5625 3635 5688 vice
