3998 6158
426 342 545 402 335

425 560 704 621 dientiam
722 566 1113 637 admonete,et
1134 586 1204 623 ne
1229 570 1370 623 forte
1388 572 1704 623 causentur
1723 568 1796 622 ad
1822 568 2073 638 priorem

424 655 745 711 terminum
778 674 892 713 non
915 674 1087 729 posse
1109 672 1430 723 occurrere,
1452 657 1722 728 usquead
1747 657 2072 730 proximam

425 744 489 799 B.
524 744 718 800 Mariae
768 746 1135 801 Nativitatem
1187 744 1454 801 inducias
1502 744 1877 818 protelamus.
1912 745 2072 808 Quod

425 833 476 889 si
507 832 594 889 vel
622 838 762 889 tunc
789 833 984 889 venire
1035 834 1512 906 contempserint,
1535 834 1817 890 canonica
1864 851 1924 890 se
1974 851 2073 887 nn-

423 921 613 976 verint
661 920 879 977 ultione
920 921 1290 994 plectendos;
1325 923 1373 978 si
1407 928 1605 979 autem
1655 923 1742 978 illi
1787 923 2072 989 venerint,

427 1009 666 1064 omnino
695 1009 988 1078 volumus,
1011 1015 1074 1066 ut
1093 1028 1161 1067 ex
1181 1011 1346 1067 vobis
1367 1012 1516 1068 duos
1538 1010 1623 1068 vel
1655 1012 1774 1067 tres
1794 1012 1865 1066 ad
1898 1011 2079 1081 hujus

427 1100 506 1154 rei
540 1098 938 1155 deﬁnitionem
961 1100 1427 1173 perspiciendum
1450 1117 1584 1155 cum
1608 1101 1691 1156 eis
1710 1100 1924 1173 pariter
1945 1104 2079 1155 ante

429 1193 689 1244 nostram
722 1188 1092 1261 praesentiam
1135 1189 1422 1262 dirigatis.
1457 1190 1694 1245 Interim
1742 1206 1842 1245 vos
1873 1207 1907 1245 a
1936 1207 2079 1245 con-

429 1277 627 1333 fratris
658 1277 839 1333 nostri
890 1278 1211 1333 ditfamatia
1247 1279 1527 1344 desistite,
1561 1284 1618 1333 et
1646 1279 1774 1349 ejus
1816 1295 2079 1334 commu~

430 1367 663 1422 nionem
698 1366 859 1423 nullo
889 1368 1060 1423 modo
1090 1372 1372 1423 recusato.
1402 1368 1742 1439 Quicunque
1773 1367 1947 1423 etiam
1980 1384 2046 1423 ve
2068 1400 2080 1407 ς

431 1464 616 1512 strum
652 1456 710 1511 in
760 1457 979 1524 Ρὶείιῃω
1033 1456 1293 1512 Ecclesia)
1335 1458 1566 1537 dioecesi
1619 1462 2078 1525 commorantur,

431 1545 683 1600 debitam
720 1546 769 1601 ei
801 1545 1191 1601 obedientiam
1244 1546 1581 1617 impendere
1628 1564 1741 1601 non
1790 1549 2079 1601 recusent.

431 1634 511 1689 De
542 1640 744 1689 cmtero
776 1634 1152 1689 obsecramus
1176 1639 1238 1688 ut
1261 1635 1468 1689 vestris
1497 1651 1601 1689 nos
1628 1634 1779 1707 apud
1815 1635 2081 1707 omnipo-

432 1728 648 1778 tentem
681 1723 861 1778 Deum
896 1723 1257 1778 orationibus
1292 1724 1738 1779 commendatis.

501 1811 648 1867 Data
677 1811 862 1881 Trojae
892 1829 930 1867 ιι
962 1812 1100 1867 Idus
1130 1811 1291 1867 Julii.

1192 1918 1329 1973 LIV.

433 2008 681 2066 Urbanus
730 2009 799 2073 II,
851 2007 1233 2078 Guillelmum,
1282 2008 1743 2079 arrhiepiscopum
1796 2008 2080 2064 [tot/toma-

498 2096 732 2151 gensem,
765 2079 835 2134 ad
884 2080 1280 2134 restituendum
1326 2081 1722 2133 monasterium
1767 2079 1824 2135 S.
1857 2081 2079 2136 Austra-

502 2153 671 2208 berlw
707 2152 1082 2207 Paviliacense
1140 2153 1358 2214 excitat,
1389 2172 1409 2198 α
1445 2154 1605 2221 atque
1654 2152 1929 2206 universis
1984 2155 2083 2222 qui

498 2225 671 2280 eidem
700 2224 936 2278 cmnobio
960 2222 1173 2293 aliquid
1202 2223 1505 2292 conferant,
1526 2225 1782 2292 quartam
1806 2224 2079 2293 paeniten-

497 2297 718 2420 tiaruml
731 2296 799 2349 ab
823 2296 1073 2366 episcopo
1096 2297 1191 2348 aut
1213 2294 1524 2365 presbytero
1549 2294 1923 2363 injunetarum
1947 2310 2079 2366 par-

500 2377 609 2422 tem
636 2383 697 2421 re
720 2374 872 2421 amat.

1053 2455 1240 2525 (Anno
1274 2454 1458 2524 1091.)

522 2546 827 2615 [801mm,
866 2545 982 2599 Vita
1028 2544 1252 2608 Urbani,
1272 2543 1581 2615 Manimos:
1610 2546 1668 2615 et
1700 2542 1980 2611 Romam,

878 2616 1113 2681 qurag.
1142 2614 1317 2685 posth.
1350 2614 1445 2681 III,
1482 2614 1626 2683 103.]

1197 2720 1308 2774 LV.

430 2811 635 2869 Urbani
662 2812 713 2866 Il
740 2810 969 2881 epistola
996 2810 1066 2864 ait
1089 2810 1297 2881 clerum
1336 2814 1389 2864 et
1434 2809 1699 2881 p0pulmn
1746 2810 2073 2867 Ambianen-

494 2899 627 2965 sem.
661 2914 731 2923 —
770 2880 1063 2952 Signiﬁcat
1118 2896 1174 2936 se
1232 2880 1526 2935 Corvinum
1579 2882 1889 2953 episcopum
1943 2899 2074 2937 san-

587 2970 660 3009 se.

495 2970 660 3009 misse.

1050 3042 1235 3115 (Anno
1263 3040 1446 3114 1091.)

731 3133 1018 3202 [MABILL.,
1052 3131 1249 3185 Annal.
1284 3131 1480 3186 Bened.
1513 3128 1581 3196 V,
1612 3130 1764 3201 280.]

1714 345 1782 405 Β.
1830 343 2120 407 URBANI
2162 342 2213 405 lI
2258 346 2506 407 ΡΑΡᾸΞ.

426 480 644 543 nostra,
665 479 731 532 ut
761 477 833 532 ad
866 496 973 534 nos
998 480 1233 535 veniant
1263 497 1359 551 per
1391 476 1721 551 apostolicae
1752 477 1908 534 sedis
1937 478 2069 533 obe-
2103 480 2156 545 Α

3712 348 3832 410 336

2940 481 3077 537 LVI.

2223 569 2428 625 Urbani
2459 572 2505 625 ll
2530 572 2759 641 epistola
2785 571 2856 625 ad
2879 573 3139 642 praelatos
3166 571 3435 626 (aii-orum
3456 585 3802 626 conmunem

2750 643 2921 697 vitam
2950 644 3257 713 agentium.

2809 731 2994 801 (Anno
3029 731 3210 803 1091.)

2455 836 2768 906 [Bsnsocm
2799 837 3124 906 Chronicon,
3146 839 3220 894 ad
3251 854 3344 895 an.
3381 837 3564 909 1091.]

2256 951 2549 1014 Quosdam
2583 954 2914 1026 accepimus
2945 967 3169 1008 morem
3189 957 3515 1011 vestrorum
3547 955 3839 1011 coenobio-

2188 1056 2317 1095 rum
2353 1042 2876 1114 corrodentes,quo
2898 1042 3080 1097 laicos
3110 1042 3322 1099 saeculo
3353 1044 3756 1101 renuntiantes
3783 1050 3843 1101 et

2189 1144 2250 1181 se
2283 1145 2506 1201 suaque
2534 1129 2606 1185 ad
2639 1146 3012 1186 communem
3056 1130 3237 1187 vitam
3278 1132 3716 1200 transferentes,
3748 1149 3839 1190 re-

2189 1217 2409 1286 gendos
2439 1217 2497 1272 in
2521 1218 2851 1275 obedientia
2873 1218 3194 1292 suscipitis.
3216 1221 3331 1276 Nos
3354 1224 3550 1277 autem
3573 1221 3839 1278 eamdem

2191 1306 2685 1362 conversationem
2717 1314 2774 1363 et
2823 1308 3329 1376 consuetudinem,
3352 1309 3504 1365 sicut
3532 1309 3716 1366 oculis
3746 1328 3847 1366 no-

2193 1396 2330 1448 stris
2363 1396 2744 1466 inspeximus,
2780 1396 3155 1463 laudabilem,
3190 1406 3245 1453 et
3288 1415 3355 1453 eo
3399 1403 3679 1471 perpetua
3705 1414 3845 1454 con-

2193 1485 2514 1539 servatinnc
2561 1485 2968 1558 dignissimam
3002 1502 3117 1558 quo
3147 1487 3205 1541 in
3238 1487 3543 1559 primitivaa
3574 1484 3842 1544 Ecclesia

2193 1573 2759 1645 t‘urmamjmpressa
2781 1579 2867 1628 est
2889 1574 3242 1645 judicantes,
3267 1577 3682 1648 approbamus,
3703 1578 3838 1632 sani-

2192 1668 2344 1716 Clam
2379 1669 2434 1717 et
2472 1662 2817 1718 catholicam
2854 1663 3246 1727 nominamus,
3271 1670 3328 1719 et
3375 1681 3477 1738 per
3522 1671 3839 1737 prasentes

2194 1750 2415 1805 litteras
2442 1752 2756 1823 apostolica
2786 1754 3134 1808 auctoritate
3165 1756 3606 1810 conﬁrmamus.

2113 1850 2160 1916 Β
2937 1875 3103 1931 LVII.

2195 1966 2735 2041 Uibtmt‘"8"1'8l0ia
2783 1964 2851 2041 ad
2910 1964 3642 2041 G[ebhar¢_tum],_episcOpum
3703 1970 3840 2026 Con.-

2266 2039 2634 2102 slantii'nxem,
2688 2039 2984 2110 Wet/onem
3037 2040 3087 2092 et
3142 2038 3542 2110 Blertholduntj
3574 2040 3733 2096 duces
3790 2050 3844 2097 et

2266 2111 2323 2162 lt.
2358 2111 2705 2163 comitem.—
2730 2108 2855 2163 Illos
2893 2107 3144 2163 hortatur
3170 2107 3230 2163 ut
3276 2107 3540 2165 abbatem
3572 2116 3842 2168 monaste-

2264 2181 2337 2233 rii
2394 2180 2447 2232 S.
2510 2179 2810 2235 Sir/ratoris
2864 2178 3279 2250 Sirliafhusensis
3342 2185 3604 2237 tueantur
3656 2192 3845 2240 contra

2262 2252 2533 2315 Tutonem,
2565 2252 2830 2306 donatum
2856 2253 3189 2307 monasterio
3210 2252 3487 2323 praedium
3514 2254 3734 2326 auferre
3752 2272 3843 2311 co-

2261 2326 2506 2377 nantem.

2811 2413 2997 2481 (Anno
3032 2411 3217 2483 1092.)

2614 2499 2847 2570 [ΜΑκεῃ
2884 2499 3087 2554 Coneil.
3115 2500 3228 2567 ΧΧ,
3261 2502 3412 2572 708.]

2258 2617 2533 2672 υθωκυε
2580 2617 2913 2688 episcopus,
2950 2631 3153 2673 servus
3200 2633 3498 2674 servorum
3541 2618 3661 2686 Dei,
3693 2619 3842 2679 Con-

2186 2706 2494 2762 stantiensi
2540 2705 2809 2776 episcopo
2840 2706 2906 2760 N.
2941 2709 2998 2760 et
3040 2706 3106 2760 N.
3141 2707 3457 2763 comitibus
3499 2708 3750 2765 salutem
3779 2715 3841 2767 et

2185 2795 2565 2868 apostolicam
2598 2794 3083 2851 benedictionem.

2254 2884 2553 2941 Venerunt
2571 2883 2643 2939 ad
2667 2900 2772 2939 nos
2796 2881 2999 2940 littera
3022 2883 3249 2940 abbatis
3276 2886 3616 2942 monasterii
3639 2888 3837 2945 Sancti

2182 2973 2514 3041 Salvatoris,
2546 2976 2968 3045 conquerentes
2998 2973 3114 3028 Deo
3143 2978 3203 3029 et
3237 2978 3439 3031 sancto
3470 2975 3635 3033 Petro
3673 2979 3831 3050 quod

2180 3064 2268 3119 vir
2294 3063 2534 3135 quidam
2565 3062 2801 3118 nomine
2835 3061 2900 3119 N.
2933 3061 3171 3118 veniens
3209 3063 3281 3118 ad
3327 3064 3671 3136 praedictum
3703 3083 3831 3122 mo-

2184 3151 2525 3219 nasterium,
2560 3150 2770 3206 saeculo
2810 3149 3184 3217 renuntiavit,
3231 3151 3676 3224 promissionem
3710 3158 3831 3210 διας

498 3241 774 3297 URBANUS
812 3238 1142 3311 episcopus,
1167 3253 1369 3293 servus
1416 3252 1715 3292 servorum
1762 3237 1884 3307 Dei,
1918 3237 2072 3295 clero
2101 3218 2146 3284 (ἶ
2181 3240 2427 3297 bilitatis
2449 3240 2773 3296 secundum
2795 3238 3276 3296 consuetudinem
3306 3242 3640 3297 monasterii
3672 3243 3829 3312 fecit,

425 3338 482 3387 et
509 3329 724 3403 populo
769 3326 1150 3385 Ambiancusi
1194 3325 1445 3383 salutem
1476 3330 1534 3381 et
1564 3326 1943 3399 apostolicam
1974 3329 2071 3384 be-

426 3420 839 3476 nedictionem.

496 3505 1024 3563 Reverentissimus
1063 3505 1238 3560 frater
1280 3508 1480 3559 noster
1527 3504 1831 3573 Gervinus,
1883 3510 2072 3563 vester

419 3594 750 3666 episcopus,
783 3594 854 3648 ad
887 3594 1085 3649 sedem
1126 3591 1505 3664 apostolicam
1536 3592 1792 3662 veniens,
1826 3611 2065 3651 causam

418 3700 588 3740 suam
611 3699 744 3738 cum
762 3681 1095 3737 testimonio
1112 3681 1440 3736 litterarum
1460 3683 1913 3738 reverentissimi
1937 3701 2069 3740 con-

412 3772 610 3828 fratris
650 3771 833 3827 nostri
878 3770 1193 3826 Remorum
1243 3769 1663 3843 archiepiscopi
1698 3772 1964 3829 Rainoldi
2009 3780 2064 3829 et

410 3860 739 3934 legatorum
772 3859 961 3932 ipsius
994 3858 1162 3914 nobis
1208 3858 1543 3914 notiﬁcavit.
1581 3859 1697 3915 Nos
1728 3865 1922 3917 autem
1946 3861 2060 3919 ele-

406 3951 656 4007 ctionem
690 3949 820 4021 ejus
851 3948 1193 4005 canonicam
1226 3948 1638 4020 approbantes,
1673 3953 1729 4005 et
1759 3949 1922 4005 illum
1958 3952 2058 4023 qui

403 4057 472 4095 ex
500 4045 833 4097 transverso
859 4055 921 4094 se
954 4037 1173 4109 injecit,
1214 4037 1612 4108 reprobanlcs,
1637 4037 1933 4111 simulque
1957 4040 2056 4096 diu

404 4129 713 4185 nobiscum
742 4143 879 4184 eum
910 4126 1234 4193 retinendo,
1253 4130 1309 4181 et
1337 4125 1386 4180 si
1431 4124 1533 4196 qui
1561 4134 1764 4182 contra
1793 4143 1928 4182 eum
1961 4144 2055 4184 ve-

402 4217 527 4273 nire
547 4217 761 4273 vellent
781 4216 1153 4285 attendendo,
1172 4219 1486 4286 postquam
1526 4213 1583 4269 in
1616 4215 1865 4271 duorum
1891 4233 2054 4273 men-

400 4305 554 4361 sium
593 4305 871 4377 spatium,
907 4320 1020 4376 quo
1054 4303 1361 4358 nobiscum
1389 4300 1609 4373 deguit,
1640 4319 1810 4359 nemo
1851 4309 2055 4362 contra

401 4409 535 4449 eum
567 4392 892 4465 quidquam
926 4390 1152 4458 attulit;
1198 4395 1253 4446 ct
1298 4391 1788 4447 condescensione
1819 4393 2047 4449 miseri-

399 4482 607 4537 cordiae
639 4481 886 4555 rigorem
921 4480 1166 4550 justitim
1207 4483 1619 4550 temperantes,
1654 4479 1711 4533 in
1758 4479 1880 4536 loco
1912 4498 2048 4538 eum

2181 3337 2239 3387 et
2270 3348 2377 3386 sua
2405 3330 2592 3386 eidem
2624 3327 2879 3384 ecclesiae
2920 3329 3245 3385 secundum
3286 3328 3475 3402 legem
3507 3330 3831 3388 Suevorum

2181 3419 2384 3475 multis
2407 3435 2602 3474 coram
2624 3417 2872 3472 testibus
2896 3417 3134 3472 tradidit
3151 3421 3208 3471 et
3228 3418 3623 3488 confirmavit;
3648 3419 3832 3477 abbas

2179 3514 2397 3574 autem,
2434 3512 2497 3563 ut
2527 3511 2617 3563 est
2640 3507 2881 3562 devotus
2911 3510 2968 3561 et
2998 3506 3257 3578 prudens
3285 3507 3654 3579 dispensator
3680 3514 3737 3565 et
3766 3509 3831 3564 ti-

2176 3596 2417 3664 delis,in
2450 3595 2653 3651 eodem
2696 3594 2911 3666 praedio
2943 3594 3361 3652 monasterium
3395 3602 3640 3653 venuste
3687 3612 3827 3654 con-

2174 3690 2405 3753 struxit,
2430 3686 2636 3740 fratres
2662 3684 2969 3748 ordinavit,
2993 3688 3050 3739 et
3071 3688 3274 3740 caetera
3294 3701 3421 3755 quae
3443 3685 3516 3740 ad
3538 3686 3826 3743 monasti-

2172 3792 2298 3830 cam
2334 3774 2625 3846 pertinent
2664 3770 2925 3844 regulam
2977 3771 3252 3829 instituit.
3278 3772 3596 3829 Prasdictus
3624 3779 3825 3831 autem

2171 3863 2262 3930 N.,
2296 3868 2359 3917 ut
2388 3860 2586 3917 omnia
2614 3860 2756 3916 vidit
2781 3860 3011 3916 abbatis
3043 3860 3237 3916 labore
3257 3866 3315 3916 et
3335 3861 3529 3917 studio
3552 3862 3826 3919 ordinata

2168 3957 2344 4024 atque
2374 3950 2645 4022 perfecta,
2680 3954 2989 4021 postquam
3024 3949 3363 4021 praedictum
3397 3953 3822 4009 monasterium

2166 4040 2318 4096 idem
2355 4038 2637 4112 praedium
2680 4054 2783 4110 per
2821 4038 3192 4111 septennium
3225 4044 3282 4094 et
3310 4055 3377 4095 eo
3406 4040 3663 4113 amplius
3692 4041 3825 4098 sine

2166 4129 2325 4185 omni
2383 4126 2839 4184 contradictione
2900 4127 3176 4195 obtinuit,
3238 4127 3521 4184 instinctu
3580 4128 3816 4195 diaboli,

2162 4233 2467 4289 nunquam
2500 4232 2561 4271 se
2591 4214 2906 4271 tradidisse
2938 4216 3170 4282 fatetur,
3202 4219 3260 4272 et
3289 4216 3337 4272 si
3384 4216 3707 4289 quidquam
3739 4217 3819 4273 ob

2163 4306 2271 4363 hoc
2303 4304 2580 4361 molestiae
2625 4304 2993 4371 sustinuerit,
3028 4320 3143 4360 non
3195 4303 3386 4360 solum
3431 4306 3680 4373 auferre,
3712 4306 3818 4363 sed

2159 4400 2216 4450 et
2249 4395 2440 4466 ipsum
2487 4392 2906 4449 monasterium
2949 4393 3210 4449 minatur
3245 4398 3523 4450 evertere.
3557 4396 3818 4466 Quapro-

2159 4489 2307 4556 pter,
2340 4482 2441 4537 filii
2477 4480 2972 4549 excellentissimi,
3004 4481 3212 4537 obnixe
3261 4499 3363 4538 vos
3409 4497 3722 4539 exoramus
3752 4488 3819 4538 ut

398 4570 661 4626 etofﬁcio
680 4586 786 4625 suo
804 4572 1213 4625 conﬁrmatum
1233 4567 1396 4622 vobis
1421 4568 1794 4624 remittimus.
1814 4569 2051 4652 Propter
2080 4586 2127 4652 ι)
2156 4589 2260 4645 pro
2287 4570 2511 4627 Domini
2542 4569 2855 4626 Salvatoris
2888 4571 3191 4625 devotione
3211 4586 3277 4626 ac
3308 4571 3630 4627 reverentia
3661 4571 3819 4627 beati

396 4660 551 4732 quod
600 4658 1019 4714 fraternitatem
1050 4662 1301 4712 vestram
1348 4657 1691 4713 auctoritate
1735 4650 2052 4730 apostolica

394 4765 838 4805 commonemus
854 4752 1159 4803 utomnem
1178 4745 1229 4801 ei
1247 4746 1635 4801 obedientiam
1649 4746 1825 4812 ,velut
1844 4748 2048 4806 idoneo

392 4838 635 4912 pastori,
671 4837 1017 4905 exhibeatis,
1050 4852 1283 4890 omnem
1334 4834 1578 4889 consilio
1627 4839 1685 4889 et
1726 4836 1942 4893 auxilio
1973 4838 2045 4894 ad

392 4928 764 4984 retinendum
807 4930 863 4981 et
894 4925 1214 4991 regendum
1259 4924 1657 4996 episcopatum
1701 4925 2046 4981 sollicitudi-

390 5034 523 5073 nem
558 5016 936 5090 impendatis,
963 5019 1027 5069 ut
1057 5031 1191 5069 cum
1226 5014 1352 5086 ipso
1396 5018 1515 5067 tam
1551 5013 1620 5066 de
1646 5014 1909 5070 doctrina
1940 5033 2047 5071 sua

391 5123 566 5177 quam
600 5107 669 5162 de
702 5103 1032 5161 obedientia
1062 5109 1253 5159 vestra
1302 5102 1555 5175 gaudere
1590 5103 1849 5159 valeatis.
1883 5105 2044 5168 Quod

392 5193 442 5247 si
474 5199 605 5265 post
633 5193 785 5249 hanc
829 5192 1348 5249 commonitionem
1398 5192 1713 5264 quisquam
1746 5193 1796 5248 ei
1828 5193 1898 5248 de
1923 5194 2042 5262 epi-

390 5287 632 5352 scopatu
682 5284 1079 5338 contradicere
1136 5280 1608 5354 praesumpserit,
1662 5280 1830 5352 eique
1893 5282 2045 5338 sicut

389 5369 658 5442 episcopo
701 5388 807 5427 suo
855 5372 1028 5427 subdi
1079 5371 1450 5434 recusaverit,
1503 5371 1874 5431 sententiam.
1926 5387 2044 5443 qua

388 5458 514 5530 ipse
543 5475 648 5529 pro
678 5457 1076 5515 inobedientia
1105 5477 1238 5516 eum
1286 5457 1637 5525 multaverit,
1673 5475 1778 5515 nos
1810 5465 2039 5532 aposto-

385 5547 500 5606 lica
528 5547 873 5603 auctoritate
906 5550 1344 5606 confirmamus.

456 5637 601 5695 Data
628 5650 731 5695 xm
764 5635 889 5695 Kal.
923 5637 1207 5695 Januarii.

2163 4660 2311 4717 Petri
2340 4665 2395 4716 et
2426 4658 2610 4715 nostri
2642 4674 2838 4714 amore
2885 4658 3159 4714 eumdem
3194 4658 3384 4714 virum
3417 4676 3451 4715 a
3478 4664 3643 4716 tanta
3671 4676 3816 4731 apo-

2159 4751 2340 4805 stasia
2390 4748 2694 4821 prohibere
2745 4752 2801 4802 et
2844 4747 3040 4803 abbati
3091 4751 3147 4803 et
3194 4748 3549 4804 monasterio
3597 4749 3816 4806 curetis

2157 4840 2451 4894 assistere.
2486 4836 2631 4891 Dicit
2675 4852 2811 4890 vero
2860 4835 3281 4892 Innocentius:
3327 4838 3499 4892 Error
3553 4838 3647 4892 cui
3700 4853 3814 4893 non

2157 4929 2431 4983 resistitur
2459 4925 2819 4997 approbatur;
2849 4941 2914 4979 ac
2955 4924 3269 4996 Apostolus
3304 4942 3316 4979 :
3352 4927 3473 4981 Non
3511 4926 3689 4982 solum
3717 4928 3816 4997 qui

2153 5016 2365 5087 faciunt
2396 5014 2551 5085 digni
2578 5017 2706 5068 sunt
2735 5021 2922 5079 morte,
2946 5013 3038 5068 sed
3066 5015 3163 5084 qui
3205 5017 3553 5071 consentiunt
3593 5016 3815 5087 facim-

2154 5106 2317 5160 tibus.
2342 5103 2626 5159 Volumus
2657 5107 2876 5169 autem,
2913 5100 3015 5171 fili,
3044 5106 3101 5159 te
3132 5103 3406 5159 eumdem
3437 5102 3811 5175 pestilentem

2152 5194 2368 5259 virum,
2401 5192 2450 5248 si
2487 5194 2611 5262 jam
2661 5207 2776 5245 non
2826 5191 3046 5246 factum
3078 5196 3185 5261 est,
3222 5192 3480 5249 secundo
3529 5198 3586 5248 et
3636 5193 3813 5248 tertio

2153 5280 2428 5336 canonice
2463 5295 2831 5335 commonere
2885 5284 2952 5334 ut
2997 5280 3333 5352 resipiscat;
3366 5280 3521 5352 quod
3566 5279 3617 5335 si
3662 5296 3814 5335 con-

2151 5368 2477 5442 tempserit,
2502 5372 2565 5422 ut
2595 5367 2781 5423 caeteri
2814 5372 3037 5423 metum
3074 5368 3347 5437 habeant,
3370 5368 3633 5442 gladium
3667 5384 3813 5425 ana-

2151 5456 2426 5515 thematis
2458 5457 2517 5512 in
2547 5456 2715 5513 illum
2743 5457 3071 5529 evaginare,
3095 5463 3388 5530 quatenus
3420 5458 3479 5515 in
3503 5457 3814 5514 interitum

2150 5546 2343 5605 carnis
2372 5544 2626 5603 traditus
2665 5544 2892 5603 Satanas
2920 5546 3108 5605 discat
3136 5563 3253 5604 non
3284 5546 3716 5621 blasphemare,
3748 5549 3813 5606 et

2150 5635 2344 5695 salvus
2375 5635 2451 5693 sit
2480 5634 2538 5693 in
2569 5634 2663 5694 die
2693 5634 2942 5695 Domini.
2980 5635 3311 5697 Incolumes
3339 5653 3442 5697 vos
3471 5639 3528 5699 et
3558 5634 3808 5702 monitis
