3988 6164
163 299 265 366 ω

1319 294 1727 365 ΕΡΙΒΤΟῙΛΕ
1768 298 1871 363 ΕΤ
1914 298 2385 367 PRIVILEGIA.

3440 304 3562 371 838

163 433 358 495 nostris
395 430 738 494 obedientes
786 432 984 495 divina
1024 433 1213 511 gratia
1257 433 1568 503 custodiat,
1618 436 1678 492 et
1716 432 1789 492 ab
1818 433 1871 503 Α
1913 449 1979 493 ac
2009 433 2434 511 gubernatione
2470 452 2749 496 concessa
2791 437 2931 496 sunt
2979 434 3187 496 usibus
3230 438 3555 512 profutura.

168 525 305 585 omni
330 524 489 584 male
520 526 820 584 defendat.

877 616 1072 673 LVIII.

166 703 498 774 Couﬁrmatio
528 707 821 763 acetiam}:
857 707 1131 763 canentem
1174 704 1233 777 S.
1265 705 1452 760 Mariae
1485 706 1543 760 in
1584 705 1794 761 Rauen-

218 778 362 843 boch,
420 793 553 849 quae
604 778 704 834 sub
761 779 1072 850 apostolica?
1123 776 1267 833 sedis
1320 778 1654 850 protectione
1706 792 1794 831 re-

217 847 443 921 cipitur}
500 847 948 921 conﬁrmatisque
1005 850 1158 921 benis
1229 848 1486 921 omnibus
1543 847 1613 902 ad
1675 864 1796 921 eam

217 918 617 992 spectantibus,
650 918 925 978 nonnulla
968 920 1145 977 eidem
1207 918 1577 975 conceduntur
1618 920 1794 990 privi-

220 993 370 1062 lege.

775 1082 963 1153 (Anno
993 1080 1182 1148 4092.)

162 1169 535 1242 [Coemuss,
570 1170 802 1243 bullar.,
856 1171 1138 1243 privilcg..
1187 1186 1388 1243 summ.
1418 1175 1566 1241 pont.
1619 1168 1789 1240 ampl.

730 1241 944 1301 eouecz.
980 1242 1048 1311 ιι,
1076 1245 1168 1296 67.
1196 1241 1211 1315 J

220 1331 479 1403 [Insanos
509 1332 851 1405 episcopus,
878 1348 1080 1388 servus
1102 1346 1402 1386 servorum
1427 1327 1543 1396 Dei,
1578 1326 1790 1383 charis-

167 1421 292 1477 δίωο
312 1419 430 1476 ﬁlio
449 1420 754 1477 Unuamco
772 1419 1102 1493 praepositio
1120 1418 1563 1490 canoniew,qua3
1590 1417 1646 1472 in
1669 1416 1792 1472 loco

164 1508 533 1580 Ilaitenpuech
568 1509 643 1564 ad
678 1509 958 1566 honorem
987 1509 1046 1565 S.
1081 1509 1181 1564 Dei
1214 1506 1513 1581 genitricis
1545 1511 1602 1562 et
1623 1505 1793 1578 virgi-

162 1598 236 1657 nis
258 1597 446 1653 Marias
478 1598 595 1653 sita
626 1601 737 1667 est,
770 1599 1015 1670 ejusque
1045 1595 1485 1655 successoribus
1515 1593 1793 1651 canonice

165 1685 586 1753 substituendis,
620 1687 685 1742 in
716 1692 1085 1760 perpetuum.

218 1776 552 1874 Potestatem
584 1775 811 1874 ligandi
843 1781 1021 1849 atque
1053 1773 1311 1874 solvendi
1359 1773 1419 1829 in
1448 1771 1611 1874 caelis
1647 1776 1706 1874 et
1731 1770 1790 1827 in
1821 1807 1870 1874 Β

165 1870 309 1934 terra,
328 1865 386 1920 Β.
409 1865 584 1921 Petro
616 1866 865 1938 ejusque
899 1863 1363 1929 successoribus,
1387 1866 1625 1918 auctore
1654 1866 1789 1930 Deo,

160 1953 527 2026 principaliter
549 1952 854 2021 traditam,
880 1952 1001 2010 illis
1033 1951 1286 2010 Ecclesia
1306 1951 1496 2007 verbis
1527 1949 1793 2024 agnoscit

162 2041 341 2116 quibus
362 2042 610 2098 Petrum
641 2046 732 2098 est
761 2040 1046 2099 Dominus
1076 2040 1369 2098 allocutus
1393 2058 1406 2097 :
1442 2041 1792 2111 Quaruon

160 2129 585 2203 Ποικνίεαιρσν
628 2136 859 2197 terram,
899 2135 1062 2186 erunt
1113 2131 1284 2202 ligata
1329 2131 1469 2186 etin
1521 2130 1789 2190 attinet

161 2233 459 2292 ῃδαιηςυε
484 2221 726 2277 solveris
752 2236 918 2293 super
955 2224 1181 2287 terram,
1225 2224 1386 2275 erant
1442 2220 1617 2274 soluta
1646 2222 1699 2273 et
1729 2219 1787 2272 in

160 2308 506 2381 eclis(latth.
540 2326 669 2378 xvr,
704 2309 820 2379 19.)
850 2309 963 2381 Ipsi
1009 2325 1244 2382 quoque
1289 2312 1347 2365 et
1392 2307 1639 2381 proprias
1684 2307 1789 2361 ﬁr~

159 2396 371 2454 nitaset
386 2397 602 2454 alienae
624 2398 758 2455 ﬁdei
776 2397 1162 2465 conﬁrmatio,
1176 2397 1380 2454 eodem
1400 2402 1510 2453 Deo
1531 2399 1785 2463 auctore,

164 2490 454 2558 prestatur,
476 2502 626 2543 cum
648 2488 719 2543 ad
747 2503 881 2543 eum
901 2487 1018 2544 ait:
1069 2489 1283 2556 Rogavi
1297 2502 1397 2557 pro
1428 2489 1498 2553 le,
1522 2486 1700 2552 Petra,
1729 2489 1791 2540 ut

158 2589 245 2629 non
270 2575 477 2646 deﬁciat
503 2576 646 2648 ﬁdes
678 2585 794 2642 tua,
834 2584 885 2631 et
912 2580 979 2632 tu
1006 2576 1313 2647 aliquando
1344 2590 1634 2630 conversus
1660 2589 1788 2630 con-

164 2665 295 2733 ﬁrmo
317 2668 515 2734 fratres
558 2673 678 2722 tuos
705 2666 858 2734 (Luc.
891 2682 1026 2731 χχιι,
1055 2664 1171 2736 32.)
1209 2665 1447 2737 Oportet
1495 2679 1632 2735 ergo
1679 2678 1789 2719 nos

165 2753 261 2825 qui,
286 2753 413 2811 licet
441 2754 703 2827 indigni,
744 2754 898 2811 Petri
947 2754 1276 2812 residemus
1326 2755 1384 2810 in
1432 2754 1578 2821 loco,
1612 2769 1790 2826 prava

167 2843 431 2917 oon-igere,
492 2849 664 2901 recta
716 2844 952 2901 ﬁrmare
1004 2849 1060 2901 et
1104 2845 1165 2900 in
1209 2844 1370 2900 omni
1428 2841 1684 2899 Ecclesia
1712 2842 1785 2898 ad

166 2930 327 2986 sterni
355 2931 675 2989 arbitrium
704 2930 927 2989 Judicis
957 2931 1041 2989 sic
1071 2932 1439 3005 disponenda
1478 2931 1786 3003 disponere

169 3021 218 3072 ut
238 3017 301 3074 de
323 3018 484 3076 vultu
504 3020 647 3091 ejus
663 3018 955 3091 judicium
978 3020 1238 3092 prodeat,
1261 3019 1482 3076 etoculi
1503 3018 1687 3075 nostri
1708 3018 1788 3072 vi-

1903 526 2168 583 Obeunte
2196 543 2353 583 nune
2381 528 2647 598 ejusdem
2676 528 2787 585 loci
2819 528 3149 602 praeposito,
3189 528 3278 586 vel
3322 533 3558 587 tuorum

1906 615 2168 689 quolibet
2188 633 2618 684 successorum,
2635 617 2835 674 nullus
2858 618 2935 674 ibi
2960 618 3220 692 qualibet
3239 618 3561 691 subreptio-
3608 618 3615 629 '

1904 705 2002 762 nis
2029 706 2251 763 astutia
2278 712 2653 779 praeponatur
2679 707 2789 763 nisi
2813 724 2986 780 quem
3021 708 3228 764 fratres
3259 708 3557 765 communi

1903 811 2195 852 consensu
2226 796 2315 851 vel
2348 796 2593 851 fratrum
2628 813 2762 868 pars
2791 795 3020 852 consilii
3071 796 3321 852 sanioris
3370 797 3558 870 elege-

1902 883 2039 939 rint.
2072 883 2550 940 Consecrationes
2577 884 2852 941 altarium
2887 884 3007 941 sive
3037 884 3437 954 basilicarum,
3470 903 3560 943 or-

1903 971 2235 1028 dinationes
2265 972 2631 1041 clericorum,
2664 973 2941 1040 chrisma,
2964 972 3158 1029 oleum
3186 978 3477 1044 sanctum,
3502 979 3559 1032 et

1902 1065 2110 1117 caetera
2123 1061 2193 1117 ad
2213 1061 2542 1135 episcopale
2559 1062 2821 1118 ofﬁcium
2836 1062 3189 1136 pertinentia
3200 1063 3272 1119 ab
3284 1063 3556 1137 episcopo

1903 1149 2300 1223 Frisingen...,
2350 1152 2409 1207 in
2442 1153 2614 1225 cujus
2662 1151 2896 1208 dicecesi
2937 1151 3099 1218 estis,
3146 1150 3467 1225 accipietis,
3500 1152 3553 1209 si

1899 1242 2097 1295 tamen
2133 1238 2456 1297 catholicus
2486 1246 2594 1306 est,
2628 1246 2686 1296 et
2715 1240 2964 1314 gratiam
2990 1258 3057 1296 ac
3083 1242 3555 1298 communionem

1902 1328 2232 1401 apostolicae
2263 1329 2421 1384 sedis
2452 1329 2722 1386 habuerit
2747 1335 2803 1386 et
2823 1330 3006 1405 gratis
3034 1333 3091 1385 et
3121 1329 3247 1386 sine
3268 1331 3556 1403 pravitate

1901 1417 2239 1490 impendere
2268 1418 2531 1475 voluerit.
2564 1419 2720 1475 Alias
2751 1436 2907 1485 vero,
2956 1418 3120 1476 vobis
3159 1418 3329 1475 liceat
3358 1420 3555 1477 cathe-

1900 1503 2078 1561 licum
2097 1524 2271 1579 quem
2284 1507 2581 1565 volueritis
2604 1509 2761 1565 adire
2784 1507 3127 1576 antistitem,
3153 1511 3211 1565 et
3230 1508 3303 1564 ab
3325 1525 3393 1565 eo
3415 1526 3551 1565 cou-

1900 1596 2293 1653 seerationum
2326 1602 2695 1654 sacramenta
2751 1598 3067 1671 suscipere,
3097 1597 3187 1654 vel
3245 1599 3317 1654 ad
3350 1598 3549 1655 sedem

1898 1684 2277 1757 apostolicam
2310 1701 2604 1743 recurrere
2633 1705 2645 1751 ;
2671 1687 2769 1760 qui
2795 1686 2977 1743 fultus
3007 1685 3329 1759 apostolica
3356 1692 3553 1744 aucto~

1900 1773 2070 1830 ritate
2090 1775 2219 1830 sine
2241 1776 2624 1849 ambiguitate
2644 1776 2937 1848 postulata
2956 1777 3254 1833 concedat.
3271 1780 3553 1833 Praeterea

1900 1863 2245 1920 advocatum
2294 1866 2459 1922 vobis
2517 1866 2636 1923 sive
2696 1870 3081 1939 protectorem
3136 1865 3553 1922 constituimus

1898 1952 2205 2009 Gulfonem
2227 1955 2470 2028 egregia:
2489 1956 2711 2012 strenui
2721 1955 2858 2013 tatis
2890 1956 3123 2023 ducem,
3155 1955 3400 2028 ejusque
3421 1961 3552 2028 post

1898 2057 2031 2097 eum
2058 2041 2281 2109 ﬁlios,si
2300 2043 2613 2115 ejusmodi,
2638 2049 2750 2101 Deo
2773 2049 3106 2118 praestante,
3133 2043 3442 2112 fuerint,ut
3464 2059 3551 2100 cc-

1897 2129 2086 2186 clesiae
2114 2136 2316 2187 vestrae
2338 2131 2512 2188 utiles
2542 2137 2600 2189 et
2616 2137 2866 2205 paternae
2890 2132 3278 2189 institutionis
3297 2132 3553 2189 existant

1897 2225 2279 2274 exsecutores.
2314 2219 2415 2275 Sin
2448 2224 2666 2287 autem,
2716 2221 2895 2278 vestri
2925 2220 3036 2278 erit
3084 2220 3311 2276 arbitrii
3371 2236 3548 2293 quem

1896 2305 2180 2380 placuerit
2209 2307 2422 2381 eligere
2442 2314 2646 2365 vestrae
2668 2309 2941 2366 Ecclesia:
2970 2310 3246 2365 idoneum
3270 2312 3552 2381 protecto-

1897 2412 2042 2463 rem,
2076 2396 2174 2469 qui
2206 2397 2335 2453 sine
2382 2397 2526 2454 lucri
2574 2397 2872 2454 saecularis
2912 2397 3211 2454 exactione
3242 2396 3301 2452 id
3342 2396 3548 2453 divina

1896 2485 2194 2542 servitutis
2209 2486 2557 2558 obsequium
2582 2491 2817 2544 strenue
2831 2504 2896 2543 ac
2917 2490 3244 2543 reverenter
3257 2484 3545 2542 exhibeat.

1895 2574 2296 2647 Omnipotenti
2327 2581 2521 2631 autem
2544 2576 2992 2648 Domino,cujus
3021 2574 3226 2631 melior
3253 2578 3344 2630 est
3372 2575 3547 2631 mise-

1898 2661 2147 2719 ricordia
2185 2680 2361 2736 super
2390 2664 2679 2731 victimas,
2711 2664 2932 2738 gratias
2975 2664 3232 2737 agimus,
3264 2662 3404 2736 quia
3450 2680 3549 2720 vos

1895 2751 2037 2807 estis
2063 2752 2166 2824 'qui
2199 2753 2298 2808 SS.
2337 2753 2569 2809 Patrum
2600 2753 2779 2809 vitam
2819 2752 3183 2826 probabilem
3232 2752 3549 2823 renovatis,

1894 2843 1953 2896 et
1982 2841 2310 2913 apostolicae
2340 2841 2608 2899 instituta
2637 2842 2981 2916 disciplinae,
3005 2842 3063 2898 in
3097 2836 3436 2915 primordiis
3453 2842 3552 2898 Ecv

1894 2927 2085 2984 clesie
2115 2934 2328 2986 sanctas
2376 2936 2595 3000 exorta,
2648 2933 2749 2988 sed
2801 2934 3095 2989 crescente
3144 2929 3399 2987 Ecclesia
3417 2930 3545 3001 jam

1897 3033 2041 3088 pene
2062 3018 2268 3085 deleta,
2292 3018 2573 3076 instinctu
2594 3020 2780 3076 sancti
2803 3021 3056 3093 Spiritus
3079 3018 3400 3077 suscitatis.
3420 3018 3546 3075 Duo

168 3106 311 3163 deant
342 3109 687 3181 aequitatem
718 3110 888 3181 (Psul.
922 3127 1034 3178 xw,
1072 3114 1153 3178 2.)
1185 3111 1331 3176 Quia
1358 3109 1537 3181 igitur
1568 3107 1783 3163 ﬁdelis-
1824 3178 1841 3181 Α
1894 3105 2051 3160 enim
2083 3106 2155 3161 ab
2186 3106 2454 3163 Ecclesia;
2484 3113 2696 3164 sancta:
2727 3108 3065 3181 primordiis
3093 3109 3228 3165 vitm
3258 3108 3387 3179 ejus
3407 3106 3546 3164 ﬁliis

169 3194 280 3251 limi
296 3178 573 3254 Bon—iane
593 3178 862 3255 Ecclesia
882 3196 1010 3265 ﬁlii,
1035 3197 1225 3255 Welfo
1245 3199 1363 3254 dux
1380 3178 1776 3267 ﬁavariorum,
1810 3178 1855 3244 (ἶ
1891 3198 2033 3249 sunt
2062 3195 2332 3252 instituta
2356 3213 2370 3262 ;
2402 3213 2538 3264 una,
2573 3214 2689 3269 qua
2708 3178 3077 3253 inﬁrmorum
3109 3178 3381 3252 debilitas
3411 3196 3545 3251 reti-

170 3285 411 3357 otcoujux
424 3287 565 3359 ejus
576 3285 843 3353 Juditha,
863 3302 966 3360 pro
982 3287 1313 3343 animarum
1332 3302 1575 3342 suarum
1597 3284 1789 3341 salute
1896 3286 2087 3347 netur,
2110 3283 2290 3340 altera
2319 3301 2438 3356 qua
2466 3285 2771 3340 fertiorum
2816 3284 2935 3340 vita
2979 3285 3150 3340 beata
3194 3282 3497 3355 perﬁcitur
3523 3299 3538 3351 ;

169 3374 469 3431 monicam
491 3376 751 3431 fratrum
769 3376 1095 3431 secundum
1115 3374 1377 3448 regulam
1401 3376 1463 3430 Β.
1478 3372 1789 3447 Augustini
1900 3387 2017 3425 una
2048 3389 2357 3429 remanens
2389 3374 2446 3428 in
2478 3375 2660 3442 Segor
2682 3372 2943 3446 parvula,
2975 3371 3159 3429 altera
3197 3370 3269 3427 ad
3323 3370 3544 3426 montis

173 3461 470 3532 viventium,
510 3464 573 3520 in
614 3464 741 3521 loco
771 3464 873 3536 qui
906 3464 1261 3520 Rettenbacb
1311 3464 1544 3530 dicitur,
1577 3466 1790 3518 consti-
1901 3459 2110 3515 altiora
2139 3462 2579 3524 conscendens:
2610 3479 2729 3517 una
2754 3461 3046 3535 laerymis,
3078 3464 3136 3517 et
3163 3457 3549 3531 eleemosynis

173 3553 388 3619 tuentes,
417 3553 695 3610 eamdem
727 3553 970 3609 domum
1001 3553 1065 3608 Β.
1100 3553 1266 3610 Petro
1294 3552 1601 3609 devotione
1631 3551 1795 3609 obtu-
1902 3549 2246 3621 quotidiana
2272 3554 2511 3622 peccata
2542 3550 2855 3621 redimens,
2889 3549 3072 3607 altera
3099 3547 3442 3622 quotidiana
3470 3547 3555 3604 in-
3656 3538 3661 3543 ’

177 3637 289 3703 lere,
314 3658 415 3698 nos
460 3648 598 3699 tum
646 3659 753 3715 pro
784 3641 1105 3699 reverentia
1149 3648 1207 3698 et
1242 3641 1545 3698 devotione
1594 3645 1654 3697 Β.
1698 3640 1797 3696 Dei
1905 3639 2126 3695 stantia
2145 3639 2356 3696 merita
2373 3643 2589 3696 aeterna
2607 3640 2957 3715 conquirens
2974 3624 3555 3707 faltersmtenentes,

176 3729 439 3800 genitricis
460 3747 823 3804 semperque
850 3730 1093 3804 virginis
1115 3729 1328 3796 Mariae,
1357 3730 1529 3801 cujus
1560 3729 1800 3785 nomine
1907 3725 2242 3783 inferiorem
2274 3727 2521 3784 terrenis
2552 3729 2724 3785 bonis
2747 3733 3030 3795 utuntur;
3053 3725 3294 3783 alteram
3318 3741 3562 3799 sequen-

178 3813 314 3875 bcns
335 3817 460 3892 ipse
488 3819 799 3876 dedicatus
827 3824 937 3887 est,
970 3824 1096 3874 tum
1130 3834 1234 3890 pro
1264 3816 1571 3874 dilectione
1592 3816 1799 3890 prmdi-
1910 3820 2022 3881 tes,
2054 3817 2415 3888 superiorem
2448 3818 2600 3874 bona
2628 3822 2860 3873 terrena
2890 3815 3225 3887 descipiunt
3272 3831 3339 3870 ac
3386 3813 3561 3870 relin-

176 3906 375 3963 ctornm
403 3908 669 3964 ﬁliorum
700 3911 1060 3973 nostrorum,
1089 3905 1265 3963 etiam
1297 3922 1402 3978 pro
1422 3904 1804 3962 fraternitatis
1911 3909 2119 3975 quunt.
2154 3905 2283 3960 Haec
2337 3911 2531 3961 autem
2591 3923 2717 3978 quae
2748 3922 2784 3961 a
2812 3903 3058 3961 terrenis
3114 3902 3313 3957 divino
3370 3901 3566 3956 favore

178 4000 354 4052 verum
378 3996 665 4070 mligione
689 3996 988 4069 praefatam
1010 3995 1375 4063 canonicam,
1408 3994 1524 4064 cui,
1550 3995 1662 4051 Deo
1692 3994 1809 4049 dis-
1914 3992 2222 4048 divertitur
2250 3994 2309 4048 in
2327 3995 2476 4049 duas
2498 3993 2676 4050 unius
2696 4009 2842 4065 pene
2865 3992 3249 4064 ejusdemque
3270 3987 3568 4065 praepositi

178 4089 425 4154 ponente,
490 4085 802 4158 praesidere
856 4085 1228 4159 cognosceris
1287 4083 1345 4139 in
1388 4083 1808 4155 protectionem
1916 4080 2198 4137 dividitur
2216 4082 2536 4152 portiones,
2563 4080 2979 4137 canonicorum
3002 4077 3227 4135 scilicet
3255 4080 3432 4148 atque
3452 4092 3572 4131 mo-

186 4176 499 4243 perpetuam
519 4190 587 4230 ac
606 4174 668 4229 in
688 4172 931 4229 tutelam
956 4171 1289 4246 apostolicze
1302 4171 1461 4228 sedis
1481 4171 1814 4246 specialiter
1919 4170 2263 4226 nachorum.
2298 4170 2515 4225 Harum
2546 4169 2806 4225 secunda
2836 4184 2940 4241 per
2965 4166 3222 4223 divinam
3254 4163 3576 4221 misericor-

184 4260 538 4333 snscipimus.
574 4261 704 4319 Tibi
724 4261 925 4334 itaque
942 4262 1180 4334 tuisque
1203 4260 1484 4334 legitimis
1514 4276 1813 4318 successo-
1922 4258 2078 4315 diam
2103 4259 2227 4330 jam
2253 4258 2582 4330 frequentia
2609 4258 2757 4313 facta
2784 4255 3044 4313 etiamin
3067 4253 3279 4311 saeculo
3304 4252 3576 4309 universo

193 4347 332 4405 ribus
357 4352 621 4408 eamdem
654 4351 968 4423 regendam
997 4367 1065 4406 ac
1094 4350 1521 4422 disponendam
1544 4348 1816 4422 presenti
1926 4346 2146 4415 elucet;
2179 4346 2371 4419 prima
2395 4364 2528 4403 vero
2559 4347 2630 4403 de
2673 4345 2994 4403 calescente
3043 4345 3264 4401 fervore
3314 4341 3579 4398 ﬁdelium

187 4435 381 4494 decreti
414 4439 602 4497 nostri
635 4440 850 4513 pagina
878 4440 1322 4507 conﬁrmamus,
1378 4455 1509 4494 cum
1541 4438 1822 4493 omnibus
1921 4438 2047 4509 jam
2078 4453 2224 4509 pene
2255 4436 2494 4492 omnino
2525 4436 2787 4492 defluxit.
2812 4434 2972 4491 Hanc
2994 4437 3217 4505 martyr
3236 4435 3294 4489 et
3325 4430 3585 4505 pontifex

188 4539 304 4595 qua
328 4528 377 4583 ei
385 4530 513 4600 jam
529 4534 591 4584 et
613 4529 1025 4600 praedictorum
1042 4528 1261 4583 dueum
1294 4525 1699 4592 facultatibus,
1715 4542 1817 4582 seu
1849 4540 1897 4610 D
1932 4525 2200 4582 Urbanus
2222 4523 2497 4591 instituit,
2530 4525 2682 4580 hanc
2712 4522 3081 4596 Augustinus
3103 4522 3241 4610 suis
3261 4518 3479 4610 regulis
3497 4536 3587 4610 or-

190 4610 425 4673 slierum
449 4632 733 4673 concessa
760 4620 902 4673 sunt
929 4615 1222 4672 oblatione
1250 4613 1532 4671 ﬁdelium.
1850 4606 1884 4610 —
1930 4613 2174 4669 dinavit.
2199 4612 2357 4668 Hanc
2377 4613 2766 4686 Hieronymus
2788 4612 2915 4668 suis
2940 4609 3208 4684 epistolis
3230 4606 3584 4673 informavit,

258 4702 773 4778 Quamobrem,per
792 4708 1138 4778 praesentem
1159 4703 1342 4760 nostri
1363 4701 1647 4777 privilegii
1671 4703 1830 4776 pagi-
1936 4702 2088 4758 hanc
2115 4702 2428 4774 Gregorius
2442 4702 2769 4775 Augustino
2795 4700 3116 4775 Anglorum
3150 4695 3588 4770 archiepiscopo

202 4803 340 4857 ιιιω,
352 4794 669 4865 apostolica
678 4793 1023 4851 auctoritate
1039 4792 1361 4848 statuimus
1378 4796 1444 4848 ut
1466 4808 1749 4864 quaecunq
1759 4808 1830 4847 ue
1942 4789 2359 4846 instituendam
2385 4790 2676 4862 praecepit.
2692 4791 2892 4860 Itaque
2908 4805 3019 4844 non
3038 4785 3283 4842 minoris
3300 4782 3592 4840 aestiman-

192 4873 1509 4954 hodicidemcmnebiumjurepossidet,sivein
1533 4887 1829 4952 posterum
1942 4880 2084 4934 dum
2115 4883 2206 4933 est
2236 4877 2453 4943 meriti,
2486 4877 2637 4935 hanc
2686 4879 2864 4933 vitam
2921 4873 3190 4932 Ecclesiae
3230 4869 3590 4944 primitivum

192 4970 549 5028 -οοηοθεείοιιθ
567 4971 935 5044 pontiﬁcum,
951 4969 1297 5028 liberalitate
1319 4968 1836 5042 principum,obla-
1942 4967 2241 5039 aspirante
2257 4971 2313 5023 et
2334 4970 2721 5040 prosequente
2740 4963 2969 5022 Domini
3005 4961 3214 5035 spiritu
3238 4959 3591 5044 sustentare,

210 5050 347 5111 tione
372 5043 629 5116 ﬁdelium
653 5061 789 5132 jure
818 5064 995 5132 atque
1022 5058 1300 5114 canonice
1326 5057 1540 5130 poterit
1560 5058 1835 5130 adipisci,
1945 5071 2122 5128 quam
2152 5053 2457 5110 florentem
2492 5055 2909 5111 monachorum
2960 5049 3299 5122 religionem
3331 5043 3596 5117 ejusdem

211 5139 358 5201 ﬁrma
380 5147 479 5203 tibi
511 5148 747 5221 tuisque
775 5147 1218 5205 successoribus
1253 5150 1310 5201 et
1341 5145 1570 5202 illibata
1601 5163 1837 5219 perma-
1946 5144 2191 5217 spiritus
2224 5142 2653 5216 perseverantia
2677 5141 2991 5198 custodire.

214 5236 383 5289 neunt.
410 5220 791 5294 Decernimus
820 5252 959 5311 ergo
988 5242 1055 5292 ut
1092 5233 1237 5291 nulli
1269 5236 1509 5291 omnino
1531 5234 1838 5292 hominum
2022 5231 2294 5288 Vestrum
2316 5247 2454 5304 ergo
2475 5230 2839 5304 propositum
2862 5226 3046 5284 nostri
3068 5220 3601 5282 auctoritateofﬁcii

213 5313 367 5378 liceat
390 5326 652 5382 eamdem
674 5325 1015 5383 canonicam
1040 5330 1258 5382 temere
1279 5324 1641 5397 perturbare,
1666 5329 1769 5381 aut
1787 5324 1839 5380 ei
1949 5321 2394 5388 conﬁrmamus,
2426 5324 2483 5376 et
2514 5320 2716 5376 ﬁrmos
2745 5335 2847 5374 vos
2876 5317 2937 5372 in
2967 5332 3035 5372 eo
3065 5312 3376 5388 persistere
3397 5311 3606 5367 adhor-

214 5406 459 5470 ιιιικϋιιε
486 5415 890 5487 possessiones
940 5413 1219 5471 violenter
1265 5412 1515 5481 auferre,
1578 5413 1843 5470 minuere
1950 5413 2149 5465 tamur
2176 5413 2235 5464 et
2264 5412 2544 5481 tanquam
2568 5408 2680 5465 Deo
2708 5424 2809 5480 per
2840 5422 2946 5462 nos
2965 5404 3307 5462 exhortante
3335 5401 3603 5457 obsecra-

221 5497 269 5550 ει
290 5500 598 5559 temerariis
620 5503 1025 5560 vexationibus
1046 5501 1311 5573 fatigare,
1344 5501 1445 5556 sed
1471 5503 1672 5557 omnia
1700 5502 1867 5559 intem
1955 5515 2110 5554 mus.
2142 5497 2533 5563 Quamobrem
2557 5497 2837 5553 omnibus
2862 5496 2916 5550 in
2935 5499 3126 5551 vestro
3147 5490 3409 5548 ccsnobio
3426 5489 3605 5545 vitam

223 5594 992 5658 Braoonserventur,eorum,
1011 5605 1115 5662 pro
1139 5603 1393 5660 quorum
1422 5588 1847 5645 sustentatiene
1956 5587 2296 5643 canonicam
2328 5585 2653 5642 secundum
2688 5584 2867 5657 hujus
2895 5588 3157 5640 tenorem
3188 5579 3414 5637 ordinis
3437 5580 3609 5652 proﬁ-
