3998 6158
356 278 485 361 339⁵

1656 280 1725 343 Β.
1778 276 2073 344 URBANI
2115 275 2170 340 II
2212 277 2462 341 PAPAE.

3642 279 3783 342 340.

358 412 778 485 tentibus,etin
800 418 1205 491 ea,adjuvante
1221 416 1486 485 Domino,
1505 411 2001 490 permanentibus,
2033 408 2087 481 Α
2117 418 2173 470 et
2196 410 2333 481 illic,
2366 415 2423 470 et
2453 429 2555 485 per
2584 410 2728 469 alias
2760 409 3041 469 universae
3082 410 3387 486 provinciae
3417 410 3678 473 civitates
3711 422 3786 474 et;

362 524 490 575 nos,
522 505 656 563 licet
676 507 901 581 indigni
943 508 1339 581 apostolorum
1358 507 1574 574 vicarii,
1596 522 1797 561 eorum
1824 522 1888 559 ac
1913 520 2011 559 no-

365 599 624 659 strorum
655 596 1143 661 benedictionem,
1176 600 1662 667 peccatorumque
1694 592 2008 649 absolutio-

366 703 501 743 nem
532 688 814 759 potestate
848 684 963 739 illis
995 703 1028 740 a
1057 685 1301 740 Domino
1336 684 1564 738 indulta
1613 683 2009 749 concedimus,

369 774 808 841 constituentes,
829 791 900 829 ne
921 773 1197 845 cuiquam
1218 772 1389 829 liceat
1411 774 1648 829 omnino
1662 773 1817 828 hunc
1841 771 2012 828 vestri

370 870 589 937 statum
621 863 843 919 ordinis
860 866 1238 929 commutare,
1255 864 1325 918 de
1347 880 1460 934 quo
1483 862 1541 917 in
1566 862 1811 918 Domino
1835 862 2013 917 conﬁ-

371 954 565 1009 dimus
582 952 834 1007 multum
858 951 1111 1006 fructum
1130 968 1476 1008 excrescere.
1491 952 1813 1007 Statuimus
1838 951 2015 1007 etiam

372 1058 443 1099 ne
459 1039 840 1112 professionis
871 1045 1072 1094 vestra:
1097 1041 1415 1113 quispiam,
1444 1047 1752 1114 postquam
1778 1040 1877 1095 Dei
1899 1040 2019 1095 vice

371 1147 548 1202 super
569 1133 743 1201 caput
768 1129 877 1184 sibi
905 1128 1203 1184 hominem
1230 1130 1592 1201 imposuerit,
1614 1130 1866 1201 alicujus
1890 1129 2021 1183 levi—

372 1217 510 1275 tatis
539 1217 820 1273 instinctu
843 1217 929 1272 vel
954 1217 1329 1273 districtioris
1357 1218 1653 1291 religionis
1675 1220 1934 1285 obtentu,
1954 1234 2022 1272 ex

375 1308 579 1365 eodem
612 1305 866 1362 claustro
888 1307 1099 1363 audeat
1120 1307 1245 1363 sine
1266 1309 1561 1380 prmpositi
1585 1309 1765 1363 totius
1791 1322 2025 1378 congre-

376 1394 629 1471 gationis
660 1395 1047 1468 permissione
1085 1396 1421 1464 discedere;
1455 1397 1848 1452 discedentem
1894 1412 2024 1450 vero

378 1484 580 1542 nullus
610 1485 910 1551 abbatum,
939 1484 1026 1539 vel
1057 1486 1461 1557 episcoporum
1494 1492 1551 1541 et
1587 1486 1787 1541 nullus
1828 1501 2026 1540 mona-

380 1575 626 1633 chorum
641 1573 765 1630 sine
779 1573 1181 1629 communium
1205 1574 1534 1629 Iitterarum
1560 1576 1828 1630 cautione
1851 1573 2028 1629 susci-

381 1663 523 1736 piat,
556 1662 815 1718 decimas
845 1678 1078 1733 quoque
1110 1662 1402 1718 novalium
1435 1664 1700 1735 ejusdem
1741 1662 2028 1718 canonicis

2117 504 2466 576 episcopalis
2498 502 2683 575 gloria
2711 503 2874 574 petiit
2904 508 2960 558 et
2983 502 3323 561 Christianae
3353 504 3488 561 ﬁdei
3511 505 3783 578 dignitas

2118 593 2356 648 interiit.
2391 593 2525 647 Post
2555 610 2740 647 annos
2762 610 2894 647 vero
2930 592 3042 647 fere
3060 592 3547 666 quadringentos,
3574 595 3775 651 divina

2122 681 2401 755 populum
2433 699 2609 737 suum
2634 681 2979 753 respiciente
3001 681 3329 750 clementia,
3357 699 3460 755 per
3491 685 3777 741 strenuis-

2122 771 2339 826 simum
2365 771 2635 826 comitem
2651 771 2961 842 Rogerium
2977 770 3405 827 Cristianorum
3424 773 3548 844 juri
3571 775 3779 831 eadem

2122 865 2211 916 est
2238 859 2429 915 insula
2462 858 2752 915 restituta.
2796 860 2971 914 Porro
3031 858 3184 914 idem
3236 861 3505 934 egregius
3557 879 3777 931 comes,

2127 950 2397 1005 Romanae
2409 948 2678 1004 Ecclesiae
2699 948 3111 1005 devotissimus
3125 948 3526 1022 ﬁlius,ubique
3541 952 3779 1009 urbium

2127 1038 2378 1110 antiqua:
2409 1037 2713 1110 dignitatis
2744 1037 3027 1093 anhelans
3061 1055 3162 1109 pro
3211 1044 3473 1111 tempore
3526 1040 3777 1113 gloriam

2128 1130 2461 1191 reformare,
2506 1127 2565 1181 Β.
2620 1128 2856 1199 Agathe:
2903 1132 3149 1182 matrem
3192 1126 3497 1184 ecclesiam
3551 1130 3780 1187 Catanes

2129 1216 2328 1280 sitam,
2373 1217 2792 1271 monasterium
2826 1216 2947 1271 fore
2976 1214 3286 1288 disposuit,
3338 1223 3630 1289 quatenus
3661 1220 3782 1276 illic

2132 1308 2363 1371 fratres,
2398 1305 2493 1360 [)ei
2529 1304 2781 1360 servitiis
2814 1305 3173 1373 insistentes,
3203 1323 3306 1377 pro
3339 1306 3526 1379 ipsius
3570 1309 3781 1376 salute,

2132 1412 2234 1467 pro
2258 1395 2453 1451 uxoris
2471 1395 2755 1450 defunctae
2779 1398 2835 1450 et
2863 1395 3119 1449 militum
3142 1394 3476 1463 animabus,
3505 1398 3604 1469 qui
3628 1415 3786 1455 eam-

2134 1484 2267 1539 dem
2302 1489 2514 1539 terram
2566 1483 3031 1538 Christianorum
3085 1483 3292 1539 ditionl
3342 1501 3448 1541 suo
3500 1488 3788 1560 sanguine

2135 1575 2567 1644 reparaverunt,
2601 1570 3021 1643 omnipotentis
3050 1572 3272 1628 domini
3324 1573 3789 1634 misericordiam

2136 1661 2539 1731 implorarent.

382 1752 457 1808 ad
488 1751 755 1806 eamdem
786 1749 1073 1823 pertinere
1105 1750 1492 1819 decernimus,
1517 1752 1675 1809 salvo
1704 1752 2028 1807 vicinarum
2061 1785 2108 1851 Β
2198 1750 2325 1809 Nos
2358 1748 2555 1820 itaque
2585 1747 2729 1804 tanti
2763 1748 2867 1803 viri
2901 1747 3287 1815 devotionem,
3336 1756 3510 1823 prout
3539 1753 3788 1826 dignum

375 1841 511 1914 jure
543 1838 939 1896 ecclesiarum.
970 1843 1086 1895 Vos
1116 1840 1312 1912 igitur,
1348 1841 1448 1896 ﬁlii
1480 1841 1540 1897 in
1570 1842 1794 1897 Christo
1817 1840 2035 1896 charis-

383 1928 781 2001 simi,oportet
793 1928 1075 2001 regularis
1097 1928 1794 2001 disciplinainstitutione
1819 1927 2034 1985 sollici-

384 2019 505 2074 tius
536 2035 603 2073 ac—
633 2017 895 2073 devotius
916 2017 1211 2086 insudare,
1247 2023 1310 2073 ut
1340 2023 1558 2091 quanto
1589 2020 1729 2076 estis
1753 2039 1783 2074 a
1807 2018 2037 2075 srecula-

387 2108 551 2163 ribus
577 2105 932 2161 tumultibus
955 2105 1117 2161 liberi
1140 2112 1303 2161 tanto
1325 2109 1649 2165 studiosius
1674 2108 1897 2181 placere
1922 2109 2035 2164 Deo

386 2195 569 2251 totius
592 2193 807 2249 mentis
831 2197 887 2248 et
904 2194 1161 2266 corporis
1182 2195 1406 2252 viribus
1429 2195 1733 2266 anhelatis,
1749 2196 2036 2270 praecipue

390 2283 696 2339 studentes
727 2283 1001 2338 Romanae
1021 2282 1285 2340 Ecclesiae
1307 2286 1539 2343 decreta
1560 2288 1886 2342 veneranda
1915 2304 2035 2341 ser-

388 2390 523 2429 vare
554 2372 723 2443 cujus
742 2370 1061 2443 patrocinio
1092 2373 1164 2428 ab
1197 2376 1354 2430 omni
1382 2376 1527 2446 jugo
1549 2377 1864 2432 viventium
1898 2377 2039 2431 estis

390 2462 645 2517 donante
668 2459 918 2516 Domino
942 2463 1293 2532 prmmuniti.
1309 2465 1391 2519 Ad
1417 2465 1697 2520 indicium
1720 2470 1914 2521 autem
1938 2466 2041 2521 hu-

384 2550 533 2622 jusa
553 2549 817 2605 Romana
840 2548 1095 2605 Ecclesia
1115 2550 1424 2616 libertatis,
1441 2571 1543 2625 per
1568 2571 1752 2610 annos
1778 2554 2041 2625 singulos

394 2639 468 2694 ad
500 2640 767 2694 nostrum
792 2642 1243 2712 nostrorumque
1268 2656 1673 2699 successorum
1705 2661 1881 2699 usum
1903 2661 2042 2716 quo-

378 2726 682 2801 tidianum
713 2725 907 2782 albam
939 2726 1156 2784 lineam
1187 2732 1245 2784 et
1290 2731 1497 2786 stolam
1542 2733 1906 2789 Lateranensi
1943 2750 2042 2805 pa-

396 2813 536 2871 latio
564 2814 931 2887 persolvetis.
965 2817 1114 2873 Sane
1145 2819 1193 2874 si
1230 2818 1365 2891 quis
1386 2820 1447 2874 in
1477 2821 1797 2877 crastinum
1831 2822 2047 2878 archie-

401 2905 704 2978 piscopus,
735 2904 1069 2977 episcopus,
1100 2906 1437 2980 imperator,
1471 2915 1574 2965 aut
1630 2912 1900 2984 princeps
1946 2916 2049 2967 aut

400 2993 538 3061 dux,
572 3009 767 3049 comes
818 2998 917 3050 aut
965 2995 1305 3065 vicecomes,
1339 2998 1541 3069 judex,
1591 3016 1843 3072 persona
1891 3017 2047 3073 quaa-

398 3080 564 3151 libet,
596 3085 800 3155 potens
830 3087 931 3139 aut
972 3083 1287 3157 impotens,
1330 3086 1505 3157 hujus
1550 3089 1730 3144 nostri
1762 3088 2048 3163 privilegii

2145 1837 3102 1911 est,approbantes,monasterium
3124 1839 3359 1910 quidem
3382 1840 3499 1897 illic
3512 1848 3791 1916 perpetuo

2146 1944 2484 2000 permanere
2516 1944 2733 2000 praesen
2745 1928 2819 1982 tis
2842 1927 3065 2000 paginae
3098 1930 3443 1986 auctoritate
3466 1931 3789 1989 sancimus.

2145 2017 2257 2072 Sed
2275 2015 2450 2084 enim,
2476 2015 2634 2087 quia,
2660 2020 2725 2070 ut
2743 2016 3140 2086 praediximus,
3155 2016 3467 2090 episcopali
3493 2022 3792 2092 quondam

2146 2105 2524 2178 praerogativa
2553 2104 2986 2160 Cataniensium
3021 2105 3224 2161 civitas
3256 2105 3502 2163 illustris
3533 2111 3799 2183 agnosci-

2145 2192 2580 2265 tur,adjieimus
2604 2197 2660 2248 et
2692 2193 2958 2264 [ressenti
2991 2193 3220 2257 decreto
3252 2196 3565 2252 statuimus
3598 2201 3662 2253 ut
3692 2216 3799 2255 no-

2148 2289 2269 2338 stro
2283 2287 2787 2353 quoquetempore
2809 2281 2882 2336 ad
2910 2282 3175 2337 eamdem
3204 2285 3642 2357 praerogativam
3675 2289 3804 2343 red-

2148 2378 2262 2436 eat,
2293 2377 2350 2427 et
2378 2371 2712 2443 quicunque
2752 2371 2810 2425 in
2852 2371 3125 2442 praedicta
3152 2372 3397 2430 ecclesia
3426 2391 3460 2430 a
3492 2376 3803 2433 monachis

2148 2460 2364 2516 electus
2387 2459 2559 2515 fuerit
2583 2460 2640 2514 in
2664 2460 2961 2527 abbatem,
2984 2460 3142 2517 idem
3163 2461 3377 2533 populo
3402 2480 3631 2536 quoque
3655 2485 3804 2538 pree-

2150 2565 2278 2604 esse
2309 2548 2519 2603 debeat
2548 2546 2606 2602 in
2640 2547 2988 2604 antistitem.
3016 2548 3189 2605 Porro
3220 2558 3276 2604 et
3303 2549 3507 2607 civitas
3530 2553 3808 2611 universa

2152 2642 2208 2693 et
2237 2654 2363 2708 qua:
2394 2637 2566 2701 circa,
2600 2636 2688 2691 vel
2747 2635 3028 2703 civitates,
3082 2636 3169 2693 vel
3220 2637 3387 2706 villae,
3420 2640 3507 2695 vel
3565 2642 3804 2714 oppida,

2155 2743 2280 2798 quae
2306 2725 2617 2797 praedictus
2646 2742 2843 2781 comes
2890 2725 3079 2781 eidem
3130 2728 3484 2785 monasterio
3529 2733 3586 2786 et
3634 2731 3807 2789 beato

2156 2815 2320 2871 Petro
2351 2813 2582 2885 obtulit,
2614 2813 2700 2870 vel
2723 2813 3028 2870 oblaturus
3054 2819 3161 2884 est,
3195 2820 3253 2872 et
3281 2817 3564 2890 quidquid
3594 2820 3666 2875 ad
3697 2821 3807 2876 Ca-

2154 2903 2484 2959 taniensem
2514 2903 2820 2959 ecclesiam
2863 2920 2933 2959 ex
2982 2905 3223 2977 antiquo
3264 2907 3400 2977 jure
3455 2908 3813 2980 pertinuisse

2158 2991 2369 3062 poterit
2399 2993 2731 3064 comperiri,
2766 2996 2885 3048 tam
2916 2992 2973 3047 in
3007 2992 3241 3049 diceeesi
3275 3013 3451 3067 quam
3483 2997 3541 3052 in
3575 3015 3810 3070 posses-

2160 3081 2426 3137 sionibus
2456 3082 2516 3136 in
2547 3081 2777 3137 abbatis
2804 3086 2861 3137 et
2879 3082 3565 3154 episcopijurisdietione
3584 3087 3815 3144 exinte-

402 3170 678 3244 paginam
705 3171 897 3228 sciens
920 3177 1121 3229 contra
1140 3191 1268 3230 eam
1289 3181 1501 3232 temere
1522 3179 1738 3247 venire,
1762 3187 1818 3234 et
1847 3196 2037 3235 eorum

2162 3187 2265 3242 gro
2297 3186 2529 3243 semper
2557 3170 2842 3238 existant;
2876 3152 3169 3244 idemque
3192 3173 3373 3229 abbas
3421 3180 3480 3229 et
3502 3175 3816 3248 episcopus

404 3275 530 3332 quae
565 3275 841 3317 concessa
871 3266 1011 3318 sunt
1040 3262 1126 3319 vel
1158 3268 1400 3331 statuta,
1451 3266 1773 3339 quidquam
1822 3269 2053 3323 irritum

403 3347 592 3405 facere
618 3351 954 3419 tentaverit,
995 3354 1255 3409 secunda
1284 3355 1523 3411 tertiove
1555 3358 1969 3425 commonitus,
2004 3357 2055 3412 si

405 3453 521 3493 non
553 3438 951 3496 satisfactione
980 3457 1236 3513 congrua
1257 3445 1671 3511 emendaverit,
1704 3462 1838 3501 eum
1881 3446 2056 3502 hono-

407 3526 489 3581 ris
519 3529 577 3582 et
605 3525 783 3583 ofﬁcii
812 3528 905 3583 sui
935 3528 1192 3600 periculo
1225 3532 1527 3603 subjacere
1577 3533 1967 3601 decernimus,
1999 3538 2057 3591 et

409 3630 444 3669 a
472 3629 711 3685 corpore
740 3615 951 3672 Christi
984 3622 1041 3672 et
1059 3617 1325 3675 Ecclesiae
1355 3622 1699 3677 auctoritate
1727 3622 2054 3694 apostolicae

410 3702 714 3773 potestatis
745 3720 1143 3777 segregamus.
1176 3706 1663 3765 Conservantibus
1711 3715 1905 3766 autem
1945 3728 2055 3782 pax

408 3792 467 3846 et
494 3789 895 3848 misericordia
918 3811 951 3848 a
974 3797 1085 3850 Deo
1105 3796 1492 3867 praesentibus
1513 3801 1570 3852 et
1589 3798 1804 3854 futuris
1826 3797 2055 3854 saeculis

405 3884 800 3937 conservetur.
834 3887 1041 3938 Amen.

473 3967 683 4024 Datum
719 3970 994 4043 Agnanize
1018 3971 1145 4026 Kal.
1183 3972 1343 4044 Feb.,
1364 3991 1516 4030 anno
1538 3975 1849 4031 Dominicae
1870 3976 2055 4034 incar-

384 4056 658 4115 nationis
680 4057 840 4129 4090,
856 4059 1059 4115 indict.
1076 4077 1167 4126 xv,
1184 4060 1558 4133 pontiﬁcatus
1585 4064 1804 4120 domini
1837 4065 2053 4122 Urbani

401 4145 455 4202 II
485 4163 665 4219 papa.
690 4186 695 4189 Α

474 4234 769 4306 Scriptum
802 4252 906 4308 per
962 4254 1205 4295 manum
1252 4241 1558 4297 Lanfranci
1605 4242 1758 4298 vices
1797 4244 2053 4315 gerentis

406 4322 739 4378 cancellarii
771 4325 921 4381 sacri
954 4326 1176 4397 palatii,
1210 4345 1343 4385 cum
1378 4329 1545 4403 signo
1576 4332 1862 4401 ejusdem.

1160 4434 1295 4490 LIX.

2164 3263 2221 3313 et
2252 3258 2669 3314 monasterium
2705 3259 3069 3330 regulariter,
3101 3265 3159 3316 et
3185 3260 3408 3318 clerum
3441 3268 3498 3319 et
3528 3264 3815 3337 populum

2165 3347 2504 3404 universum
2522 3349 2796 3408 canonice
2818 3364 3033 3421 regere,
3060 3348 3303 3406 Domino
3326 3352 3667 3424 opitulante,
3683 3371 3818 3427 pro-

2166 3442 2346 3492 curet.

2236 3528 2316 3583 Te
2346 3526 2524 3600 igitur
2553 3527 2810 3600 primum
2830 3532 2960 3600 post
2980 3532 3143 3584 tanta
3162 3532 3425 3601 tempora
3445 3530 3813 3591 Cataniensis

2164 3616 2328 3671 urbis
2346 3616 2667 3672 antistitem
2698 3617 2935 3683 nostris,
2968 3620 3249 3690 tanquam
3268 3619 3329 3674 B.
3353 3619 3507 3673 Petri
3533 3622 3814 3679 manibus

2163 3709 2587 3773 consecratum,
2636 3705 2938 3777 praesentis
2988 3705 3272 3778 privilegii
3320 3708 3663 3765 auctoritate
3705 3711 3813 3766 do-

2163 3795 2391 3860 nantes,
2413 3792 2532 3849 tuis
2551 3810 2786 3865 quoque
2805 3795 3264 3865 successoribus,
3278 3796 3575 3853 decretum
3592 3797 3702 3854 hoc
3723 3816 3816 3855 ra-

2163 3886 2288 3935 tum
2318 3886 2593 3952 perpetuo
2622 3898 2965 3954 permanere
2996 3883 3386 3951 decernimus,
3424 3890 3490 3941 ut
3517 3902 3750 3959 semper
3779 3904 3817 3944 a

2164 3970 2423 4025 Romano
2456 3971 2727 4042 pontiﬁce
2756 3978 3185 4039 consecrentur,
3219 3989 3452 4046 semper
3498 3978 3556 4029 et
3608 3992 3814 4033 mona-

2162 4058 2289 4113 chis
2320 4059 2378 4113 in
2411 4059 2682 4114 abbatem
2713 4064 2772 4116 et
2809 4059 3024 4132 populo
3076 4061 3312 4133 praesint
3359 4062 3416 4117 in
3467 4064 3814 4121 antistitem.

2163 4146 2420 4218 Denique
2455 4153 2518 4202 ut
2547 4147 2665 4202 haec
2699 4154 2978 4220 perpetuo
3030 4150 3203 4205 ﬁrma
3246 4149 3473 4224 integra
3502 4156 3560 4207 et
3592 4152 3818 4210 illibata

2162 4234 2506 4300 consistant,
2540 4235 2886 4291 charissima
2917 4236 3038 4291 lilio
3072 4242 3269 4294 nostro
3301 4239 3545 4312 Rogerio
3590 4241 3812 4308 comiti,

2161 4322 2500 4379 Christianae
2526 4323 2657 4379 ﬁdei
2678 4326 3119 4397 propugnatori,
3137 4327 3382 4400 ejusque
3403 4329 3563 4385 uxori
3585 4334 3644 4386 et
3674 4329 3814 4387 ﬁliis

2159 4413 2217 4464 et
2245 4409 2557 4477 militibus,
2583 4428 2685 4482 pro
2716 4428 2969 4483 quorum
2994 4414 3390 4487 redemptione
3405 4417 3811 4475 Cataniensem

405 4512 575 4569 Bulla
606 4516 817 4572 Urbani
843 4518 891 4573 Il
914 4535 1080 4590 papae
1124 4538 1226 4592 pro
1270 4524 1590 4580 Catuniensi
1634 4526 1874 4583 coenobio
1915 4528 2037 4601 (14.)

2162 4499 2364 4554 urbem
2397 4516 2531 4554 eum
2564 4504 2687 4555 tota
2707 4499 2940 4557 dimcesi
2973 4507 3174 4557 sua.B.
3208 4508 3377 4559 Petro
3405 4505 3811 4576 apostolorum

1026 4609 1212 4683 (Anno
1238 4609 1437 4683 4092.)

569 4675 721 4746 [Acta
750 4675 1057 4733 sanctorum
1088 4681 1337 4736 Bollaml.
1376 4675 1539 4738 Febr.
1574 4688 1616 4739 t.
1652 4685 1693 4753 Ι,
1725 4685 1876 4760 655.}

474 4763 753 4820 URBANUS
774 4765 1102 4839 epis00pus,
1138 4786 1338 4825 servus
1360 4788 1659 4829 servorum
1682 4774 1803 4844 Dei,
1838 4775 2047 4833 dilecto

400 4851 868 4910 fratriANseaaxo
894 4855 1223 4913 Cataniensi
1238 4859 1507 4933 episcopo
1525 4865 1581 4916 et
1592 4863 1783 4918 abbati
1802 4866 2049 4938 ejusque

400 4942 838 4999 successoribus
868 4946 1145 5003 canonice
1182 4946 1555 5005 instituendis
1587 4951 1644 5005 in
1678 4958 2044 5024 perpetuum.

468 5031 628 5086 Sicut
656 5032 981 5088 beatissimi
1016 5034 1201 5091 Patris
1232 5043 1288 5092 et
1326 5037 1577 5093 doctoris
1624 5041 2047 5112 elegantissimi

398 5118 656 5190 Gregorii
684 5121 957 5194 [scriptis
980 5124 1248 5181 veridicis
1274 5127 1607 5194 edocentur,
1641 5135 1868 5185 constat
1891 5137 2047 5186 Cata-

402 5202 691 5275 niensem,
724 5210 822 5265 ubi
856 5210 919 5266 Β.
943 5212 1170 5286 Agatha
1196 5220 1254 5270 et
1282 5219 1409 5271 orta
1439 5219 1495 5272 et
1515 5234 1690 5288 passa
1719 5223 1828 5287 est,
1854 5219 2048 5275 civita-

400 5294 514 5347 tem
529 5293 830 5367 dignitatis
843 5301 1190 5373 episcopalis
1203 5303 1529 5376 antiquitus
1540 5305 1721 5377 gloria
1738 5305 2040 5366 claruisse.

399 5383 577 5452 Capta
606 5388 799 5440 autem
831 5404 864 5440 τι
895 5388 1315 5446 Saracenorum
1343 5393 1570 5464 populis
1592 5394 1795 5449 Sicilia:
1827 5396 2039 5465 insula,

471 5541 581 5611 (14)
616 5541 772 5598 Notae
806 5548 1082 5619 temporis
1114 5555 1253 5607 sunt
1281 5551 1519 5608 vitiosae.

2159 4586 2432 4660 principi,
2453 4605 2560 4643 suo
2590 4587 2787 4645 labore
2814 4589 3410 4662 restitutam,obtulit,
3447 4594 3542 4650 Dei
3572 4598 3631 4651 et
3667 4612 3812 4668 apo»

2158 4674 2441 4731 stolorum
2468 4677 2517 4747 ej
2531 4693 2598 4733 us
2628 4678 2899 4749 gratiam,
2932 4683 2989 4734 et
3018 4679 3479 4738 benedictionem
3509 4687 3567 4738 et
3605 4700 3810 4756 pecca-

2157 4771 2351 4819 torum
2366 4763 2796 4821 absolutionem
2817 4784 2887 4821 ex
2899 4768 3230 4838 apostolica:
3244 4770 3608 4827 auctoritatis
3630 4788 3810 4844 quam

2160 4852 2397 4925 indigne
2425 4852 2688 4925 gerimus
2719 4853 2841 4909 vice
2871 4855 3456 4931 benevolentiamque
3495 4860 3809 4928 donamus,

2159 4946 2448 5011 quatenus
2482 4947 2538 4996 et
2568 4942 2625 4997 in
2659 4944 2928 5014 praesenti
2977 4961 3177 5000 eorum
3222 4946 3528 5020 triumphi,
3575 4965 3813 5005 eorum-

2158 5048 2269 5100 que
2297 5035 2425 5085 acta
2457 5031 2785 5102 magniﬁca,
2819 5032 2973 5087 dona
3001 5034 3440 5107 oblationesque
3468 5037 3719 5110 vigeant,
3751 5044 3812 5095 et

2157 5117 2213 5171 in
2251 5118 2443 5173 futuro
2481 5119 2717 5191 praemia
2747 5125 2972 5175 aeternae
3004 5121 3392 5180 beatitudinis
3415 5124 3732 5182 inveniant.

2225 5206 2283 5261 Si
2314 5207 2448 5278 quis
2478 5212 2673 5263 autem
2696 5209 2876 5279 (quod
2907 5208 3081 5283 absit)
3103 5209 3199 5267 his
3226 5213 3441 5269 nostris
3462 5215 3803 5286 apostolicis

2153 5295 2670 5351 constitutionibus
2702 5298 3076 5369 pertinaciter
3096 5301 3326 5357 obviam
3359 5301 3443 5357 ire
3472 5305 3815 5371 tentaverit,

2154 5383 2409 5438 secundo
2442 5384 2678 5441 tertiove
2709 5388 3123 5456 commonitus,
3158 5388 3206 5445 si
3247 5407 3361 5446 non
3402 5392 3805 5449 satisfactione
