3988 6164
177 292 289 369 3.49;
1294 268 1700 379 Episroua
1738 293 1851 383 Efr

1883 292 2360 387 PBlVlLEGIA.
3414 297 3555 396 είτδι)ξ

178 428 410 489 omnibus
438 426 847 486 festivitatibus
873 426 1134 504 Virginis
1170 427 1458 505 gloriosis,
1499 430 1572 487 ad
1603 429 1774 503 cujus
1802 427 1859 497 Α
1878 428 2014 501 jure
2041 426 2341 486 communi
2369 444 2547 503 super
2576 427 2686 490 hoc
2728 428 2883 489 edito
2912 425 2971 487 in
3021 420 3218 507 aliquo
3248 444 3366 490 non
3397 429 3531 491 obs-

176 518 475 580 vocabulnm
503 522 841 576 constructa
869 522 961 577 est
988 518 1235 577 ecclesia
1266 524 1605 589 memorata,
1641 537 1773 594 sep-

179 617 269 669 tem
293 626 463 666 annos
491 613 548 665 et
576 609 982 682 quadragenas
1010 609 1253 666 totidem
1295 610 1367 667 de
1411 609 1777 685 indulgentia

179 719 204 757 δ
224 698 436 757 Domino
463 702 931 772 promereantur.

231 831 591 889 Concedentes
617 835 673 887 et
698 831 886 887 edicto
918 837 1198 906 perpetuo
1245 835 1679 904 conﬁrmantes,
1713 838 1779 891 ut

182 928 271 979 tam
299 925 353 977 tu
383 936 555 993 quam
588 936 957 977 successores
976 921 1062 976 tui
1087 938 1191 994 per
1214 927 1397 978 terras
1426 923 1511 978 tui
1542 940 1777 981 monas-

183 1011 279 1068 terii
319 1009 539 1065 habitas
591 1013 649 1065 et
696 1009 997 1066 habendas
1051 1009 1230 1067 libere
1279 1012 1472 1084 possis
1502 1012 1778 1070 ecclesias

184 1098 488 1163 construere,
510 1115 647 1155 cum
681 1115 853 1155 cruce
883 1098 1137 1173 signare,
1169 1100 1401 1174 aliaque
1423 1102 1780 1174 pontificalia

183 1196 224 1246 et
246 1176 547 1262 spiritualia
566 1203 852 1257 exercere,
874 1204 1175 1244 sacrorum
1216 1190 1487 1245 ordinum
1521 1190 1777 1247 collatio-

184 1279 273 1343 nis,
320 1277 687 1333 basilicarum
736 1280 794 1333 et
850 1277 1125 1334 altarium
1186 1279 1661 1348 consecrationis,
1713 1298 1780 1337 ac

184 1366 465 1424 chrismatis
494 1365 899 1434 confectionis,
930 1366 1035 1422 tibi
1074 1365 1311 1440 tuisque
1340 1370 1779 1426 successoribus

183 1456 415 1511 duntaxat
467 1455 702 1510 abdicta
745 1455 980 1528 penitus
1029 1459 1332 1528 potestate.
1394 1457 1780 1515 Decernentes

184 1552 233 1601 ut
254 1542 354 1599 tam
374 1543 557 1616 ipsius
595 1543 845 1600 cmnobii
872 1549 1069 1616 caput,
1103 1561 1278 1616 quam
1328 1545 1583 1603 ecclesiae
1633 1565 1780 1620 quas

185 1649 304 1688 nunc
327 1632 511 1697 habet,
552 1632 674 1688 sive
706 1632 963 1705 plebanae
1013 1633 1248 1699 fuerint,
1299 1634 1385 1689 vel
1428 1635 1672 1699 rurales,
1720 1636 1777 1692 in

86 1766 87 1794 ᾗ
187 1723 368 1777 civitate
394 1726 448 1777 et
467 1721 703 1777 dimeesi
726 1722 1136 1777 tantummodo
1148 1722 1511 1779 Salernitana
1531 1724 1778 1794 situatae,

188 1811 240 1865 ab
264 1810 401 1866 omni
414 1811 548 1882 jure
578 1813 638 1865 et
650 1809 1065 1882 jurisdietione
1095 1810 1409 1884 episcopali
1441 1811 1560 1868 sint
1595 1828 1783 1870 exem-
1811 1804 1860 1870 Β

188 1905 285 1973 pta,
311 1900 373 1956 de
402 1898 764 1972 plenitudine
794 1899 1100 1970 potestatis
1132 1904 1189 1955 et
1219 1900 1405 1972 gratia
1438 1901 1784 1973 speciali;ita

190 1992 235 2043 ut
260 1987 395 2043 nullo
417 1989 551 2057 jure
583 2003 691 2043 seu
716 1989 838 2042 foro
864 1987 1227 2043 contentioso
1256 1994 1315 2044 tu
1338 1987 1423 2044 vel
1450 1990 1533 2045 tui
1560 2008 1785 2048 succes-

188 2091 310 2132 sores
324 2078 520 2132 fratres
540 2075 730 2148 ipsius
752 2075 1092 2131 monasterii
1116 2091 1217 2131 seu
1241 2076 1430 2132 clerici
1456 2078 1796 2147 smeulares,.

187 2166 230 2219 in
260 2165 508 2238 pradieta
545 2164 782 2220 civitate
813 2168 871 2219 et
919 2164 1153 2220 dioecesi
1203 2181 1305 2237 per
1351 2164 1782 2223 Salernitanum

187 2252 441 2327 praesulem
463 2269 528 2309 ac
550 2251 878 2326 capitulum
901 2251 1272 2326 aliquatenus
1284 2254 1781 2329 constringuntur,

189 2342 403 2414 quinimo
452 2342 713 2399 ecclesia:
762 2357 894 2396 cum
953 2342 1229 2397 omnibus
1281 2341 1405 2398 suis
1444 2344 1683 2414 juribus
1728 2349 1787 2401 et

187 2430 498 2504 pertinentiis
519 2429 697 2504 plono
713 2430 971 2503 jureipsi
988 2431 1341 2487 monasterio
1365 2432 1484 2487 sint
1511 2432 1779 2490 subditas.

190 2521 233 2577 Si
253 2537 367 2577 vero
396 2520 623 2593 aliquos
657 2519 728 2575 de
777 2518 895 2573 tuis
925 2519 1248 2586 monachis,
1278 2538 1378 2575 seu
1411 2520 1652 2579 clericos
1678 2539 1783 2579 saa-

190 2607 390 2675 culares,
417 2609 473 2664 in
504 2606 774 2664 ecclesiis
805 2607 1055 2663 civitatis
1107 2600 1393 2680 praedictae
1444 2614 1501 2665 et
1547 2610 1781 2667 dioecesi

192 2702 565 2754 commorantes
596 2696 672 2752 ad
695 2712 895 2751 sacros
912 2695 1158 2769 elegeris
1173 2697 1411 2753 ordines
1433 2700 1782 2769 promoveri,

192 2785 321 2842 liceat
341 2786 439 2842 tibi
470 2784 717 2858 tuisque
754 2785 1193 2841 successoribus
1224 2802 1636 2860 quemcunque
1664 2805 1785 2843 ma-

194 2874 329 2933 lueris
355 2875 689 2949 episcopum
742 2888 1078 2938 convocare,
1111 2873 1431 2929 dummodo
1462 2875 1784 2933 catholicus

193 2963 346 3032 fuerit,
371 2964 467 3020 sed
495 2964 556 3019 in
613 2961 748 3019 aliis
797 2962 1149 3019 dimcesibus
1180 2963 1461 3035 requisito
1499 2964 1786 3022 duntaxat

194 3053 416 3125 primitus
443 3052 776 3109 dimcesano
811 3069 825 3108 :
860 3052 931 3107 de
979 3051 1195 3124 quibus
1244 3050 1505 3108 ecclesiis
1548 3053 1680 3110 sitis
1724 3053 1781 3110 in

189 3142 281 3212 jam
305 3142 442 3198 dicta
472 3141 709 3238 civitate
738 3145 795 3195 et
822 3126 1051 3238 dioecesi
1083 3139 1228 3195 nihil
1261 3140 1782 3238 dicec‘esanusexi-Z
1814 3170 1857 3238 ρ

196 3246 295 3303 gere
318 3232 643 3304 praesumat,
672 3229 790 3284 imo
822 3228 1015 3302 potius
1045 3233 1167 3284 tam
1192 3229 1483 3299 monachi,
1512 3230 1562 3286 si
1592 3230 1787 3288 clerici

197 3319 449 3385 defuerint,
504 3335 687 3393 quam
744 3317 856 3390 ipsi
889 3316 1102 3385 clerici,
1161 3318 1384 3390 absque
1442 3335 1694 3391 quorum
1724 3319 1789 3376 li-

196 3406 267 3463 bet
309 3407 752 3465 contradictioue
825 3410 1011 3461 totum
1078 3406 1337 3462 officium
1404 3408 1782 3477 sacerdotale,

193 3497 309 3566 quod
359 3497 686 3553 animarum
741 3511 883 3549 cura
946 3493 1125 3568 exigit
1180 3501 1238 3551 et
1298 3496 1565 3567 requirit,
1625 3513 1783 3552 exer-

194 3589 335 3640 ceant.

240 3717 304 3776 De
323 3718 407 3776 his
433 3724 631 3776 autem
664 3735 792 3790 qua:
818 3734 851 3771 a
880 3715 1185 3773 catholicis
1215 3716 1563 3774 Christianis
1592 3718 1781 3776 eidem

194 3807 486 3865 monasterio
516 3812 644 3864 tam
680 3807 832 3862 inter
860 3804 1020 3861 vivos
1051 3823 1227 3878 quam
1262 3806 1320 3861 in
1344 3805 1552 3863 ultima
1580 3807 1781 3864 volun-

190 3898 275 3950 tate
311 3897 508 3954 donata
548 3895 770 3953 fuerint
824 3892 911 3950 vel
951 3892 1143 3966 legata
1189 3912 1225 3950 a
1272 3912 1639 3970 quocunque,
1690 3899 1779 3953 vel

191 3982 639 4059 ubicunque,nulli
652 3984 1060 4056 episcoporum
1073 3983 1534 4042 diceeesanorum
1550 3985 1643 4041 liei
1650 3990 1709 4041 tu
1719 4003 1776 4043 m

191 4071 259 4141 sit,
283 4079 525 4146 quartam
560 4072 651 4130 vel
684 4072 914 4128 tertiam
936 4077 1160 4143 partem
1190 4073 1246 4128 in
1278 4073 1426 4146 ipsis
1449 4074 1654 4147 legatis
1672 4090 1772 4130 seu

191 4159 388 4232 donatis,
414 4168 530 4220 tam
566 4163 625 4218 in
657 4159 967 4218 stabilibus
998 4178 1175 4234 quam
1208 4161 1267 4217 in
1300 4161 1636 4232 mobilibus,
1657 4163 1773 4219 exi-

191 4263 290 4319 gere
329 4256 591 4324 praetextu
632 4249 1076 4309 consuetudinis
1125 4252 1561 4324 cujuscumque.
1605 4253 1675 4309 Et
1723 4252 1773 4309 si

191 4351 408 4407 processu
431 4339 711 4415 temporis
739 4356 842 4412 per
869 4356 1252 4412 quoscunque
1281 4343 1483 4397 contra
1512 4344 1771 4397 tenorem

191 4423 468 4498 hujusmodi
497 4434 711 4488 nostris
743 4428 1138 4485 concessionis
1186 4429 1362 4484 fuerit
1391 4446 1494 4502 per
1544 4430 1773 4502 aliquos

191 4518 497 4590 attentatum,
530 4518 676 4575 illud
706 4535 776 4574 ex
805 4533 960 4573 nunc
1009 4517 1382 4574 decernimus
1415 4517 1654 4589 juribus
1683 4536 1775 4575 va-
1803 4539 1850 4604 Β

191 4605 846 4682 malum,prascriptione
893 4606 953 4662 in
992 4606 1100 4663 hoc
1130 4605 1289 4679 longi
1335 4607 1615 4679 temporis
1658 4625 1771 4664 non

191 4696 665 4771 currente.Si.quis
692 4711 828 4753 vero
858 4695 929 4751 ad
960 4695 1233 4752 eumdem
1274 4693 1468 4751 locum
1512 4694 1601 4752 vel
1644 4696 1773 4768 ejus

191 4780 413 4842 ecclesias
434 4785 545 4844 sibi
578 4783 940 4859 sepulturam
972 4783 1231 4858 elegerit,
1270 4783 1496 4841 licitum
1550 4785 1628 4842 sit
1664 4784 1769 4841 tibi

188 4868 374 4944 tuisque
390 4874 824 4932 successoribus
844 4878 902 4929 et
918 4872 1199 4929 fratribus
1218 4872 1277 4929 in
1299 4872 1562 4931 ecclesiis
1582 4873 1771 4947 ipsius

190 4961 385 5018 «Baebii
411 4961 907 5021 commorantibus
951 4960 1150 5035 ipsum
1196 4962 1253 5018 in
1284 4980 1391 5019 suo
1439 4963 1768 5020 cmmetcrio

190 5048 383 5119 sepelire
395 5053 610 5127 absque
626 5050 943 5125 cujuslibet
958 5050 1584 5119 contradictione,dum
1595 5052 1768 5108 modo

190 5131 491 5199 Christianus
518 5147 576 5199 et
603 5139 931 5198 catholicus
976 5140 1282 5196 habeatur.
1321 5139 1643 5195 Statuimus
1673 5138 1767 5194 in-

191 5236 325 5294 super
347 5236 609 5305 perpetuo
633 5229 1047 5300 valiturum,ut
1067 5229 1296 5302 quoties
1317 5229 1468 5284 inter
1485 5227 1767 5286 vassallos

190 5310 399 5381 εὶυδάεω
416 5318 747 5377 monasterii
767 5323 897 5376 orta
926 5317 1103 5375 fuerit
1123 5316 1547 5391 quaestio,quod
1568 5316 1765 5390 ipsum

191 5406 399 5468 quamvis
430 5408 727 5482 contingat
771 5407 1126 5476 ccenobium,
1178 5405 1349 5463 liceat
1394 5405 1503 5461 tibi
1531 5406 1767 5479 tuisque

190 5496 554 5554 “messoribus
595 5503 653 5555 et
710 5497 976 5570 partibus
1025 5499 1186 5569 [forte
1233 5494 1521 5569 patribus]
1576 5494 1764 5568 ipsius

192 5582 401 5645 querelas
427 5585 759 5660 hujusmodi
818 5585 1112 5658 decidere,
1162 5585 1397 5657 justitia
1446 5584 1763 5657 mediante,

1882 522 2060 576 tante.

1957 608 2200 680 Insuper
2230 612 2593 665 memoratus
2639 608 3169 667 excellentissimus
3218 610 3355 677 dux,
3406 611 3532 669 visa

1884 695 2223 769 hujusmodi
2249 696 2633 754 dedicationis
2655 697 3534 774 solemnitate,compunctus,ut

1885 786 2204 855 credimus,
2240 785 2437 845 divino
2486 786 2730 860 Spiritu,
2768 787 2934 843 nobis
2988 792 3043 844 et
3069 793 3267 845 nostro
3298 794 3532 863 aposto-

1885 875 2030 931 latui
2064 876 2343 931 attentius
2381 875 2825 948 supplicavit,ut
2856 876 3228 933 donationem
3249 882 3305 934 et
3320 881 3530 935 confir-

1886 964 2230 1033 mationem,
2260 981 2438 1037 quam
2472 964 2595 1037 ipse
2634 965 2825 1021 eidem
2857 966 3212 1021 monasterio
3245 966 3432 1023 facere
3456 969 3530 1025 ob

1889 1053 2266 1109 reverentiam
2301 1058 2513 1109 sanctis
2535 1057 2591 1109 et
2619 1053 2933 1109 individuze
2955 1053 3260 1110 Trinitatis
3279 1071 3300 1116 ;
3322 1061 3379 1110 et
3394 1072 3531 1112 suo-

1887 1160 2019 1198 rum
2042 1147 2415 1214 peccatorum
2436 1141 3534 1219 remedium,intendebat,dignaremur

1887 1231 2234 1288 auctoritate
2265 1230 2586 1304 apostolica
2616 1230 2983 1299 confirmare,
3018 1236 3335 1304 nostroque
3365 1250 3529 1289 man-

1888 1320 2165 1376 daremus
2186 1319 2364 1376 inseri
2388 1319 2688 1394 privilegio
2711 1319 3034 1395 diligenter.
3058 1321 3174 1377 Nos
3207 1321 3386 1396 igitur
3405 1322 3531 1380 suis

1888 1409 1945 1466 in
1978 1408 2090 1465 hac
2120 1414 2284 1480 parte
2311 1408 2583 1481 precibus
2595 1409 2952 1481 justissimis
2980 1409 3339 1478 inelinati,in
3374 1412 3533 1467 favo-

1888 1515 2011 1554 rem
2044 1497 2231 1570 ipsius
2275 1497 2585 1571 loci,quem
2628 1498 2865 1570 speciali
2906 1497 3318 1571 prosequimur
3354 1499 3533 1556 dilec-

1888 1586 2046 1642 tione
2078 1586 2293 1659 pariter
2321 1591 2377 1641 et
2406 1586 2729 1656 devotione,
2761 1587 3167 1643 concessiones
3189 1592 3245 1643 et
3265 1588 3534 1645 donatio-

1889 1692 1993 1731 nes
2028 1675 2185 1748 ipsas
2216 1676 2271 1730 in
2306 1679 2501 1731 nostro
2534 1676 2799 1748 praesenti
2846 1674 3149 1749 privilegio
3188 1676 3365 1732 inseri
3398 1676 3535 1734 feci-

1890 1781 2024 1820 mus
2055 1764 2127 1820 ad
2160 1763 2467 1820 cautelam.

1999 1854 2363 1921 Privilegium
2395 1854 2613 1924 Βορεήὶ
2639 1853 2791 1910 ducis
2820 1855 3149 1910 monasterio
3180 1855 3426 1911 Caucasi.

1963 1942 2261 1998 Concessit
2288 1941 2581 2015 siquidem
2614 1942 2927 2015 praedictus
2958 1943 3076 1998 dux
3121 1943 3309 2000 eidem
3342 1960 3541 2002 mona-

1892 2031 2069 2087 sterio
2126 2030 2184 2087 in
2234 2035 2601 2104 perpetuum,
2651 2036 2715 2086 ut
2773 2035 2967 2104 patres
3024 2031 3163 2088 dicti
3196 2032 3537 2091 monasterii

1893 2120 2113 2191 absque
2145 2119 2405 2191 qualibet
2434 2120 2843 2176 contrarietate
2875 2119 3173 2176 haeredum
3216 2126 3275 2177 et
3313 2138 3542 2179 succes-

1893 2226 2092 2265 sorum
2124 2224 2365 2263 suorum
2398 2207 2625 2281 possint
2645 2208 2873 2281 exigere
2894 2215 2945 2263 et
2979 2207 3230 2280 recipere
3250 2209 3536 2284 integram

1892 2296 2205 2359 decimam,
2238 2300 2461 2369 partem
2494 2295 2744 2370 piscium
2766 2296 2867 2369 qui
2890 2297 3042 2370 capti
3066 2297 3282 2353 fuerint
3307 2297 3367 2353 in
3390 2297 3538 2355 mari

1894 2402 1927 2442 a
1958 2385 2183 2442 vallone
2230 2386 2330 2458 qui
2357 2386 2429 2441 de
2476 2384 2831 2442 Gallocauda
2879 2384 3264 2458 [Gallocauta]
3299 2386 3534 2455 dicitur,

1894 2491 2083 2547 usque
2111 2475 2180 2530 ad
2217 2474 2459 2531 fluvium
2510 2474 2581 2530 de
2636 2474 2819 2530 Castra
2867 2473 3152 2546 [Cretera],
3184 2473 3284 2548 qui
3331 2478 3422 2532 est
3466 2475 3539 2532 de

1892 2562 2185 2620 territorio
2217 2563 2404 2636 ipsius
2436 2562 2772 2620 monasterii
2798 2580 2901 2636 per
2923 2563 3181 2637 quinque
3203 2562 3387 2620 millia
3412 2581 3541 2638 pas-

1892 2670 2067 2709 suum
2118 2652 2269 2708 intra
2308 2669 2484 2708 mare.
2536 2650 2887 2708 Praedictum
2935 2668 3068 2708 vero
3115 2652 3538 2710 monasterium

1893 2740 2273 2797 mercimonia
2302 2758 2411 2798 sua
2440 2740 2665 2813 absque
2711 2739 2872 2796 omni
2921 2740 3174 2807 datione,
3225 2740 3537 2810 solutione,

1891 2847 1994 2887 seu
2024 2828 2456 2897 exitura,libere
2482 2829 2714 2896 vendat,
2748 2830 2965 2886 nedum
2993 2830 3052 2884 in
3086 2831 3212 2886 suis
3242 2818 3539 2888 littoribus

1891 2918 1979 2976 vel
2012 2921 2318 2992 portubus,
2348 2918 2467 2975 imo
2498 2936 2600 2992 per
2630 2923 2818 2975 totum
2869 2936 3045 2976 suum
3094 2920 3375 2976 ducatum
3417 2924 3539 2977 tam

1891 3006 2087 3079 ipsum
2119 3007 2447 3064 coenobium
2474 3024 2651 3080 quam
2682 3011 2941 3063 ementes
2992 3008 3121 3077 ejus
3161 3007 3543 3065 mercimonia

1890 3094 2108 3151 liberos
2129 3095 2436 3152 constituit
2464 3098 2743 3168 perpetuo
2765 3112 2799 3151 a
2818 3094 3079 3167 qualibet
3098 3096 3536 3170 praeparatione.

1893 3183 2145 3241 Indulsit
2174 3183 2349 3240 etiam
2380 3184 2534 3256 quod
2567 3201 2771 3241 omnes
2811 3183 3080 3240 homines
3127 3202 3276 3256 quos
3316 3185 3538 3241 dictum

1896 3272 2225 3329 coenobium
2259 3273 2431 3328 habet
2459 3275 2519 3327 et
2547 3272 2786 3327 habebit
2816 3271 2873 3327 in
2908 3272 3199 3344 praedictis
3230 3270 3395 3339 locis,
3420 3273 3539 3329 Me-

1895 3360 2155 3427 telliano,
2191 3360 2488 3429 Pasciano,
2528 3359 2731 3416 villula
2758 3359 3070 3433 adjacenti,
3115 3365 3306 3416 castro
3350 3361 3539 3418 sancti

1895 3450 2187 3521 Adjutoris
2220 3450 2277 3506 in
2307 3449 2515 3507 Cilenti
2562 3452 2780 3518 monte,
2813 3453 2871 3505 et
2913 3448 3278 3522 pertinentiis
3305 3465 3538 3507 eorum-

1892 3540 2023 3595 dcm
2058 3538 2339 3610 locorum,
2373 3543 2492 3595 tam
2524 3537 2717 3595 clerici
2768 3554 2946 3611 quam
2978 3536 3110 3595 laici
3158 3554 3390 3612 semper
3418 3538 3541 3596 sint
3566 3530 3593 3551 ¹

1890 3627 2057 3685 liberi
2089 3628 2163 3684 ab
2193 3628 2351 3685 omni
2384 3628 2682 3685 exactione
2712 3627 2991 3702 pecunia),
3023 3626 3114 3684 vel
3157 3643 3350 3685 rerum
3392 3645 3538 3702 qua-

1850 3714 1869 3729 ⁹
1891 3716 2171 3774 rumlibet
2192 3717 2618 3791 aliarum,quas
2649 3734 2753 3791 pro
2783 3716 2981 3790 aliqua
2999 3716 3436 3790 opportunitate
3449 3717 3537 3774 vel

1889 3824 2065 3862 causa
2100 3807 2245 3880 ipse,
2279 3807 2368 3864 sui
2419 3806 2678 3863 hmredes
2725 3805 2811 3862 vel
2861 3806 2958 3878 [ei]
3013 3822 3384 3862 successores
3430 3804 3537 3862 ali-

1888 3897 2122 3967 quando
2152 3897 2445 3952 duxerunt
2474 3912 2509 3951 a
2537 3895 2662 3951 suis
2691 3894 3032 3950 hominibus
3062 3893 3443 3962 faciendas,et
3464 3898 3532 3949 ut

1888 3984 1960 4040 de
1992 3984 2136 4058 ipsis
2162 3984 2504 4041 hominibus
2531 3983 2775 4040 liberam
2816 3999 3019 4038 curam
3062 3980 3331 4054 [curiam]
3363 3984 3422 4037 et
3450 3982 3534 4038 fo-

1887 4072 2227 4128 risfacturas
2257 4090 2461 4130 omnes
2489 4071 2613 4127 sine
2645 4071 2761 4126 ullo
2784 4087 2891 4127 suo
2922 4069 3119 4141 bajulo
3143 4068 3229 4125 vel
3264 4068 3533 4126 ministro

1884 4160 2170 4229 habeatis,
2211 4167 2267 4218 et
2314 4161 2373 4216 in
2413 4161 2577 4218 curia
2624 4159 2812 4234 ipsius
2862 4158 3201 4216 monasterii
3254 4175 3357 4232 per
3403 4157 3534 4230 ejus

1884 4267 2247 4307 summosam
2291 4249 2528 4306 veniant
2568 4249 2640 4305 ad
2687 4247 2985 4321 justitiam
3036 4247 3360 4303 faciendam
3404 4250 3462 4304 et
3500 4265 3536 4304 a

1875 4339 2178 4413 judicibus
2208 4356 2356 4412 quos
2377 4339 2464 4395 eis
2486 4337 2806 4394 statueritis
2829 4336 3077 4392 debeant
3108 4334 3536 4393 rationabiliter

1875 4428 2376 4501 judicari,quoset
2399 4427 2657 4483 notarios
2676 4425 2940 4499 publicos
2961 4424 3254 4481 statuendi
3286 4424 3533 4482 liberam
3638 4478 3643 4483 .

1881 4517 2048 4573 vobis
2078 4516 2283 4572 tribuit
2313 4515 2668 4581 facultatem,
2719 4520 2838 4571 tam
2890 4515 2948 4569 in
2998 4513 3191 4570 causis
3237 4513 3531 4581 civilibus,

1885 4623 2063 4679 quam
2083 4605 2140 4660 in
2155 4603 2565 4661 criminalibus
2586 4602 2863 4660 omnibus
2882 4602 3289 4676 pratermissis
3312 4603 3528 4672 causis,

1884 4695 1954 4750 de
1985 4693 2200 4766 quibus
2249 4692 2619 4749 condemnati
2649 4691 2909 4764 legitime
2956 4691 3206 4747 debeant
3255 4689 3424 4757 mori,
3458 4690 3530 4745 de

1882 4782 2013 4839 aliis
2026 4787 2219 4838 autem
2248 4779 2655 4838 criminalibus
2671 4780 3046 4847 omnibus,de
3060 4779 3276 4851 quibus
3295 4793 3528 4851 poenam

1881 4870 2054 4927 aliam
2089 4871 2309 4944 absque
2341 4874 2529 4925 morte
2565 4868 2763 4925 subire
2809 4868 3078 4935 debeant,
3112 4864 3399 4938 quidquid
3438 4878 3530 4919 vo-

1880 4959 2108 5016 lueritis
2140 4958 2385 5015 faciatis.
2418 4957 2704 5016 Similiter
2734 4961 2792 5013 et
2820 4958 2892 5013 de
2941 4954 3175 5021 duellis,
3201 4954 3250 5010 si
3281 4969 3352 5009 ex
3377 4948 3526 5023 ipsis

1879 5047 2075 5105 causis
2107 5047 2540 5104 intervenerint.
2573 5044 3008 5119 Appellationes
3039 5058 3174 5098 vero
3218 5042 3269 5098 si
3308 5038 3527 5096 fuerint

1878 5135 2088 5194 vestris
2116 5135 2457 5193 hominibus
2509 5138 2872 5208 opportunae,
2913 5132 2983 5187 ad
3015 5134 3266 5186 vestram
3297 5127 3523 5185 curiam

1877 5224 2492 5300 appelleturquooiam
2507 5222 2794 5297 quidquid
2808 5221 2866 5277 in
2879 5217 3171 5293 praedictis
3183 5216 3523 5274 hominibus

1875 5314 2502 5386 locorumipsorum,et
2524 5313 2583 5368 in
2603 5310 2921 5368 tenimento
2957 5308 3016 5363 in
3047 5323 3162 5380 quo
3195 5311 3518 5375 morantur,

1875 5408 2074 5479 posset
2104 5402 2227 5477 ipse
2256 5402 2378 5459 dux
2406 5406 2463 5457 et
2491 5401 2619 5471 ejus
2640 5414 3006 5456 successores
3035 5395 3278 5470 erigere,
3314 5399 3371 5451 et
3400 5399 3521 5452 sta-

1874 5498 2057 5563 tuere,
2090 5497 2147 5549 et
2175 5491 2466 5562 ordinare,
2499 5487 2793 5545 statuendi
2823 5490 2881 5543 et
2909 5484 3167 5561 erigendi
3194 5484 3358 5543 vobis
3390 5500 3518 5557 per-

1875 5586 2048 5656 petuo
2081 5581 2287 5637 tribuit
2308 5582 2674 5652 potestatem.
2716 5575 3012 5652 Concessit
3055 5575 3232 5633 etiam
3259 5573 3426 5630 vobis
3457 5572 3517 5628 in
