3998 6158
405 316 524 390 351

1711 331 1783 396 Β.
1829 327 2122 396 URBANI
2161 328 2217 396 Η
2259 332 2509 405 ΡΑΡᾸΞ.

3690 337 3812 402 352

409 473 778 545 perpetuum,
800 468 868 527 ut
899 465 958 524 in
989 483 1339 544 quacunque
1370 469 1532 543 parte
1582 468 1672 526 sui
1704 468 1954 527 ducatus
1984 474 2047 527 tu
2079 463 2135 535 Α
2164 485 2346 524 suum
2369 469 2799 527 sacramentum
2829 471 2971 527 tunc
3001 467 3171 528 nobis
3213 467 3602 544 praesentibus
3627 487 3810 546 pres-

399 560 496 618 vel
527 576 896 627 successores
926 560 1011 615 tui
1036 557 1418 632 personaliter
1441 557 1687 630 fueritis,
1706 563 1763 615 et
1789 575 1943 616 unus
1960 561 2049 616 vel

409 650 606 724 plures
634 650 901 706 homines
931 649 1006 704 ibi
1041 649 1256 704 fuerint
1271 648 1339 702 ad
1375 651 1644 716 mortem,
1669 649 1753 705 vel
1779 651 1847 704 ad
1872 651 2052 722 quod-

407 741 548 796 libet
580 739 933 812 supplicium
959 736 1468 808 judicati,possitis
1504 739 1784 804 eos,sicut
1805 739 2048 795 volucri-

405 831 482 885 tis
513 829 780 892 liberare,
813 831 869 881 et
898 827 1231 897 ubicunque
1267 841 1366 897 per
1396 843 1567 881 suum
1589 827 1861 882 ducatum
1895 833 2046 884 tran-

405 919 583 974 situm
618 915 885 981 feceritis,
919 915 1235 986 obviosque
1256 914 1578 972 habueritis
1598 917 1654 970 in
1680 922 1866 973 vestro
1893 923 2047 974 tran-

404 1007 520 1063 situ
549 1006 989 1069 condemnatos,
1010 1005 1108 1076 qui
1141 1004 1212 1059 ad
1255 1004 1642 1075 suspendium
1676 1005 1760 1061 vel
1794 1007 2044 1063 decolla-

401 1095 580 1151 tionis
609 1093 962 1166 supplicium
994 1093 1774 1164 deportentur,valeatiseos,
1811 1096 1856 1152 si
1880 1097 2042 1153 vobis

400 1183 704 1258 placuerit,
741 1183 929 1238 facere
959 1181 1213 1237 liberari.

472 1274 528 1329 Si
559 1290 690 1328 vero
721 1273 992 1329 homines
1023 1271 1254 1327 vassalli
1298 1272 1483 1342 ipsius
1526 1275 1863 1329 monasterii
1905 1293 2038 1330 vcn-

398 1362 1150 1427 dunt.oiferunt,donant,et
1184 1361 1374 1416 modis
1407 1361 1535 1416 aliis
1567 1362 1824 1418 alienant
1852 1369 2039 1419 tersas

399 1470 546 1526 quas
574 1452 646 1507 ab
676 1452 880 1507 eodem
911 1451 1264 1505 monasterio
1287 1455 1510 1514 tenaut,
1540 1457 1919 1524 asserantque
1951 1471 2039 1509 eo-

398 1559 529 1597 rum
561 1539 1012 1596 consuetudines
1041 1556 1169 1594 esse
1201 1542 1264 1594 ut
1297 1539 1351 1594 id
1381 1540 1611 1610 possint
1642 1540 2038 1609 facere,sanci-

395 1630 480 1684 vit
508 1634 564 1685 et
610 1628 857 1683 firmiter
899 1627 1155 1682 inhibuit
1188 1628 1497 1698 prmdictus
1534 1629 1669 1695 dux,
1719 1633 1785 1684 ut
1832 1647 2036 1686 omnes

397 1721 604 1782 terras,
637 1733 785 1788 quas
816 1715 925 1788 ipsi
956 1715 1226 1770 homines
1274 1716 1345 1771 ab
1395 1718 1598 1771 eodem
1649 1718 1908 1773 cmnobio
1957 1724 2036 1774 te-

2161 561 2357 628 titum,
2388 565 2444 617 et
2475 577 2576 633 per
2602 577 2770 616 suam
2802 559 2952 616 hanc
2983 559 3345 617 sanctionem
3381 561 3704 629 constituit,
3741 566 3810 619 ut

2159 668 2398 724 prorsus
2452 651 2618 705 irrita
2657 653 2961 722 reputatur
2994 669 3006 706 :
3042 655 3099 706 et
3145 667 3496 723 quocunque
3544 654 3810 724 tempore

2155 740 2350 813 ipsum
2369 739 2655 794 haeredem
2677 743 2734 794 et
2751 755 3120 796 successores
3141 756 3279 795 suos
3303 756 3482 812 super
3499 739 3610 795 hoc
3627 741 3808 797 duxe-

2159 830 2286 884 ritis
2317 827 2882 902 postulandos,dedit
2915 833 2970 883 et
3002 828 3236 900 reliquit
3262 829 3346 884 eis
3381 828 3656 886 omnibus
3689 831 3802 886 sub

2154 919 2360 975 divinae
2393 923 2720 989 nostrasque
2748 917 3167 972 benedictionis
3199 917 3440 974 obtentu
3473 919 3720 976 firmiter
3743 920 3803 975 in

2153 1008 2466 1074 mandatis,
2501 1012 2564 1062 ut
2592 1006 2752 1078 ipsas
2775 1023 2980 1063 omnes
2999 1005 3403 1064 concessiones
3435 1012 3492 1062 et
3512 1008 3805 1080 exceptio-

2152 1114 2256 1153 nes
2282 1114 2382 1168 per
2401 1112 2600 1152 eorum
2634 1095 2796 1151 vobis
2829 1095 3132 1168 privilegia
3169 1096 3421 1151 debeant
3451 1098 3800 1154 confirmare

2151 1187 2275 1243 sine
2306 1185 2463 1242 omni
2496 1184 2678 1257 pretio
2709 1190 2764 1240 et
2795 1185 2964 1240 tmdio
2986 1185 3278 1240 tarditatis
3303 1202 3315 1252 ;
3339 1189 3395 1240 et
3418 1183 3619 1241 nullus
3643 1186 3798 1257 ipso-

2149 1293 2278 1332 rum
2313 1277 2627 1348 praesumat
2659 1291 2758 1329 eas
2790 1273 3107 1346 infringere
3137 1273 3223 1328 vel
3260 1274 3611 1340 mutare,sed
3637 1273 3799 1346 ipsas

2149 1364 2358 1420 illaasas
2389 1380 2619 1418 scrvare
2651 1363 2897 1418 debeant
2927 1368 2983 1417 et
3005 1367 3216 1428 tenere,
3249 1363 3432 1416 donec
3466 1379 3566 1417 vos
3597 1363 3654 1417 in
3689 1381 3799 1420 sua

2147 1454 2443 1510 héeredum
2466 1457 2522 1506 et
2551 1469 2956 1507 successorum
2991 1467 3234 1506 suorum
3269 1452 3380 1506 (ide
3412 1451 3639 1506 sincera
3673 1453 3797 1507 fue-

2146 1543 2275 1598 ritis
2299 1545 2724 1614 permanentes.
2761 1542 2914 1605 Quas
2942 1540 3368 1606 concessiones,
3397 1541 3794 1596 conﬁrmatio-

2145 1649 2266 1696 nes,
2317 1629 2702 1702 exceptiones,
2755 1634 2810 1684 et
2857 1627 3253 1701 indulgentias
3306 1627 3549 1684 collatas
3601 1629 3792 1685 eidem

2144 1720 2496 1776 monasterio
2530 1736 2630 1791 per
2663 1719 2853 1790 ipsum
2878 1717 3328 1773 dilectissimum
3362 1717 3546 1772 ﬁlium
3580 1717 3792 1775 ducem

398 1811 558 1874 nent,
592 1809 648 1862 et
677 1823 803 1876 qua:
830 1803 1601 1877 alienanturabsqueipsius
1632 1807 2032 1878 requisitions,
2069 1841 2115 1904 B
2149 1809 2457 1882 Rogerium
2490 1808 2872 1873 ratiﬁcamus,
2933 1806 3352 1878 approbemus,
3413 1811 3469 1862 et
3520 1822 3587 1860 ex
3628 1811 3795 1863 certa

397 1895 715 1950 dummodo
745 1893 1038 1949 evidenter
1062 1896 1338 1965 appareat
1370 1895 1526 1964 quod
1581 1895 1768 1966 ipsius
1800 1913 2038 1952 monas-

396 1984 527 2040 terii
559 1983 696 2050 sint,
731 1981 898 2039 liceat
928 1983 1091 2038 vobis
1120 1999 1218 2038 eas
1267 1999 1496 2054 capere,
1527 1988 1584 2038 et
1628 1985 1698 2039 ad
1731 1985 2034 2041 dominum

397 2073 582 2149 ipsius
616 2071 861 2127 coenobii
895 2087 1186 2138 revocare,
1236 2071 1658 2128 consuetudine
1694 2073 1889 2146 aliqua
1921 2093 2035 2130 non

396 2162 689 2228 obstante,
726 2160 835 2216 nisi
884 2161 1100 2226 forsan,
1137 2160 1291 2232 quod
1326 2161 1691 2232 terrasipsas
1723 2161 2036 2220 habuerint

394 2248 936 2324 praescriptionibus
967 2247 1247 2320 legitimis
1277 2247 1362 2304 vel
1413 2247 1544 2304 aliis
1584 2251 1764 2320 justis
1796 2252 2031 2308 rationi-

389 2334 501 2394 bus
533 2337 668 2394 inde
697 2337 925 2394 valeant
954 2354 1015 2393 se
1045 2338 1213 2393 tueri.

460 2427 727 2502 Largitus
755 2431 844 2483 est
872 2443 1104 2499 quoque
1125 2427 1252 2497 jam
1297 2425 1489 2483 dictus
1535 2428 1651 2484 dux
1691 2432 1754 2484 ut
1797 2431 1843 2485 si
1899 2432 2030 2502 quis

389 2534 459 2593 ex
503 2517 630 2573 suis
682 2516 1016 2582 comitibus,
1059 2515 1398 2582 baronibus,
1445 2517 1730 2573 militibus
1783 2518 2031 2591 aliisque

387 2604 687 2663 catholicis
715 2605 1054 2661 hominibus
1073 2604 1251 2660 totius
1280 2605 1372 2661 sui
1399 2607 1663 2672 duratus,
1687 2608 1758 2662 de
1789 2624 1853 2663 eo
1873 2610 2027 2681 quod

388 2691 459 2752 ab
495 2696 618 2768 ipso
651 2695 710 2751 in
744 2695 982 2750 feudum
1017 2698 1234 2762 tenent,
1269 2693 1559 2750 voluerint
1597 2695 1652 2750 in
1685 2699 1909 2768 partem
1941 2697 2027 2754 vel

387 2776 448 2840 in
478 2789 660 2841 totum
684 2784 840 2839 dicto
873 2783 1224 2839 monasterio
1256 2783 1460 2838 offerre
1487 2788 1544 2839 et
1574 2783 2027 2856 alienare,pote-

387 2877 596 2930 statam
649 2871 792 2928 illud
842 2872 1097 2928 habeant
1137 2872 1384 2928 faciendi
1426 2873 1677 2945 qualiter
1714 2874 2022 2942 voluerint,

385 2949 726 3034 dictumque
751 2962 1170 3018 monasterium
1191 2961 1480 3034 bonaipsa
1507 2963 1577 3017 ad
1610 2962 1803 3034 ipsum
1833 2963 2027 3020 taliter

386 3043 656 3109 devoluta
668 3053 793 3107 sine
815 3052 972 3107 omni
998 3068 1104 3106 sua
1127 3051 2022 3122 hieredumqueetsuccessorum

384 3131 624 3199 suorum
656 3141 1112 3196 contradictione
1158 3140 1328 3196 liceat
1371 3139 1684 3212 percipere,
1731 3141 1917 3197 valeat
1963 3143 2018 3197 in

2149 1898 2394 1955 scientia
2423 1898 2864 1962 conﬁrmamus,
2897 1895 3238 1950 auctoritate
3259 1894 3574 1967 apostolica
3595 1889 3652 1952 et
3672 1895 3793 1967 ple-

2146 1988 2413 2044 nitudine
2435 1985 2762 2059 potestatis.

2220 2079 2602 2132 Deccrnentes
2650 2079 2708 2129 et
2737 2073 2924 2130 edicto
2985 2077 3260 2145 perpetuo
3310 2073 3672 2139 roborantes,
3722 2077 3790 2130 ut

2144 2167 2479 2238 quicunque
2509 2164 2732 2219 dictum
2786 2162 3209 2218 monasterium
3262 2162 3320 2216 in
3362 2162 3486 2220 suis
3523 2163 3786 2234 juribus,

2142 2254 2612 2328 possessionibus
2662 2258 2718 2307 et
2763 2251 3132 2307 libertatibus
3189 2250 3421 2321 laeserit,
3461 2255 3562 2306 aut
3609 2251 3786 2307 etiam

2140 2342 2585 2418 perturbaverit,
2624 2341 2795 2397 liceat
2847 2340 2974 2409 tibi,
3035 2340 3474 2397 successoribus
3531 2339 3671 2407 tuis,
3729 2344 3790 2396 et

2139 2427 2405 2507 patribus
2434 2431 2621 2503 ipsius
2671 2428 3030 2497 monasterii,
3076 2430 3484 2501 cujuscunque
3526 2428 3788 2502 praeemi-

2140 2522 2348 2578 nentiae
2381 2521 2500 2576 sive
2531 2523 2720 2575 status
2769 2518 3005 2584 fuerint,
3057 2519 3217 2589 ipsos
3265 2518 3607 2574 auctoritate
3634 2535 3788 2590 prae-

2138 2611 2319 2668 sentis
2338 2608 2516 2665 nostri
2533 2607 3112 2680 privilegiicanonica
3136 2606 3450 2662 monitione
3473 2607 3781 2678 praemissa

2135 2698 2664 2765 excommunicare,
2705 2702 2763 2752 et
2810 2696 3344 2752 excommunicatos
3389 2697 3509 2751 fore
3556 2696 3781 2751 denun-

2134 2790 2302 2858 tiare,
2335 2792 2510 2860 atque
2557 2786 2712 2858 quod
2751 2784 2973 2840 absolvi
3023 2801 3138 2840 non
3165 2784 3412 2856 possint,
3449 2784 3563 2840 nisi
3606 2783 3783 2857 digne

2135 2877 2525 2934 satisfecerint
2557 2893 2570 2943 ;
2607 2875 2909 2947 privilegio
2953 2875 3038 2930 eis
3085 2890 3382 2940 concesso,
3428 2871 3516 2928 vel
3570 2889 3776 2930 conce-

2134 2968 2323 3024 dendo
2352 2965 2506 3038 quod
2536 2963 3026 3020 excommunicari
3041 2968 3097 3018 et
3126 2962 3524 3018 interdicinon
3545 2960 3775 3034 possint

2132 3056 2527 3128 aliquatenus,
2558 3071 2671 3108 non
2706 3053 2996 3120 obstante,
3031 3052 3142 3107 nisi
3175 3052 3246 3108 de
3296 3049 3522 3107 indulto
3566 3051 3772 3122 hujus-

2133 3145 2290 3201 modi
2338 3143 2573 3217 plenam
2625 3147 2681 3197 et
2725 3158 3065 3214 expressam
3103 3141 3343 3197 fecerint
3396 3139 3775 3196 mentionem.

381 3219 489 3301 auo
527 3230 786 3286 dominio
839 3229 1105 3296 retinere,
1156 3233 1212 3284 et
1261 3248 1294 3284 a
1329 3228 1586 3301 quolibet
1635 3231 1886 3298 servitio,
1930 3231 2015 3287 vel
2050 3209 2092 3275 CI
2129 3236 2187 3291 Si
2220 3234 2353 3306 quis
2382 3236 2574 3288 autem
2607 3235 2811 3286 contra
2841 3231 2993 3286 hanc
3046 3230 3230 3286 nostri
3279 3229 3492 3285 decreti
3527 3228 3776 3286 auctori-

379 3319 798 3396 praaparatione
829 3319 1066 3374 feudum
1101 3318 1316 3389 ipsum,
1348 3316 1432 3372 vel
1465 3335 1598 3390 pars
1629 3317 1836 3389 ipsius,
1861 3320 2020 3375 dein-

378 3426 513 3481 ceps
543 3410 620 3465 sit
648 3408 930 3463 immune.
972 3406 1029 3461 Si
1077 3423 1208 3461 vero
1239 3405 1452 3478 aliquis
1491 3411 1609 3461 tam
1643 3407 1714 3462 de
1748 3408 2016 3464 vassall'is

378 3498 564 3568 ipsius
596 3495 954 3560 monasterii,
988 3513 1164 3567 quam
1211 3497 1282 3550 de
1313 3494 1463 3561 aliis,
1498 3500 1701 3551 tenens
1745 3497 1816 3552 de
1848 3498 2016 3553 bonis

375 3585 498 3641 suis
531 3584 839 3640 stabilibus
870 3583 957 3638 vel
985 3583 1452 3649 mobilibus,sine
1484 3583 1708 3640 hzerede
1756 3584 2015 3657 legitimo

373 3674 460 3729 vel
492 3671 742 3728 naturali
773 3671 1110 3737 decesserit,
1134 3671 1220 3727 vel
1255 3671 1615 3727 forisfactum
1667 3674 1882 3740 fecerit,
1916 3692 2018 3746 per
2049 3723 2063 3737 .

374 3763 530 3835 quod
563 3762 690 3834 ipsa
738 3760 806 3817 ad
861 3778 1074 3816 manus
1124 3759 1453 3832 reipublicae
1499 3760 1566 3816 de
1595 3762 1731 3831 jure
1778 3770 2018 3835 possent

373 3850 669 3930 applicari,
695 3849 921 3907 licitum
954 3850 1028 3904 sit
1053 3848 1214 3905 vobis
1243 3866 1348 3921 per
1376 3866 1477 3904 vos
1521 3851 1723 3906 eadem
1760 3851 1912 3908 bona
1943 3855 2015 3908 ad

370 3946 631 3996 vestrum
663 3939 993 3996 dominium
1036 3955 1324 4004 revocare,
1353 3937 1512 3993 omni
1555 3956 1663 3994 sua
1695 3940 1880 3996 haered
1895 3960 2012 4012 um,

371 4045 779 4087 successorum
798 4044 1062 4095 suorum,
1079 4026 1420 4083 ofﬁcialium
1448 4030 1904 4087 contradictione
1927 4049 2014 4087 re-

372 4123 550 4185 mota,
605 4117 767 4173 nulla
806 4134 983 4190 super
1027 4116 1196 4172 bonis
1244 4115 1389 4189 ipsis
1439 4121 1723 4188 potestate
1767 4119 1879 4175 sibi
1928 4121 2017 4176 vel

371 4207 702 4279 reipublicae
754 4209 1062 4262 reservata.
1107 4207 1394 4261 Tenentes
1435 4205 1818 4264 nihilominus
1865 4209 2018 4266 bona

370 4294 558 4366 ipsius
591 4295 928 4350 monasterii
979 4293 1268 4349 concessit
1313 4311 1412 4349 vos
1464 4311 1633 4365 posse
1661 4297 1732 4350 ad
1765 4303 2016 4354 vestram

371 4383 593 4438 curiam
627 4399 851 4447 vocare,
902 4383 973 4436 ad
1024 4381 1349 4437 docendum
1392 4381 1643 4452 qualiter
1690 4385 1843 4440 bona
1891 4387 2019 4458 ipsa

372 4475 607 4526 teneant
630 4487 643 4525 :
668 4476 725 4526 et
746 4471 858 4526 nisi
885 4469 1307 4525 rationabiliter
1323 4470 1626 4526 docuerint
1649 4472 1800 4529 bona
1813 4476 2014 4531 eadem

371 4560 442 4616 ad
492 4577 554 4616 se
585 4563 866 4632 spectare,
899 4558 986 4613 vel
1033 4575 1094 4612 se
1143 4558 1582 4631 praescriptione
1627 4558 1908 4633 legitima,
1941 4565 2018 4620 vi-
2046 4577 2092 4640 θ

371 4648 583 4706 delicet
629 4647 984 4713 centenaria,
1033 4646 1396 4703 ostenderint
1440 4651 1824 4739 spmunitos,
1872 4653 2023 4710 bona

372 4738 500 4812 ipsa
528 4737 775 4794 valeatis
799 4736 992 4793 taliter
1013 4740 1291 4808 occupata
1308 4737 1379 4807 ad
1400 4736 1727 4817 dominium
1751 4742 2015 4812 ejusdem

371 4827 715 4885 monasterii
749 4827 1092 4882 auctoritate
1126 4825 1303 4896 hujus
1336 4812 1710 4910 ipdu’lgentiae
1727 4847 2011 4900 revocare,

363 4918 499 4990 jure
528 4915 827 4973 communi
878 4933 1054 4989 super
1101 4914 1256 4969 hunc
1306 4909 1618 4989 articulum
1666 4917 1896 4989 penitus
1929 4936 2014 4976 re-

369 5011 592 5063 vocato.
1409 4995 1414 5016 ³
1446 4992 1520 5080 ’

441 5095 738 5151 Concessit
769 5094 1012 5166 insuper
1040 5091 1204 5148 vobis
1236 5091 1293 5147 in
1327 5085 1695 5170 perpetuum,
1719 5099 1781 5150 ut
1812 5095 1860 5150 si
1893 5101 2013 5161 tua,

2124 3329 2304 3380 tatem
2332 3321 2529 3378 venire
2576 3320 2906 3387 tentaverit,
2957 3319 3118 3374 salva
3147 3319 3303 3374 sedis
3336 3316 3686 3391 apostolicae,
3721 3322 3779 3372 et

2123 3413 2444 3486 legatorum
2476 3411 2603 3480 ejus
2654 3409 2977 3466 reverentia
3005 3413 3064 3463 et
3099 3406 3404 3481 dignitate,
3439 3408 3588 3463 sciat
3623 3423 3687 3462 se
3716 3407 3779 3461 Β.

2126 3502 2277 3559 Petri
2312 3499 2556 3573 apostoli
2591 3497 2840 3571 gratiam
2870 3497 3251 3565 amissurum,
3280 3501 3336 3552 et
3381 3495 3784 3569 indignatione

2125 3590 2443 3664 apostolica
2497 3587 2846 3643 feriendum.
2882 3585 3238 3642 Obedientes
3292 3601 3424 3639 vero
3485 3589 3542 3639 et
3573 3585 3781 3656 hujus-

2127 3679 2305 3736 modii
2352 3676 2640 3750 privilegii
2693 3675 2910 3747 scripta
2969 3679 3266 3730 servantes
3310 3673 3550 3744 dignam
3601 3677 3776 3728 εἰ)εο

2129 3766 2571 3824 retributionem
2600 3763 2902 3836 recipiant,
2936 3768 2993 3818 et
3024 3761 3483 3819 benedictionem
3534 3766 3784 3834 aposto-

2132 3855 2308 3914 licam
2342 3857 2800 3926 consequantur.

2692 3957 3185 3998 SUBSCRIP’I‘IONES.

2197 4037 2314 4107 Ego
2348 4033 2617 4089 Urbanus
2649 4030 2946 4086 catholica;
2986 4028 3258 4086 Ecclesiae
3287 4027 3598 4101 episcopus
3641 4025 3781 4084 sub-

2127 4123 2359 4195 scripsi.

2197 4213 2315 4285 Ego
2354 4209 2612 4265 Ubaldus
2644 4207 2990 4264 Sadinensis
3021 4207 3332 4279 episcopus
3355 4205 3701 4276 subscripsi.
3753 4247 3756 4249 Α

2197 4303 2315 4373 Ego
2350 4298 2640 4354 Berardus
2665 4296 3056 4352 Praenestinus
3087 4296 3399 4368 episcopus
3433 4292 3781 4364 subscripsi.

2198 4390 2316 4460 Ego
2348 4387 2510 4442 Oddo
2543 4385 2894 4441 Albanensis
2918 4385 3230 4456 episcopus
3253 4381 3600 4454 subscripsi.

2199 4478 2312 4549 Ego
2343 4476 2604 4530 Joannes
2633 4472 2960 4528 Asculanus
2991 4471 3301 4544 episcopus
3329 4469 3673 4542 subscripsi.

2197 4566 2312 4637 Ego
2345 4564 2551 4618 Bruno
2585 4561 2866 4633 Signinus
2897 4561 3206 4632 episc0pus
3226 4557 3573 4631 subscripsi.

2174 4655 2318 4726 'Ego
2348 4653 2602 4708 Joannes
2637 4649 3038 4721 Bioppolanus
3083 4648 3396 4720 episcopus
3437 4644 3788 4717 subscripsi.

2196 4743 2310 4814 Ego
2339 4739 2664 4812 Rangerius
2704 4737 3024 4810 Regitanus
3067 4737 3228 4808 episc
3243 4753 3395 4808 epus
3439 4733 3789 4806 subscripsi.

2193 4832 2310 4902 Ego
2337 4829 2630 4885 Gerardus
2658 4827 2946 4896 Trojanus
2975 4825 3286 4898 episcopus
3317 4822 3674 4896 subscripsi.

2193 4920 2311 4990 Ego
2344 4919 2709 4973 Hermannus
2742 4916 3046 4987 presbyter
3074 4913 3395 4969 cardinalis
3435 4909 3791 4982 subscripsi.

2195 5009 2310 5079 Ego
2340 5003 2652 5078 Gregorius
2683 5003 2984 5075 presbyter
3011 5001 3333 5058 cardinalis
3365 4999 3712 5072 subscripsi.

2196 5097 2313 5167 Ego
2349 5094 2696 5149 Benedictus
2735 5093 3038 5164 presbyter
3068 5090 3382 5147 cardinalis
3420 5088 3790 5160 subscripsi.

2197 5185 2411 5238 Datum
2428 5181 2650 5237 Salerni
2674 5198 2778 5252 per
2801 5198 3012 5236 manus
3027 5184 3134 5236 Joa
3148 5180 3284 5236 nnis
3312 5191 3490 5235 sacrm
3510 5178 3793 5233 Romam

371 5199 778 5239 successorum
803 5188 860 5239 et
879 5188 1107 5255 patrum
1134 5181 1318 5253 ipsius
1345 5181 1684 5237 monasterii
1708 5184 2018 5240 manifesta

371 5270 543 5342 culpa
574 5287 687 5328 non
721 5270 1092 5327 intervenerit
1118 5275 1320 5325 contra
1350 5271 1622 5325 eumdem
1637 5271 1867 5342 ducem,
1900 5273 2015 5328 ha:-

373 5360 539 5418 redes
570 5364 627 5414 et
650 5376 1016 5416 successores
1048 5376 1207 5427 suos,
1233 5362 1289 5413 et
1318 5357 1607 5430 praedictae
1640 5375 1757 5414 sua:
1775 5377 2017 5434 congre-

368 5446 620 5520 gationis
658 5447 870 5503 futuris
894 5447 1259 5521 temporibus
1282 5450 1516 5520 propter
1537 5447 1860 5518 quamlibet
1881 5467 2016 5506 cau-

373 5553 496 5592 sam
532 5534 704 5590 aliam
740 5537 973 5601 fuerint,
1005 5536 1094 5592 vel
1118 5538 1174 5591 in
1209 5533 1511 5601 totum,vel
1549 5535 1606 5589 in
1641 5542 1862 5607 partem
1879 5539 2020 5594 obli-

369 5625 486 5688 ioni
518 5625 739 5682 traditas
771 5625 856 5682 vel
883 5627 1137 5693 omissas,
1189 5631 1245 5680 et
1292 5624 1655 5697 praescriptio
1709 5625 1837 5700 ipsa
1901 5645 2010 5704 per

2124 5271 2389 5330 Ecclesiae
2419 5271 2650 5326 diaconi
2684 5269 3009 5326 card‘inalis
3032 5273 3237 5326 octavo
3258 5267 3489 5324 decimo
3505 5265 3802 5322 Kalendas

2125 5360 2414 5428 Octobris,
2463 5359 2670 5431 quinta
2738 5358 2966 5415 decima
3024 5357 3362 5425 indictione,
3411 5371 3569 5412 anno
3609 5353 3807 5410 Domi-

2126 5450 2266 5505 nicaa
2289 5447 2716 5504 incarnationis
2747 5445 3061 5504 millesimo
3079 5464 3117 5502 n
3140 5445 3484 5519 onagesimo
3515 5443 3801 5510 secundo,

2127 5536 2499 5610 pontiﬁcatus
2543 5535 2767 5593 domini
2829 5537 3051 5592 Urbani
3116 5551 3280 5608 papa!
3340 5533 3588 5591 secundi
3649 5548 3808 5587 anno

2129 5625 2355 5700 quinto.
