3998 6158
202 272 323 338 353

932 414 1145 472 LXVII.

208 502 464 559 Urbanus
491 504 542 558 II
579 503 633 558 S.
692 505 965 569 Eumeni,
1012 505 1508 562 Carthasianorum
1549 505 1855 575 fundatori.

275 580 326 628 et
356 576 573 630 Lanino
619 577 815 647 asserit
854 577 1030 632 locum
1065 594 1099 631 a
1135 577 1360 647 Rogerio
1406 577 1599 632 comite
1643 593 1859 631 conces-

275 660 398 720 sum
427 654 481 702 et
528 662 563 701 α
608 646 895 715 Theodoro,
946 650 1191 720 ερὶδοορο
1216 646 1539 720 ’Scyllacino
1567 647 1859 717 conﬁrma-

274 717 416 772 tum.

832 789 1022 861 (Anno
1054 790 1234 863 1092).

208 875 365 951 [Acta
389 882 707 934 sanctorum
751 878 1003 935 Bolland.
1051 880 1321 1026 agri]er
1379 883 1521 937 tom.
1556 879 1650 946 III,
1682 879 1776 935 die
1803 879 1858 949 6,

216 992 219 995 .
880 967 1012 1025 pag.
1164 993 1178 1007 .

216 992 219 995 .
880 967 1012 1025 pag.
1051 967 1178 1009 04.3.

283 1036 557 1095 URBANUB
586 1038 1131 1111 episeopus,servus
1156 1056 1456 1097 servorum
1488 1039 1610 1107 Dei,
1633 1037 1862 1096 dilectis

206 1125 268 1181 in
299 1126 536 1185 Christo
566 1127 707 1183 filiis
737 1127 997 1185 BBUNONI
1020 1133 1079 1184 et
1109 1130 1330 1186 LANINO
1358 1128 1611 1186 salutem
1642 1132 1699 1185 et
1730 1144 1865 1199 apo-

207 1214 479 1272 stolicam
507 1214 993 1273 benedictionem.

282 1302 394 1359 Piae
424 1302 747 1361 voluntatis
765 1305 1008 1362 atl‘ectus
1038 1307 1234 1362 studio
1265 1307 1436 1362 debet
1477 1310 1864 1378 prosequente

204 1391 664 1465 eompleri.Quia
685 1393 867 1466 igitur
887 1395 1068 1451 nostri
1090 1394 1263 1451 officii
1293 1396 1861 1463 interest,servorum

206 1481 306 1537 Dei
332 1483 538 1554 quieti,
564 1488 738 1555 prout
767 1482 1052 1540 Dominus
1075 1501 1247 1557 posse
1267 1484 1511 1551 dederit,
1540 1485 1863 1557 providere,

206 1571 593 1644 petitionibus
611 1572 842 1643 vestris,
866 1572 966 1627 filii
992 1574 1047 1629 in
1080 1573 1310 1630 Christo
1332 1573 1662 1629 charissimi
1695 1578 1752 1628 et
1783 1590 1868 1630 re-

204 1661 638 1728 verendissimi,
664 1661 981 1718 clementer
1007 1663 1349 1718 annuimus.
1386 1663 1492 1719 Per
1520 1662 1699 1734 hujus
1726 1679 1862 1735 ergo

1380 278 1785 345 EPISTOL/E
1830 284 1928 344 ΕΤ
1972 274 2443 343 PRIVILEGIA.

1889 422 1941 484 Α

3494 279 3612 357 ἂὸἣ

2675 414 2906 473 LXVIII.

1974 514 2178 587 Urbani
2232 515 2284 569 Il
2332 513 2584 587 epistola”
2614 513 2687 568 ad
2762 512 3111 587 Raynqjdum
3147 517 3615 587 archiepiscoyum

2044 584 2430 659 Remensem'et
2469 584 2853 655 suﬂ‘raganeoa
2888 584 3022 659 ejus.
3059 616 3125 659 έ-
3158 587 3283 659 Illos
3320 584 3612 659 reprehen-

2038 656 2120 711 dit
2147 656 2286 739 quod
2306 672 2349 781 ta
2370 672 2496 724 rege
2523 663 2576 711 et
2602 671 2830 712 uxorem
2872 657 3080 711 dimitti
3128 662 3181 713 et
3226 656 3465 715 alierum
3487 660 3616 715 duci

2034 743 2185 799 passi
2215 743 2302 782 sm
2333 768 2346 781 .

2586 817 2775 887 (Anno
2808 817 2991 887 1092.)

2396 923 2625 994 [Massa
2660 922 2865 978 Concil.
2891 922 3005 993 XX,
3036 923 3190 999 686.]

2043 1036 2321 1093 Uamxus
2349 1036 2679 1110 episcopus,
2710 1054 2911 1094 servus
2937 1055 3237 1095 servorum
3261 1040 3620 1107 Dei,venera—

1970 1125 2191 1182 bitibus
2220 1125 2611 1182 confratribus
2668 1131 2727 1182 et
2778 1126 3136 1200 coepiscopis
3182 1132 3474 1186 RAINALDO
3506 1131 3619 1187 Re-

1972 1213 2180 1281 mensi,
2212 1218 2271 1271 et
2298 1214 2685 1288 sull'raganeis
2708 1213 3122 1287 ejus,salutem
3150 1220 3206 1273 et
3239 1218 3618 1290 apostolicam

1972 1303 2434 1360 benedictionem
2447 1347 2460 1359 .

2042 1392 2098 1446 Si
2132 1392 2492 1450 sacerdotale
2522 1393 2675 1465 quod
2732 1392 2934 1466 geritis
2980 1394 3236 1451 officium
3288 1397 3618 1455 considera-

1971 1481 2129 1538 tione
2160 1481 2354 1538 debita
2386 1482 2732 1554 pensaretis,
2758 1483 2905 1538 tanti
2956 1483 3229 1541 facinoris
3274 1485 3518 1551 infamia
3548 1488 3620 1549 ad

1972 1587 2143 1627 aures
2174 1577 2405 1627 nostras
2455 1571 2662 1627 saltem
2722 1571 3014 1644 impunita
3074 1590 3188 1630 non
3238 1576 3618 1647 pervenisset.

1973 1660 2118 1716 Cum
2146 1660 2303 1716 enim
2336 1660 2536 1715 domni
2587 1660 2763 1717 Israel
2819 1660 3217 1734 speculatores
3245 1681 3278 1719 a
3334 1668 3446 1719 Deo
3476 1665 3621 1731 dati,

209 1748 516 1823 apostolici
548 1750 831 1825 privilegii
866 1752 1137 1825 paginam
1172 1751 1491 1824 apostolica
1521 1752 1864 1807 auctoritate
1896 1782 1941 1848 Β
1975 1748 2172 1848 impiis
2196 1749 2525 1822 impietates
2556 1767 2695 1805 suas
2738 1752 3089 1806 annuntiare
3112 1754 3169 1806 et
3198 1768 3303 1824 pro
3333 1752 3506 1808 domo
3539 1757 3622 1810 Is-

210 1840 536 1899 statuimus
566 1845 632 1895 ut
660 1839 826 1896 locus
856 1840 1152 1912 ille,quem
1188 1840 1605 1896 inhabitationi
1635 1847 1861 1909 vestrae,

207 1928 561 2001 disponente
592 1928 864 1997 Domino,
896 1927 1217 2001 elegistis,a
1241 1930 1408 2001 jugo,
1434 1933 1737 2001 potestate,
1772 1929 1864 1983 in-

201 2016 663 2089 juria,molestia
684 2017 949 2074 omnium
976 2016 1282 2072 hominum
1304 2017 1544 2071 omnino
1564 2017 1710 2072 liber
1729 2034 1864 2073 cum

206 2109 337 2163 tota
365 2104 514 2161 silva
539 2110 599 2162 et
618 2110 837 2173 monte,
870 2111 1027 2162 terra
1065 2110 1121 2161 et
1141 2122 1297 2178 aqua
1316 2106 1373 2161 in
1398 2106 1654 2179 spatium
1691 2107 1866 2162 unius

209 2194 397 2268 leuga:
428 2195 552 2267 [al.,
583 2194 863 2266 leucae]in
887 2194 1045 2251 omni
1070 2199 1231 2267 parte
1269 2193 1555 2267 adjacenti
1588 2194 1648 2249 in
1679 2199 1868 2255 vestra

206 2282 571 2340 omnimodis
602 2287 660 2343 et
689 2298 1099 2340 successorum
1117 2287 1447 2340 vestrorum
1480 2284 1867 2355 dispositione

210 2376 576 2444 permaneat,
596 2372 755 2429 sicut
782 2372 945 2428 vobis
967 2389 1001 2428 a
1024 2371 1234 2429 dilecto
1258 2376 1457 2429 nostro
1478 2372 1597 2428 tilio
1623 2372 1867 2444 Rogerio

210 2461 433 2516 comite
453 2461 821 2519 condonatus
837 2466 949 2526 est,
981 2465 1040 2518 et
1075 2478 1108 2516 a
1147 2461 1436 2517 confratre
1462 2469 1659 2516 nostro
1684 2462 1863 2517 Theo-

212 2551 382 2619 doro,
420 2549 785 2622 Squillacino
806 2550 1745 2622 episcopo,conﬁrmatus.1\'emini
1773 2549 1868 2605 in-

215 2644 313 2694 tra
339 2637 683 2710 praedictum
717 2638 974 2710 spatium
1014 2638 1190 2695 liccat
1216 2655 1465 2711 pascuae,
1499 2639 1868 2712 agriculturae

218 2744 323 2789 sea
350 2726 687 2801 piscationis
715 2731 818 2783 aut
846 2726 1141 2800 lignorum
1175 2728 1478 2783 occasione
1498 2732 1598 2784 aut
1615 2745 1871 2801 quacun-

220 2833 338 2889 que
366 2834 440 2874 ex
469 2831 652 2874 causa
683 2815 845 2872 vobis
878 2821 979 2872 aut
1005 2817 1215 2873 vestris
1246 2816 1684 2874 successoribus
1715 2818 1869 2889 inju-

221 2907 370 2963 riam
398 2910 504 2962 aut
528 2904 856 2962 molestiam
889 2906 1164 2977 irrogare,
1191 2906 1289 2961 sed
1324 2909 1513 2962 totum
1543 2907 1871 2963 secundum

218 2995 583 3053 voluntatem
602 2998 855 3051 vestram
888 2995 1260 3067 possideatis,
1288 2995 1873 3067 disponatis,ordine-

214 3085 297 3143 tis
324 3089 386 3141 et
420 3084 692 3157 erogetis.
729 3084 786 3140 Si
819 3084 957 3156 quid
995 3089 1272 3157 praeterea
1314 3083 1662 3157 episcopalis
1692 3085 1869 3140 ofﬁcii

218 3150 617 3246 indigneritis,
640 3173 712 3233 ad
745 3150 918 3245 quem
952 3150 1323 3245 potissimum
1346 3150 1669 3230 vicinorum
1694 3173 1869 3229 antis-
1900 3150 1943 3220 (ἶ

220 3263 392 3317 titum
415 3261 717 3318 volueritis
739 3262 1072 3319 recurrendi
1088 3262 1358 3333 prmsenti
1384 3261 1609 3318 decreto
1625 3261 1868 3319 liberam

218 3349 519 3406 licentiam
554 3349 1323 3422 indulgemus.Decimarum
1358 3366 1587 3422 quoque
1604 3367 1779 3406 usum
1802 3368 1870 3406 ex

219 3438 546 3508 vestris,vel
578 3455 891 3511 puerorum
917 3444 1239 3495 vestrorum
1265 3438 1568 3494 laboribus
1587 3439 1758 3495 vestri
1779 3440 1873 3511 ju-

221 3527 300 3583 ris
330 3543 464 3584 esse
491 3543 824 3583 censemus.
859 3527 1022 3590 Quod
1050 3528 1099 3582 si
1132 3543 1259 3599 quae
1312 3543 1626 3600 puerorum
1660 3533 1873 3584 vestro-

220 3633 346 3675 rum
382 3616 608 3673 otl'ensa
636 3616 1032 3688 contigerit,in
1065 3622 1258 3672 vestra
1290 3620 1519 3671 tantum
1550 3633 1726 3673 manu
1751 3634 1872 3674 om-

219 3705 311 3762 nis
340 3722 545 3762 eorum
578 3705 858 3763 correctio
901 3709 1151 3760 maneat.
1188 3705 1304 3760 Nec
1358 3704 1516 3760 ullus
1565 3721 1627 3761 se
1676 3705 1746 3760 de
1777 3704 1870 3762 his

218 3811 345 3865 quae
368 3794 443 3850 ad
461 3811 564 3851 vos
586 3794 950 3866 pertinent,si
960 3810 1030 3849 ne
1048 3798 1237 3849 vestra
1257 3792 1555 3848 voluntate
1566 3794 1871 3850 occasione

219 3883 418 3956 aliqua
440 3884 814 3952 intromittat,
835 3887 1125 3955 quatenus
1161 3882 1582 3954 omnipotentis
1606 3882 1704 3938 Dei
1738 3900 1871 3955 spe-

219 3972 503 4029 culationi
525 3971 723 4029 liberis
744 3971 1040 4028 mentibus
1060 3970 1370 4038 insistatis,
1390 3975 1449 4026 et
1463 3972 1535 4027 ad
1558 3972 1686 4043 ejus
1705 3972 1868 4028 faciei

212 4050 613 4126 dulcedinem,
671 4061 798 4133 ipso
856 4064 1190 4133 praestante,
1247 4059 1547 4133 pervenire
1607 4059 1866 4117 valeatis.

216 4151 368 4207 Sane
398 4150 449 4206 si
482 4150 617 4221 quis
647 4149 704 4204 in
752 4150 1074 4206 crastinum
1121 4148 1597 4221 archiepiscopus
1624 4154 1727 4205 aut
1755 4150 1872 4222 epi-

218 4238 782 4312 scapus,imperatnr
811 4244 913 4294 aut
945 4256 1060 4303 rex,
1087 4238 1358 4311 princeps
1389 4242 1491 4294 aut
1512 4238 1649 4305 dux,
1672 4255 1869 4296 comes

218 4332 319 4383 aut
347 4328 694 4397 vicecom’es,
712 4327 897 4398 judex
929 4332 1033 4383 aut
1062 4343 1315 4400 persona
1360 4326 1633 4399 quaelibet
1665 4332 1869 4399 potens

217 4422 320 4471 aut
336 4416 837 4489 impotens,hujus
860 4416 1041 4472 nostri
1064 4414 1347 4488 privilegii
1363 4417 1637 4488 paginam
1651 4417 1863 4488 sciens,

1976 1837 2094 1893 rael
2122 1855 2357 1894 murum
2399 1855 2688 1911 opponere
2745 1839 3056 1907 deberetis,
3090 1840 3350 1912 qualibet
3398 1841 3623 1906 ratione

1976 1943 2075 1982 vos
2094 1927 2210 1999 pati
2234 1927 2496 1999 potuisse
2519 1927 2824 1995 miramur,
2852 1932 2914 1982 ut
2938 1933 3053 1983 tam
3080 1927 3279 2001 inclyti
3306 1928 3468 2002 regni
3500 1947 3620 1998 rex,

1974 2015 2218 2072 humani
2251 2016 2493 2088 pudoris
2524 2015 2760 2083 oblitus,
2794 2016 2973 2071 divini
3020 2017 3247 2073 timoris
3288 2019 3620 2089 immemor,

1976 2109 2179 2162 contra
2201 2105 2324 2176 jus,
2353 2109 2555 2161 contra
2586 2108 2692 2173 fas,
2726 2111 2930 2162 contra
2987 2106 3182 2180 legum
3227 2111 3287 2164 et
3326 2124 3619 2169 canonum

1975 2194 2537 2259 sanctiones,contra
2564 2194 2744 2251 totius
2774 2194 3070 2251 catholicae
3092 2194 3359 2253 Ecclesia
3382 2213 3624 2255 consue-

1976 2283 2229 2348 tudines,
2261 2288 2318 2340 et
2347 2299 2516 2339 suam
2549 2299 2785 2338 uxorem
2818 2282 3147 2339 inordinate
3181 2284 3622 2358 relinqueret,et

1978 2370 2288 2445 propinqui
2322 2370 2412 2427 sui
2445 2372 2753 2443 conjugem
2802 2388 2999 2427 amore
3047 2372 3160 2427 sibi
3191 2372 3411 2429 nefario
3443 2390 3619 2446 copu-

1977 2460 2139 2516 laret.
2175 2461 2336 2526 Quod
2370 2460 2586 2516 factum
2630 2461 2831 2532 utique
2850 2465 2909 2515 ut
2928 2461 3089 2533 regni
3122 2461 3306 2518 totius
3334 2463 3623 2523 confusio-

1980 2566 2135 2615 nem,
2158 2555 2216 2605 et
2246 2548 2634 2605 Ecclesiarum
2654 2554 2976 2605 vestrarum
3016 2548 3461 2623 dissipationem
3493 2569 3622 2624 por-

1980 2637 2186 2705 tendit,
2219 2643 2274 2693 et
2305 2637 2377 2692 ad
2427 2636 2686 2692 animam
2736 2641 2985 2692 vestram
3039 2638 3329 2694 redundat
3355 2639 3619 2697 infamia.

1980 2727 2242 2783 Peccanti
2273 2726 2452 2793 enim,
2485 2742 2617 2783 cum
2648 2725 2860 2798 possis,
2895 2742 3011 2781 non
3044 2726 3459 2797 contradicere,
3490 2745 3624 2786 con-

1980 2816 2194 2873 sentire
2224 2820 2332 2872 est.
2378 2815 2457 2871 Te
2487 2819 2703 2883 autem,
2757 2814 3102 2871 charissime
3149 2816 3443 2873 eonfrater
3472 2818 3621 2892 Ray-

1978 2904 2172 2972 naldc,
2203 2921 2354 2961 noxa
2382 2903 2504 2959 haec
2537 2903 2790 2960 maxime
2821 2903 3072 2976 impetit,
3100 2921 3204 2977 pro
3234 2919 3301 2962 eo
3333 2907 3489 2978 quod
3519 2907 3623 2963 8ι1.

1978 2993 2347 3050 vanectensis
2393 2992 2695 3063 subjectus
2743 2992 2848 3047 tibi
2899 2992 3232 3066 episcopus,
3263 2993 3373 3050 hoc
3400 2996 3621 3067 publici

1980 3080 2251 3138 adulterii
2285 3080 2526 3147 crimen,
2560 3097 2687 3149 suo,
2722 3085 2786 3135 ut
2835 3080 3192 3149 audivimus,
3243 3082 3497 3140 ﬁrmavit
3526 3101 3619 3143 as—

1979 3187 2179 3239 sensu,
2212 3186 2346 3225 cum
2371 3168 2613 3225 moechis
2634 3167 2752 3224 illis
2781 3168 3203 3226 benedictionis
3243 3172 3623 3231 sacerdotalis

1980 3275 2221 3315 manum
2256 3256 2724 3331 imposuit.Quod
2745 3258 2853 3312 etsi
2876 3256 3032 3312 licito
3053 3259 3621 3333 nuberent,bigamis

1978 3352 2173 3404 tamen
2198 3347 2456 3419 impendi
2476 3346 2801 3402 secundum
2826 3362 3079 3401 canones
3103 3362 3214 3401 non
3240 3346 3620 3407 liceret;nunc

1979 3437 2160 3507 igitur
2177 3436 2339 3492 vobis
2359 3433 2674 3507 apostolica
2692 3434 3037 3491 auctoritate
3054 3434 3424 3507 praecipimus
3446 3441 3514 3493 ut
3528 3437 3621 3495 his

1978 3525 2119 3581 visis
2148 3524 2434 3596 apicibus,
2468 3523 2625 3596 quod
2680 3522 2857 3579 etiam
2906 3540 3021 3579 non
3063 3524 3414 3595 jubentibus
3450 3526 3623 3583 nobis

1971 3614 2326 3683 jamdudum
2362 3613 2566 3670 fecisse
2595 3617 2846 3669 vestram
2896 3612 3266 3685 prudentiam
3305 3614 3621 3683 decuisset,

1979 3706 2207 3758 mature
2237 3700 2541 3757 convenire
2591 3701 2811 3757 curetis
2842 3717 3058 3773 regem,
3093 3706 3149 3757 et
3189 3718 3259 3758 ex
3297 3703 3395 3759 Dei
3424 3710 3624 3762 nostra

1980 3791 2198 3862 pariter
2228 3795 2285 3847 et
2312 3794 2503 3847 vestra
2528 3795 2692 3862 parte
2724 3791 3012 3846 instanter
3052 3792 3497 3861 commoneatis,
3529 3810 3620 3849 ar-

1978 3882 2193 3952 guatis,
2226 3879 2562 3945 obsecretis,
2616 3879 2952 3951 increpetis,
2984 3884 3040 3934 et
3096 3895 3130 3933 a
3174 3881 3334 3933 tanto
3383 3884 3624 3952 tamque

1978 3968 2267 4025 horrendo
2318 3967 2567 4023 facinore
2614 3967 2894 4023 desistere
2950 3965 3334 4038 compellatis.
3366 3967 3532 4032 Quod
3572 3969 3623 4026 si

1978 4057 2413 4128 contempserit,
2444 4060 2504 4112 et
2524 4055 2693 4111 nobis
2723 4059 2782 4109 et
2808 4054 2975 4110 vobis
3004 4054 3323 4111 necessitas
3354 4055 3621 4113 immine-

1978 4146 2085 4211 bit,
2116 4149 2180 4200 ut
2209 4145 2279 4199 ad
2314 4143 2680 4200 ulciscendas
2706 4142 2914 4198 divina:
2940 4142 3086 4215 legis
3111 4143 3360 4215 injurias
3387 4161 3494 4216 pro
3524 4163 3622 4203 no-

1978 4234 2081 4290 stri
2116 4232 2292 4289 officii
2340 4231 2534 4288 debito
2591 4231 2989 4304 accingamur,
3022 4235 3080 4287 et
3136 4231 3382 4290 Phineas
3425 4224 3621 4307 gladio

1977 4321 2327 4383 Madianitas
2356 4320 2648 4378 adulteros
2680 4321 3062 4393 perferemus.

2048 4412 2328 4468 Eamdem
2359 4427 2591 4482 quoque
2622 4410 2962 4467 instantiam
3004 4427 3107 4483 pro
3150 4411 3447 4484 ereptione
3477 4429 3619 4469 oon-

218 4509 423 4559 contra
452 4520 583 4559 eam
603 4508 822 4560 temere
864 4504 1062 4559 venire
1112 4503 1437 4571 tentaverit,
1464 4505 1720 4560 secundo
1752 4509 1864 4560 ter-
1898 4522 1944 4588 ι)
1976 4502 2173 4559 fratris
2204 4499 2387 4557 nostri
2417 4498 2788 4588 Carnotensis
2818 4498 3075 4573 episcopi
3124 4499 3417 4558 adhibete.
3451 4502 3617 4567 Quod

214 4594 368 4648 tiove
415 4593 836 4662 commonitus,
886 4593 936 4650 si
986 4610 1101 4648 non
1170 4592 1566 4648 satisfactione
1608 4609 1866 4666 congrua

215 4682 774 4749 emendaverit,cum
798 4681 1038 4737 honoris
1055 4681 1145 4737 sui
1167 4686 1226 4737 et
1251 4680 1426 4736 ofﬁcii
1452 4680 1708 4753 periculo
1730 4683 1869 4737 sub-

209 4772 407 4843 jacere
426 4771 823 4838 decernimus,
844 4776 903 4827 et
929 4788 964 4827 a
991 4769 1208 4826 Christi
1247 4773 1422 4841 atque
1454 4769 1720 4826 Ecclesiae
1750 4788 1872 4827 cor-

214 4876 357 4932 pore
384 4861 733 4916 auctoritate
766 4861 1070 4933 potestatis
1100 4858 1431 4931 apostolicae
1462 4874 1865 4932 segregamus.

215 4946 715 5006 Conservantibus
743 4955 941 5005 autem
970 4966 1085 5022 pax
1116 4966 1149 5003 a
1193 4948 1308 5004 Deo
1362 4951 1420 5002 et
1469 4947 1870 5005 misericordia

216 5037 608 5109 prasentibus
630 5056 700 5096 ac
732 5039 946 5095 futuris
974 5037 1206 5097 saeculis
1238 5041 1629 5093 conservetur.
1662 5039 1865 5105 Amen,

213 5142 413 5196 amen,
445 5142 642 5184 amen.

287 5214 500 5273 Datum
534 5234 638 5290 per
666 5233 909 5275 manum
935 5215 1184 5272 Joannis
1206 5216 1265 5271 S.
1312 5214 1379 5270 R.
1404 5215 1466 5270 E.
1499 5214 1726 5270 diaconi
1749 5230 1870 5271 car-

215 5303 656 5379 dinalis,pridie
680 5307 815 5365 Idus
835 5302 1446 5372 Octobris,indictione
1474 5291 1685 5377 prima,
1713 5319 1867 5359 anno

213 5393 533 5451 Dominieaa
564 5395 986 5452 incarnationis
1012 5391 1323 5450 millesimo
1364 5392 1744 5467 nonagesimo
1774 5408 1866 5451 se-

215 5483 431 5552 cundo,
460 5483 838 5559 pontificatus
879 5488 1075 5544 autem
1106 5481 1327 5544 domini
1389 5480 1605 5542 Urbani
1634 5482 1681 5543 ll
1709 5499 1866 5549 anno

216 5572 444 5654 quinto.

1976 4592 2025 4647 si
2043 4587 2281 4646 monitis
2304 4588 2532 4654 vestris,
2563 4586 2819 4659 qnieum
2852 4588 3024 4661 cepit,
3056 4591 3457 4664 obtemperare
3482 4607 3621 4648 con-

1980 4678 2413 4751 tempserit,vos
2432 4677 2695 4748 etipsum
2706 4679 3297 4737 excommunicationi
3323 4677 3618 4752 subjicite,

1978 4766 2301 4824 etcastellis
2327 4768 2385 4821 in
2412 4766 2867 4838 quibuscunque
2889 4783 3022 4822 eum
3045 4768 3435 4840 retinuerit,et
3453 4773 3621 4825 terra

1978 4856 2106 4926 ejus
2136 4854 2397 4909 divinum
2430 4854 2686 4909 ofﬁcium
2732 4855 3082 4922 interdicite,
3106 4873 3178 4911 ne
3208 4856 3427 4913 similia
3456 4858 3623 4914 dein-

1979 4961 2114 5016 ceps
2145 4942 2203 4998 iu
2229 4942 2370 4998 viris
2404 4941 2583 5011 hujus
2631 4941 2853 4999 Ordinis
2883 4947 3335 5014 praesumantur.
3369 4943 3441 4999 Ut
3468 4945 3622 5000 ordi-

1977 5049 2111 5089 nem
2142 5035 2400 5087 vestrum
2433 5029 2698 5103 diligitis,
2728 5031 2812 5088 ita
2838 5030 2948 5088 hoc
2996 5030 3315 5091 accelerare
3344 5032 3619 5092 omnibus

1979 5122 2170 5177 modis
2200 5120 2499 5193 satagetis.
2531 5119 2750 5176 Valete.

2050 5210 2195 5267 Data
2223 5213 2383 5267 sexto
2426 5207 2719 5267 Kalendas
2767 5205 3128 5276 Novembris,
3160 5222 3316 5265 anno
3354 5206 3622 5271 videlicet

1977 5299 2079 5356 Dei
2107 5299 2322 5357 Christi
2354 5297 2513 5361 1092.
