3998 6158
395 312 508 381 355

1128 453 1311 509 LXIX.

399 544 603 616 Urbani
632 544 681 599 II
724 543 957 616 epislola
997 543 1068 598 ad
1125 541 1445 616 ϐοῙῙνίιιαηξζ
1473 540 1721 616 abbaleihn
1755 538 2038 616 Altini

464 609 883 684 Andegavcizsis,
928 618 979 669 cl.
1001 609 1324 674 Bcrnoa'cm,
1356 610 1623 675 abbatem,
1659 610 1711 663 S.
1754 609 2035 684 Trinitatis

470 681 900 743 Vimlocinensis.
928 717 992 725 —
1027 686 1153 738 Illos
1183 684 1434 737 hortatur
1456 685 1515 735 ut
1556 697 1714 737 suam
1753 681 1817 736 de
1847 695 2036 734 eorum

466 760 830 814 controversia
858 757 1185 812 sententiam
1217 756 1521 809 observent.

1016 854 1202 923 (Anno
1234 852 1419 922 109?.)

813 952 1047 1021 [MANSI,
1083 950 1289 1007 Concil.
1323 949 1436 1017 xx,
1467 948 1618 1020 6811.]

387 1099 395 1105 ν
465 1078 731 1134 URBANL'S
754 1076 1086 1147 episcopus,
1106 1091 1310 1131 servus
1349 1089 1649 1129 servorum
1666 1070 1789 1138 Dei,
1811 1069 2039 1126 dilectis

394 1168 452 1223 in
471 1166 700 1221 Christo
725 1164 860 1220 tiliis
879 1165 1169 1221 Gorrmeo
1201 1161 1395 1218 abbati
1427 1160 1623 1217 Sancti
1635 1159 2041 1217 AlbiniAnde-

392 1254 685 1329 gavensis,
707 1260 762 1309 et
779 1254 1035 1309 BERNONI
1050 1253 1243 1307 abbati
1259 1252 1483 1307 Sanctae
1502 1249 1809 1305 Trinitatis
1830 1247 2041 1303 Vindo-

391 1343 671 1410 cinensis,
705 1342 953 1397 salutem
976 1346 1031 1396 et
1060 1339 1443 1412 apostolicam
1476 1336 1962 1393 benedictionem.

386 1455 392 1460 ο
460 1435 626 1488 Anno
656 1430 971 1487 Dominicis
1020 1427 1439 1484 incarnationis
1470 1426 1628 1492 4092,
1663 1425 2037 1497 pontiﬁcatus

391 1521 573 1577 nostri
614 1537 669 1587 v,
730 1519 1044 1574 indictione
1103 1533 1142 1583 ι,
1189 1533 1324 1572 cum
1383 1531 1575 1571 essem
1621 1514 1679 1571 in
1738 1511 2038 1587 provincia

389 1609 668 1666 Calabriae
724 1608 877 1679 apud
929 1606 1349 1661 monasterium
1397 1608 1619 1659 Sanctae
1664 1601 1858 1658 Mariae
1906 1617 2034 1672 qua:

391 1698 607 1754 dicitur
623 1698 693 1752 de
711 1697 947 1764 Matina,
974 1694 1242 1750 monachi
1284 1693 1481 1748 Sancti
1515 1692 1730 1755 Albini,
1754 1690 2034 1745 Girardus

1700 288 1769 375 Β.
1816 312 2105 377 ΙΠὶΒΑΝΙ
2154 313 2203 375 n
2248 309 2497 374 eam.

3678 307 3802 374 336

2066 454 2115 520 Α
2150 447 2552 504 docincnsium
2611 448 2853 502 fratrum
2910 446 3275 503 refutarunt:
3335 445 3801 501 Vindocinenses

2148 553 2279 592 vero
2312 554 2489 592 unam
2538 536 3010 609 supradictarum
3068 536 3448 592 ecclesiarum
3494 535 3550 590 in
3585 552 3800 590 manus

2149 629 2380 681 nostras
2410 625 2813 692 reddiderunt,
2844 631 2903 681 ct
2949 643 3051 699 per
3073 643 3178 682 nos
3204 625 3439 681 eosdem
3476 623 3799 681 monachos

2150 714 2547 771 investierunt.
2580 715 2851 770 Praesenti
2889 714 3069 788 igitur
3093 714 3432 771 auctoritate
3468 713 3796 769 fraternita-

2146 806 2263 857 tem
2282 808 2533 858 vestram
2550 804 2956 872 admonemus,
2979 807 3035 859 et
3048 802 3509 876 praecipimnsmt
3529 801 3637 857 hoc
3668 819 3800 874 pae-

2147 896 2273 947 tum
2298 908 2332 946 a
2358 891 2526 947 nobis
2543 891 2864 947 intentione
2886 892 3045 964 pacis
3063 897 3119 946 et
3144 890 3357 963 quietis
3374 890 3726 963 dispositum
3740 895 3799 946 et

2147 984 2456 1049 statutum,
2489 981 2647 1035 omni
2674 985 2933 1053 tempore
2979 980 3249 1051 deinceps
3278 984 3470 1035 ratum
3502 984 3560 1035 et
3590 980 3796 1037 incon-

2146 1084 2389 1123 cussum
2420 1068 2666 1124 teneatis
2711 1073 2769 1124 et
2815 1067 3151 1124 observetis.
3186 1068 3556 1140 Quaecunque
3594 1072 3793 1125 autem

2146 1173 2280 1228 pars
2312 1157 2464 1212 hanc
2487 1161 2698 1212 nostra:
2722 1156 3035 1213 decisionis
3079 1156 3430 1212 sententiam
3455 1174 3568 1211 non
3593 1174 3794 1212 susce-

2145 1245 2320 1318 perit,
2340 1244 2427 1301 vel
2474 1245 2804 1318 transgredi
2843 1245 3300 1318 praesumpserit,
3335 1249 3452 1300 tam
3499 1262 3795 1301 canonum

2144 1335 2434 1391 severitati
2467 1334 2785 1406 subjaceat,
2821 1351 2995 1406 quam
3038 1334 3310 1407 legitimas
3350 1335 3794 1406 compositionis

2144 1440 2396 1496 pmnam,
2430 1424 2486 1478 Id
2518 1428 2606 1480 est
2637 1424 2764 1480 auri
2794 1428 3027 1479 centum
3051 1423 3334 1479 librarum
3366 1423 3653 1478 sustineat
3678 1428 3736 1478 et
3758 1440 3795 1479 a

2143 1529 2323 1567 causa
2351 1513 2585 1585 penitus
2623 1514 2814 1568 cadat.

2216 1601 2358 1656 Data
2386 1601 2618 1656 Tarenti
2653 1619 2750 1656 vni
2785 1600 2906 1657 Kal.
2943 1602 3210 1658 Decemb.

2890 1708 3047 1763 LXX.

390 1786 571 1889 Eri.on
596 1783 1126 1889 ξίξίονιδδθξξξθῐξυε.»
1152 1784 1430 1889 δάνίξςειξδ
1460 1779 1779 1889 ωοξιθοθῇοδ
1810 1779 2033 1877 Sanam
2066 1823 2111 1889 B
2182 1796 2385 1853 Urbani
2417 1799 2468 1852 ll
2494 1798 2715 1889 epistola
2748 1797 2817 1852 ad
2850 1796 3743 1889 [tabertuin'FlaLm‘lriéecomitem.

389 1874 814 1931 Trinitatis'de
882 1871 1218 1933 Viudocino,
1271 1870 1693 1925 Frotmundum
1752 1867 2027 1939 priorem,

390 1963 772 2038 Ingebaldum
803 1961 1129 2023 ostiarium,
1164 1959 1263 2031 qui
1287 1963 1598 2031 praesentes
1624 1958 1867 2012 aderant
1894 1971 2031 2009 con-

390 2053 578 2125 questi
613 2057 754 2107 sunt
794 2050 947 2122 quod
996 2048 1454 2104 Vindocinenses
1487 2048 1693 2101 fratres
1725 2044 2031 2101 ecclesiam

390 2141 587 2196 Sancti
636 2138 953 2194 Clementis
1012 2135 1421 2203 Credonensis,
1453 2152 1579 2207 qua:
1640 2152 1674 2190 a
1729 2131 2033 2188 monachis

388 2230 586 2285 Sancti
617 2227 808 2283 Albini
833 2228 994 2297 justo
1044 2226 1366 2280 secundum
1418 2224 1650 2280 illorum
1701 2227 2032 2294 temporum

388 2308 1258 2390 consuetudinemacquisita,et
1272 2330 1372 2385 per
1385 2312 1625 2385 triginta
1640 2328 1825 2367 annos
1839 2309 2033 2380 quiete

389 2414 447 2463 et
476 2408 603 2463 sine
649 2404 1070 2476 interruptione
1133 2418 1422 2475 possessa,
1455 2401 1735 2457 violenter
1777 2399 2031 2455 ablatam

389 2497 606 2568 injuste
635 2494 980 2549 detinerent.
1013 2491 1121 2555 Qui
1160 2508 1294 2546 cum
1344 2490 1467 2547 suis
1527 2488 1936 2545 instrumentis
1976 2490 2034 2541 et

386 2584 716 2641 rationibus
728 2598 966 2639 causam
982 2597 1150 2636 suam
1166 2580 1474 2636 defendere
1491 2576 2031 2649 niterentur,primo

389 2666 481 2730 die
500 2670 972 2746 proclamationis
987 2686 1082 2726 res
1104 2669 1201 2724 diu
1226 2674 1283 2724 et
1302 2668 1552 2724 multum
1576 2666 1849 2723 ventilata
1872 2664 2031 2720 nullo

390 2763 578 2835 potuit
607 2762 720 2816 ﬁne
749 2758 1074 2825 terminari,
1108 2758 1365 2813 secundo
1423 2773 1556 2811 vero
1613 2755 1706 2811 die
1761 2752 2032 2809 similiter

391 2851 642 2907 multum
676 2848 1040 2913 discussa,ad
1067 2845 1296 2901 nullum
1320 2852 1511 2900 tamen
1545 2849 1634 2900 est
1655 2845 1829 2898 tinem
1856 2843 2033 2897 dedu-

390 2940 601 3009 cta,die
614 2944 809 2996 autem
833 2936 1108 3004 tertio,xu
1128 2933 1346 2991 scilicet
1364 2934 1651 2989 Kalendas
1673 2931 2030 2995 Decembris,

390 3020 780 3085 residentibus
837 3026 1005 3081 nobis
1062 3026 1119 3079 in
1185 3022 1447 3096 Anglone
1506 3022 1736 3078 civitate
1785 3019 2028 3092 Apuliae,

388 3116 836 3192 praesidentibus
858 3114 1144 3187 religiosis
1157 3118 1211 3169 et
1224 3112 1653 3168 venerabilibus
1667 3118 1787 3166 tam
1817 3108 2035 3181 episco-

2428 1900 2493 1910 -—
2524 1868 2589 1925 l’t
2615 1886 2647 1923 a
2678 1868 2940 1924 vetandis
2969 1869 3184 1924 clericis
3213 1869 3499 1924 abstineat.

2764 1960 2952 2027 (Anno
2984 1957 3167 2025 4092.)
3487 1957 3491 1961 ’

2560 2046 2793 2117 [Massa
2827 2047 3034 2103 Concil.
3069 2046 3182 2117 XX,
3209 2047 3361 2115 745.)

2217 2135 2492 2191 Uaaaxus
2518 2136 2847 2208 episcopus,
2881 2152 3081 2191 servus
3111 2152 3412 2191 servorum
3446 2134 3790 2203 Dei,dilecto

2146 2224 2262 2279 tilio
2295 2240 2399 2279 suo
2425 2224 2714 2294 Bonnam,
2748 2225 2926 2280 totius
2978 2223 3259 2280 Flandriaa
3303 2229 3539 2280 strenuo
3589 2224 3788 2294 militi,

2143 2312 2394 2369 salutem
2415 2318 2471 2368 et
2500 2312 2881 2385 apostolicam
2906 2313 3388 2369 benedictionem.

2215 2403 2526 2469 Memento,
2556 2401 2902 2458 charissima
2937 2402 3039 2469 ﬁli,
3074 2406 3357 2475 quantum
3400 2402 3789 2476 omnipotenti

2143 2491 2257 2547 Deo
2289 2492 2629 2563 debeas,qui
2652 2496 2705 2547 te
2735 2498 2937 2548 contra
2957 2491 3315 2548 voluntatem
3340 2496 3791 2564 parentumtuo-

2144 2598 2273 2635 rum
2298 2580 2368 2636 de
2383 2598 2559 2653 parvo
2582 2598 2884 2654 magnum,
2918 2582 2989 2637 de
3010 2598 3263 2653 paupere
3282 2581 3542 2653 divitem,
3574 2583 3645 2638 de
3674 2581 3786 2637 hu-

2143 2668 2267 2724 mili
2290 2668 2611 2742 gloriosum
2634 2670 2957 2742 principem
3002 2670 3154 2738 fecit,
3187 2675 3245 2725 et
3274 2671 3428 2743 quod
3461 2671 3786 2727 maximum

2142 2763 2250 2826 est,
2286 2760 2436 2814 inter
2466 2758 2659 2815 sazculi
2695 2759 2984 2831 principes
3014 2777 3231 2825 rarum,
3258 2760 3390 2815 dote
3431 2752 3785 2827 litterarum,

2143 2846 2394 2903 scientiae
2413 2852 2588 2920 atque
2601 2846 2896 2921 religionis
2918 2848 3170 2904 donavit.
3194 2844 3334 2920 Ejus
3357 2849 3537 2921 igitur
3562 2866 3790 2905 memor

2142 2942 2285 3001 esto,
2322 2937 2419 3008 qui
2454 2941 2509 2993 te
2532 2935 2704 2993 talem
2733 2937 2867 2993 fecit
2887 2942 2939 2992 et
2967 2936 3444 2993 omnibusmodis
3458 2936 3690 2994 elabora
3720 2943 3790 2995 ut

2143 3027 2319 3081 tantis
2368 3026 2664 3081 beneﬁciis
2713 3042 2828 3082 non
2878 3026 3191 3081 invenieris
3240 3025 3525 3097 ingratus.
3555 3026 3788 3083 Honora

2141 3113 2320 3187 igitur
2349 3131 2483 3170 eum
2515 3114 2572 3170 in
2605 3114 2877 3171 Ecclesiis
2909 3116 3054 3185 suis,
3090 3119 3147 3171 et
3169 3114 3415 3171 ulterius
3454 3116 3563 3171 sub
3585 3115 3786 3187 aliqua

386 3190 501 3279 pis,
528 3222 706 3278 quam
737 3206 959 3260 Sanctae
989 3204 1258 3258 Romanis
1308 3201 1572 3257 Ecclesiae
1608 3196 2028 3264 cardinalibus,

2152 3203 2441 3260 )ccasione
2488 3220 2586 3260 eos
2645 3203 3080 3276 qualescunque
3130 3204 3249 3259 sint
3292 3220 3496 3260 vexare
3540 3202 3784 3261 minime

386 3297 506 3352 sive
526 3292 1229 3361 diaconibus;astantibns
1242 3290 1418 3346 etiam
1435 3289 1728 3344 nobilibus
1752 3286 2029 3342 Romanis

385 3393 442 3443 et
470 3383 783 3441 comitibus
826 3381 1046 3453 Apulia:
1104 3377 1567 3452 gloriosissimis,
1603 3378 1925 3431 Boamunte
1972 3378 2031 3430 et

386 3474 696 3531 Guillelmo
722 3491 736 3539 ;
760 3487 820 3526 re
848 3470 1062 3526 iterum
1093 3468 1192 3523 diu
1215 3474 1271 3523 et
1293 3466 1543 3522 multum
1568 3464 1867 3537 inquisita,
1900 3469 2027 3518 tan-

385 3564 518 3618 dem
554 3561 873 3633 inspirante
895 3560 1004 3614 Deo
1024 3557 1275 3612 lucidius
1312 3556 1495 3612 eluxit
1534 3555 1591 3609 in
1632 3571 1809 3626 quam
1833 3554 2028 3625 potius

387 3656 606 3723 partem
636 3647 874 3720 justitia
893 3646 1229 3702 declinaret.
1262 3645 1406 3700 Cum
1430 3643 1587 3699 enim
1617 3648 1861 3714 utraque
1894 3658 2028 3713 pars

384 3739 512 3795 suis
540 3740 707 3794 nobis
723 3734 1522 3806 allegationibusobviaret,et
1542 3731 1678 3786 hinc
1701 3730 2029 3802 pactionem

386 3829 688 3893 abbatum,
734 3823 1235 3881 conﬁrmationem
1312 3821 1676 3894 pontiﬁcum,
1755 3820 2027 3874 Romanae

387 3916 649 3974 Ecclesiae
663 3914 1009 3987 legatorum,
1034 3910 1192 3966 illinc
1205 3928 1335 3967 vero
1355 3908 1681 3983 legitimum
1700 3907 2026 3975 introitum,

383 4012 441 4065 et
467 4006 810 4063 canonicam
832 4003 1072 4075 triginta
1093 4016 1380 4056 annorum
1405 3999 1836 4071 possessionem
1860 3996 2028 4053 nobis

306 4123 309 4127 ·
384 4098 875 4169 opponerent,nos
896 4090 997 4163 qui
1028 4090 1292 4146 omnium
1329 4088 1589 4144 ﬁdelium
1621 4103 1832 4143 causas
1863 4103 2030 4159 aequa

385 4185 551 4242 lance
564 4200 809 4257 pensare
829 4179 1448 4250 debemus,utriusque
1471 4178 1709 4233 utilitati
1732 4176 2031 4248 providen-

383 4280 491 4341 tes,
524 4275 712 4345 ipsam
746 4271 908 4326 litem
955 4269 1276 4325 concordiie
1334 4266 1729 4323 convenientis
1758 4265 2028 4337 aequitate

384 4362 648 4419 decidere
694 4359 1033 4414 maluimus.
1077 4358 1292 4413 Omnes
1339 4356 1520 4429 igitur
1566 4354 1665 4426 qui
1720 4354 2027 4409 nobiscum

389 4452 630 4507 aderant
646 4449 797 4503 hanc
819 4447 1169 4503 sententiam
1188 4442 2026 4511 collaudantes,consentienti-

389 4542 500 4595 bus
529 4537 819 4610 praadictis
876 4536 1212 4625 utriusque“
1241 4533 1499 4625 cnanebii
1546 4531 1847 4625 fratribus,
1880 4537 1936 4587 et
1966 4531 2025 4587 in
2058 4561 2105 4625 Β

386 4644 600 4684 manus
630 4631 862 4681 nostras
896 4625 1067 4678 ﬁdem
1103 4622 1429 4695 pollicendo
1471 4620 1864 4685 ﬁrmantibus,
1896 4637 2028 4677 con-

386 4716 583 4773 cordia
623 4720 680 4770 et
725 4731 836 4786 pax
880 4712 1029 4767 inter
1080 4727 1178 4767 eos
1211 4712 1319 4767 hoc
1378 4710 1549 4765 modo
1593 4709 1783 4786 posita
1812 4714 1933 4778 est;
1967 4712 2032 4764 ut

387 4805 609 4862 Scilicet
626 4802 1083 4858 Vindocinenses
1114 4798 1382 4854 monachi
1420 4799 1490 4854 de
1520 4798 1612 4854 his
1644 4780 2027 4854 tribuseccle-

387 4890 932 4962 siis,autecclesiam
949 4889 1297 4944 Manitilium
1315 4888 1401 4943 vel
1423 4889 1615 4943 Sancti
1632 4887 2035 4956 Saturnini,si-

385 4999 453 5040 ve
465 4980 914 5041 SanctiJoannis
931 4997 1110 5051 supra
1123 4979 1579 5050 Ligerim,unam
1598 4995 1772 5049 quam
1793 4993 2032 5049 congre-

388 5072 542 5144 gatio
568 5077 687 5127 tota
709 5071 932 5126 Sancta:
961 5067 1263 5123 Trinitatis
1300 5065 1557 5138 elegerit,
1590 5082 1723 5122 cum
1756 5067 2032 5121 omnibus

389 5176 516 5231 quas
548 5161 618 5216 ad
648 5160 914 5215 eamdem
965 5156 1269 5213 ecclesiam
1317 5161 1438 5211 tam
1489 5156 1805 5211 mobilibus
1851 5172 2032 5227 quam

389 5246 791 5304 immobilibus
813 5247 1061 5303 interius
1076 5244 1449 5317 exteriusque
1480 5245 1550 5299 ad
1576 5260 1832 5316 praasens
1855 5245 2030 5315 perti-

391 5341 552 5402 nent,
574 5336 726 5392 infra
740 5338 865 5393 dies
889 5336 1131 5410 triginta
1163 5339 1475 5408 postquam
1492 5335 1733 5389 domum
1757 5333 2034 5390 redierint

390 5425 746 5481 monasterio
788 5426 981 5483 Sancti
1023 5424 1219 5481 Albini
1274 5423 1333 5479 in
1383 5428 1728 5495 perpetuum
1775 5424 2029 5479 tradant.

390 5518 619 5571 Fratres
653 5512 845 5588 itaque
875 5519 931 5570 S.
965 5514 1159 5570 Albini
1205 5528 1438 5569 omnem
1486 5510 1647 5567 litem
1681 5528 2033 5585 omnemque

391 5602 749 5675 calumniam
779 5620 848 5662 ex
879 5620 1057 5664 causa
1086 5603 1196 5663 hac
1228 5601 1286 5661 in
1311 5619 1522 5663 manus
1554 5606 1783 5661 nostras
1815 5607 1871 5660 et
1899 5603 2031 5661 Vin-

2140 3310 2604 3365 przesumas,nec
2634 3309 2835 3350 eorum
2871 3292 3085 3366 priedia
3116 3293 3173 3348 in
3207 3298 3343 3349 tuos
3365 3310 3509 3349 usus
3538 3298 3670 3365 post
3689 3309 3782 3349 eo-

2139 3398 2270 3437 rum
2301 3382 2517 3438 exitum
2543 3381 2922 3455 redigas.l\'cc
2943 3382 3253 3454 pecuniam
3284 3399 3388 3439 seu
3419 3372 3783 3454 quaecunque

2138 3472 2209 3528 de
2231 3471 2582 3544 patrimonio
2609 3488 2714 3528 suo
2745 3471 2831 3527 eis
2860 3471 3189 3540 dimittunt,
3215 3471 3492 3528 violenter
3524 3472 3775 3529 auferas.

2139 3560 2247 3616 Sed
2284 3559 2466 3616 libera
2496 3561 2574 3616 sit
2604 3559 2688 3616 eis
2722 3559 2964 3616 facultas
3007 3565 3063 3615 ct
3113 3561 3226 3616 Deo
3258 3560 3565 3624 serviendi,
3598 3563 3657 3615 et
3686 3576 3780 3616 res

2139 3648 2229 3704 sui
2273 3648 2607 3721 patrimonii
2669 3649 2998 3722 cuicunque
3040 3647 3325 3704 voluerint
3376 3648 3782 3719 impendendi.

2139 3738 2297 3801 Quod
2315 3739 2359 3793 si
2382 3738 2692 3811 prmtendis
2707 3737 2814 3794 hoc
2829 3755 2897 3794 ex
2909 3739 3149 3810 antiquo
3168 3754 3277 3793 usu
3294 3736 3352 3792 in
3369 3743 3523 3792 terra
3538 3740 3639 3793 tua
3654 3754 3787 3809 pro:

2138 3828 2404 3895 cessisse,
2426 3827 2573 3882 scire
2586 3827 2761 3884 debes
2782 3828 3107 3884 Creatorem
3131 3832 3295 3883 tuum
3318 3825 3564 3882 dixisse:
3601 3849 3629 3876 ‹‹
3662 3826 3784 3899 Ego

2138 3932 2269 3971 sum
2291 3916 2526 3983 veritas,
2555 3939 2580 3963 ››
2606 3932 2718 3971 non
2744 3920 2937 3971 autem
2960 3933 3102 3971 usus
3123 3915 3209 3971 vel
3231 3915 3614 3971 consuetudo.
3645 3914 3781 3977 Qum

2138 4019 2273 4076 ergo
2305 4004 2584 4072 diximus,
2610 4003 2688 4059 ﬁli
2711 4003 3075 4071 charissime,
3109 4002 3380 4060 volumus
3409 4008 3468 4059 et
3496 4019 3599 4076 per
3626 4002 3782 4058 beati

2137 4092 2530 4165 apostolorum
2557 4092 2839 4165 principis
2861 4092 3050 4148 claves
3083 4092 3456 4165 praecipimus
3487 4098 3552 4147 ut
3582 4092 3779 4148 obser-

2136 4199 2254 4250 ves,
2287 4187 2345 4237 et
2374 4200 2551 4255 super
2580 4181 2847 4238 libertate
2878 4181 3223 4238 clericorum
3254 4187 3311 4237 te
3354 4180 3650 4237 Christum
3684 4181 3787 4236 ho-

2139 4271 2799 4327 norantemhonoriﬁces
2825 4289 2838 4326 :
2871 4272 2995 4343 ipse
3016 4287 3147 4327 vero
3168 4270 3536 4349 attestatione
3568 4270 3659 4326 sui
3691 4269 3784 4342 ip-

2138 4359 2263 4415 sius
2298 4360 2776 4415 honoriﬁcantem
2804 4378 2865 4416 se
2897 4358 3323 4416 honoriticabit.
3360 4359 3518 4416 Vale.

2208 4450 2353 4506 Data
2379 4449 2703 4506 Castraneti
2738 4467 2793 4505 1v
2822 4449 3017 4505 Nonas
3050 4448 3404 4504 Decembris.

2749 4575 2761 4584 '
2866 4563 3051 4619 LXXI.

2144 4655 2350 4710 Urbani
2380 4654 2425 4707 Il
2454 4653 2680 4723 epistola
2727 4653 2796 4707 ad
2818 4653 3025 4707 clerum
3066 4657 3117 4708 et
3153 4653 3416 4725 populum
3462 4653 3789 4708 Atrebaten-

2209 4742 2341 4780 sem.
2376 4755 2441 4764 -
2476 4725 2557 4787 Ut,
2618 4740 2841 4779 excusso
2874 4726 3009 4795 jugo
3070 4725 3475 4780 Cameracensis
3527 4725 3785 4795 episwpi,

2211 4798 2519 4867 episcopum
2550 4795 2758 4864 eligant
2787 4812 2821 4850 a
2848 4794 3266 4866 metropolitano
3306 4794 3747 4852 consecrandum.

2763 4884 2949 4954 (Anno
2981 4884 3163 4955 1092.)

2567 4972 2800 5041 [Mans],
2835 4972 3038 5028 Concil.
3073 4961 3186 5039 XX,
3208 4973 3360 5043 67L]

2214 5071 2482 5127 URBANUS
2513 5071 2843 5142 episcopus,
2892 5087 3095 5126 servus
3144 5087 3444 5127 servorum
3478 5070 3598 5138 Dei,
3630 5070 3786 5127 clero

2141 5166 2198 5215 et
2229 5158 2441 5232 populo
2470 5158 2857 5226 Atrebatensi,
2892 5157 3144 5216 salutem
3175 5162 3233 5214 et
3279 5155 3658 5231 apostolicam
3691 5157 3791 5213 be-

2137 5248 2553 5305 nedictionem.

2212 5335 2607 5392 Atrebatensis
2639 5335 2911 5404 Ecclesia,
2945 5354 3063 5393 una
3093 5353 3160 5392 ex
3190 5334 3575 5393 nobilioribus
3596 5333 3790 5390 Eccle-

2143 5426 2247 5482 siis
2267 5423 2737 5497 comprovinciali
2747 5425 2856 5480 bus
2874 5426 3180 5483 Remensis
3204 5423 3563 5497 metropolis,
3579 5421 3790 5480 solem~

2143 5513 2315 5573 nibus
2345 5529 2635 5569 canonum
2662 5515 3064 5573 monumentis
3105 5516 3241 5584 feta,
3276 5508 3414 5569 olim
3446 5511 3791 5586 principalis

2142 5603 2309 5662 sedes
2333 5602 2704 5680 episc0patus
2733 5603 3173 5683 fuit,pr0prium
3194 5603 3531 5681 pontiﬁcem
3558 5593 3787 5679 habuit;
