3998 6158
395 240 514 307 3ὅ9

1692 236 1763 303 Β.
1813 237 2113 308 UItBANI
2152 244 2203 304 ΙΙ
2252 244 2504 307 ΡΑΡΔΞ.

3683 242 3807 311 360

392 385 506 446 tur,
540 394 864 451 suspensus
912 395 947 434 a
995 377 1341 435 sacerdotali
1394 378 1582 434 ofﬁcio
1629 382 1967 449 permaneat
2019 394 2031 432 z
2065 380 2119 445 Α
2148 378 2279 433 dem
2314 378 2577 434 Ecclesia
2610 379 2785 433 frater
2815 380 3011 433 noster
3032 374 3300 432 Dolensis
3323 375 3805 447 archiepiscopus

393 470 548 542 quod
582 469 630 523 si
664 468 911 525 fortasse
939 467 1207 527 Ecclesia:
1231 467 1451 524 utilitas
1475 465 1815 539 exegerit,ut
1836 478 2036 521 curam

392 557 697 631 regiminis
745 561 1033 621 assumat,
1086 555 1256 611 liccat
1302 555 1353 611 ei
1401 573 1469 610 ex
1525 554 1898 611 concessione
1946 554 2036 610 sui

391 646 647 723 episcopi
680 647 1043 718 fratrumque
1084 644 1411 700 obedientia
1460 642 1805 700 sacerdotali
1846 643 2037 699 otlicio

391 737 578 810 fungi.

1077 820 1344 877 LXXVII.

392 916 598 973 Urbani
623 928 784 985 papa:
812 914 863 968 II
889 912 1116 985 cpistola
1152 910 1223 985 ad
1269 912 1546 985 universos
1592 912 1863 985 episcopos
1907 913 2037 967 Bri-

458 982 787 1041 tanniL'Bf—
815 982 1037 1039 Dolensi
1060 984 1314 1055 episcopo
1341 982 1580 1039 concedit
1594 984 1854 1054 pallium,
1886 985 2034 1040 salvo

445 1059 575 1129 jure
600 1057 918 1111 Turonensis
946 1053 1226 1112 Ecclesia.

1008 1145 1195 1215 (Anno
1229 1142 1412 1213 1093.)

605 1232 917 1307 [MARTEN.,
954 1232 1258 1289 Theseum:
1287 1231 1498 1299 anecd.,
1532 1231 1627 1297 III,
1658 1233 1809 1303 878.]

453 1323 767 1397 Expetendi
802 1321 962 1395 pallii
994 1321 1182 1396 gratia
1227 1321 1518 1377 confrater
1548 1325 1746 1377 noster
1777 1322 1843 1378 It.
1873 1321 2029 1393 [Rol—

381 1413 639 1484 lendus],
667 1410 931 1468 Dolensis
973 1409 1283 1484 episcopus
1333 1414 1530 1466 nostro
1576 1427 1637 1466 se
1693 1411 2029 1483 conspectui

380 1505 825 1575 repraesentans,
859 1499 1043 1556 sancti
1076 1497 1518 1572 pradecessoris
1547 1500 1731 1554 nostri
1770 1499 2029 1573 Gregorii

380 1592 481 1647 VII
510 1591 736 1647 litteras
767 1588 1001 1653 obtulit,
1034 1605 1184 1661 quas
1212 1588 1367 1646 idem
1399 1588 1751 1661 apostolicus
1775 1589 2030 1661 pontifex

381 1698 486 1753 pro
542 1681 732 1735 Eveno
788 1678 1019 1734 Dolensi
1080 1678 1352 1751 episcopo
1407 1682 1610 1733 vestra
1682 1676 2024 1733 fraternitati

382 1766 1026 1826 mandaverat.lllarum
1060 1766 1255 1837 itaque
1288 1765 1610 1821 litterarum
1634 1770 1833 1822 tenore
1853 1764 2030 1821 conti-

384 1858 632 1914 uehatur
647 1855 801 1927 quod
828 1854 1016 1909 eidem
1046 1854 1237 1909 Eveno
1254 1852 1563 1924 praedictus
1591 1853 1848 1925 pontifex
1868 1852 2029 1925 pallii

382 1963 558 2002 usum
591 1962 692 2018 pro
723 1949 913 2000 vestra
938 1950 995 2000 et
1016 1943 1196 1999 totius
1229 1942 1533 2014 provincia
1564 1942 1872 1999 dilectione
1892 1959 2026 1999 con-

382 2035 716 2102 cesserit,ea
745 2033 1075 2090 conditione
1108 2031 1371 2088 intersita
1384 2036 1783 2104 ut0pportuno
1805 2037 2029 2105 tempo-

382 2141 443 2181 re
462 2124 731 2181 exhibere
752 2139 812 2179 se
834 2121 1168 2177 nullatenus
1190 2125 1484 2176 recusaret
1505 2120 1573 2176 ad
1598 2119 2026 2177 discutiendam

381 2211 808 2286 querimoniam
842 2227 1021 2282 quam
1054 2210 1414 2265 Turonensis
1453 2208 1925 2282 archiepiscopus
1956 2211 2028 2267 de

380 2300 739 2373 subjectione
762 2299 917 2355 sedis
940 2298 1180 2364 illius,et
1208 2298 1279 2353 de
1311 2302 1518 2370 negata
1537 2298 1648 2354 sibi
1673 2299 2022 2369 obedientia,

369 2390 727 2464 jampridem
759 2388 913 2460 apud
944 2404 1113 2442 suam
1131 2391 1187 2443 et
1206 2391 1644 2443 antecessorum
1677 2405 1917 2444 suorum
1943 2389 2023 2444 fe-

380 2485 535 2536 cerat
581 2477 960 2534 audientiam.
995 2476 1274 2548 Sequitur
1328 2481 1461 2548 post
1515 2476 1636 2532 hac
1693 2476 1751 2532 in
1803 2477 2022 2534 eisdem

379 2568 588 2624 litteris
624 2584 673 2622 zu
698 2567 859 2633 Quod
891 2566 940 2621 si
975 2565 1195 2621 ratione
1226 2570 1282 2621 et
1295 2565 1532 2636 justitia
1564 2566 2022 2638 dcmonstrante,

377 2660 445 2713 ut
473 2655 524 2713 ei
556 2657 817 2727 subjecta
847 2671 975 2710 esse
1004 2654 1211 2709 debeat
1242 2654 1594 2726 apparuerit,
1631 2671 1738 2710 nos
1783 2655 2021 2726 quidem

378 2749 592 2803 sancta
622 2743 981 2801 Turonensis
1011 2742 1275 2799 Ecclesiae
1288 2745 1390 2815 jus
1411 2760 1586 2799 suum
1617 2745 2026 2813 conservari,et

379 2835 633 2892 debitam
664 2834 1085 2906 subjectionem
1119 2850 1151 2888 a
1181 2831 1411 2888 Dolensi
1462 2832 1719 2890 Ecclesia
1764 2834 2022 2891 exhiberi

378 2923 649 2981 volumus
680 2928 736 2978 et
765 2920 1083 2994 apostolica
1113 2920 1453 2977 auctoritate
1478 2939 1804 2979 censemus.
1839 2923 2022 2980 Usum

381 3019 575 3070 tamen
600 3010 761 3085 pallii
785 3028 900 3067 non
924 3010 1120 3066 minus
1138 3009 1272 3066 huic
1290 3011 1529 3082 suisque
1560 3013 2020 3085 successoribus,

380 3103 565 3158 donec
595 3117 797 3157 eorum
826 3099 1101 3156 introitus
1122 3103 1177 3155 et
1201 3098 1318 3155 vita
1341 3100 1658 3173 probabilis
1693 3104 2019 3171 fuerit,con-
2049 3111 2092 3179 ο

381 3191 645 3247 cedimus
675 3194 732 3245 et
755 3188 1143 3245 firmamusﬁi
1174 3204 1306 3244 vero
1337 3190 1409 3244 ab
1430 3189 1608 3262 hujus
1636 3193 2019 3264 subjectionis

370 3282 516 3354 jugo
547 3296 674 3336 eam
706 3278 957 3335 solutam
973 3294 1101 3333 esse
1124 3276 1297 3350 legali
1321 3278 1658 3334 defensione
1679 3283 2021 3355 constiterit,

380 3384 738 3442 quacunque
758 3367 871 3423 sibi
893 3366 1199 3439 dignitatis
1230 3365 1529 3440 privilegia
1549 3367 1619 3423 de
1648 3374 1853 3426 catero
1876 3388 2028 3428 com-

380 3464 571 3531 petere
603 3457 731 3512 visa
760 3455 1320 3528 fuerint,apostolica
1350 3473 1461 3511 non
1494 3457 1804 3531 denegabit
1828 3465 2027 3517 aucto-

307 3547 311 3551 ’
376 3547 721 3617 ritas,atque
750 3544 982 3600 interim
1005 3548 1069 3599 ut
1087 3543 1137 3599 ei
1160 3543 1311 3600 sicut
1334 3544 1691 3617 archiepisco
1713 3548 2027 3618 subjectio-

379 3651 514 3690 nem
535 3637 593 3690 et
613 3632 1001 3690 obedientiam
1023 3631 1342 3687 exhibeatis
1382 3635 1651 3704 praesenti
1682 3638 2027 3694 auctoritate

379 3722 849 3779 constituimus.»
884 3720 1199 3776 Pradictus
1228 3721 1424 3791 itaque
1454 3722 1744 3779 contrater
1762 3727 1820 3779 et
1840 3725 2027 3798 coepi-

377 3827 593 3883 scopus
610 3809 957 3867 Roll.coram
981 3806 1259 3865 fratribus
1282 3809 1497 3864 nostris
1520 3828 1697 3882 super
1716 3813 2026 3886 Evangelia

377 3903 581 3955 sancta
603 3897 827 3970 juravit
847 3895 987 3969 quia
1012 3913 1162 3970 papa
1188 3895 1501 3969 Gregorius
1520 3897 1624 3953 VII
1646 3899 1854 3956 harum
1877 3900 2025 3958 litte-

262 4038 269 4045 ,
376 4005 575 4043 rarum
607 3986 956 4043 sententiam
990 3985 1524 4058 miseritepiscopis
1550 3989 1943 4055 Britannia,et
1964 3992 2024 4047 in

375 4075 689 4149 exemplari
739 4075 837 4133 illo
886 4092 990 4131 nec
1035 4074 1233 4131 minus
1278 4091 1382 4132 nec
1427 4076 1683 4149 amplius
1712 4079 2026 4136 haberetur

374 4182 554 4239 quam
584 4165 645 4220 in
674 4164 886 4221 litteris
917 4181 1067 4237 quas
1094 4164 1219 4236 ipse
1241 4164 1524 4222 misit.Sic
1556 4184 1661 4223 nos
1691 4169 1764 4225 de
1788 4174 2022 4242 aposto-

375 4254 621 4311 licarum
653 4253 979 4309 litterarum
1018 4254 1257 4309 veritate
1296 4254 1531 4323 firmati,
1566 4258 1837 4327 praedicto
1885 4277 2021 4316 con-

377 4343 538 4398 fratri
572 4346 771 4398 nostro
794 4342 906 4397 sub
926 4342 1126 4397 eadem
1155 4342 1486 4399 conditione
1515 4344 1674 4416 pallii
1707 4363 1922 4404 munus
1954 4365 2024 4404 ex

374 4430 703 4502 apostolica
736 4430 892 4486 sedis
921 4429 1263 4486 liberalitate
1294 4432 1862 4490 concessimus.Eum
1884 4453 2020 4511 ergo

375 4519 449 4575 ad
495 4536 594 4574 vos
645 4517 964 4574 auxiliante
1011 4518 1257 4574 Domino
1300 4521 1685 4589 remittentes,
1728 4523 2018 4582 dilectioni

374 4612 577 4665 vestra
596 4606 805 4663 litteris
827 4607 1211 4678 praesentibus
1231 4609 1805 4680 commendamus,ut
1823 4613 2020 4687 ipsum

374 4713 507 4753 cum
540 4696 701 4753 omni
733 4695 949 4751 honore
981 4699 1036 4751 et
1067 4697 1383 4753 reverentia
1412 4700 1898 4772 suscipientes,ad
1931 4723 2020 4762 re-

375 4783 739 4841 stituendum
792 4786 1093 4855 suscepta,
1142 4783 1412 4840 Ecclesia
1470 4791 1689 4843 statum
1751 4789 2020 4849 fraternis

376 4873 683 4931 affectibus
708 4877 765 4928 et
791 4870 1002 4928 officiis
1036 4871 1343 4942 adjuvetis.

1052 4959 1344 5017 LXXVIII.

381 5051 587 5134 Urbani
608 5066 766 5178 pgsz
794 5050 845 5133 Ῑζ
872 5050 1100 5122 epistola
1143 5049 1212 5104 ad
1246 5052 1538 5178 primm
1550 5060 1601 5136 et
1626 5057 1887 5139 populum
1916 5058 2019 5113 Do-

446 5123 613 5178 tensis
683 5122 916 5178 ρεισκε.
949 5152 1019 5164 —-
1049 5122 1112 5178 Ut
1137 5122 1321 5178 ablata
1346 5124 1418 5178 Do
1542 5141 1561 5178 ι
1592 5127 1841 5178 Ecclesia:
1881 5130 2019 5178 bona

446 5123 613 5179 tensis
640 5122 916 5179 Ecclesia.
949 5152 1019 5164 —-
1049 5122 1112 5179 Ut
1137 5122 1321 5179 ablata
1346 5122 1567 5180 Dolensi
1592 5122 1841 5183 Ecclesiae
1881 5130 2023 5186 bona

449 5194 760 5249 restituant.

997 5265 1182 5337 (Anno
1217 5264 1402 5337 1093.)

733 5353 1015 5424 [Mauram
1038 5353 1133 5408 ubi
1159 5370 1350 5426 supra,
1383 5353 1491 5410 col.
1515 5356 1664 5429 879].

449 5438 652 5496 Audivi
662 5456 792 5501 mus
818 5441 1082 5500 Dolensis
1098 5442 1365 5501 Ecclesia
1386 5443 1538 5501 bona
1554 5445 1636 5502 ita
1652 5462 1755 5521 per
1770 5453 2020 5509 vestram

377 5527 711 5615 violentiam
743 5532 1102 5607 usurpari,ut
1132 5532 1276 5595 nihil
1297 5533 1544 5611 justitia
1575 5535 1645 5595 de
1674 5537 1848 5598 rebus
1870 5540 1919 5615 ej
1932 5558 2024 5600 us-

2148 468 2213 521 Β,
2243 467 2608 539 [Rollandus]
2661 466 2847 523 valeat
2892 466 3172 521 obtinere.
3227 465 3575 521 Mandamus
3620 465 3805 537 igitur

2145 555 2436 612 dilectioni
2469 560 2670 611 vestra
2714 574 2783 611 ne
2830 554 3084 611 ecclesia
3135 553 3319 626 ipsius
3360 554 3514 609 bona
3552 553 3802 611 ulterius

2146 644 2392 701 retinere
2422 645 2602 700 invito
2623 644 2893 718 episcopo
2924 645 3318 717 prasumatis;
3355 642 3614 715 alioquin
3639 643 3799 699 sedis

2144 732 2472 806 apostolica
2498 733 2958 806 indignationem
2981 733 3801 804 invenietis,etquamcunque

2144 821 2203 878 in
2236 839 2335 878 vos
2355 822 2705 878 sententiam
2737 823 2890 878 idem
2918 822 3097 878 frater
3125 826 3326 878 noster
3354 823 3634 879 canonica
3657 839 3797 880 auc-

2142 910 2726 983 toritate’ﬁictaverit,
2761 928 2866 968 nos
2898 911 3241 967 auctoritate
3271 910 3601 983 apostolica
3651 928 3798 969 con-

2145 1000 2534 1057 ﬁrmabimus.

2856 1107 3090 1163 LXXIX.

2145 1197 2392 1253 Urbanus
2440 1197 2488 1252 II
2532 1198 2925 1252 canonicorum
2976 1196 3166 1251 Sancti
3215 1198 3379 1252 Pauli
3424 1198 3796 1255 Narbonensis

2207 1270 2551 1340 propositum
2569 1270 2731 1323 vitam
2759 1268 3064 1339 regularem
3091 1268 3387 1339 proﬁtendi
3411 1269 3717 1338 confirmat.

2770 1358 2955 1425 (Anno
2990 1357 3173 1428 1093.)

2139 1447 2355 1518 [Gallia
2386 1446 2719 1518 Christiana,
2747 1449 2887 1518 tom.
2921 1445 3015 1518 Vl,
3039 1444 3236 1518 lustr”
3268 1463 3327 1518 p.
3350 1449 3439 1514 26,
3474 1464 3541 1503 ex
3572 1448 3791 1509 archiv.

2504 1516 2845 1588 archiepisc.
2880 1518 2938 1573 S.
2972 1516 3133 1571 Pauli
3158 1516 3436 1589 Narbon.]

2210 1624 2476 1679 URBANUS
2505 1623 2835 1697 episcopus,
2870 1639 3072 1679 servus
3102 1640 3399 1681 servorum
3432 1625 3791 1694 Dei,dilcctis

2139 1713 2196 1768 in
2226 1713 2454 1770 Christo
2487 1712 2586 1767 filii
2619 1713 2950 1768 GUILLELMO
2997 1712 3215 1783 abbati,
3248 1718 3306 1768 et
3352 1716 3479 1786 ejus
3510 1716 3790 1776 fratribus

2142 1803 2197 1858 in
2229 1802 2470 1858 ecclesia
2501 1801 2657 1858 Beati
2692 1800 2849 1857 Pauli
2883 1818 3052 1857 secus
3107 1819 3307 1859 muros
3340 1803 3619 1861 Narbona
3651 1807 3788 1877 sita,

2138 1891 2317 1947 vitam
2348 1890 2674 1964 regularem
2709 1891 3071 1962 professis,et
3099 1906 3301 1946 eorum
3344 1896 3789 1954 successoribus

2140 1981 2198 2035 in
2221 1979 2516 2052 regularis
2533 1979 2661 2034 vita
2693 1979 3062 2035 observantia
3090 1983 3491 2051 permansuris
3514 1984 3569 2038 in
3591 2002 3792 2060 perpe-

2139 2077 2328 2127 tuum.

2208 2159 2320 2214 Pia
2351 2158 2665 2215 voluntatis
2697 2158 2938 2214 affectus
2969 2164 3355 2231 prosequente
3384 2161 3558 2219 debet
3590 2165 3790 2224 studio

2135 2247 2449 2319 confoveri,
2479 2253 2547 2304 ut
2570 2246 2962 2303 ecclesiastica
2990 2246 3213 2303 utilitas
3255 2250 3580 2321 apostolica
3628 2253 3787 2311 sedis

2133 2355 2328 2410 favore
2357 2337 2511 2393 vires
2543 2335 2789 2408 accipiat
2817 2341 2876 2391 et
2904 2340 3213 2393 accrescat.
3246 2337 3644 2412 Omnipotenti
3672 2344 3799 2399 Do-

2133 2429 2312 2496 mino,
2349 2427 2520 2499 cujus
2551 2426 2750 2481 melior
2778 2434 2858 2481 cst
2888 2426 3261 2482 misericordia
3289 2444 3456 2499 super
3485 2433 3644 2500 vitas,
3659 2451 3798 2508 gra-

2130 2517 2243 2573 tias
2274 2516 2523 2588 egimus,
2559 2514 2699 2586 quia
2729 2518 3065 2571 sanctorum
3109 2516 3346 2571 Patrum
3375 2517 3551 2575 vitam
3584 2524 3796 2594 proha-

2131 2605 2310 2661 bilem
2345 2619 2617 2659 renovare
2650 2603 3132 2674 proposuistis,et
3162 2604 3491 2676 apostolica
3521 2608 3794 2670 instituta

2131 2695 2413 2750 doctrina
2442 2691 2778 2765 primordiis
2810 2691 3075 2747 Ecclesia
3106 2698 3318 2749 sancta
3367 2695 3629 2769 insolita,
3679 2703 3786 2758 sed

2132 2788 2426 2840 crescente
2461 2782 2589 2853 jam
2638 2796 2784 2853 pene
2832 2780 3045 2848 deleta,
3096 2782 3444 2841 resuscitare
3501 2786 3791 2847 instinctu

2132 2872 2318 2930 sancti
2349 2870 2603 2944 Spiritus
2653 2869 2983 2925 devovistis.
3035 2869 3172 2925 Duae
3220 2871 3378 2928 enim
3419 2875 3490 2931 ab
3522 2877 3791 2934 Ecclesia

2132 2967 2344 3019 sancta
2376 2958 2713 3033 primordiis
2739 2957 2869 3013 vita
2888 2958 3015 3029 ejus
3040 2963 3181 3014 sunt
3202 2960 3339 3017 filiis
3362 2961 3795 3035 institutamna

2131 3069 2249 3125 qua
2277 3050 2648 3108 infirmorum
2687 3046 2956 3103 debilitas
2988 3047 3290 3118 retinetur;
3325 3050 3508 3111 altera
3537 3071 3654 3127 qua
3678 3056 3794 3112 for.

2127 3146 2351 3202 tiorum
2381 3139 2569 3194 virtus
2607 3137 2776 3193 beata
2817 3136 3117 3208 perﬁcitur
3158 3153 3171 3191 :
3224 3156 3343 3196 una
3386 3158 3694 3201 remanens
3724 3144 3786 3201 in

2133 3236 2313 3307 Segor
2342 3225 2789 3303 parvula,altera
2804 3227 2876 3282 ad
2904 3224 3122 3284 montis
3138 3226 3345 3285 altiora
3362 3233 3785 3303 conscendens,

2135 3324 2376 3381 alteram
2406 3320 2671 3374 tenentes
2700 3314 3233 3383 inferiorem,honis
3253 3320 3499 3376 terrenis
3516 3325 3784 3391 utuntur;

2135 3412 2378 3469 alteram
2401 3409 2711 3479 sequentes
2740 3403 3124 3476 superiorem,
3156 3405 3309 3461 bona
3336 3410 3569 3466 terrena
3596 3410 3788 3483 despi-

2135 3502 2298 3558 ciunt
2318 3502 2375 3554 et
2395 3494 2891 3566 relinquunt.llac
2912 3496 3312 3565 autemquaa
3333 3498 3575 3555 terrenis
3590 3500 3787 3557 divino

2137 3591 2326 3646 favore
2357 3583 2679 3649 divertitur,
2712 3582 2772 3637 in
2800 3582 2946 3638 duas
2996 3598 3141 3653 pene
3187 3583 3451 3653 ejusdem
3499 3589 3786 3659 propositi

2135 3677 2449 3751 portiones,
2500 3672 2915 3729 canonicorum
2949 3671 3170 3727 scilicet
3198 3676 3254 3727 et
3294 3674 3719 3731 monachorum
3767 3694 3785 3733 :

2134 3767 2255 3824 hac
2285 3764 2543 3821 secunda
2574 3777 2676 3834 per
2703 3760 2959 3816 divinam
3012 3760 3472 3818 misericordiam
3512 3764 3785 3836 frequen~

2132 3861 2255 3912 tata
2277 3853 2422 3910 satis
2444 3854 2571 3922 jam
2603 3849 2815 3905 sacnlo
2846 3848 3115 3905 universo
3145 3848 3362 3919 elucet;
3407 3852 3599 3924 prima
3626 3870 3783 3924 vero,

2134 3943 2529 4000 decalescente
2561 3939 2780 3995 fervore
2811 3936 3217 4008 fidelium,jam
3247 3956 3391 4010 pene
3422 3941 3661 3998 omnino
3690 3943 3786 3999 de-

2134 4032 2301 4087 ﬂuxit
2332 4047 2345 4085 :
2379 4029 2530 4085 hanc
2561 4032 2783 4099 martyr
2806 4032 2863 4082 et
2894 4026 3149 4098 pontifex
3190 4027 3458 4085 Urbanus
3503 4030 3784 4098 instituit,

2131 4121 2283 4177 hanc
2312 4116 2679 4191 Augustinus
2709 4116 2835 4171 suis
2867 4115 3085 4187 regulis
3128 4115 3438 4184 ordinavit,
3472 4118 3621 4175 hanc
3651 4120 3784 4176 Hie—

2131 4224 2412 4281 ronymus
2444 4205 2567 4262 suis
2593 4202 2855 4275 epistolis
2877 4203 3440 4277 int'ormavitJtaque
3464 4224 3579 4262 non
3601 4208 3787 4265 mino—
3893 4282 3898 4286 _

2132 4298 2212 4354 ris
2241 4313 2389 4368 pene
2416 4293 2828 4350 aestimandum
2847 4298 2935 4348 est
2951 4292 3140 4348 meriti
3154 4293 3328 4349 vitam
3341 4294 3493 4351 hanc
3516 4296 3786 4353 Ecclesia

2132 4385 2486 4459 primitivam
2517 4381 2813 4454 aspirante
2829 4385 2886 4435 et
2908 4386 3295 4452 prosequente
3312 4382 3545 4439 Domini
3564 4383 3786 4457 Spiritu

2051 4480 2098 4546 1)
2129 4474 2620 4544 suscitare,quam
2652 4470 2953 4525 florentem
2986 4469 3407 4527 monachorum
3441 4470 3787 4545 religionem

2132 4563 2396 4636 ejusdem
2429 4559 2683 4632 Spiritus
2712 4552 3143 4631 perseverantia
3169 4560 3484 4615 custodire.
3509 4560 3787 4618 Vestrum

2130 4668 2266 4725 ergo
2297 4655 2519 4719 votum,
2547 4651 2805 4703 vestrum
2832 4645 3198 4717 pr0positum
3230 4647 3416 4703 nostri
3439 4648 3786 4705 auctoritate

2130 4739 2306 4795 ofﬁcii
2346 4737 2789 4801 conﬁrmamus,
2817 4738 2876 4789 et
2920 4734 3122 4789 ﬁrmos
3151 4750 3253 4789 vos
3283 4734 3343 4789 in
3374 4750 3440 4790 eo
3473 4736 3788 4807 persistere

2131 4828 2532 4893 adhortantur,
2565 4828 2620 4879 et
2651 4828 2933 4894 tanquam
2990 4824 3100 4878 Deo
3150 4822 3489 4879 exhortante
3538 4840 3641 4895 per
3678 4840 3785 4880 nos

2132 4919 2528 4973 obsecramus.
2574 4911 2844 4979 Quandiu
2900 4910 3081 4983 igitur
3136 4910 3196 4966 in
3247 4911 3425 4983 hujus
3483 4912 3786 4985 religionis

2131 5003 2501 5061 observantia
2520 5018 2622 5057 vos
2643 5017 2708 5057 ac
2727 4998 2904 5056 vestri
2934 5000 3367 5073 permanserint
3391 5017 3784 5069 successores,

2131 5109 2238 5149 nos
2276 5091 2594 5148 Ecclesiam
2641 5094 2895 5151 vestram
2943 5088 3052 5145 sub
3102 5087 3430 5161 apostolicae
3477 5089 3636 5146 sedis
3667 5090 3784 5146 tui-

2131 5183 2287 5238 tione
2318 5179 2620 5237 fovendam
2652 5176 2989 5252 recipimus,
3019 5177 3197 5234 salvis
3240 5181 3435 5233 tamen
3464 5177 3793 5254 privilegiis

2131 5276 2189 5328 et
2211 5272 2347 5343 jure
2377 5267 2653 5323 canonico
2673 5266 3068 5324 Narbonensis
3088 5265 3543 5331 antistitis.Quia
3568 5283 3702 5325 vero
3721 5266 3787 5325 in

2131 5360 2298 5417 vobis
2327 5357 2518 5413 adhuc
2538 5356 2776 5428 quidam
2796 5362 2937 5413 sunt
2957 5356 3058 5428 qui
3085 5373 3158 5412 ne
3180 5357 3321 5411 dum
3339 5371 3402 5410 se
3423 5354 3559 5411 huic
3584 5371 3789 5429 prope.

2131 5449 2242 5508 sito
2271 5447 2644 5514 devoverunt,
2676 5445 2992 5502 statuimus
3019 5450 3192 5518 atque
3224 5460 3533 5502 censemus
3562 5443 3793 5513 ut,illis

2132 5541 2234 5601 aut
2256 5536 2331 5599 ad
2358 5533 2685 5609 regularem
2697 5534 2876 5595 vitam
2889 5535 3312 5608 conversis,aut
3327 5534 3398 5594 de
3410 5532 3624 5598 amulo
3645 5533 3790 5597 emi-
