4004 6162
246 236 363 300 361

245 372 553 441 grantihus
582 379 784 431 vestra:
807 376 1073 435 Ecclesiae
1096 382 1247 439 bona
1264 387 1479 456 omnia,
1505 405 1632 459 qua:
1659 407 1810 445 nunc
1834 391 1890 445 in
1923 396 1976 459 Α

1426 248 1835 319 EPISTOLE
1875 254 1977 320 E'l‘
2016 254 2491 324 PRIVILEGIA.

3543 270 3665 333 862

2718 399 2957 454 LXXXI.

243 462 539 530 potestate
557 461 819 535 ipsorum
852 467 1203 541 detinentur,
1235 477 1292 529 et
1323 491 1450 547 quae
1480 477 1753 551 deinceps
1794 497 1895 536 ve-
2008 483 2216 540 Urbani
2266 486 2311 540 ll
2335 486 2571 561 ejis'ola
2595 486 2675 561 ad,
2694 488 2903 544 clerum
2949 493 3004 545 et
3030 490 3293 561 populum
3340 489 3656 549 Atrebatem-

244 550 377 603 straa
410 548 675 608 Ecclesia:
706 554 917 612 collata
944 558 1181 633 fuerint,
1216 562 1273 617 in
1312 581 1488 620 usum
1537 548 1892 639 regularium

242 636 470 705 cedant,
503 656 608 696 nec
638 641 795 698 ullus
821 645 900 700 ibi
932 647 1039 704 ﬁat
1068 650 1156 705 vel
1204 652 1508 710 ordinetur
1551 636 1888 725 canonicus,

240 724 357 781 nisi
400 728 504 798 qui
558 731 838 789 canonice
886 751 949 791 se
998 736 1289 797 victurum
1347 743 1647 811 professus
1693 746 1888 802 fuerit.

234 813 544 885 Abbatem,
569 819 673 891 qui
705 824 763 877 et
792 826 1143 897 praepositus
1170 829 1403 898 dicitur,
1426 831 1607 888 alium
1630 834 1715 890 eis
1744 852 1887 908 pra:-

236 901 375 959 ferri
403 908 746 966 auctoritate
776 912 1094 984 apostolica
1123 917 1523 989 prohibemus,
1557 922 1671 978 nisi
1712 901 1886 996 quem

234 1006 358 1046 suae
386 994 768 1064 professionis
789 1004 1122 1059 communis
1141 1004 1344 1063 electio
1377 1010 1621 1065 fratrum
1656 994 1884 1084 regula-

232 1079 377 1136 riter
429 1080 749 1142 viventium
806 1089 877 1144 de
907 1107 1014 1147 suo
1072 1092 1314 1169 collegio
1375 1098 1463 1154 vel
1495 1100 1567 1154 de
1597 1099 1806 1168 alieno,
1835 1102 1884 1157 si

230 1184 469 1227 necesse
498 1173 692 1243 fuerit,
727 1192 860 1233 cum
915 1180 1332 1256 archiepiscopi
1383 1188 1626 1244 consilio
1673 1206 1882 1247 secun-

226 1256 371 1313 dum
402 1260 588 1316 Deum
607 1263 1298 1343 decreveriteligendum,
1323 1278 1380 1331 et
1407 1276 1517 1333 hoc
1548 1279 1616 1333 ad
1637 1280 1882 1336 aadiﬁca~

222 1346 469 1417 tionem,
500 1367 615 1406 non
649 1354 719 1408 ad
735 1355 1212 1416 destructionem.
1228 1362 1345 1419 Vos
1364 1382 1500 1437 ergo
1519 1366 1621 1421 ﬁlii
1641 1368 1699 1422 in
1723 1369 1879 1424 Chri-

221 1438 319 1501 sto
351 1435 685 1495 charissimi
744 1442 1075 1503 dilectionis
1134 1455 1344 1506 nostrae
1395 1435 1607 1511 studiis
1646 1473 1879 1529 semper

219 1524 729 1593 prastantioribus
787 1534 1228 1605 respondentes,
1290 1544 1527 1597 strenue
1580 1560 1709 1615 quae
1757 1524 1874 1601 Deo

219 1612 581 1682 promisistis
611 1615 855 1689 implere
894 1623 1162 1695 satagite.
1194 1628 1392 1685 Luceat
1433 1631 1533 1686 lux
1578 1612 1756 1689 uestra
1786 1651 1872 1691 co-

216 1716 341 1754 ram
367 1700 701 1774 hominibus,
743 1710 803 1763 ut
832 1710 1053 1766 videant
1082 1728 1243 1784 Opera
1273 1726 1452 1774 vestra
1483 1721 1642 1788 bona,
1690 1726 1742 1777 et
1759 1725 1871 1792 glo-

218 1790 441 1858 riﬁcent
462 1796 687 1850 Patrem
744 1802 981 1854 vestrum
1008 1805 1108 1873 qui
1160 1804 1219 1859 in
1251 1808 1401 1863 caelis
1447 1817 1525 1865 est
1573 1790 1779 1881 (illatth
1811 1830 1863 1882 v,

224 1878 332 1949 16),
368 1880 536 1950 cujus
567 1882 911 1950 Patris,haae
942 1893 1008 1944 ut
1036 1878 1616 1967 ﬁrmapermaneant,
1648 1878 1864 1968 etFilii,

212 1969 273 2020 et
303 1967 557 2039 Spiritus
584 1973 770 2028 sancti
803 1976 1014 2033 virtute
1044 1981 1363 2039 sancimus.

293 2056 500 2113 Datum
535 2060 720 2132 Trojie
734 2079 837 2135 per
865 2082 1077 2123 manus
1089 2069 1574 2140 Joannis,saneta3
1594 2081 1861 2135 Romanis

211 2143 483 2200 Ecclesiae
513 2147 741 2206 diaconi
783 2155 1119 2225 cardinalis,
1174 2177 1270 2215 xw
1328 2162 1567 2219 Kalend.
1621 2167 1857 2239 Aprilis,

208 2232 534 2292 indictione
590 2239 802 2310 prima,
860 2260 1012 2299 anno
1071 2246 1387 2306 Dominicaz
1437 2252 1861 2313 lncarnationis

205 2321 372 2391 1093,
405 2325 782 2396 pontificatus
812 2335 1007 2389 autem
1067 2335 1291 2393 domini
1323 2339 1539 2397 Urbani
1570 2360 1731 2416 papa:
1762 2362 1857 2402 se-

201 2412 382 2467 cundi
414 2430 567 2471 anno
605 2433 680 2473 v1.

928 2557 1134 2615 LXXX.

209 2651 421 2749 Lit-ge?
440 2658 526 2749 LII
578 2659 804 2749 epistola
861 2662 931 2716 ad
998 2666 1362 2749 Rai:_zaldum_
1386 2673 1854 2749 archiepiscopum

234 2738 241 2743 '
276 2725 617 2805 Rementem.—
632 2761 698 2771 —
731 2733 933 2788 Iterum
958 2739 1187 2794 mandat
1214 2750 1276 2796 ut
1318 2725 1850 2805 Ecczée'é’l'zii’éid'l

273 2797 417 2851 tonsi
444 2801 756 2871 episcopum
781 2806 1199 2874 prwﬁcicndum
1227 2818 1393 2868 curet.

829 2920 1014 2992 (Anno
1048 2925 1228 2996 1093.)

633 3033 868 3105 [MANS!,
906 3037 1110 3095 Concil.
1142 3042 1255 3111 XX,
1281 3046 1433 3118 670.]

272 3142 551 3201 Unsmus
573 3149 904 3223 episcopus,
928 3169 1131 3212 servus
1147 3175 1446 3217 servorum
1480 3163 1601 3233 Dei,
1637 3166 1843 3225 dilecto
1876 3132 1918 3199 α

196 3231 261 3286 in
293 3231 521 3290 Christo
541 3236 706 3292 fratri
738 3243 796 3294 et
843 3242 1184 3317 coepiscopo
1233 3248 1523 3308 RAINALDO
1574 3231 1845 3313 Remensi

195 3319 449 3378 salutem
473 3326 530 3379 et
552 3326 933 3397 apostolicam
964 3330 1450 3395 benedictionem.

268 3410 678 3469 Atrebatenses
708 3415 898 3473 clerici
929 3436 1062 3476 cum
1093 3422 1474 3484 fraternitatis
1500 3434 1611 3486 tuae
1634 3431 1845 3491 litteris

194 3498 267 3552 ad
300 3505 564 3557 nostram
597 3506 966 3574 praesentiam
1000 3511 1300 3569 redierunt
1330 3532 1433 3587 pro
1477 3521 1843 3579 restitutione

193 3585 464 3643 Ecclesia;
494 3606 615 3645 suae
647 3585 1401 3671 suppliciterimplorantes.
1426 3606 1844 3669 Sustinuerunt

192 3678 391 3731 autem
421 3677 930 3738 Cameracensium
952 3684 1295 3745 clericorum
1318 3694 1630 3753 adventum
1657 3715 1842 3772 usque

191 3762 266 3817 ad
298 3768 699 3839 tempusquod
720 3771 985 3845 utrisque
1011 3773 1066 3830 in
1092 3779 1427 3848 provinciali
1460 3787 1703 3845 concilio
1725 3762 1845 3847 fue-

192 3855 284 3907 rat
310 3854 720 3913 constitutum.
742 3860 1023 3918 Caeterum
1043 3864 1550 3930 Cameracensium
1583 3882 1716 3934 ante
1735 3896 1841 3936 nos

190 3939 394 3997 nullus
421 3943 673 4003 advenit.
704 3947 820 4003 Nos
851 3950 1031 4022 igitur
1054 3953 1309 4027 idipsum
1342 3963 1599 4033 repetitis
1631 3964 1840 4025 litteris

189 4027 538 4087 fraternitati
571 4040 683 4089 tua:
713 4036 1135 4109 significamus,
1155 4027 1423 4117 idipsum‘
1446 4054 1836 4126 praecipimus.

189 4117 445 4175 Omnino
475 4122 631 4178 enim
661 4125 934 4184 volumus
966 4135 1033 4186 ut
1062 4132 1365 4192 Remensis
1396 4143 1734 4214 metropolis
1764 4149 1836 4203 ad

186 4206 584 4281 integritatem
616 4214 867 4287 antiquae
897 4218 1200 4291 dignitatis
1252 4234 1543 4285 annuente
1586 4206 1836 4292 Domino

190 4296 523 4355 reducatur.
560 4301 805 4376 Ideoque
834 4308 1075 4365 omnino
1105 4314 1477 4386 praecipimus
1504 4319 1563 4373 in
1594 4324 1834 4381 Atreba-

188 4386 342 4441 tensi
387 4387 641 4446 Ecclesia
698 4394 1035 4467 episcopum
1086 4401 1500 4475 ordinandum,
1532 4409 1646 4465 nisi
1691 4412 1836 4471 forte

2099 572 2233 611 sem.
2276 587 2346 597 —-
2367 560 2772 638 Quaesuperiore
2797 560 3039 638 epistola
3072 560 3341 619 Rainaldo
3384 563 3657 638 archiepi-

2072 642 2248 700 scopo,
2285 629 2471 686 eadem
2499 629 2615 685 illis
2640 629 2850 687 scribit.

2582 704 2592 711 ε

2623 737 2808 809 (Anno
2840 739 3025 810 1093.)

2420 842 2652 913 [MANSI,
2686 844 2891 900 Concil.
2923 845 3036 913 XX,
3079 846 3231 918 671.]

2070 956 2347 1013 URBANUS
2361 957 2690 1030 episcopus,
2713 976 2916 1016 servus
2937 977 3235 1017 servorum
3266 960 3393 1032 Dei,
3418 961 3649 1021 dilectis

1996 1044 2132 1100 ﬁliis
2161 1045 2312 1101 clero
2343 1050 2399 1101 et
2415 1045 2630 1118 populo
2649 1048 3010 1105 Atrebatensi
3033 1050 3286 1107 salutem
3321 1055 3379 1108 et
3409 1054 3647 1126 aposto-

1996 1133 2167 1189 licam
2201 1134 2686 1192 benedictionem.

2063 1222 2187 1278 Duo
2218 1223 2484 1280 Ecclesia:
2513 1231 2717 1281 vestrae
2747 1225 2941 1284 clerici
2973 1228 3281 1286 confratris
3333 1230 3519 1288 nostri
3551 1247 3641 1289 re-

1987 1313 2395 1368 verendissimi
2430 1313 2745 1370 Remorum
2779 1316 3202 1390 archiepiscopi
3234 1317 3462 1377 litteras
3503 1318 3641 1377 olfe-

1987 1404 2182 1457 rentes
2213 1407 2346 1457 ante
2379 1408 2641 1458 nostram
2672 1406 3042 1475 praesentiam
3072 1408 3371 1464 redierunt
3410 1425 3517 1481 pro
3548 1426 3637 1466 re-

1986 1489 2289 1546 stitutione
2320 1490 2590 1547 Ecclesiae
2620 1497 2824 1549 vestrae
2854 1494 3196 1567 suppliciter
3226 1496 3632 1570 implorantes;

1983 1579 2395 1634 sustinuerunt
2413 1585 2608 1635 autem
2639 1582 3146 1639 Cameracensium
3168 1582 3512 1642 clericorum
3537 1588 3636 1643 ad-

1980 1672 2215 1723 ventum
2250 1662 2438 1740 usque
2468 1669 2538 1723 ad
2570 1673 2803 1743 tempus
2832 1672 2984 1743 quod
3038 1672 3304 1744 utrisque
3332 1674 3522 1731 fuerat
3570 1675 3632 1732 in

1899 1765 1948 1829 B
1979 1755 2321 1827 provinciali
2354 1757 2597 1814 concilio
2629 1758 3037 1816 constitutum.
3062 1761 3347 1818 Czeterum
3369 1763 3631 1821 Camera-

1978 1845 2240 1901 censium
2257 1850 2389 1901 ante
2402 1864 2508 1902 nos
2542 1847 2739 1904 nullus
2753 1848 3003 1904 advenit.
3028 1844 3144 1905 Nos
3165 1849 3411 1922 igiturid
3429 1851 3626 1924 ipsum

1974 1934 2239 2006 repetitis
2268 1934 2482 1991 litteris
2513 1935 3209 2011 signiﬁcamus,idipsum
3232 1939 3624 2013 praecipimus.

1974 2022 2227 2078 Omnino
2258 2023 2412 2078 enim
2449 2024 2720 2080 volumus
2751 2030 2818 2081 ut
2848 2026 3154 2083 Remensis
3188 2028 3528 2101 metropolis
3552 2031 3625 2086 ad

1970 2111 2366 2182 integritatem
2398 2113 2650 2185 antiqua:
2680 2114 3006 2186 dignitatis,
3030 2120 3323 2173 annuente
3352 2117 3620 2189 Domino,

1970 2201 2308 2256 reducatur.
2341 2201 2591 2274 Ideoque
2612 2202 2850 2258 omnino
2872 2203 3245 2275 precipimus
3276 2204 3337 2261 in
3367 2206 3624 2264 Ecclesia

1967 2293 2160 2345 vestra
2190 2289 2530 2362 episcopum
2563 2291 2979 2359 ordinandum,
3014 2291 3129 2348 nisi
3159 2292 3307 2349 forte
3354 2293 3618 2365 ejusdem

1968 2378 2134 2433 urbis
2163 2382 2366 2434 vestrze
2399 2379 2831 2450 possessionem
2879 2379 3317 2437 Cameracensis
3364 2381 3622 2439 Ecclesia

1963 2466 2153 2523 valeat
2203 2468 2477 2523 Romanae
2535 2467 2899 2524 auctoritatis
2946 2468 3250 2542 privilegio
3301 2468 3617 2528 vindicare.

1967 2556 2125 2620 Quod
2160 2556 2209 2612 si
2243 2573 2305 2612 se
2337 2557 2409 2612 ab
2440 2556 2619 2629 hujus
2642 2562 2851 2613 nostrai
2874 2557 3280 2631 praeceptionis
3302 2558 3507 2616 effectu
3528 2576 3621 2618 ve-

1965 2649 2084 2700 ster
2114 2645 2591 2718 archiepiscopus
2618 2646 2858 2718 provida
2888 2645 3357 2705 dissimulatione
3387 2650 3617 2706 subtra-

1963 2733 2235 2800 xerit,vos
2250 2751 2664 2807 quemcunque
2680 2735 2738 2790 in
2757 2739 3052 2807 pastorem
3065 2736 3369 2808 vobisipso
3382 2753 3622 2795 consen-

1960 2823 2140 2879 tiente
2171 2824 2496 2879 secundum
2522 2824 2706 2879 Deum
2733 2823 2991 2897 elegerit,
3023 2825 3093 2880 ad
3125 2840 3233 2883 nos
3279 2842 3413 2887 cum
3458 2843 3617 2884 com-

1962 2912 2126 2966 muni
2160 2912 2387 2968 decreto
2401 2915 2457 2968 et
2473 2913 2737 2983 ejusdem
2754 2914 3175 2988 archiepiscopi
3188 2914 3401 2973 litteris
3420 2919 3615 2973 trans-

1960 3002 2191 3057 mittere
2248 3001 2675 3073 procurabitis;
2739 3019 2845 3058 nos
2902 3019 3057 3071 eum,
3090 3003 3248 3060 salvo
3306 3004 3614 3064 Remensis

1958 3089 2229 3146 Ecclesia:
2252 3092 2411 3162 jure,
2448 3089 2770 3161 opitulante
2801 3090 2997 3147 divina
3016 3091 3224 3165 gratia,
3249 3093 3612 3150 consecrabi-

1960 3195 2114 3234 mus.

2650 3266 2908 3323 LXXXII.

1958 3357 2170 3441 Urbani
2183 3356 2551 3441 ‘llepis'tolalgd
2579 3356 2789 3439 clerum
2800 3358 2851 3412 et
2858 3356 3128 3441 populant
3150 3356 3598 3441 Αῃὺίαφξεηδετη.

2026 3459 2092 3468 —
2125 3429 2255 3502 Illos
2273 3427 2431 3502 jubet
2459 3427 2744 3484 Gerewino
2796 3427 3062 3500 episcopo,
3093 3428 3160 3483 de
3188 3427 3435 3486 Simonia
3458 3446 3600 3502 pur-

2022 3507 2164 3570 gato,
2195 3499 2428 3554 obedire.

2130 3626 2133 3629 .
2572 3589 2757 3657 (Anno
2785 3588 2969 3662 1093.)

2201 3678 2452 3749 [ΒΑιυΖ.,
2486 3677 2708 3733 Miscell.
2735 3677 2873 3734 edit.
2910 3679 3075 3749 Luc.,
3106 3679 3352 3752 11,176.]

2023 3794 2299 3850 URBANUS
2329 3793 2658 3867 episcopus,
2674 3813 2873 3851 servus
2899 3811 3199 3853 servorum
3229 3796 3349 3867 Dei,
3383 3797 3606 3856 cleroet

1951 3883 2166 3956 pepulo
2222 3883 2605 3938 Ambianensi
2664 3883 2915 3939 salutem
2991 3883 3373 3956 apostolicam
3426 3886 3603 3943 bene-

1946 3972 2286 4027 dictionem.

2020 4060 2461 4117 Accusationem
2480 4059 2819 4116 Simoniacae
2835 4061 3139 4133 pravitatis
3154 4061 3471 4119 venerabili
3491 4064 3604 4121 fra-

1950 4148 2022 4204 tri
2056 4154 2256 4204 nostro
2286 4149 2590 4206 Gcrewino
2614 4152 2804 4205 vestro
2838 4150 3130 4222 episcopo,
3165 4166 3360 4206 coram
3395 4155 3604 4209 metro—

1946 4236 2207 4310 politano
2240 4242 2295 4292 et
2324 4237 2907 4310 comprovincialibus
2923 4238 3598 4312 episcopisintentatam,

1947 4343 2054 4383 nos
2087 4326 2323 4396 quidem
2350 4327 2501 4381 vires
2539 4326 2733 4383 nullas
2749 4326 2963 4384 habere
2979 4328 3341 4397 censuimus,
3368 4329 3507 4403 quia
3526 4330 3599 4387 ad

1945 4415 2150 4483 unius,
2182 4415 2502 4487 praesertim
2539 4416 2775 4471 infamis
2806 4420 2907 4471 aut
2937 4416 3136 4474 minus
3159 4418 3374 4488 idonei,
3397 4433 3600 4476 vocem

187 4473 456 4544 ejusdem
488 4479 652 4535 urbis
680 4473 1558 4553 possessionemCameracensis
1591 4499 1843 4558 Ecclesia
1871 4501 1918 4566 D
1949 4503 2436 4559 contemnendum
2474 4504 2769 4560 neminem
2792 4505 3166 4562 arbitramur.
3191 4507 3442 4581 Ideoque
3466 4522 3600 4564 cum

184 4563 379 4619 valeat
435 4569 800 4628 auctoritatis
842 4572 1111 4632 Romanis
1171 4579 1470 4656 privilegio
1520 4586 1834 4647 vindicare.

186 4654 306 4707 Ilnc
335 4653 492 4709 enim
518 4658 762 4728 justitiaa
792 4661 940 4718 ratio
971 4665 1169 4738 exigit,
1227 4653 1557 4730 animarum
1617 4678 1837 4737 utilitas

186 4742 469 4812 postulat,
524 4747 790 4804 Ecclesiae
824 4751 1010 4808 honor
1063 4754 1356 4829 implorat.
1411 4764 1571 4828 Quod
1612 4766 1661 4820 si
1693 4767 1838 4824 forte

185 4830 537 4889 aemulorum
570 4839 788 4894 vereris
837 4840 1141 4913 invidiam,
1172 4851 1229 4902 et
1276 4849 1723 4923 obsequentium
1755 4856 1837 4912 la-

184 4921 380 4974 tratus
410 4938 513 4992 pro
542 4925 826 4995 gravitate
856 4933 968 4985 tuae
1001 4932 1302 5008 religionis
1315 4921 1840 5016 horrescis,quem-

190 5024 427 5079 cunque
457 5010 517 5064 in
550 5014 790 5083 praelata
846 5018 1101 5077 Ecclesia
1155 5028 1209 5080 te
1241 5033 1534 5086 annuente
1565 5032 1755 5089 clerus
1786 5040 1843 5091 et

184 5095 444 5166 populus
475 5102 801 5161 secundum
824 5105 1277 5185 Deumelcgerit,
1308 5116 1378 5172 ad
1405 5135 1510 5175 nos
1539 5136 1670 5176 cum
1691 5140 1845 5179 com-

187 5183 356 5239 muni
388 5186 619 5247 decreto
650 5198 708 5248 et
738 5183 1154 5257 sollicitudinis
1179 5183 1291 5259 tuae
1314 5205 1527 5265 litteris
1546 5213 1844 5268 transmit-

186 5277 369 5368 tatur.
405 5276 521 5332 Nos
553 5295 685 5368 cum
718 5282 925 5339 divinae
959 5290 1158 5359 gratiae
1190 5293 1499 5368 adjutorio,
1547 5299 1706 5357 salvo
1737 5302 1841 5358 Ec-

182 5357 377 5417 clesiae
410 5367 521 5419 tua:
539 5366 693 5437 jure,
725 5384 861 5427 eum
905 5357 1186 5447 tanquam
1246 5357 1312 5439 Β.
1353 5357 1506 5441 Petri
1567 5388 1841 5447 manibus

182 5453 685 5513 cons'ecrabimus.

504 5668 768 5753 Persen.
813 5674 959 5757 CLI.

1949 4592 2148 4648 nullus
2178 4592 2248 4647 ad
2282 4609 2387 4647 nos
2405 4592 2686 4648 adversus
2711 4609 2844 4648 eum
2868 4595 3142 4651 canonice
3171 4597 3602 4654 accusationem

1957 4680 2240 4749 attulerit,
2274 4699 2381 4737 nos
2412 4681 2632 4737 nullam
2651 4682 2723 4738 ab
2745 4698 2811 4738 eo
2823 4684 3302 4757 expurgationem
3324 4685 3602 4743 duximus

1957 4767 2320 4841 exigendam.
2355 4769 2482 4840 Ipse
2512 4772 2728 4837 tamen,
2763 4769 3056 4841 opinionis
3073 4789 3190 4827 suae
3220 4770 3601 4843 religionisin

1955 4862 2254 4929 posterum
2314 4856 2644 4929 providens,
2677 4857 2830 4915 ultro
2879 4875 2940 4916 se
2979 4861 3150 4916 tactis
3210 4860 3602 4917 sacrosanctis

1951 4944 2273 5018 Evangeliis
2301 4946 2645 5018 expurgavit
2673 4948 2828 5018 quod
2860 4965 2964 5022 pro
2995 4949 3230 5006 abbatia
3272 4950 3468 5005 Sancti
3505 4949 3603 5005 Ri-

1950 5034 2130 5090 charii
2165 5039 2379 5106 autpro
2403 5035 2781 5091 Ambianensi
2801 5039 3136 5111 episcopatu
3151 5037 3459 5111 pecuniam
3475 5037 3602 5111 ipse

1952 5140 2057 5178 nec
2087 5124 2376 5179 dcditncc
2433 5125 2723 5195 promisit,
2772 5142 2876 5181 nec
2933 5145 3038 5199 pro
3089 5145 3150 5183 se
3203 5129 3330 5200 ipso
3357 5127 3508 5184 alius
3538 5140 3601 5184 se

1952 5211 2189 5267 sciente.
2241 5211 2628 5274 Quamobrem
2656 5230 2690 5268 a
2731 5215 3035 5285 praesentis
3089 5215 3476 5273 accusationis
3504 5215 3603 5271 lea-

1952 5300 2116 5357 sione
2145 5301 2397 5356 liberum
2432 5301 2801 5372 arbitrantes,
2829 5304 2899 5358 ad
2931 5321 3033 5359 vos
3064 5321 3198 5360 cum
3227 5310 3438 5362 nostra;
3460 5321 3596 5378 gra-

1948 5390 2041 5444 tia:
2073 5388 2440 5462 plenitudine
2470 5391 2907 5447 remaudamus.
2952 5393 3133 5449 Vobis
3178 5393 3379 5466 itaque
3426 5392 3604 5452 ofﬁcii

1950 5478 2137 5535 nostri
2168 5479 2510 5535 auctoritate
2541 5480 2991 5554 praecipimusut
3019 5498 3154 5538 eum
3176 5486 3479 5558 tamquam
3501 5499 3606 5557 pa-

1950 5571 2167 5628 storem
2224 5556 2529 5649 proprium
2588 5569 2918 5631 obedientia
2963 5569 3163 5630 debita
3198 5556 3517 5634 vereamini
3547 5574 3611 5638 ot

3211 5699 3291 5786 1.2
