3998 6158
460 282 578 375 363

1756 284 1822 342 B.
1872 236 2163 346 etiam
2208 281 2259 341 ιι
2308 280 2553 341 mea.

3736 278 3858 342 364

464 415 591 485 ejus
620 416 861 473 monitis
892 416 1322 489 obsequamini,
1356 418 1419 473 ut
1449 420 1640 472 errata
1668 415 1955 487 praeterita
1980 431 2108 469 cor-
2136 414 2192 481 Α
2218 414 2549 485 petentibus
2607 414 2887 470 fratribus
2945 415 3147 470 eadem
3193 415 3558 469 sacramenta
3588 412 3772 486 gratis
3803 417 3862 469 et

464 503 743 575 rigentes,
777 507 847 561 ad
882 508 1314 563 Dominicorum
1347 509 1761 578 praeceptorum
1795 504 2107 559 observan-

464 593 607 649 tiam
638 596 1075 651 convertamini.
1107 595 1355 651 Clericos
1379 611 1524 665 quos
1542 597 1741 648 contra
1771 598 2107 647 sanctorum

466 698 757 739 canonum
825 684 1195 755 dioiplinam‘
1234 681 1580 737 mulieribus
1637 680 1916 753 copulari,
1980 698 2111 735 con-

459 771 687 842 tempto
714 771 1009 827 catholicae
1046 772 1307 827 Ecclesiae
1334 788 1467 839 usu,
1501 770 1853 844 accepimus,
1877 777 2107 843 aposto-

466 857 578 913 lica
607 860 950 930 auctoritate
982 861 1353 932 praecipimus
1385 865 1452 915 ut
1476 860 1549 916 ab
1575 859 1912 929 hujusmodi
1951 859 2108 914 aliis-

466 965 578 1019 que
608 948 822 1019 quibus
854 948 1226 1004 involvuntur
1255 949 1493 1020 flagitiis
1522 949 1761 1004 omnino
1807 949 2111 1017 desistant,

464 1042 521 1090 et
551 1037 872 1092 secundum
907 1038 1138 1094 antistis
1161 1039 1251 1093 sui
1277 1038 1572 1109 judicium
1605 1038 1810 1092 divinae
1841 1055 1904 1092 se
1949 1054 2112 1091 man-

462 1124 657 1196 cipent
685 1127 969 1182 servituti.
1004 1128 1061 1183 Si
1106 1144 1262 1192 vero,
1307 1129 1463 1198 quod
1524 1128 1698 1194 absit,
1728 1132 1929 1182 nostra
1972 1144 2111 1198 prte-

463 1214 725 1285 eeptione
754 1220 1106 1288 contempta,
1138 1222 1328 1271 vestro
1373 1216 1620 1271 antistiti
1675 1216 1745 1271 ad
1777 1215 1986 1270 salutis
2015 1232 2109 1269 ve-

464 1303 893 1373 straejaeturam
911 1305 1279 1376 pertinaciter
1292 1303 1562 1358 resistere
1577 1304 1819 1359 ulterius
1836 1319 2112 1375 przesum-

462 1392 717 1462 peeritis.
749 1410 1162 1465 quamcunque
1216 1394 1271 1447 in
1322 1410 1421 1447 vos
1476 1394 1827 1448 sententiam
1877 1391 2112 1463 justitia

463 1481 718 1536 dictante
749 1482 1069 1553 protulerit,
1099 1500 1205 1537 nos
1230 1483 1593 1537 auctoritatis
1628 1486 1835 1537 nostrae
1858 1481 2111 1554 pondere

462 1570 899 1626 conﬁrmamus.

535 1664 676 1714 Data
705 1676 777 1714 xv
808 1661 929 1716 Kal.
961 1661 1207 1732 Augusti
1220 1676 1255 1714 .'

1142 1766 1431 1820 LXXXIII.

463 1855 707 1924 Epistola
765 1855 971 1910 Urbani
1014 1870 1175 1926 papae
1218 1857 1267 1910 Il
1322 1855 1390 1909 ad
1437 1871 1618 1909 omnes
1676 1854 1877 1924 ﬁdeles.
1933 1884 1995 1893 —
2038 1854 2112 1908 De

535 1926 757 1981 ecclesia
786 1927 999 1983 Sanctae
1040 1929 1236 1981 Maria:
1290 1926 1598 1981 Cusinensis
1646 1926 1964 1981 monasterii
1994 1941 2027 1979 α
2054 1941 2109 1981 se

532 2002 862 2064 consecrata,
893 2001 943 2052 et
967 1999 1262 2069 privilegio
1289 2000 1523 2052 munita.

1085 2088 1270 2157 (Anno
1304 2087 1486 2156 1093.)

879 2174 1111 2245 [ΜΑΝει,
1147 2174 1350 2230 Concil.
1394 2174 1504 2240 XX,
1538 2174 1642 2229 643
1671 2173 1687 2246 ]

529 2279 798 2335 ΠΒΒΑΝυε
819 2281 1146 2352 episcopus,
1180 2298 1382 2336 servus
1403 2297 1699 2336 servorum
1733 2280 1849 2347 Dei,
1886 2280 2107 2335 univer-

455 2368 610 2424 sitati
643 2368 856 2423 Christi
890 2369 1149 2424 fidelium
1176 2376 1379 2424 notum
1414 2371 1473 2424 in
1510 2375 1876 2441 perpetuum.

525 2457 741 2511 Divina;
775 2457 1170 2512 miserationis
1203 2459 1443 2524 intuitu,
1478 2459 1647 2527 cujus
1681 2474 1940 2521 munere,
1974 2456 2109 2512 licet

454 2545 756 2613 immeriti,
788 2544 1086 2600 catholicae
1131 2544 1395 2600 Ecclesiae
1437 2545 1840 2616 przesidemus,
1876 2551 1930 2599 et
1981 2544 2107 2598 uni-

454 2650 631 2690 versa:
686 2633 951 2689 ﬁdelium
1011 2638 1327 2706 potestates
1404 2634 1759 2699 consistunt,
1832 2633 2106 2688 condecet

456 2722 785 2794 apostolicae
817 2722 974 2778 sedis
1009 2722 1163 2794 piam
1199 2722 1656 2777 sollicitudinem
1688 2728 1745 2776 et
1787 2721 2103 2794 benignam

457 2811 788 2883 principum
822 2811 1318 2883 magnificentiam
1338 2809 1988 2866 ecclesiarumdebitam
2011 2827 2107 2865 cu-

414 2918 583 2968 _ram
643 2917 862 2972 gerere,
922 2904 980 2955 et
1036 2916 1139 2970 pro
1185 2916 1385 2955 earum
1441 2916 1580 2971 pace
1636 2905 1692 2954 et
1748 2899 1942 2970 quiete
1968 2916 2102 2954 cum

457 2990 616 3045 omni
648 2989 952 3061 diligentia
981 2988 1433 3044 misericorditer
1463 2988 1738 3044 insudare
1766 3005 1779 3042 :
1814 2992 2103 3059 quatenus

456 3078 515 3133 id
561 3078 756 3133 divina
813 3082 1089 3149 operante
1140 3077 1473 3144 clementia,
1534 3076 1749 3148 quique
1781 3077 1936 3147 .jura
1994 3094 2101 3131 sua

2217 496 2343 558 sine
2373 501 2569 575 aliqua
2601 503 2877 575 pravitate
2906 504 3237 560 exhibeant.
3272 502 3519 574 Insuper
3565 505 3758 557 autem
3792 502 3858 557 B.

2216 589 2370 645 Petri
2404 590 2799 662 apostolorum
2828 592 3106 665 principis
3121 590 3463 648 auctoritate
3481 591 3777 647 sancimus
3797 596 3866 648 ut

2217 697 2419 736 omnes
2445 681 2845 754 cujuscunque
2877 680 3226 738 conditionis
3242 680 3510 736 homines
3539 679 3778 735 clericos
3805 683 3866 736 et

2218 768 2417 839 laicos,
2451 771 2551 841 qui
2586 769 2643 824 in
2679 775 2862 826 morte
2890 770 2981 826 vel
3011 770 3127 825 vita
3157 771 3226 825 ad
3281 769 3685 842 praescriptum
3732 785 3864 825 mo-

2219 859 2563 925 nasterium,
2597 858 2869 913 ecclesias
2898 859 3046 930 ejus,
3081 861 3137 913 et
3166 856 3291 912 loca
3338 852 3471 913 cum
3531 857 3706 913 rebus
3736 857 3864 913 suis

2216 946 2486 1009 transire,
2506 947 2677 1001 autin
2709 948 2833 1003 suis
2858 946 3572 1002 domibuscommorantes
3589 944 3866 1017 quaelibet

2220 1035 2372 1090 bona
2403 1035 2745 1107 temporalia
2762 1053 2864 1091 sua
2885 1041 3322 1108 eleemosynaru
3332 1050 3387 1088 m
3407 1033 3709 1106 largitione
3723 1050 3868 1089 con-

2219 1123 2367 1178 ferre
2424 1124 2730 1193 voluerint,
2765 1124 2989 1181 nullius
3046 1122 3424 1179 contradictio
3475 1121 3760 1191 inhibeat,
3809 1126 3867 1178 et

2219 1211 2424 1267 iisdem
2458 1229 2817 1285 quaecunque
2847 1212 3219 1280 contulerint,
3270 1211 3590 1284 patrocinio
3633 1215 3865 1285 aposto-

2219 1300 2340 1355 lit‘ze
2372 1302 2527 1356 smlis
2558 1303 2735 1357 iidem
2770 1303 2974 1357 fratres
3005 1302 3199 1373 quiete
3222 1306 3279 1357 et
3309 1300 3654 1374 generaliter
3682 1299 3870 1356 libera

2221 1397 2497 1462 perpetuo
2526 1391 2925 1463 possidebunt.

2289 1480 2666 1535 Deceruimus
2682 1481 2856 1534 etiam
2874 1485 2937 1535 ut
2956 1479 3096 1535 nulli
3131 1479 3368 1534 omnino
3399 1478 3704 1534 hominum
3717 1495 3867 1551 pra-

2221 1569 2402 1622 fatum
2457 1568 2874 1623 monasterium
2924 1574 3139 1624 temere
3189 1568 3549 1639 perturbare,
3605 1572 3706 1622 aut
3733 1568 3867 1639 ejus

2220 1658 2620 1728 possessiones
2638 1658 2885 1722 auferre,
2911 1658 3194 1724 minuere,
3227 1655 3317 1712 vel
3348 1655 3572 1712 ablatas
3590 1656 3863 1722 retinere;

2221 1762 2320 1799 seu
2352 1745 2714 1817 quibuslibet
2767 1746 3171 1802 vexationibus
3230 1744 3469 1817 fatigare
3525 1745 3688 1816 [deest
3723 1747 3868 1816 forte

2217 1834 2513 1905 audeant},
2547 1835 2705 1889 omni
2739 1833 2910 1890 titulo
2944 1850 3121 1906 super
3149 1851 3216 1889 ea
3248 1851 3306 1889 re
3333 1832 3732 1906 quarumlibet
3759 1850 3868 1905 op-

2217 1924 2568 1994 positiunum
2604 1939 2835 1996 semper
2862 1922 3111 1978 excluso.
3151 1921 3532 1994 lndulgemus
3554 1925 3748 1977 autem
3780 1922 3868 1979 eis

2216 2011 2335 2065 hazc
2368 2012 2564 2068 omnia
2614 2011 2939 2083 apostolicae
2990 2012 3147 2067 sedis
3207 2014 3450 2083 paterna
3504 2011 3739 2084 pietate,
3780 2010 3870 2066 in-

2215 2101 2373 2155 ducti
2405 2106 2463 2157 et
2493 2104 2851 2156 confratrum
2883 2105 3215 2157 nostrorum
3248 2100 3495 2157 discreto
3525 2099 3788 2171 consilio,
3810 2104 3873 2156 et

2216 2190 2621 2261 praedictorum
2656 2190 2912 2246 virorum
2937 2189 3220 2246 nobilium
3255 2188 3867 2259 strenuointerventu,

2214 2283 2271 2334 et
2303 2279 2441 2351 quia
2472 2279 2893 2335 monasterium
2925 2279 3118 2350 ipsum
3152 2283 3286 2351 post
3318 2278 3619 2334 introitum
3652 2278 3868 2334 North-

2216 2384 2566 2423 mannorum
2609 2385 2740 2423 eum
2801 2367 3115 2424 intrinseca
3172 2368 3263 2424 sui
3322 2366 3757 2438 exspoliatione,
3807 2372 3871 2423 et

2214 2457 2471 2512 locorum
2504 2475 2742 2512 suorum
2777 2456 3094 2513 miserabili
3127 2456 3576 2529 depopulatione
3604 2472 3737 2512 cum
3770 2472 3867 2512 sa-

2213 2545 2465 2618 crilegiis
2502 2545 2983 2617 usurpationibus
3014 2546 3422 2617 episcoporum
3442 2545 3749 2601 innumera
3770 2544 3866 2601 lu-

2212 2635 2402 2705 genda
2430 2635 2780 2689 detrimenta
2811 2637 2868 2688 et
2888 2633 3130 2706 indigna
3152 2633 3454 2699 sustinuit,
3487 2650 3613 2706 quae
3645 2632 3868 2689 brevia-

2212 2723 2315 2777 tim
2351 2723 2408 2777 in
2452 2721 2748 2795 privilegio
2798 2720 3027 2777 comitis
3054 2722 3235 2776 Amici
3282 2725 3576 2777 notantur.
3623 2720 3870 2777 Talibus

2210 2827 2346 2884 ergo
2378 2811 2704 2867 rationibus
2757 2810 2974 2884 apertis
3032 2815 3324 2867 commota
3352 2809 3573 2866 viscera
3629 2809 3870 2883 pietatis

2212 2899 2541 2971 apostolicae
2574 2900 2753 2966 sedis,
2815 2899 3236 2955 monasterium
3295 2900 3450 2955 idem
3506 2915 3639 2955 cum
3693 2899 3875 2956 rebus

2211 2990 2486 3044 omnibus
2517 2989 2641 3045 suis
2670 2988 2887 3045 habitis
2918 2992 2974 3044 et
3003 2987 3312 3053 habendis,
3370 2992 3651 3061 tanquam
3707 2987 3869 3043 beati

2211 3077 2359 3132 Petri
2391 3077 2844 3149 possessionem,
2899 3078 3073 3148 cujus
3102 3080 3195 3132 est
3223 3081 3281 3133 et
3310 3078 3414 3147 jus
3445 3081 3501 3131 et
3529 3076 3860 3149 proprietas

456 3184 620 3240 aequo
653 3167 1049 3222 moderamine
1100 3166 1485 3237 possidentes,
1547 3166 1764 3236 prmlati
1822 3165 1998 3219 simul
2045 3169 2103 3220 et
2130 3154 2173 3220 C
2213 3183 2244 3219 a
2265 3165 2503 3236 juribus
2535 3165 2841 3231 universis,
2868 3170 3044 3237 atque
3073 3165 3325 3221 servitiis
3345 3163 3662 3236 cujuslibet
3682 3163 3880 3237 digni-

455 3255 696 3323 subditi,
730 3255 951 3328 pariter
983 3257 1266 3327 attingere
1298 3254 1529 3309 valeant
1560 3255 1631 3308 ad
1664 3252 1955 3325 promissa
1973 3254 2104 3308 tide-

451 3343 606 3399 libus
667 3344 885 3415 gaudia
946 3343 1326 3415 sempiterna.
1389 3344 1503 3398 Nos
1562 3343 1759 3413 itaque
1808 3342 1866 3396 in
1898 3342 2106 3397 Casino

454 3437 653 3488 monte
684 3431 940 3487 ﬁliorum
993 3437 1328 3487 nostrorum
1381 3431 1611 3503 Rogerii
1669 3431 1837 3486 ducis
1881 3438 1938 3486 et
1968 3432 2106 3486 Boa-

454 3520 660 3575 mundi
720 3520 918 3575 fratris
981 3522 1132 3591 ejus,
1169 3531 1223 3574 et
1272 3520 1513 3574 Ursonis
1565 3520 1812 3585 abbatis,
1869 3536 2105 3590 precum

455 3608 740 3664 instantia
774 3608 1020 3680 fatigati,
1056 3624 1189 3662 cum
1222 3607 1600 3662 multitudine
1622 3608 1979 3663 confratrum
2012 3624 2109 3663 no-

461 3704 717 3752 strorum
748 3696 1156 3768 episcoporum
1187 3697 1256 3750 ad
1286 3696 1747 3751 consecrandum
1792 3696 2104 3752 Bantinum

457 3784 878 3841 monasterium
912 3785 969 3839 in
1004 3784 1221 3839 honore
1249 3784 1345 3839 Dei
1365 3784 1681 3839 Genetricis
1704 3790 2104 3840 constructum

455 3875 658 3931 eadem
689 3872 1004 3929 auxiliante
1022 3873 1693 3945 pervenimus;cumque
1724 3873 2106 3944 opitulatione

455 3963 686 4020 Domini
715 3961 1252 4017 consecrationibus
1283 3963 1414 4032 ejus
1447 3962 1664 4016 nostris
1712 3961 1932 4017 devotis
1979 3979 2102 4018 ma-

456 4053 631 4119 nibus
662 4052 770 4107 rite
800 4051 1069 4123 peractis,
1105 4051 1443 4106 eorumdem
1470 4052 1728 4105 virorum
1780 4050 2101 4106 illustrium

452 4150 510 4199 et
539 4159 781 4199 suorum
813 4141 1093 4196 comitum
1143 4144 1201 4195 et
1247 4143 1533 4196 baronum
1579 4140 2101 4196 inter-ventionibus

452 4232 585 4302 piis,
619 4232 691 4285 ad
722 4247 1016 4285 summam
1055 4229 1318 4299 ejusdem
1346 4229 1697 4295 libertatem,
1729 4231 2099 4284 securitatem

452 4324 510 4374 et
544 4334 771 4389 pacem,
804 4335 836 4372 a
869 4317 1222 4372 monasterio
1274 4317 1420 4387 ipso,
1470 4327 1524 4371 el
1554 4317 1814 4372 ecclesiis
1861 4318 2013 4386 ejus,
2044 4320 2101 4371 et

450 4407 625 4462 rebus
657 4422 723 4460 ac
782 4405 924 4461 locis
969 4405 1243 4460 omnibus
1285 4405 1408 4459 suis
1441 4405 1658 4459 habitis
1706 4410 1760 4459 et
1789 4405 2096 4469 habendis,

2218 3254 2353 3310 tatis
2378 3253 2465 3310 vel
2511 3253 2732 3309 ordinis
2784 3254 3050 3309 omnium
3102 3253 3430 3320 hominum,
3476 3249 3870 3308 anathematis

2215 3343 2408 3415 gladio
2440 3343 2613 3415 digne
2634 3342 3063 3398 subtrahuntet
3091 3342 3430 3397 defendunt.
3464 3342 3547 3396 Ad
3580 3339 3867 3395 iudicium

2215 3438 2410 3488 autem
2445 3436 2723 3503 perceptae
2755 3430 2932 3501 hujus
2957 3448 2991 3485 a
3014 3435 3277 3486 Romana
3295 3429 3553 3485 Ecclesia
3574 3427 3863 3483 libertatis

2214 3538 2318 3592 per
2347 3537 2574 3575 annuos
2604 3518 2870 3591 singulos
2900 3519 3027 3574 auri
3062 3521 3294 3574 unciam
3328 3518 3494 3573 nobis
3526 3517 3871 3588 nostrisque

2214 3608 2654 3663 successoribus
2722 3608 2985 3679 ejusdem
3046 3606 3381 3663 monasterii
3437 3605 3680 3661 abbates
3734 3621 3867 3676 per-

2215 3697 2456 3752 solvent.

2283 3787 2338 3840 Si
2374 3803 2487 3857 qua
2518 3786 2777 3859 igiturin
2799 3787 3059 3841 futurum
3077 3784 3468 3840 ecclesiastica
3496 3781 3870 3839 smcularisve

2213 3892 2463 3947 persona
2492 3875 2643 3931 hanc
2663 3881 2875 3931 nostrae
2906 3873 3341 3930 constitutionis
3360 3870 3863 3946 paginamsciens,

2213 3971 2414 4019 contra
2469 3981 2595 4019 eam
2656 3969 2872 4019 temere
2926 3964 3123 4018 venire
3196 3962 3525 4027 tentaverit,
3601 3960 3861 4017 secundo

2210 4053 2448 4109 tertiove
2479 4054 2854 4117 commonita,
2882 4052 2996 4107 nisi
3028 4054 3255 4107 reatum
3286 4065 3463 4105 suum
3494 4049 3673 4121 digna
3692 4047 3865 4104 satis-

2211 4142 2458 4197 factione
2484 4141 2817 4207 correxerit,
2852 4140 3158 4212 potestatis
3191 4138 3546 4209 honorisque
3563 4136 3655 4193 sui
3668 4136 3859 4208 digni-

2210 4234 2327 4285 tate
2360 4235 2572 4297 careat,
2611 4246 2888 4301 reamque
2920 4245 2982 4284 se
3014 4228 3209 4283 divino
3234 4226 3459 4298 judicio
3509 4225 3756 4281 existere
3785 4224 3858 4280 de

2207 4324 2539 4391 perpetrata
2570 4318 2873 4390 iniquitate
2921 4318 3255 4388 cognoscat,
3307 4320 3365 4370 et
3394 4332 3427 4369 a
3457 4312 3857 4369 sacratissimo

2207 4424 2446 4480 corpore
2504 4424 2569 4462 ac
2620 4407 2903 4479 sanguine
2961 4405 3061 4460 Dei
3095 4410 3153 4461 et
3182 4402 3416 4460 Domini
3474 4401 3859 4473 redemptoris

448 4495 645 4551 omnia
665 4493 1172 4566 episcopaliajura
1197 4498 1252 4548 ct
1278 4493 1755 4565 publicasomues
1770 4493 2097 4549 exactiones
2124 4518 2172 4582 Ι)
2209 4496 2391 4552 nostri
2444 4497 2582 4552 Jesu
2642 4495 2854 4551 Christi
2892 4494 3083 4550 aliena
3112 4494 3217 4549 ﬁat
3246 4511 3258 4561 ;
3293 4496 3465 4564 atque
3496 4492 3553 4545 in
3599 4495 3859 4546 extremo

446 4582 765 4656 apostolica
814 4582 1155 4638 auctoritate
1205 4581 1459 4653 generali
1492 4588 1773 4654 perpetua
1819 4583 2096 4638 constitu-

446 4672 600 4727 tione
648 4671 1022 4727 exclusimus.
1082 4673 1351 4726 Attamen
1405 4688 1438 4726 a
1469 4670 1592 4726 sola
1650 4676 1877 4726 tantum
1909 4672 2090 4727 Aehe-

445 4761 679 4816 rontina
723 4760 966 4815 ecclesia
1017 4760 1238 4815 Sanetze
1298 4761 1617 4815 Anastasiae
1680 4761 1833 4815 intra
1889 4777 2091 4816 mutos

445 4849 696 4904 civitatis
730 4853 1070 4903 constructa
1098 4849 1484 4904 Acherontino
1519 4849 1954 4921 archiepiscopo
1996 4867 2092 4903 an-

445 4940 538 4995 nis
567 4937 821 5011 singulis
853 4954 1028 4992 unam
1061 4938 1184 4992 auri
1221 4940 1450 4992 unciam
1485 4940 1780 5009 suscipere
1829 4940 2090 5010 indulge-

445 5045 599 5083 mus.
656 5027 785 5083 Haec
841 5028 1057 5082 interea
1111 5027 1586 5099 irrefragabiliter
1639 5032 1984 5093 statuentes,
2026 5032 2091 5083 ut

445 5116 722 5181 chrisma,
755 5116 945 5171 oleum
982 5120 1272 5183 sanetum,
1314 5115 1776 5171 consecrationes
1819 5114 2092 5171 altarium

445 5220 547 5281 seu
583 5205 980 5271 basilicarum,
1040 5204 1434 5260 ordinationes
1480 5204 1787 5259 cleriorum
1827 5222 2089 5270 suorum,

442 5298 501 5346 et
560 5298 763 5348 caetera
822 5293 1150 5365 spiritualia
1224 5298 1606 5359 sacramenta,
1669 5293 1740 5347 ab
1801 5293 2092 5366 episcopis

441 5378 806 5447 dicecesanis,
866 5380 953 5435 vel
1013 5382 1463 5453 quibuscunque
1509 5381 1811 5437 catholicis
1860 5382 2091 5439 Bantini

416 5468 781 5531 ,monasterii
813 5469 1017 5524 fratres
1051 5469 1356 5542 accipiant,
1398 5471 1495 5542 qui
1529 5471 1806 5526 mandato
1854 5477 2087 5543 aposto-

437 5556 564 5627 licae
596 5555 753 5617 sedis
782 5560 840 5619 et
872 5558 1219 5621 auctoritate
1248 5556 1473 5621 suffulti
1502 5559 1750 5634 faveant,
1782 5562 1838 5619 et
1857 5560 2077 5628 eisdem

2206 4586 2470 4640 examine
2501 4585 2707 4638 divinae
2750 4582 2956 4638 ultioni
3008 4582 3325 4652 subjaceat.
3360 4580 3601 4635 Cunctis
3659 4584 3862 4633 autem

2201 4675 2394 4729 eidem
2430 4691 2538 4729 sua
2559 4673 2698 4742 jura
2727 4671 3096 4728 servantibus
3117 4670 3193 4726 sit
3222 4687 3334 4742 pax
3391 4668 3622 4723 Domini
3673 4667 3861 4722 nostri

2199 4763 2340 4819 Jesu
2372 4762 2606 4828 Christi,
2639 4766 2929 4833 quatenus
2958 4764 3015 4814 et
3044 4758 3137 4815 hic
3156 4760 3409 4814 fructum
3424 4759 3585 4813 bonae
3609 4755 3861 4813 actionis

2201 4850 2540 4923 percipiant,
2574 4856 2631 4921 et
2688 4850 2841 4923 apud
2901 4848 3235 4904 districtum
3284 4847 3548 4918 judicem
3609 4844 3852 4918 praemia

2200 4949 2424 4995 internae
2458 4940 2615 5011 pacis
2650 4938 2968 4994 inveniant.
2992 4939 3199 5004 Amen,
3232 4952 3422 4991 amen.

2274 5082 2641 5154 Sequebantur
2714 5082 2845 5154 ista;
2901 5080 3320 5154 subscriptiones
3401 5080 3564 5154 atque
3636 5075 3850 5147 sigilla.

2201 5149 2370 5209 Porro
2396 5153 2739 5224 pontiﬁcium
2795 5152 3033 5221 signum,
3067 5149 3139 5224 iri
3181 5165 3282 5224 quo
3333 5149 3701 5224 apostoto_ru_m
3747 5162 3852 5224 no-

2199 5227 2375 5291 mina,
2396 5219 2457 5279 ἰιι
2485 5242 2517 5277 a
2554 5219 2706 5293 tergo
2764 5219 3029 5292 imagines
3081 5219 3304 5293 plumbo
3358 5219 3503 5292 fusa?
3556 5219 3851 5293 habentur,

2199 5313 2316 5351 cum
2347 5294 2613 5360 eiusmodi
2642 5290 2924 5349 inextinio
2954 5290 3159 5347 circulo
3207 5290 3560 5363 inscriptione
3606 5290 3855 5363 legitur:

2200 5368 2557 5423 Bsxsmc'rus
2619 5370 2775 5422 Deus
2829 5381 2897 5421 ετ
2934 5364 3122 5422 Parca
3182 5360 3399 5422 Domni
3464 5377 3663 5420 nos'rm
3700 5360 3851 5422 Jesu

2197 5442 2446 5496 Cuaisrt.
