3988 6164
67 283 196 344 365

776 415 1062 471 LXXXIV.

75 507 354 563 Urbanus
396 507 419 562 Ι
435 511 458 561 1
492 507 680 561 statuit
713 510 773 560 ut
801 507 898 576 qui
926 506 1114 561 diebus
1143 507 1302 561 certis
1350 506 1742 560 monasterium

141 578 202 632 S.
241 578 443 634 illam?
466 577 726 649 adierint,
771 586 1116 649 peccatorum
1162 578 1500 633 absolutione
1544 579 1740 648 fruan-

139 657 267 704 tur.

722 740 907 809 (Anno
941 737 1124 808 l093.)

404 826 700 899 [UGHELLI,
748 827 916 882 Italia
949 843 1128 897 sacra,
1163 825 1282 894 VII,
1315 826 1428 890 '27.]

145 952 444 1007 Uasnxus
467 950 1006 1024 episcOpus,servus
1038 966 1338 1005 servorum
1369 948 1486 1015 Dei,
1509 948 1579 1002 ad
1613 963 1740 1018 per-

73 1045 320 1113 petuam
344 1041 428 1096 rei
457 1041 824 1108 memoriam,
850 1040 918 1095 ad
945 1040 1227 1095 honorem
1254 1055 1499 1094 summa;
1521 1042 1578 1092 et
1596 1035 1743 1090 indi-

73 1130 270 1184 viduze
298 1129 811 1200 sanctissimeque
843 1127 1169 1184 Trinitatis.

145 1219 467 1291 Perpetuis
491 1218 850 1290 temporibus
878 1219 1168 1272 duraturae
1201 1217 1338 1289 ipsae
1378 1215 1656 1271 stationes
1689 1217 1745 1270 et

77 1309 171 1363 ind
181 1307 472 1380 ulgentia:
485 1323 586 1378 per
599 1306 894 1362 Urbanum
913 1323 1120 1378 papam
1135 1307 1351 1361 secund
1363 1322 1458 1360 um
1477 1304 1742 1376 religioso

77 1405 126 1452 et
149 1395 483 1452 venerabili
499 1396 852 1452 monasterio
877 1396 1099 1450 Sanctae
1115 1395 1306 1450 Mariae
1328 1396 1399 1449 de
1414 1392 1745 1461 Pauso,vul-

77 1487 300 1559 gariter
354 1489 692 1556 nuncupato
760 1484 1142 1551 Deventuum,
1213 1500 1383 1553 enjus
1439 1482 1744 1537 ecclesiam

80 1575 235 1629 idem
252 1590 538 1630 summus
552 1573 806 1644 pontifex
820 1573 1093 1628 manibus
1107 1573 1358 1645 prOpriis
1368 1572 1744 1638 consecravit,

80 1664 168 1716 die
227 1679 391 1718 nono
423 1660 719 1716 Kalendas
757 1662 1141 1734 Septembris,
1175 1679 1460 1716 concessa:
1493 1665 1748 1716 contem-

1269 277 1676 344 EPISTOL/E
1720 265 1820 341 ar
1861 277 2338 342 PRIVILEGIA.

1771 413 1825 479 Α

3381 275 3498 341 366

2521 412 2774 468 LXXXV.

1856 502 2062 558 Urbani
2093 504 2142 556 II
2169 503 2396 573 epistola
2429 501 2508 556 ad
2539 500 2881 572 Raynoldum
2933 502 3246 573 [gemensem
3287 499 3501 573 archie-

1919 569 2218 644 piscopum.
2253 605 2321 645 τ-
2349 574 2513 628 Illum
2533 569 2803 643 vituperat
2821 571 2972 645 quod
3007 572 3234 628 electum
3269 569 3502 628 Atreba-

1920 643 2124 700 tensem
2135 643 2375 701 nondum
2404 647 2819 700 consecraverit.

2474 759 2660 832 (Anno
2703 758 2883 830 1093.)

2279 865 2512 936 [MANSI,
2539 864 2742 922 Coneil.
2777 862 2888 930 ΧΧ,
2920 863 3072 936 671.]

1922 981 2199 1036 URBANUS
2249 981 2580 1053 episcopus,
2616 997 2816 1036 servus
2849 996 3147 1035 servorum
3187 979 3307 1047 Dei,
3342 995 3498 1035 reve-

1811 1069 2201 1125 mendissimo
2242 1070 2487 1124 confrati
2544 1074 2600 1126 et
2643 1069 2981 1142 coepiscopo
3031 1069 3338 1124 RAYNALDO
3389 1069 3498 1125 Re-

1852 1159 2061 1226 mensi,
2095 1157 2344 1214 salutem
2377 1165 2432 1214 et
2461 1159 2840 1232 apostolicam
2859 1157 3346 1214 benedictionem.

1923 1248 2084 1314 Quod
2118 1247 2186 1302 de
2207 1248 2571 1304 Atrebatensi
2603 1247 2859 1304 Ecclesia
2889 1247 3333 1315 constituimus,
3366 1262 3497 1302 cum

1853 1353 1956 1408 pro
1987 1335 2318 1390 animarum
2375 1337 2565 1392 salute
2614 1336 2946 1408 multiplici,
2999 1340 3126 1392 tum
3167 1353 3269 1408 pro
3298 1339 3501 1392 vestras

1856 1425 2194 1496 metropolis
2225 1425 2734 1497 redintegratione,
2766 1430 2892 1481 tum
2926 1430 3100 1480 etiam
3133 1443 3236 1498 pro
3259 1423 3504 1496 justitiaa

1855 1514 2206 1570 exhibitione
2229 1515 2596 1585 perfecimus.
2635 1514 2750 1571 Etsi
2773 1515 2929 1571 enim
2952 1515 3010 1568 in
3049 1519 3307 1587 tempore
3329 1514 3508 1570 frater

1857 1603 2040 1673 fratri,
2073 1620 2238 1658 soror
2285 1605 2466 1659 sorori
2500 1603 2586 1659 vel
2617 1605 2788 1660 annis
2816 1603 3024 1670 minor,
3057 1603 3145 1659 vel
3166 1603 3507 1659 infirmitate

1855 1692 2133 1747 del‘ectior
2180 1692 2600 1764 committatur,
2654 1711 2769 1747 non
2799 1697 2996 1748 tamen
3025 1692 3237 1748 idcirco
3269 1707 3402 1748 cum
3434 1692 3506 1748 ad

81 1752 348 1853 glaucae
370 1751 684 1853 cujuSdafn
707 1749 1435 1853 pf9gativf88piritua}i,s
1466 1750 1740 1849 Sénctita'
1773 1782 1820 1846 B
1850 1779 2376 1850 emancipationem
2400 1749 2641 1849 venerit,
2675 1779 2867 1836 tutelae
2891 1782 3021 1851 ejus
3044 1780 3132 1837 vel
3165 1797 3316 1836 cura:
3347 1779 3508 1853 lega-

81 1842 177 1906 tis,
212 1857 403 1912 quam
436 1844 710 1911 expertus
733 1839 919 1894 fuitin
958 1841 1161 1895 eodem
1189 1838 1469 1902 cmnobio,
1503 1839 1621 1892 imo
1647 1854 1741 1909 po-

79 1931 196 1986 tius
227 1934 480 2002 propter
501 1929 812 2001 perfectam
838 1928 1134 2002 religionis
1157 1928 1584 1984 observantiam
1599 1927 1736 1981 dum

78 2025 233 2075 esset
263 2019 328 2073 in
361 2018 569 2074 eodem
622 2017 881 2072 emnobio
932 2017 991 2072 in
1052 2017 1379 2072 minoribus
1437 2015 1740 2071 ordinibus

81 2109 470 2171 constitutus,
503 2106 770 2162 videlicet
804 2108 958 2178 quod
991 2124 1193 2162 omnes
1217 2105 1414 2161 fideles
1441 2122 1619 2160 causa
1649 2105 1742 2160 de-

79 2197 337 2254 votionis
388 2197 613 2251 dictum
664 2195 1085 2252 monasterium
1134 2194 1438 2251 visitantes
1470 2193 1745 2266 praedicta

81 2288 169 2342 die
195 2287 402 2342 Nonas
426 2283 717 2340 Kalendas
741 2284 1119 2356 Septembris,
1153 2290 1210 2338 et
1239 2300 1341 2355 per
1369 2288 1554 2338 totum
1588 2283 1742 2337 diem

81 2380 457 2448 sequentem,
492 2391 715 2430 necnon
735 2374 793 2429 in
813 2373 1073 2430 dieJovis
1096 2374 1305 2440 sancti,
1344 2379 1401 2428 et
1425 2389 1527 2444 per
1556 2376 1743 2426 totum

83 2467 334 2521 Veneris
357 2463 567 2531 sancti,
603 2468 659 2518 et
675 2479 776 2534 per
789 2467 1071 2530 octavam,
1107 2467 1162 2518 et
1186 2463 1330 2517 festa
1346 2461 1710 2516 Itesurrectio
1725 2489 1745 2502 -

87 2556 180 2612 nis
231 2553 564 2625 sequentia,
599 2555 655 2607 et
683 2551 741 2606 in
794 2551 1070 2606 omnibus
1104 2551 1518 2606 festivitatibus
1567 2551 1745 2604 beatae

87 2643 356 2717 Virginis
375 2643 568 2696 Maria:
591 2642 662 2696 de
693 2642 970 2696 omnibus
1003 2641 1254 2712 peccatis
1285 2641 1355 2694 de
1379 2639 1595 2711 quibus
1616 2655 1748 2693 con-

90 2733 230 2787 fessi
264 2729 600 2797 fuerint,vel
635 2730 840 2786 saltem
874 2730 1268 2795 contriti,cum
1305 2729 1600 2800 proposito
1620 2744 1749 2782 con-

94 2821 328 2888 fitendi,
362 2819 688 2892 plenariam
729 2831 1165 2889 consequamur
1208 2817 1658 2888 indulgentiam,
1692 2821 1750 2872 et

95 2911 398 2983 gaudeant
429 2908 701 2964 omnibus
731 2907 1113 2980 indulgentiis
1136 2907 1409 2978 plenariis
1430 2906 1746 2978 perpetuis,

97 3005 154 3054 et
183 2997 614 3070 temporalibus
649 2997 856 3070 gratiis
900 3002 956 3051 et
1013 2996 1481 3062 remissionibus,
1535 2995 1752 3066 quibus

98 3089 364 3160 gaudent
387 3087 986 3160 personalitercivitas
1003 3085 1316 3142 etecclesia
1337 3083 1528 3140 Sancti
1550 3083 1749 3139 Jacobi

100 3147 168 3232 de
196 3147 635 3249 Compbstella;
671 3174 910 3247 reliquis
940 3175 1450 3247 verotemporibus
1467 3178 1524 3229 et
1545 3173 1750 3229 diebus
1781 3147 1825 3215 (ἶ

101 3265 348 3332 festivis,
384 3281 562 3320 causa
590 3264 915 3321 devotionis
946 3263 1082 3319 illuc
1113 3264 1472 3328 accedentes,
1507 3269 1758 3335 quatuor

99 3371 291 3409 annos
323 3359 380 3409 et
413 3354 652 3409 totidem
681 3355 1086 3426 quadragenas
1131 3354 1200 3408 de
1230 3369 1365 3407 vera
1394 3352 1759 3424 indulgentia

100 3447 568 3514 consequantur,
627 3443 696 3498 de
728 3443 884 3498 sedis
917 3441 1245 3514 apostolicae
1278 3441 1465 3514 gratia
1494 3439 1754 3512 speciali.

101 3533 360 3596 Quivero
379 3531 709 3604 cappellam
734 3532 1016 3602 majorem
1031 3530 1537 3604 ipsiusmonaterii
1555 3530 1756 3584 eadem

105 3623 194 3676 die
207 3625 612 3676 consecratam
635 3637 739 3692 per
754 3619 1142 3676 venerabilem
1167 3621 1402 3676 fratrem
1427 3620 1759 3674 Brunonem

106 3711 451 3782 episcopum
471 3709 816 3781 Signanum,
851 3710 909 3764 in
932 3709 1138 3765 diebus
1161 3709 1380 3766 festivis
1409 3713 1467 3764 et
1487 3708 1760 3765 omnibus

108 3800 315 3855 diebus
363 3797 685 3854 Dominicis
720 3799 896 3854 totius
927 3798 1063 3853 anni
1118 3797 1496 3864 visitaverint,
1541 3803 1762 3870 septem

111 3906 293 3944 annos
325 3893 386 3943 et
407 3888 650 3943 totidem
701 3889 1107 3959 quadragenas
1135 3889 1204 3942 de
1239 3905 1369 3942 vera
1403 3887 1764 3959 indulgentia

113 3982 568 4049 consequantur.
604 3977 919 4031 \‘isitantes
949 3977 1126 4032 etiam
1156 3976 1460 4032 ecclesiam
1493 3983 1764 4032 constru-

115 4073 260 4121 ctam
293 4066 354 4121 in
390 4065 569 4120 casali
616 4064 802 4138 ipsius
844 4065 1202 4129 monasterii,
1234 4071 1630 4120 consecratam
1664 4081 1766 4137 per

117 4153 505 4210 venerabilem
537 4154 774 4209 fratrem
807 4153 1116 4226 Rogerium
1151 4154 1606 4225 episcopum.....
1637 4153 1765 4226 ipso

115 4243 202 4298 die
221 4261 276 4298 ιχ
301 4241 427 4298 Kal.
451 4243 899 4313 Septembris,et
921 4243 1195 4298 omnibus
1224 4243 1431 4298 diebus
1451 4242 1765 4299 Dominicis

114 4339 166 4386 et
189 4332 500 4398 festivis,et
531 4331 705 4387 etiam
739 4332 794 4386 in
829 4331 1034 4387 diebus
1071 4331 1291 4386 festivis
1312 4331 1488 4387 beatis
1511 4331 1766 4404 Virginis

119 4421 331 4486 Maria,
357 4421 427 4475 ad
448 4421 618 4492 cujus
639 4421 911 4476 honorem
941 4425 1276 4475 constructa
1297 4425 1385 4475 est
1401 4425 1458 4475 et
1488 4437 1594 4475 suo
1607 4437 1767 4475 voca-

1851 1869 2006 1924 libus
2037 1869 2441 1924 sanctionibus
2460 1870 2592 1940 subj
2603 1870 3142 1925 acebit.Gravamur
3161 1869 3340 1942 igitur
3353 1869 3507 1941 quod

1851 1956 1987 2010 huic
2019 1961 2227 2012 nostrae
2253 1958 2738 2026 constitutioni,et
2761 1964 2872 2014 tua:
2899 1959 3240 2031 metropolis
3273 1958 3508 2016 restitu-

1850 2045 1993 2100 tioni
2043 2045 2246 2100 tandiu
2295 2051 2415 2100 tam
2445 2047 2822 2103 obstinaciter
2859 2048 3146 2116 restitisti,
3178 2051 3236 2104 et
3256 2047 3508 2104 electum

1849 2134 2248 2190 Atrebatensis
2278 2134 2544 2190 Ecclesia:
2583 2153 2922 2192 consecrare
2938 2153 3125 2208 usque
3139 2135 3310 2192 hodie
3323 2136 3510 2192 distu-

1852 2222 1995 2278 listi.
2031 2225 2166 2277 Tuae
2199 2223 2381 2294 igitur
2412 2224 2744 2279 reverentia:
2776 2225 3153 2296 praesentium
3184 2223 3510 2281 litterarum

1855 2311 2196 2366 auctoritate
2223 2311 2598 2382 praecipimus
2631 2317 2695 2367 ut
2724 2313 2996 2367 eumdem
3047 2311 3320 2377 electum,
3353 2315 3515 2384 post-

1855 2417 2031 2470 quam
2051 2399 2158 2454 has
2179 2399 2402 2454 litteras
2422 2399 2656 2466 videris,
2683 2401 2835 2455 infra
2853 2401 3095 2474 triginta
3116 2400 3348 2456 dierum
3381 2416 3516 2473 spa-

1855 2488 2001 2543 tium
2025 2505 2365 2544 consecrare
2385 2506 2680 2560 procures,
2702 2490 2864 2545 omni
2895 2489 3249 2545 tortitudine
3271 2493 3516 2558 semota,

1856 2578 2016 2632 omni
2067 2577 2536 2633 dissimulatione
2568 2578 2914 2650 postposita.
2965 2578 3132 2642 Quod
3171 2578 3220 2634 si
3251 2577 3522 2635 fortassis

1857 2665 2153 2721 occultiori
2177 2665 2372 2737 aliquo
2389 2666 2632 2722 consilio
2655 2667 2977 2740 adimplere
3002 2666 3426 2735 nolueris,eum
3449 2666 3522 2723 ad

1859 2772 1964 2810 nos
1983 2763 2116 2810 cum
2141 2753 2467 2810 litterarum
2491 2760 2726 2812 tuarum
2753 2755 3182 2829 astipulatione
3211 2755 3524 2812 transmit-

1863 2850 1932 2900 te.
1958 2845 2016 2899 Si
2040 2861 2172 2899 vero
2198 2849 2255 2899 et
2283 2844 2389 2899 hoc
2413 2845 2857 2917 contempseris,
2884 2863 2991 2902 nos
3014 2862 3149 2901 eum
3188 2846 3261 2916 ad
3293 2861 3400 2900 nos
3428 2859 3522 2901 ve-

1861 2934 1985 2988 nire
2019 2933 2392 3006 praecipimus
2449 2935 2908 2991 consecrationis
2957 2935 3209 3008 gratiam
3256 2938 3522 3006 receptu-

1861 3039 2013 3078 rum.

2554 3112 2830 3168 LXXXVI.

1868 3219 2072 3276 Urbani
2111 3219 2161 3272 II
2187 3219 2415 3288 epistola
2445 3217 2514 3272 ad
2561 3219 2908 3273 Lambertum
2953 3219 3357 3275 Atrebatensem
3393 3221 3510 3290 θρίξ

1935 3307 2183 3362 scopum.
2215 3321 2282 3327 ——
2326 3291 2422 3362 Illi
2468 3291 2786 3362 gratulalur
2832 3307 2896 3344 ac
2936 3290 3000 3346 de
3045 3289 3514 3362 superioribus’ad

1939 3361 2281 3431 Ragnaan
2315 3361 2511 3415 litteris
2540 3361 2834 3432 significat.

2491 3476 2678 3546 (Anno
2713 3476 2895 3549 1093.)

2227 3582 2436 3655 [ΜΑκει
2476 3583 2573 3638 ubi
2609 3600 2798 3656 supra,
2841 3583 2951 3641 col.
3011 3584 3162 3656 672.]

1945 3700 2220 3756 URBANUS
2242 3699 2572 3772 episcopus,
2608 3717 2808 3757 servus
2835 3719 3133 3758 servorum
3155 3701 3278 3771 Dei,
3311 3699 3524 3758 dilecto

1872 3789 2150 3845 confratri
2199 3794 2255 3844 et
2273 3790 2672 3846 consacerdoti
2707 3791 3033 3858 LAMBERTO,
3065 3789 3332 3847 Ecclesia;
3360 3791 3524 3846 Atre-

1873 3877 2132 3932 hatensis
2155 3877 2356 3946 electo,
2391 3878 2642 3934 salutem
2675 3884 2732 3934 et
2759 3878 3140 3951 apostolicam
3170 3878 3523 3935 benedictio-

1874 3983 2028 4021 nem.

1945 4055 2231 4108 Laetamur
2255 4059 2489 4126 pr0pler
2509 4059 2563 4110 te
2585 4054 2645 4110 in
2669 4055 2934 4123 Domino,
2961 4056 3139 4111 frater
3153 4054 3521 4122 charissima,

1874 4143 2012 4214 quia
2037 4142 2162 4214 ipso
2205 4143 2548 4214 disponente
2575 4144 2632 4199 in
2671 4143 3043 4200 Atrebatensi
3074 4142 3352 4212 Ecclesia,
3386 4158 3519 4215 quae

1874 4231 2074 4288 tandiu
2101 4231 2314 4304 proprii
2351 4233 2600 4303 pastoris
2622 4233 2826 4289 solatio
2857 4233 3064 4302 caruit,
3098 4250 3252 4289 nunc
3282 4233 3520 4288 tandem

1874 4322 2198 4377 secundum
2217 4325 2480 4376 nostrum
2504 4327 2854 4394 praeceptum
2879 4339 3061 4378 novus
3083 4326 3284 4395 pastor
3305 4320 3524 4379 electus

1875 4429 1955 4466 es.
1983 4416 2297 4483 Speremus
2315 4411 2526 4466 etenim
2552 4427 2654 4483 per
2676 4410 2956 4467 divinitus
2979 4411 3086 4468 tibi
3109 4412 3307 4467 datam
3335 4411 3522 4467 scien-

117 4511 248 4566 bulo
261 4514 624 4582 nuncupata,
663 4509 996 4582 pradictam
1029 4509 1453 4581 indulgentiam
1478 4527 1766 4564 annorum
1797 4516 1843 4580 ί)
1874 4499 2014 4554 tiam
2035 4506 2090 4554 et
2107 4499 2445 4572 religionem
2474 4501 2865 4572 quorumdam
2882 4500 3222 4556 vestratium
3245 4499 3523 4557 relatione

121 4604 343 4672 septem
379 4603 435 4654 et
467 4599 704 4654 totidem
755 4599 1262 4671 quadragenarum
1313 4603 1763 4670 consequantur.

329 4736 610 4806 Apparent
635 4735 746 4788 haec
773 4736 958 4788 omnia
997 4751 1069 4789 ea:
1099 4735 1247 4789 bulla.
1273 4734 1548 4806 plumbea.

187 4872 400 4922 Datum
433 4866 656 4922 Salerni
690 4884 792 4939 per
840 4884 1051 4922 manus
1097 4867 1362 4934 Joannis,
1401 4872 1614 4923 sancte:
1656 4869 1766 4924 Ro-

121 4975 302 5012 mana:
336 4956 600 5012 Ecclesia:
650 4957 880 5012 diaconi
930 4955 1266 5022 cardinalis,
1312 4956 1534 5012 decimo
1567 4964 1766 5015 octavo

121 5047 405 5102 Kalendas
438 5045 724 5113 Octobris,
759 5046 1074 5102 indictione
1108 5046 1319 5119 prima,
1351 5064 1502 5102 anno
1533 5047 1765 5104 Domini

119 5134 432 5192 millesimo
465 5135 844 5208 nonagesimo
897 5136 1089 5202 tertio,
1144 5135 1519 5207 pontificatus
1551 5136 1765 5194 Urbani

118 5241 277 5299 papae
305 5224 551 5282 secundi
583 5241 736 5282 anno
765 5229 942 5281 sexto.

1876 4588 2043 4644 nobis
2064 4588 2446 4658 insinuatam,
2481 4589 2804 4645 maximum
2817 4589 3007 4646 eidem
3035 4589 3299 4646 Ecclesia
3315 4595 3372 4646 et
3391 4606 3526 4645 cor-

1875 4676 2165 4750 poralium
2183 4681 2238 4732 ct
2262 4677 2653 4748 spiritualium
2679 4695 2873 4734 rerum
2899 4680 3273 4736 commodum
3299 4679 3528 4734 adfutu-

1877 4783 2028 4820 rum.
2048 4767 2206 4821 Scire
2238 4771 2433 4821 autem
2467 4771 2520 4820 te
2552 4766 2823 4824 volumus
2853 4769 2924 4825 de
2958 4766 3392 4825 consecratione
3419 4771 3526 4820 tua

1877 4855 2314 4926 archiepiscopo
2345 4855 2672 4927 scripsisse.
2706 4858 2788 4912 Tu
2825 4858 3006 4930 igitur
3029 4859 3157 4928 ejus
3189 4855 3527 4928 conspectui

1876 4949 1929 5000 te
1963 4948 2312 5017 praesentare
2343 4961 2607 5016 procura.
2639 4947 2801 5012 Quod
2836 4947 2885 5002 si
2936 4945 3032 5002 ille
3084 4945 3236 5000 infra
3286 4943 3527 5015 triginta

1877 5033 2001 5089 dies
2027 5038 2338 5106 postquam
2384 5038 2612 5088 nostras
2635 5033 2860 5090 litteras
2894 5033 3198 5106 acceperit,
3232 5036 3288 5088 te
3317 5046 3527 5088 conse-

1877 5140 2039 5179 crare
2072 5123 2342 5190 noluerit,
2374 5140 2478 5178 nos
2509 5127 2564 5178 te
2596 5123 2949 5195 quantocius
3003 5121 3260 5194 potueris
3317 5121 3387 5176 ad
3420 5137 3528 5177 nos

1875 5211 2069 5267 venire
2087 5210 2254 5282 prisci
2265 5211 2482 5284 pimus.
2519 5211 2756 5268 Interim
2783 5212 3113 5268 commissa:
3134 5209 3238 5268 tibi
3258 5208 3530 5273 Ecclesia

1877 5301 2032 5357 bona
2064 5300 2313 5370 interius
2345 5300 2715 5375 exteriusque
2746 5301 2994 5364 custodi.

1951 5389 2096 5449 Data
2122 5406 2158 5448 v
2189 5389 2325 5450 Idus
2356 5389 2640 5450 Octobris.
