4004 6162
483 280 603 342 367

489 503 695 560 Urbani
733 504 787 578 Ii
824 520 987 578 papa:
1032 509 1259 578 epistola
1309 508 1379 562 ad
1431 506 1720 562 Geraldum
1749 505 1999 562 abbatem
2031 506 2132 560 Mo-

555 575 788 648 nasterii
824 575 960 632 Neri
994 575 1370 634 Pictavivnsis.
1405 609 1473 618 —
1501 578 1880 648 Adjudicalam
1902 579 2130 632 canoni-

555 647 634 700 cis
683 647 743 700 in
787 649 1018 704 concilio
1086 651 1412 705 Santonensz’
1475 647 1755 705 ecclesiam
1802 649 1854 704 S.
1918 649 2135 703 Nicolai

555 733 709 791 secus
754 735 940 791 muros
990 721 1144 776 urbis
1191 722 1553 776 Pictaviensis
1599 722 1885 791 conﬁrmat
1947 719 2130 776 Mona-

553 790 718 845 sterio
745 789 887 846 Novo
915 791 1154 861 ejusdem
1176 793 1350 847 urbis.
1567 800 1574 806 '

1103 882 1290 954 (Anno
1332 880 1514 953 1093.)

662 967 829 1036 [Dom
857 967 1149 1037 BOUOL'ET,
1183 971 1414 1032 Reawit,
1460 973 1500 1024 t.
1535 969 1676 1036 XIV,
1711 986 1766 1042 p.
1800 970 1951 1040 706.]

556 1073 832 1130 Unsaxus
881 1075 1213 1148 episcopus,
1267 1093 1469 1131 servus
1527 1091 1828 1131 servorum
1894 1074 2017 1140 Dei,
2071 1075 2126 1129 in

481 1163 709 1220 Christo
738 1162 858 1219 ﬁlio
904 1163 1172 1221 Germano
1202 1165 1396 1221 abbati
1433 1164 1766 1221 Monasterii
1798 1164 1940 1220 Novi
1971 1165 2128 1237 quod

481 1251 542 1308 in
578 1252 914 1310 Pictaviensi
938 1254 1222 1311 suburbio
1245 1255 1422 1310 situm
1446 1262 1552 1322 est,
1569 1255 1875 1327 ipsiusque
1898 1271 2128 1310 succes-

481 1341 714 1398 soribus
735 1341 1080 1416 regulariter
1100 1343 1530 1400 substituendis
1560 1343 1619 1398 in
1653 1349 2020 1416 perpetuum.
2091 1367 2096 1371 ·

551 1431 637 1486 Ad
662 1430 770 1486 hoc
787 1431 910 1487 sedi
929 1432 1276 1504 apostolica,
1301 1433 1698 1505 omnipotente
1729 1434 1842 1506 Deo
1872 1437 1930 1489 et
1960 1433 2128 1490 beato

481 1519 649 1576 Petro
671 1526 1035 1592 cooperante,
1061 1521 1310 1595 promoti
1332 1523 1764 1596 cognoscimur,
1782 1527 1960 1594 utpro
1991 1524 2130 1579 data

483 1608 764 1664 divinitus
795 1608 1093 1666 falrultate
1113 1611 1464 1684 injustitiam
1481 1611 2124 1684 opprimere.justitiam

481 1697 703 1768 erigere
717 1702 774 1752 et
794 1697 1134 1770 religionem
1161 1717 1369 1772 augere
1396 1717 1669 1756 curemus
1705 1718 1718 1765 ;
1762 1701 1913 1756 unde
1940 1717 2128 1756 servo-

484 1801 614 1840 rum
635 1785 736 1842 Dei
759 1787 938 1858 quieti
963 1789 1264 1858 providere
1296 1806 1646 1861 magnopere
1673 1790 2018 1861 satagimus,
2045 1795 2128 1852 ut,
2160 1791 2206 1856 B

483 1889 518 1928 a
547 1873 927 1932 smcularibus
960 1877 1311 1935 tumultibus
1341 1878 1740 1942 liberi,divin:e
1776 1879 2128 1950 contempla-

483 1963 627 2022 tioni
658 1963 957 2021 ardentius
1013 1967 1290 2024 inhaerere
1340 1968 1706 2040 praevaleant.
1743 1968 1885 2023 Tuis
1926 1969 2124 2040 igitur,

483 2051 826 2108 charissima
841 2052 918 2108 ﬁli
937 2053 1180 2110 Geralde
1205 2056 1406 2118 abbas,
1436 2055 1547 2125 piis
1575 2053 1742 2121 votis,
1775 2061 1832 2110 et
1865 2071 2126 2110 reveren-

481 2139 712 2196 dissimi
733 2141 1012 2198 contratis
1033 2143 1543 2216 nostri,quondam
1562 2148 1757 2199 autem
1779 2143 1966 2198 Patris
1990 2144 2126 2211 mei,

485 2227 750 2302 Hugonis
804 2229 1209 2287 Cluniacensis
1263 2231 1495 2287 abbatis
1517 2231 1698 2302 justis
1747 2231 2128 2304 petitionibus

481 2321 828 2385 annuentes,
878 2334 1111 2374 omnem
1145 2319 1467 2375 libertatem
1524 2320 1644 2376 sive
1693 2321 2128 2377 immunitatem

481 2409 674 2461 vestro
697 2406 1255 2474 Novo-Monasterio,
1290 2413 1422 2480 post
1469 2408 1800 2481 apostolica:
1835 2409 2128 2465 memorias

481 2495 740 2570 Gregorii
765 2495 865 2551 VII
888 2497 1328 2568 praedecessoris
1361 2499 1540 2554 nostri
1573 2498 1939 2571 privilegium
1974 2500 2130 2554 attri-

481 2583 714 2652 butum,
751 2601 858 2640 nos
907 2603 1140 2658 quoque
1182 2587 1487 2658 prmseutis
1531 2588 1745 2642 decreti
1785 2587 2131 2645 auctoritate

483 2674 863 2729 conferimus.
898 2677 1178 2730 Prasterea
1211 2676 1272 2730 Β.
1319 2675 1536 2731 Nicolai
1581 2675 1908 2746 ecclesiam,
1959 2694 2130 2734 secus

483 2779 685 2826 muros
710 2761 956 2819 Pictavis
975 2764 1048 2820 ab
1068 2766 1288 2837 Agnete
1309 2765 1610 2821 comitissa
1636 2765 2000 2835 aediﬁcatam,
2024 2767 2130 2822 tibi

483 2850 722 2923 tuisque
736 2852 1178 2908 successoribus
1201 2858 1480 2926 perpetuo
1503 2854 1913 2925 possidendam
1933 2872 2134 2912 conce-

481 2937 700 3005 dimus,
733 2938 885 2995 sicut
929 2957 964 2996 a
991 2939 1182 3013 legato
1222 2945 1420 2998 nostro
1468 2944 1674 2997 Amato
1715 2943 2132 3017 Burdegalensi

479 3028 774 3101 episcopo,
793 3032 850 3084 et
869 3046 903 3084 a
919 3029 1407 3086 reverendissimo
1433 3033 1720 3088 confratre
1742 3037 1940 3088 nostro
1963 3033 2131 3091 Petro

481 3115 822 3174 Pictaviensi
844 3117 1529 3190 episcopo,prresentibus
1552 3120 1842 3192 episcopis
1869 3127 1926 3176 et
1955 3123 2128 3179 abba-

481 3206 660 3276 tibus,
695 3223 828 3262 oum
861 3205 962 3261 ﬁlii
997 3208 1178 3262 nostri
1210 3208 1504 3264 Guillelmi
1537 3209 1768 3266 comitis
1823 3211 2014 3268 favore
2067 3213 2126 3268 in

484 3293 728 3352 concilio
781 3295 897 3367 (15)
945 3295 1250 3352 deﬁnitum
1317 3314 1448 3353 esse
1501 3299 1898 3370 cognovimus,
1976 3301 2128 3358 sicut

486 3389 544 3442 et
572 3383 922 3440 venerabilis
971 3384 1128 3441 ﬁlius
1177 3389 1374 3442 noster
1413 3385 1751 3454 ltainaldus,
1785 3389 2125 3445 monasterii

475 3475 540 3529 B.
591 3471 860 3546 Cypriani
909 3473 1182 3538 abbas,se
1205 3474 1436 3546 publice
1458 3477 1844 3531 constitutum
1874 3478 2126 3534 veridica

474 3577 671 3617 coram
702 3560 871 3616 nobis
893 3562 1212 3617 assertione
1233 3567 1481 3619 testatus
1499 3569 1605 3619 est.
1642 3565 1788 3629 Quia
1817 3565 1974 3621 enim
2006 3573 2124 3623 sta-

471 3649 584 3704 tuti
607 3649 868 3704 canonici
892 3651 1215 3706 secundum
1261 3654 1476 3724 accepti
1511 3671 1545 3709 a
1575 3654 1840 3710 Romana
1870 3655 2126 3712 Ecclesia

474 3735 759 3812 privilegii
771 3741 1030 3794 tenorem
1045 3738 1231 3796 vivere
1253 3745 1500 3796 comtem
1511 3747 1835 3814 pserunt,et
1847 3744 1917 3798 ab
1936 3745 2124 3816 ipsius

475 3827 724 3884 civitatis
751 3826 1024 3900 episcopo
1042 3828 1162 3884 sive
1183 3845 1217 3884 a
1235 3829 1441 3903 legatis
1464 3831 1679 3887 nostris
1711 3833 2014 3901 admoniti,
2050 3835 2121 3890 ad

479 3933 596 3973 suae
637 3916 850 3988 regqu
873 3919 1234 3990 propositum
1268 3921 1487 3975 conniti
1519 3921 1892 3992 pertinaciter
1917 3940 2121 3979 renue-

476 4011 756 4072 runt,non
790 4005 1102 4072 immerito,
1129 4009 1300 4078 juxta
1357 4009 1752 4081 evangelicum
1804 4012 2121 4082 judicium,

475 4111 722 4168 regnum
745 4095 846 4151 Dei
869 4095 940 4150 ab
959 4095 1042 4150 eis
1066 4095 1350 4164 ablatum,
1375 4103 1434 4152 et
1457 4099 1682 4154 fructus
1703 4100 1832 4170 ejus
1857 4101 2124 4156 facienti-

472 4185 586 4240 bus
615 4185 818 4240 datum
841 4190 950 4239 est.
985 4185 1188 4240 Vestra
1211 4185 1410 4258 itaque
1440 4186 1705 4255 interest,
1738 4188 1842 4242 ﬁlii
1868 4189 1924 4244 in
1959 4190 2120 4244 Chri-

472 4278 562 4329 sto
581 4273 934 4339 charissiml,
965 4273 1296 4346 apostolicae
1330 4274 1487 4330 sedis
1518 4273 1854 4331 liberalitati
1889 4279 2018 4349 [0d,
2053 4277 2120 4332 li-

471 4361 700 4431 hortati]
719 4365 780 4418 et
798 4362 994 4435 gratia:
1010 4361 1206 4446 dignis
1225 4363 1556 4419 actionibus
1578 4365 1944 4436 respondere,
1961 4382 2126 4439 regu-

545 4505 658 4576 (15)
690 4504 857 4576 Forte
905 4505 961 4560 in
992 4504 1630 4576 concilioSantonensi,

474 4574 762 4631 ab'Amato
779 4575 1134 4632 celebratum
1181 4575 1307 4638 fuit,
1341 4574 1422 4630 vel
1457 4593 1523 4631 eo
1546 4574 1698 4638 quod
1723 4577 1940 4634 ibidem
1967 4597 2118 4636 anno

475 4647 615 4702 1089
635 4647 990 4702 celebratum
1006 4647 1676 4718 traditchronographus
1695 4649 2114 4707 Malleacensis.

539 4720 676 4804 (15:)
707 4719 921 4804 Eadem
959 4719 1206 4804 ecclesia
1235 4717 1461 4772 clericis
1483 4735 1720 4804 quoque
1749 4719 2118 4804 regularibus

470 4787 606 4864 data
639 4787 863 4864 fuerat;
897 4790 998 4864 sed
1031 4787 1428 4864 vilitterarurn
1483 4787 1726 4864 istarum
1759 4787 1925 4864 ejecti
1959 4800 2116 4864 post-

470 4863 709 4918 modum
740 4863 897 4916 l'uere
916 4859 1509 4933 clerici,institu_tique
1531 4862 1588 4916 ὃ.
1623 4859 1889 4933 Cypriani
1915 4859 2116 4919 mona-

469 4934 585 5007 chi.
621 4934 744 5007 Qua
773 4933 842 5007 de
863 4947 932 5007 re
965 4947 1196 5007 gravem
1218 4931 1310 5007 tvo
1331 4931 1719 5007 Carnotcnsis
1743 4933 1950 5007 detulit
1983 4951 2119 5007 que-

469 5005 652 5076 relam
675 5004 744 5076 ad
781 4999 1010 5076 Petrum
1040 5001 1454 5076 Pictaviensem
1480 5003 1694 5076 _episc.,
1729 5005 1816 5076 cpi
1861 5013 1898 5059 t.
1933 4999 2020 5070 30',
2060 5009 2114 5061 in

470 5092 588 5147 qua
614 5073 865 5130 laudatis
897 5073 1110 5147 Urbani
1136 5090 1298 5147 pelue
1321 5072 1546 5140 litteris,
1576 5091 1675 5129 eas
1689 5072 2111 5147 monachorum

467 5145 657 5202 causa
689 5145 1037 5217 patrocinari
1068 5163 1178 5200 non
1212 5145 1422 5200 debere
1454 5146 1770 5201 contendit.
1804 5148 1900 5203 Ait
1915 5149 2109 5205 enim:

467 5239 495 5266 «
529 5217 641 5272 Nec
679 5219 822 5273 satis
879 5223 1116 5272 tuentur
1165 5221 1413 5271 vestram
1450 5218 1866 5274 fraternitatem
1911 5219 2112 5276 litterae

467 5287 668 5361 domni
704 5307 863 5360 papae
897 5289 1111 5356 quibus
1155 5287 1448 5361 dictandis
1480 5304 1512 5341 a
1571 5287 1750 5344 latere
1810 5291 2116 5361 [legendum

465 5357 671 5436 Alatri]
696 5357 1088 5436 interfuimus,
1135 5375 1262 5436 quis
1310 5360 1660 5436 confirmant
1690 5357 2112 5436 abbati_S._Cy-

467 5428 658 5503 priani
682 5430 959 5503 jus‘illud
1002 5431 1285 5503 praedicta:
1317 5429 1596 5503 COOlOSlFB,
1629 5433 1782 5502 quod
1815 5449 1879 5488 se
1904 5428 2114 5489 habere

469 5498 700 5586 dicebat
719 5517 787 5557 ex
802 5498 1062 5586 legitima
1090 5501 1461 5586 concessione
1481 5498 1880 5586 quarumdam
1912 5521 2114 5586 mona-

471 5569 738 5646 chorum,
771 5569 887 5650 qui
903 5573 992 5653 (ut
1019 5573 1370 5648 audivimus)
1395 5569 1651 5652 quietam
1683 5574 2115 5652 possessionem

1777 285 1845 346 B.
1893 282 2180 346 URBANI
2226 281 2275 343 ll
2325 281 2577 346 ΡΑΡᾹΞ.

2166 423 2217 483 Α
2251 417 2388 470 luris
2417 418 2736 487 disciplima
2771 419 2957 472 ordini
2992 417 3232 473 sollicite
3265 415 3638 481 insudare,ut
3669 418 3896 488 quanto

1707 4507 1946 4592 upd‘an.
1984 4510 2115 4566 1081
2153 4527 2197 4592 D

3762 280 3894 344 368

2244 523 2278 560 a
2305 505 2686 561 saecularibus
2721 505 3072 562 tumultibus
3103 505 3736 571 liberioresestis,tanto
3771 521 3896 561 am-

2241 593 2395 665 plius
2419 595 2643 666 placere
2685 599 2798 651 Deo
2823 595 3003 652 totius
3027 595 3242 651 mentis
3273 598 3331 651 et
3347 594 3555 650 animm
3573 594 3896 650 virtutibus

2242 681 2629 738 anholetis.-Si
2656 683 2788 755 quis
2810 699 2943 739 vero
2963 682 3339 758 regularium,
3373 682 3763 748 sacerdotum,
3791 683 3894 754 ju-

2241 772 2438 826 dicum
2462 775 2636 844 atque
2659 771 3028 828 szrcularium
3052 789 3301 844 persona
3321 772 3472 828 hanc
3503 787 3643 828 mete
3677 773 3896 828 consti-

2239 860 2484 915 tutionis
2514 859 2786 932 paginam
2808 878 3150 934 agnoscens,
3178 867 3382 918 contra
3409 877 3563 929 eam,
3599 866 3708 917 etc.

2312 954 2614 1005 Datum....
2649 966 2750 1022 per
2781 967 2991 1006 manus
3044 951 3292 1006 Joannis
3345 955 3558 1007 sanctas
3613 951 3894 1008 Romanis

2240 1037 2506 1094 Ecolesim
2539 1039 2768 1094 diaconi
2816 1041 3000 1109 card.,
3033 1057 3125 1095 xv1
3159 1039 3284 1096 Kal.
3333 1039 3697 1108 Novembris,
3731 1040 3891 1096 indi-

2240 1129 2428 1184 ctione
2460 1129 2665 1199 prima,
2725 1145 2876 1184 anno
2921 1127 3232 1186 Dominicaz
3289 1128 3714 1185 lncarnationis
3747 1129 3895 1186 1093

2240 1218 2614 1289 pontiﬁcatus
2646 1222 2840 1274 autem
2876 1218 3091 1273 Urbani
3115 1234 3274 1290 papae
3297 1218 3345 1274 II
3375 1235 3528 1274 anno
3558 1236 3634 1274 v1.

2894 1307 3231 1363 LXXXVIII.

2241 1397 2450 1452 (Trtumi
2507 1396 2554 1451 ΙΙ
2581 1411 2743 1466 papae
2797 1397 3025 1468 epistola
3055 1396 3125 1451 ad
3156 1396 3501 1468 Raynaldum
3549 1397 3801 1452 abbatem
3830 1400 3890 1454 S.

2311 1467 2576 1537 Cypriani
2613 1469 2990 1522 Pictaricnsis.
3027 1500 3094 1507 ——
3134 1467 3407 1539 Quidquid
3446 1468 3594 1539 juris
3645 1473 3696 1524 et
3723 1485 3891 1524 cano-

2310 1542 2452 1593 m'cm
2503 1541 2776 1610 potestatis
2839 1541 3171 1610 arquisicrat
3229 1543 3290 1594 in
3336 1540 3618 1594 ecclesiam
3673 1540 3894 1598 Sanctae

2311 1612 2496 1663 (.‘rum's
2525 1611 2670 1679 ule
2719 1611 2968 1680 Englam,
3015 1611 3187 1666 eidem
3215 1611 3476 1675 concedit,
3508 1615 3563 1666 et
3591 1613 3894 1683 apostolica

2308 1684 2628 1736 auctorilalc
2655 1684 2960 1752 conﬁrmat.

2571 1817 2574 1821 .
2863 1773 3050 1839 (Anno
3084 1771 3265 1836 1093.)

2451 1841 2536 1912 ξι).
2573 1845 2864 1909 Domum,
2915 1843 3150 1909 [tenue-il,
3199 1847 3240 1896 t.
3267 1841 3409 1908 XIV,
3434 1858 3490 1914 p.
3518 1842 3669 1912 696.]

2309 1930 2582 1985 URDANUS
2615 1931 2946 2003 cpiscopus,
2979 1947 3178 1986 servus
3209 1947 3508 1986 servorum
3537 1929 3891 1998 Dei,dilecto

2235 2019 2294 2075 in
2327 2020 2555 2074 Christo
2588 2020 2704 2073 tilio
2738 2021 2850 2074 lt...
2890 2020 3240 2091 ζΙὶΑγκΑιῡο]
3268 2019 3462 2075 abbati
3496 2024 3559 2076 Β.
3591 2019 3890 2093 Cypriani,

2237 2107 2485 2164 salutem
2517 2113 2572 2162 et
2603 2107 2979 2180 apostolicam
3005 2108 3490 2164 benedictionem.

2306 2199 2386 2252 Ex
2417 2197 2598 2251 nostri
2631 2197 2802 2250 ol‘ticii
2855 2196 3049 2252 debito
3099 2212 3540 2251 commonemur
3579 2211 3889 2252 servorum

2235 2287 2336 2342 Dei
2377 2285 2560 2357 quieti
2608 2285 3030 2357 prospicere,ut
3057 2302 3092 2340 a
3121 2283 3498 2340 saecularibus
3527 2283 3892 2342 tumultibus

2236 2374 2511 2448 separati,
2541 2375 2957 2446 omnipotentis
2979 2373 3076 2430 Dei
3099 2373 3348 2430 servitiis
3386 2373 3618 2429 valeant
3639 2372 3891 2430 liberius

2238 2464 2533 2519 insudare.
2555 2464 2634 2519 Ea
2668 2468 3019 2536 propternos
3043 2463 3162 2518 tuis
3185 2461 3476 2535 precibus,
3509 2461 3591 2517 ﬁli
3629 2462 3688 2518 in
3719 2461 3892 2518 Chri-

2239 2557 2330 2608 sto
2362 2551 2706 2607 charissime
2725 2551 3036 2624 Raynalde,
3051 2550 3390 2606 annuimus.
3413 2549 3706 2622 Quidquid
3727 2551 3892 2606 enim

2233 2642 2407 2714 juris,
2442 2641 2727 2713 quidquid
2751 2640 3038 2695 canonica:
3066 2640 3370 2713 potestatis
3395 2639 3452 2694 in
3475 2639 3720 2696 ecclesia
3745 2643 3895 2694 San-

2240 2736 2346 2786 ctze
2369 2731 2569 2786 Crucis
2591 2729 2744 2801 apud
2773 2729 3016 2802 Englam
3046 2729 3132 2784 vel
3167 2745 3235 2784 ex
3272 2729 3648 2784 concessione
3689 2744 3896 2784 eorum

2239 2835 2489 2892 quorum
2524 2823 2696 2873 antea
2715 2819 2871 2888 juris
2922 2818 3032 2872 fuit
3059 2818 3220 2890 (15'),
3252 2818 3337 2872 vel
3367 2816 3681 2889 episcopali
3712 2817 3896 2873 tradi-

2238 2910 2396 2964 tione
2425 2913 2611 2964 vestro
2642 2907 2903 2962 coenobio
2953 2923 3296 2962 concessum
3343 2910 3451 2972 est,
3500 2922 3608 2960 nos
3655 2922 3897 2979 quoque

2239 2998 2700 3065 concedimus,et
2722 2995 3166 3068 praesentiarum
3191 2993 3520 3050 litterarum
3541 2995 3898 3051 auctoritate
3969 3005 3975 3014 ‘

2241 3088 2566 3142 ﬁrmamus.

2155 3159 2198 3226 C
2308 3175 2453 3230 Data
2482 3174 2635 3246 apud
2686 3172 2966 3246 oppidum
3025 3171 3230 3241 Alatri,
3291 3189 3346 3227 IV
3405 3173 3600 3229 Nonas
3637 3173 3888 3248 Novem-

2233 3263 2377 3320 bris.

2923 3331 3200 3390 LXXXIX.

2237 3424 2444 3482 Urbani
2472 3425 2524 3478 11
2555 3438 2716 3496 papa?
2743 3423 2968 3494 epistola
2991 3422 3060 3477 ad
3090 3425 3361 3496 episcopos
3389 3425 3440 3477 el
3461 3421 3681 3496 abbates
3709 3420 3884 3496 Aqui-

2305 3498 2498 3564 taniae,
2535 3491 2854 3551 (Nascon—ia?
2899 3499 2948 3549 et
3008 3491 3290 3564 inferioris
3327 3491 3685 3562 Burgundiaa.
3721 3491 3787 3536 ἑ
3821 3495 3885 3550 Ut

2303 3568 2372 3622 ad
2427 3565 2852 3637 comparandam
2906 3566 3217 3636 apostolica
3261 3565 3402 3619 sedis
3449 3566 3756 3637 libertatem
3791 3581 3886 3636 pc—

2302 3635 2597 3693 cuniarum
2649 3637 2896 3691 subsidia
2940 3635 3238 3707 iror'rogari
3305 3638 3538 3707 faciant,
3585 3638 3637 3691 et
3687 3635 3759 3691 ad
3823 3652 3884 3691 se

2303 3711 2606 3764 transmitti
2634 3724 2731 3780 per
2773 3723 2969 3763 manus
3002 3706 3256 3762 Rainaldt
3285 3706 3498 3762 abbatis
3525 3709 3581 3762 S.
3613 3709 3887 3780 Cypriani

2303 3781 2681 3835 I’ictaviensis.

2837 3847 3022 3920 (Anno
3059 3848 3238 3920 1093.)

2412 3923 2499 3992 [0.
2530 3921 2821 3988 Bouous'r,
2847 3918 3092 3977 'Recueil.
3124 3918 3266 3976 tom.
3297 3918 3435 3989 XIV,
3469 3937 3526 3991 p.
3551 3919 3704 3990 697.]

2305 4011 2585 4065 [luamus
2613 4009 2944 4080 episcopus,
2979 4023 3182 4063 servus
3197 4025 3494 4063 servorum
3518 4008 3637 4074 Dei,
3665 4008 3886 4064 charis-

2235 4097 2404 4154 simis
2437 4096 2736 4165 fratribus,
2769 4095 3080 4168 episcopis,
3145 4096 3456 4152 abbatibus
3506 4113 3610 4168 per
3641 4096 3881 4170 Aquita-

2181 4209 2189 4216 ·
2234 4187 2412 4253 niam,
2437 4185 2828 4241 Guasconiam
2861 4190 2920 4239 et
2943 4184 3278 4240 inferiorem
3313 4183 3711 4257 Burgundiam
3741 4199 3879 4241 con-

2232 4275 2474 4338 stitutis,
2507 4273 2758 4328 salutem
2791 4279 2848 4328 et
2875 4272 3253 4346 apostolicam
3284 4273 3768 4330 benedictionem.

2303 4363 2730 4419 Dilectissimus
2761 4379 2827 4417 ac
2857 4361 3162 4418 familiaris
3193 4367 3392 4418 noster
3421 4361 3577 4418 ﬁlius
3609 4361 3676 4418 It.
3727 4361 3879 4434 [Bai-

2231 4505 2573 4578 clericorum
2593 4504 3584 4578 approbant,mona_chorumveros.
3606 4504 3876 4578 Cypriani

2230 4576 2884 4657 intrusionem'p‘rorsus
2926 4576 3292 4657 improbant._
3314 4577 3396 4657 Ad
3421 4576 3530 4632 hoc
3550 4576 3876 4657 _enim_pra2-

2227 4649 2420 4720 dictus
2453 4646 2844 4704 abbas—modis
2866 4646 3142 4720 omnibus
3159 4646 3468 4713 nitebatur,
3502 4652 3569 4703 ut
3589 4646 3873 4720 praedictis

2227 4719 2482 4774 ecclesia:
2517 4721 2810 4792 prioratus
2841 4721 2891 4773 ei
2925 4719 3206 4792 adomna
3237 4735 3386 4791 papa
3406 4719 3828 4792 concederetur
3855 4736 3869 4786 ;

2227 4793 2382 4862 quod
2414 4788 2664 4846 domnus
2679 4807 2847 4862 papa,
2885 4789 3051 4846 nobis
3083 4788 3535 4862 reclamantibus
3564 4795 3621 4862 et
3647 4789 3874 4862 liberta-

2227 4861 2342 4917 tem
2376 4861 2722 4916 clericorum
2763 4861 2875 4932 pro
2925 4877 3096 4932 posse
3152 4867 3350 4916 nostro
3403 4861 3866 4928 defendentibus,

2226 4935 2413 5005 facere
2438 4932 2643 4994 noluit,
2675 4931 3001 5005 praecavens
3035 4931 3354 5005 (sicutipse
3374 4932 3627 5005 dicebat)
3661 4948 3730 5005 ne
3760 4933 3868 4987 sub

2227 5003 2334 5058 hac
2383 5002 2690 5058 occasione
2733 5003 3042 5075 praedictus
3089 5002 3271 5075 abbas
3301 5003 3540 5058 clericos
3569 5002 3870 5075 moliretur

2225 5077 2551 5138 excludere,
2581 5082 2639 5130 et
2669 5073 2986 5129 monachos
3033 5090 3174 5130 suos
3204 5073 3589 5130 introducere.
3625 5073 3868 5129 Clerico-

2223 5165 2353 5202 rum
2386 5154 2579 5201 autem
2612 5145 2801 5217 ordini
2835 5145 3130 5216 publicam
3164 5145 3389 5201 infertis
3434 5144 3735 5217 injuriam,
3759 5144 3866 5217 qui

2224 5217 2641 5290 monachorum
2674 5215 2937 5290 ordinem
2969 5222 3179 5290 actam
3212 5215 3513 5290 ruinosam
3534 5215 3868 5290 superbiam

2223 5289 2469 5358 erigitis,
2485 5293 2548 5342 ut
2567 5288 2809 5343 clericos
2826 5288 3248 5360 eissubjgugare
3269 5287 3542 5344 studietis
3570 5305 3596 5360 ;7
3611 5287 3866 5359 quorum

2222 5357 2386 5414 tanta
2415 5361 2587 5414 debet
2616 5375 2743 5414 esse
2774 5357 3561 5426 excellentia—utmecundum
3575 5357 3865 5431 BQAugu-

2219 5431 2469 5576 ptinutm,
2500 5431 2599 5558 vix
2643 5432 2810 5486 etiam
2857 5431 3026 5487 bonus
3063 5432 3356 5488 monachus
3385 5431 3586 5488 bonum
3612 5429 3871 5488 clericum

2245 5518 2366 5560 acta
2397 5543 2411 5570 ,
2446 5522 2475 5552 »
2506 5517 2536 5558 θ
2565 5517 2614 5560 o.

2245 5503 2411 5570 'aciat,
2446 5522 2475 5552 »
2506 5507 2614 5560 etc.
