4004 6162
166 426 289 491 373

1342 426 1749 494 EPISTULA;
1791 426 1890 492 ET
1932 426 2407 494 PRIVILEGIA.

3455 414 3571 487 sit

168 578 348 623 suum
377 558 441 621 in
468 558 871 622 Cameracensi
900 558 1159 623 Ecclesia
1192 560 1295 638 jus
1338 562 1677 639 metropolis
1706 564 1814 623 Re-
1844 562 1899 632 Α
1928 561 2093 622 Favel
2124 563 2343 623 Poncii.
2377 561 2603 631 Asserit
2619 560 2776 623 enim
2808 559 2971 638 Hugo
2993 560 3066 622 de
3091 554 3574 635 Conchis,noster

168 654 394 712 mensis
422 651 960 727 amittat.Quisquis
984 655 1141 711 enim
1168 654 1288 712 illic
1309 656 1421 711 nisi
1443 671 1544 727 per
1567 655 1812 711 Remen-

168 759 296 800 sem
327 742 839 817 archiepiscopum
890 744 1332 816 prasumpserit
1379 744 1658 809 ordinari,
1700 762 1818 800 una

169 848 302 889 cum
338 832 673 888 ordinatore
694 849 802 891 suo
831 832 1216 889 districtionis
1260 833 1589 905 apostolica
1621 833 1815 905 gladio

168 922 430 978 ferietur.
465 922 854 987 Quamobrem
884 927 1045 977 tuam
1075 921 1531 979 sollicitudinem
1583 923 1817 995 expedit

167 1010 482 1083 vigilanter
508 1009 779 1066 insistere
829 1015 892 1066 ut
942 1016 1191 1084 utraque
1239 1011 1495 1068 Ecclesia
1534 1011 1816 1067 cardinali

168 1116 285 1155 non
318 1099 677 1155 destituatur
706 1100 999 1172 epis00po,
1036 1101 1151 1155 nisi
1194 1100 1341 1157 forte
1371 1105 1815 1157 Cameracenses

167 1187 540 1262 privilegium
571 1188 845 1243 Romana
871 1189 1239 1245 auctoritatis
1271 1189 1813 1262 ostenderint,quod

166 1278 252 1333 eis
282 1278 727 1333 Atrebatensem
759 1276 975 1332 subdat
1010 1277 1348 1333 Ecclesiam.
1384 1278 1563 1347 Unde,
1616 1280 1814 1345 frater,

165 1366 356 1422 virtus
411 1370 513 1422 tua
541 1381 639 1421 eos
686 1382 1042 1439 pramonere
1085 1374 1373 1439 procuret,
1430 1374 1722 1439 quatenus
1756 1367 1813 1423 in

167 1455 439 1528 proxima
465 1455 924 1527 Quadragesima
948 1472 1083 1511 cum
1101 1456 1508 1512 Atrebatenses
1526 1473 1629 1528 pro
1650 1455 1811 1512 electi

167 1542 261 1599 sui
292 1542 738 1599 conﬁrmatione
771 1544 841 1599 ad
874 1561 981 1600 nos
1003 1544 1302 1611 venerint,i
1312 1545 1399 1617 psi
1434 1562 1813 1617 quoquecum

165 1632 440 1690 Ecclesia
471 1649 588 1688 sua
638 1633 1090 1689 auctoritatibus
1136 1638 1346 1689 nostra
1396 1651 1458 1689 se
1506 1634 1813 1689 audientia

166 1726 604 1795 reprasentent.
635 1721 809 1777 Porro
839 1720 1180 1778 electionem
1213 1739 1391 1794 quam
1422 1724 1492 1778 de
1514 1722 1815 1779 communi

168 1810 290 1867 tilio
320 1810 593 1866 Manasse
649 1826 749 1866 eos
792 1810 1140 1883 generaliter
1185 1811 1394 1868 fecisse
1442 1812 1811 1884 significasti,

170 1898 576 1955 collaudamus
625 1903 681 1954 et
719 1899 1160 1966 confirmamus,
1194 1899 1308 1955 nisi
1351 1901 1624 1972 qualibet
1675 1900 1815 1956 talia

169 1989 405 2046 obvient
435 2005 562 2061 qua
602 1989 823 2044 sanctis
864 1989 1116 2045 debeant
1163 1988 1485 2045 canonibus
1538 1989 1809 2046 coerceri.

169 2078 332 2145 Quod
364 2083 431 2134 ut
459 2078 529 2133 ad
562 2077 832 2134 etl‘ectum
864 2077 1078 2146 veniat,
1112 2078 1561 2135 Cameracenses
1592 2079 1751 2151 ipsos
1782 2096 1817 2135 a

168 2170 538 2224 sacramento
565 2165 666 2222 illo
694 2167 1004 2223 temerario
1040 2167 1223 2239 parati
1258 2184 1467 2222 sumus
1492 2167 1812 2236 absolvere,

167 2256 217 2313 si
249 2261 448 2311 tamen
481 2260 539 2312 et
565 2255 677 2328 ipsi
710 2255 959 2311 electum
985 2273 1160 2312 suum
1184 2256 1521 2327 recipere,et
1542 2257 1612 2311 de
1642 2262 1815 2312 teme-

168 2346 341 2401 ritate
373 2344 474 2400 illa
503 2345 689 2417 parati
722 2344 939 2400 fuerint
956 2346 1280 2401 secundum
1302 2349 1469 2400 tuum
1501 2345 1813 2401 consilium

168 2432 570 2507 penitentiam
602 2433 894 2490 exhibere.
924 2433 1155 2506 Alioqui
1186 2435 1384 2490 datam
1404 2434 1460 2489 in
1492 2452 1591 2491 eos
1611 2436 1817 2490 frater-

168 2522 335 2580 nitati
370 2528 483 2578 tua
516 2523 946 2581 interdictionis
976 2524 1327 2580 sententiam
1371 2525 1813 2581 confirmamus.

894 2638 1077 2694 XCVI.

171 2728 421 2787 Urbanus
447 2744 595 2809 papa
643 2729 1203 2809 super_Arragonum
1232 2745 1447 2809 regem,“
1475 2730 1572 2809 qui
1602 2733 1817 2809 neptem

235 2816 394 2855 suam
421 2798 641 2853 cuidam
670 2798 840 2855 Militi
882 2816 937 2855 se
975 2798 1234 2855 daturum
1268 2800 1365 2855 sub
1412 2800 1541 2869 ﬁdei
1584 2798 1817 2870 premis-

236 2873 393 2926 sione
410 2872 746 2942 ﬁrmaverat,
767 2873 1089 2926 canonicum
1115 2871 1329 2945 profert
1356 2872 1679 2943 capitulum.

673 2960 858 3030 (Intra
893 2977 987 3015 an.
1038 2960 1316 3032 1088-94.)

596 3048 829 3119 [Massa
865 3048 1068 3104 Gemit.
1103 3049 1214 3118 XX,
1238 3051 1388 3121 713.]

242 3149 320 3204 De
352 3146 670 3221 neptistua
695 3147 989 3219 conjugio,
1017 3164 1193 3219 quam
1209 3152 1265 3203 te
1283 3148 1515 3203 cuidam
1539 3148 1816 3203 daturum

166 3237 536 3293 necessitatis
558 3236 817 3291 instante
842 3234 1084 3291 articulo
1098 3237 1208 3291 sub
1240 3236 1373 3291 ﬁdei
1399 3236 1816 3308 pollicitatione

167 3324 444 3391 ﬁrmasti,
474 3324 583 3380 hoc
622 3324 894 3396 aquitate
943 3325 1199 3380 dictante
1245 3324 1633 3391 decernimus,
1668 3329 1734 3380 ut
1763 3322 1812 3378 si

163 3413 270 3470 illa
297 3414 513 3481 virum,
542 3419 608 3469 ut
635 3413 867 3485 dicitur,
900 3415 1139 3469 omnino
1171 3414 1386 3481 renuit,
1419 3419 1479 3470 et
1518 3413 1577 3468 in
1610 3414 1815 3469 eadem

165 3503 489 3559 voluntatis
520 3502 866 3559 auctoritate
887 3503 1169 3575 persistit,
1196 3508 1262 3558 ut
1290 3504 1411 3559 viro
1444 3502 1543 3557 illo
1576 3520 1817 3575 prorsus

171 3609 235 3648 se
264 3592 512 3664 deneget
541 3596 879 3663 nupturam,
915 3609 1284 3665 nequaquam
1318 3609 1445 3648 eam
1490 3592 1728 3647 invitam
1762 3596 1820 3647 et

172 3680 524 3737 renitentem
576 3680 841 3752 ejusdem
888 3681 996 3737 viri
1036 3698 1208 3753 cogas
1252 3681 1523 3753 conjugio
1572 3681 1817 3748 sociari;

174 3785 432 3841 quorum
466 3768 626 3824 enim
660 3786 842 3824 unum
875 3786 1087 3842 corpus
1116 3775 1223 3834 est,
1244 3769 1413 3825 debet
1451 3787 1579 3826 esse
1609 3774 1664 3825 et
1695 3770 1819 3824 ani-

176 3874 335 3924 mus,
370 3874 443 3912 ne
472 3857 620 3913 forte
649 3874 782 3913 cum
812 3858 933 3914 viro
981 3858 1074 3912 alii
1129 3858 1312 3913 invita
1344 3859 1517 3914 fuerit
1557 3858 1825 3931 repulata

178 3951 388 4002 contra
416 3946 647 4002 Domini
675 3947 1040 4019 apostolique
1072 3952 1563 4019 praceptum,aut
1594 3952 1820 4003 reatum

177 4035 436 4102 dissidii,
469 4040 572 4090 aut
623 4036 842 4090 crimen
882 4036 1284 4092 fornicationis
1329 4037 1610 4092 incurrat.
1644 4037 1825 4107 Cujus

176 4122 450 4179 videlicet
471 4123 691 4194 peccati
722 4123 945 4179 malum
976 4124 1034 4179 in
1067 4140 1200 4180 eum
1233 4126 1556 4181 redundare
1581 4129 1825 4191 constet,

176 4212 283 4284 qui
313 4228 440 4267 eam
467 4212 769 4282 conjunxit
797 4213 1057 4268 invitam.

904 4328 1116 4384 XCVII.

181 4417 400 4475 Urbani
441 4418 488 4471 ΙΙ
516 4417 744 4487 epistola
774 4418 844 4471 ad
884 4419 1130 4474 abbatem
1160 4418 1212 4472 S.
1246 4420 1480 4476 Joannis
1523 4419 1587 4473 de
1625 4421 1829 4474 Pinna.

255 4519 327 4560 5—-
360 4490 619 4560 Pracipit
638 4505 709 4544 ne
736 4490 974 4544 decimas
1005 4490 1271 4560 quasdam
1290 4491 1567 4544 canonicis
1597 4492 1832 4546 errlesize

256 4559 318 4615 S.
349 4557 646 4616 Saturnini
676 4562 954 4617 Totosanae
983 4557 1218 4630 auferat.

696 4649 878 4718 (Intra
910 4666 1004 4704 an.
1050 4651 1281 4705 1088-94
1293 4650 1329 4720 .)

470 4736 683 4807 {BALUZ
712 4739 936 4808 Miscel,
969 4739 1108 4794 edit.
1142 4739 1278 4793 Luc.
1315 4739 1382 4806 ΙΙ,
1419 4739 1568 4808 180.]

258 4833 545 4890 URBANUS
575 4834 906 4906 episcopus;
940 4853 1145 4891 servus
1170 4853 1467 4891 servorum
1494 4836 1616 4902 Dei,
1637 4836 1834 4891 abbati

184 4921 393 4980 Sancti
423 4923 665 4980 Joannis
698 4924 767 4979 de
796 4924 1000 4993 Pinna,
1051 4924 1300 4981 salutem
1346 4930 1403 4979 et
1451 4924 1835 4997 apostolicam

185 5011 682 5069 benedictionem.

262 5099 496 5157 Clamor
522 5101 941 5159 canonicorum
971 5102 1170 5159 Sancti
1189 5100 1490 5157 Saturnini
1520 5102 1590 5156 de
1624 5100 1841 5171 injuria

190 5205 376 5261 quam
405 5205 440 5244 a
466 5192 526 5245 te
545 5190 983 5262 patiunturjam
1011 5192 1082 5246 ad
1106 5207 1212 5246 nos
1238 5190 1427 5255 rediit,
1447 5207 1560 5245 non
1591 5189 1841 5262 longitu-

192 5277 339 5333 dine
363 5276 732 5347 itineris,non
756 5280 1068 5351 asperitate
1102 5279 1385 5335 remansit
1413 5278 1648 5333 laboris.
1677 5279 1846 5334 Pam-

196 5364 529 5437 pilnnensis
558 5368 888 5440 episcopus,
923 5369 1050 5423 vita
1101 5368 1447 5424 venerabilis
1501 5368 1584 5423 vir
1615 5386 1680 5424 ac
1716 5368 1844 5423 reli-

195 5453 594 5527 giosus,dedit
624 5455 709 5513 eis
739 5458 799 5512 in
830 5457 1168 5529 episcopatu
1199 5474 1307 5513 suo
1325 5458 1643 5529 quamdam
1675 5457 1852 5513 cccle-

197 5541 477 5610 siam,cui
510 5548 574 5597 tu
608 5545 801 5600 aufers
852 5547 1170 5602 maximam
1219 5551 1439 5619 partem
1487 5546 1847 5601 decimarum

196 5635 404 5687 contra
425 5632 532 5702 jus
544 5637 601 5687 et
617 5637 818 5689 contra
844 5635 1205 5692 voluntatem
1232 5633 1490 5708 pradicti
1515 5634 1770 5706 episcOpi
1796 5640 1853 5690 et

197 5724 406 5778 contra
438 5718 799 5778 voluntatem
832 5725 1403 5795 etdifﬁnitionem,ut
1432 5722 1851 5791 aiunt,abbatis

1926 655 2171 713 clericus
2219 655 2278 712 in
2310 656 2575 712 Romana
2605 655 2858 712 Ecclesia
2895 655 3039 712 satis
3088 653 3355 721 dilectus,
3415 652 3572 726 quod

1926 746 2107 802 abbas
2132 745 2794 818 pranominatus,causa
2814 745 3122 816 utriusque
3140 743 3361 811 audita,
3369 759 3569 815 pacem

1926 835 2079 891 inter
2107 841 2162 891 te
2207 840 2265 891 et
2304 835 2603 907 Hugonem
2651 834 2997 905 composuit,
3050 837 3106 887 et
3146 833 3302 904 quod
3346 838 3573 904 partem

1926 923 2087 979 illam
2114 925 2473 979 decimarum
2507 924 2661 978 unde
2696 923 2768 978 lis
2819 928 2943 978 erat
2973 922 3124 976 inter
3165 938 3268 976 vos
3309 920 3571 977 canonici

1926 1013 2083 1069 Beati
2115 1014 2411 1068 Saturnini
2444 1011 3026 1083 haberentjudicavit
3042 1008 3573 1065 aclaudavit.Hanc

1925 1119 2127 1175 pacem
2160 1102 2464 1157 retinendo
2495 1101 2754 1156 decimas
2803 1116 3005 1155 eorum
3058 1097 3287 1170 rupisti.
3340 1098 3571 1153 Litteris

1926 1192 2156 1247 abbatis
2182 1191 2267 1246 tui
2302 1191 2678 1246 monentibus
2702 1194 2765 1244 ut
2781 1189 3126 1244 emendares
3150 1204 3266 1243 non
3299 1186 3568 1243 obedisti.

1925 1282 2288 1352 Quapropter
2318 1296 2625 1335 monemus
2658 1283 2713 1334 te
2744 1283 2801 1333 et
2824 1294 2925 1349 per
2950 1276 3345 1332 obedientiam
3379 1276 3574 1347 praci-

1925 1369 2121 1441 pimus
2154 1374 2217 1423 ut
2248 1368 2554 1440 pradictas
2586 1367 2843 1423 decimas
2867 1365 3163 1422 canonicis
3188 1365 3344 1420 Beati
3370 1365 3571 1420 Satur-

1925 1458 2047 1512 nini
2078 1456 2352 1529 deinceps
2383 1473 2496 1511 non
2532 1457 2783 1520 auferas,
2816 1460 2873 1511 et
2901 1455 2986 1510 eis
3007 1454 3234 1525 judicio
3275 1451 3572 1525 Pampilo-

1925 1547 2125 1602 nensis
2155 1545 2411 1618 episcopi
2437 1546 2507 1600 de
2552 1544 2670 1600 illis
2703 1561 2850 1616 quas
2883 1542 3176 1598 retinuisti
3220 1541 3566 1612 satisfacias.

1925 1635 2087 1701 Quod
2116 1634 2162 1690 si
2197 1635 2348 1690 intra
2376 1633 2617 1706 triginta
2663 1632 2786 1688 dies
2834 1636 3145 1704 postquam
3187 1629 3410 1685 litteras
3463 1629 3571 1684 has

1921 1723 2280 1792 videris,non
2313 1721 3087 1789 emendaveris,confratrem
3122 1723 3387 1774 nostrum
3410 1718 3574 1773 Pam-

1924 1812 2285 1885 pilonensem
2317 1811 2652 1883 episcopum
2688 1826 2996 1865 monemus
3026 1813 3091 1863 ut
3122 1806 3240 1863 vice
3271 1812 3471 1863 nostra
3491 1806 3573 1860 ita

1847 1935 1892 2000 Β
1923 1906 1979 1957 te
2009 1905 2065 1957 et
2095 1899 2413 1956 monachos
2444 1905 2576 1954 tuos
2609 1888 2971 1970 constringat
3000 1914 3071 1952 ne
3101 1895 3404 1951 vinculum
3436 1911 3574 1950 ana-

1925 1989 2201 2045 thematis
2232 1989 2384 2061 quod
2419 1988 2479 2043 in
2512 1986 2833 2060 privilegiis
2847 1985 3006 2042 Beati
3036 1984 3340 2041 Saturnini
3371 1984 3573 2039 firma-

1922 2083 2050 2135 tum
2074 2084 2184 2149 est,
2202 2095 2303 2133 vos
2336 2077 2631 2132 incurrere
2663 2076 2979 2147 permittat.
3015 2079 3190 2146 atque
3214 2090 3285 2129 ne
3316 2072 3573 2145 amplius

1924 2167 2291 2239 querimonia
2322 2167 2392 2221 ad
2446 2182 2616 2220 aures
2650 2170 2880 2220 nostras
2925 2164 3141 2218 redeat.
3178 2164 3391 2236 Regem
3424 2161 3570 2217 San-

1922 2257 2080 2312 cium
2135 2254 2550 2311 charissimum
2601 2254 2857 2308 amicum
2915 2256 3181 2307 nostrum
3232 2267 3300 2307 ex
3363 2253 3572 2306 nostra

1926 2350 2085 2419 parte
2115 2344 2326 2413 saluta,
2361 2348 2419 2399 et
2449 2342 2811 2398 cornitissam
2843 2356 3102 2397 sororem
3134 2342 3281 2412 ejus.

2618 2466 2863 2523 XCVIII.

1929 2560 2133 2617 Urbani
2175 2573 2338 2631 papae
2378 2558 2607 2629 epistola
2659 2557 2729 2611 ad
2762 2556 3071 2631 Viltelrnuin
3104 2553 3572 2631 arcltiepiscopum
3660 2608 3666 2615 ,

1995 2625 2485 2701 Rothoindgensem
2513 2633 2565 2683 et
2593 2629 2882 2701 canonicos
2927 2627 2982 2680 S.
3014 2626 3259 2701 Meltonis
3289 2625 3353 2701 de
3399 2627 3572 2701 Ponte

1997 2706 2163 2758 Isarae
2212 2697 2634 2756 et'habitatores
2677 2698 2920 2766 ejusdem
2978 2699 3165 2751 castri.
3198 2727 3266 2736 —-—
3313 2697 3571 2766 Praecipit

2002 2795 2028 2827 α
2052 2791 2121 2829 ne
2146 2773 2467 2845 prohibeant
2499 2767 2785 2845 nionachos
2810 2773 3119 2845 ﬂeccenses
3156 2767 3381 2839 pulsare
3409 2768 3572 2839 signa

1994 2863 2094 2901 sua
2126 2840 2195 2899 ad
2225 2846 2385 2899 horas
2413 2842 2706 2899 secundum
2727 2840 2976 2897 ordinem
3004 2856 3185 2895 suum.
3220 2861 3249 2888 »

2546 2950 2730 3015 (Auno
2762 2946 2947 3015 1094.)

2347 3054 2580 3129 [ΜΛΝ81,
2615 3054 2818 3109 Concil.
2854 3052 2967 3117 XX,
2999 3052 3150 3122 701.]

1998 3182 2275 3238 URBANUS
2307 3180 2637 3251 cpiscopus,
2674 3195 2876 3232 servus
2907 3192 3206 3232 servorum
3258 3174 3380 3244 Dei,
3416 3174 3572 3231 WIL-

1846 3303 1889 3370 C
1930 3270 2343 3328 Lamm'dileclo
2371 3268 2531 3323 fratri
2570 3265 3019 3337 Rnlhomagensi
3054 3263 3494 3370 archiepiscopo
3514 3267 3572 3319 et

1927 3359 2223 3417 canonicis
2255 3357 2449 3414 Sancti
2482 3355 2749 3411 Mellonis
2782 3356 2851 3410 de
2900 3358 3078 3408 Ponte
3120 3353 3287 3408 Isara
3317 3357 3374 3408 et
3403 3352 3568 3423 habi-

1924 3450 2212 3506 tatoribus
2266 3448 2527 3519 ejusdem
2591 3444 2766 3501 castri
2808 3442 3055 3500 salutem
3108 3446 3164 3498 et
3191 3439 3570 3514 apostolicam

1926 3537 2415 3595 benedictionem.

2000 3624 2405 3699 Signiﬁcatum
2439 3620 2610 3676 nobis
2632 3623 2720 3675 est
2740 3619 2877 3693 quia
2899 3618 3224 3693 prohibetis
3255 3618 3576 3674 monachos

1932 3716 2245 3771 Beccenses
2269 3712 2368 3784 qui
2395 3716 2532 3766 sunt
2560 3708 2618 3765 in
2652 3709 2897 3765 ecclesia
2919 3708 3113 3764 Sancti
3138 3708 3288 3763 Petri
3317 3709 3387 3765 de
3401 3708 3579 3773 Ponto

1933 3809 2103 3859 [sane
2138 3801 2369 3875 pulsare
2401 3801 2567 3873 signa
2599 3818 2706 3855 sua
2738 3800 2808 3854 ad
2843 3799 3020 3853 horas
3062 3799 3387 3854 secundum
3420 3797 3579 3853 ordi-

1934 3911 2069 3949 nem
2102 3891 2496 3957 suum.Quod,
2532 3889 2641 3943 nisi
2680 3888 2843 3943 vobis
2866 3903 3260 3959 parceremus,
3283 3903 3461 3957 quam
3496 3903 3582 3941 re-

1933 3981 2213 4054 ligiosum
2247 3984 2303 4035 et
2336 3979 2724 4033 inhumanum
2760 3976 2859 4042 sit,
2892 3979 2947 4030 et
2977 3975 3046 4029 de
3080 3990 3198 4045 qua
3229 3972 3422 4028 radice
3454 3990 3585 4045 pro-

1935 4070 2121 4137 cedat,
2170 4069 2596 4139 detegeremus.
2649 4066 2894 4118 Paterna
2945 4062 3122 4135 igitur
3165 4060 3484 4116 monitione
3530 4064 3589 4115 ct

1938 4157 2203 4232 prasenti
2240 4155 2583 4210 auctoritate
2632 4151 3002 4223 pracipimus
3044 4168 3114 4205 ne
3156 4150 3404 4205 ulterius
3435 4149 3588 4204 hanc

1939 4245 2388 4319 prohibitionem
2427 4242 2649 4297 faciatis
2668 4246 2769 4295 aut
2794 4241 2915 4296 fieri
2940 4239 3424 4312 permittatis,sed
3459 4236 3590 4293 illos

1940 4334 2264 4392 secundum
2300 4333 2564 4387 ordinem
2616 4329 3027 4386 monachicum
3070 4332 3125 4383 et
3156 4329 3326 4401 signa
3357 4326 3591 4400 pulsare

1941 4429 1998 4479 et
2028 4440 2128 4495 per
2159 4421 2355 4478 omnia
2403 4421 2665 4476 ordinem
2696 4434 2869 4473 suum
2905 4434 3133 4475 servare
3179 4418 3399 4489 absque
3432 4416 3591 4473 omni

1943 4511 2362 4585 impedimento
2395 4509 2745 4565 concedatis.

2020 4604 2160 4657 Data
2192 4606 2354 4655 trans
2387 4598 2635 4653 Tiberim
2672 4615 2732 4652 ιι]
2768 4596 2892 4653 Kal.
2927 4598 3199 4671 Augusti.

2676 4722 2865 4777 XCIX.

1946 4816 2112 4871 Bulla
2159 4814 2362 4870 Urbani
2390 4814 2439 4867 ΙΙ
2472 4826 2654 4883 papa,
2706 4828 2813 4881 qua
2850 4812 3212 4868 donationem
3255 4825 3289 4862 (ι
3338 4806 3600 4883 Mathitda

2014 4887 2289 4942 comitissa
2322 4880 2524 4955 [actam
2546 4880 2879 4940 inonaSterio
2907 4884 2964 4937 S.
3002 4884 3183 4937 litasti
3212 4880 3525 4948 confirmat.

2561 4990 2747 5060 (Anno
2781 4989 2968 5059 1094.)

1949 5099 2261 5173 [Gener-3m,
2299 5097 2421 5153 Cod.
2456 5096 2702 5173 diplmn._
2733 5093 3141 5173 Sz'lrzehlyigraf,
3190 5094 3234 5144 t.
3272 5087 3368 5155 III,
3421 5104 3479 5159 p.
3512 5086 3602 5154 33,

2449 5163 2524 5222 ex'
2546 5165 2760 5221 archiv.
2796 5167 2854 5219 S.
2888 5163 3118 5232 Blasii.]

2028 5287 2304 5341 Unnssus
2337 5282 2665 5354 episcopus,
2699 5297 2901 5335 servus
2943 5291 3242 5333 servorum
3300 5274 3425 5342 Dei,
3475 5274 3605 5330 uni-

1956 5375 2137 5431 versis
2172 5392 2272 5447 per
2304 5371 2575 5429 Sueviam
2610 5368 2901 5436 ﬁdelibus,
2937 5367 3187 5423 salutem
3235 5369 3291 5421 et
3322 5363 3604 5437 apostoli-

1958 5481 2086 5520 cam
2116 5462 2603 5519 benedictionem.

2030 5553 2192 5608 Sicut
2223 5549 2583 5606 irrationalia
2630 5546 3006 5620 poscentibus
3052 5545 3249 5620 negari
3302 5545 3474 5600 debet
3521 5559 3611 5598 as-

1960 5658 2190 5709 sensus,
2226 5640 2309 5695 sic
2332 5640 2497 5709 justa
2528 5634 2849 5707 petentium
2881 5635 3029 5692 votis
3052 5635 3303 5707 benigna
3326 5632 3609 5688 debemus

1961 5731 2298 5789 assensione
2351 5743 2713 5783 concurrere.
2772 5725 2994 5783 Idcirco
3056 5722 3414 5781 charissima
3473 5719 3605 5775 ﬁlia
