4004 6162
361 366 481 438 373

1656 375 1729 440 Β.
1773 370 2068 440 URBANI
2110 370 2166 436 ΙΙ
2206 371 2460 443 ΡΔΡιΕ.

3642 372 3764 442 376
3784 416 3789 423 -

356 513 566 569 nostra;
598 506 905 567 Mathilda.
926 508 1038 584 (l9)
1068 509 1379 568 comitissaa
1404 508 1693 566 devotioni
1720 508 1997 565 duximus
2025 509 2083 577 Α
2112 508 2919 568 communicatoconfratrum
2939 507 3768 585 nostrorumepiseoporumet
3796 528 3802 533 ·

357 600 758 661 annuendum.
791 600 853 655 In
907 617 1054 673 pago
1106 616 1357 671 namque
1405 598 1664 670 Spirensi
1704 599 1860 671 juris
1909 599 2001 654 sui
2109 597 2496 660 cardinalium
2528 616 2595 654 ac
2625 600 2914 656 nobilium
2935 600 3333 657 Romanorum
3356 600 3765 670 consilio,eum

352 689 660 763 praedium,
694 689 847 762 quod
881 688 1237 745 Titensheim
1266 688 1376 758 (20)
1409 687 1642 754 dicitur,
1667 703 1770 760 pro
1815 687 2003 743 salute

356 795 478 836 ειιω
508 777 714 834 animae
740 777 799 832 in
831 777 894 831 B.
930 776 1103 831 Blasii
1137 775 1759 848 monasterium,quod
1782 776 1843 831 in
1861 776 2002 832 Sue-

354 867 449 924 via
468 867 647 923 situm
679 868 849 933 est,et
870 863 1150 920 nonnulla
1165 863 1280 920 alia
1295 864 1663 937 obtulit,quae
1684 871 1886 921 nostra
1910 881 2007 937 po-

358 955 545 1012 stulat
568 952 911 1010 auctoritate
942 952 1185 1008 ﬁrmari.
1217 954 1333 1009 Nos
1364 953 1543 1026 igitur
1578 954 1879 1027 presentis
1914 955 2008 1009 de—

360 1042 499 1100 creti
535 1041 877 1097 auctoritate
911 1041 1211 1098 sancimus
1242 1046 1305 1097 ut
1361 1046 1480 1099 tam
1515 1044 1820 1115 praefatum
1858 1061 2005 1116 prae—

364 1131 528 1187 dium
576 1146 755 1204 quam
785 1134 991 1186 caetera
1029 1132 1249 1199 omnia,
1282 1148 1409 1203 quae
1461 1133 1762 1188 comitissa
1803 1133 2007 1188 eadem

365 1220 539 1278 Beato
571 1218 761 1276 Blasio
792 1218 1020 1287 obtulit,
1054 1221 1284 1293 integra
1301 1238 1532 1293 semper
1547 1224 1603 1278 et
1626 1220 1865 1276 illabata
1881 1238 2006 1293 per-

365 1313 642 1366 maneant
672 1325 970 1365 servorum
1004 1309 1126 1379 Dei,
1154 1326 1258 1381 pro
1289 1326 1538 1381 quorum
1583 1308 2011 1365 sustentatione

364 1415 431 1456 ac
461 1396 886 1473 gubernatione
917 1414 1194 1454 concessa
1223 1401 1385 1465 sunt,
1419 1397 1627 1453 usibus
1656 1397 2010 1453 omnimodis

364 1488 688 1562 profutura.
721 1486 878 1542 Nulli
910 1487 1148 1543 omnino
1201 1486 1507 1542 hominum
1551 1486 1723 1542 liceat
1776 1488 2011 1559 przefato

365 1576 718 1634 monasterio
751 1575 852 1631 illa
899 1576 1241 1631 subtrahere
1278 1575 1366 1632 vel
1402 1574 1684 1645 minuere,
1726 1575 1812 1631 vel
1844 1575 2014 1648 quasi

363 1666 480 1739 piis
510 1666 581 1722 de
606 1666 800 1722 causis
829 1665 954 1722 suis
982 1665 1190 1720 usibus
1236 1663 1546 1736 applicare.
1593 1665 1648 1718 Si
1697 1665 1829 1737 quis
1858 1681 2036 1732 vero”

368 1754 525 1827 quod
555 1753 871 1822 absit,huic
902 1758 1100 1810 nostro
1131 1754 1358 1809 decreto
1390 1753 1448 1807 in
1480 1757 1826 1825 perpetuum
1850 1771 2014 1809 man-

369 1860 506 1902 suro
537 1842 821 1900 contraire
869 1841 1196 1911 tentaverit,
1252 1845 1620 1898 anathemate
1668 1842 1930 1912 feriatur,
1961 1846 2018 1898 et

367 1932 609 1993 honoris
640 1935 815 2004 atque
843 1931 1017 1987 ofﬁcii
1068 1931 1157 1986 sui
1204 1930 1528 2003 periculum
1578 1931 1853 2003 patiatur,
1905 1930 2019 1986 nisi

371 2021 888 2096 praesumptionem
928 2037 1099 2077 suam
1130 2020 1307 2093 digna
1333 2019 1728 2076 satisfactione
1758 2036 2017 2077 correxe-

370 2111 468 2168 rit.
518 2109 976 2168 Observantibus
1027 2111 1223 2164 autem
1262 2107 1386 2163 haec
1429 2125 1543 2180 pax
1591 2125 1624 2165 a
1672 2108 1919 2164 Domino
1964 2111 2022 2164 et

372 2199 775 2256 misericordia
803 2197 1134 2270 perenniter
1163 2201 1552 2254 conservetur.
1585 2199 1790 2253 Amen.

442 2289 591 2345 Data
621 2289 814 2344 Romae
843 2305 945 2344 vm
968 2287 1106 2343 Idus
1132 2286 1452 2354 Februarii,
1477 2286 1793 2343 indictione
1813 2304 1896 2355 III,
1919 2302 2023 2359 per

370 2394 614 2436 manum
644 2376 887 2434 Joannis
919 2380 1132 2432 sanctae
1164 2375 1435 2431 Romana:
1480 2374 1747 2431 Ecclesiae
1790 2376 2020 2432 diaconi

371 2466 705 2537 cardinalis,
732 2483 885 2522 anno
916 2464 1229 2521 Dominicaa
1258 2464 1677 2521 Incarnationis
1710 2464 2020 2537 iO93,pon-

372 2557 628 2615 tiﬁcatus
648 2572 781 2612 vero
814 2553 1013 2612 domui
1043 2554 1261 2611 Urbani
1294 2554 1339 2609 ΙΙ
1371 2571 1533 2626 papae
1565 2570 1717 2608 anno
1749 2558 1931 2609 sexto.

1170 2660 1230 2716 Ο.

380 2754 587 2811 Urbani
613 2754 668 2808 II
692 2751 917 2823 epistola
948 2750 1017 2804 ad
1063 2750 1304 2823 Sacranas
1355 2747 1664 2803 catholicos.
1699 2776 1769 2787 -—
1794 2748 2024 2823 Nuntiat

453 2839 511 2880 se
552 2820 1052 2879 Halbérstadensem
1105 2820 1331 2875 electum
1383 2835 1738 2887 consecrasse,
1785 2820 2023 2890 neglecto

448 2898 768 2968 Moguntina
797 2892 1212 2964 metrOpolitano
1241 2893 1306 2946 ob
1335 2892 1586 2946 schisma.

1000 2982 1187 3051 (Anno
1221 2980 1400 3048 1094).

795 3071 1027 3144 [ΜΑΝει,
1064 3070 1266 3126 Concil.
1299 3068 1412 3136 XX,
1445 3068 1504 3125 7i
1517 3070 1595 3140 0].

446 3182 724 3239 URBANUS
749 3178 1079 3252 episcopus,
1114 3192 1315 3233 servus
1328 3190 1624 3231 servorum
1655 3174 2020 3240 Dei,dilectis

2111 690 2404 742 annuente
2442 687 2688 744 Domino
2737 689 3224 746 consecravimus.
3259 689 3530 762 Oportuit
3577 690 3766 763 siqui-

2112 775 2245 829 dem
2275 791 2381 830 nos
2413 791 2518 847 pro
2549 776 2850 833 commissi
2904 777 3073 833 nobis
3103 777 3384 833 servitute
3435 777 3613 833 ofﬁcii
3643 781 3766 834 tam

2113 864 2403 919 diutinam
2432 865 2697 935 ejusdem
2730 865 2986 922 ecclesiae
3017 865 3439 923 desolationem
3469 868 3770 923 attendere

2114 957 2171 1009 et
2199 957 2285 1008 tot
2314 953 2642 1009 animarum
2661 954 2835 1010 saluti
2865 954 3147 1028 largiente
3167 955 3413 1012 Domino
3444 956 3765 1028 providere.

2116 1042 2281 1098 Hunc
2305 1043 2501 1114 itaque
2531 1044 2714 1099 nostri
2744 1044 2962 1101 laboris
2993 1043 3219 1100 socium
3263 1062 3401 1100 eum
3438 1044 3767 1101 litterarum

2117 1132 2491 1204 praesentium
2525 1133 3031 1189 commendatione
3050 1133 3430 1200 remittimus,
3464 1133 3772 1189 obsecran-

2120 1228 2204 1276 les
2233 1237 2336 1293 pro
2365 1220 2793 1294 Christo,atque
2825 1223 3227 1295 praecipientes
3252 1226 3317 1277 ut
3344 1223 3414 1278 ad
3439 1221 3771 1279 evellendas

2118 1308 2405 1364 Dominici
2432 1309 2555 1382 agri
2606 1315 2803 1366 sentes
2845 1310 3143 1367 communi
3177 1310 3420 1367 consilio
3448 1314 3509 1366 et
3554 1311 3771 1366 auxilio

2118 1396 2485 1454 insudemus.
2520 1398 2691 1456 Nulla
2735 1416 2837 1455 vos
2867 1399 3266 1457 dissimulatio
3298 1399 3574 1469 retrahat,
3609 1399 3775 1456 nulla

2119 1486 2399 1559 segnities
2419 1485 2720 1558 impediat,
2755 1487 2896 1558 quin
2936 1487 3132 1559 ipsum
3185 1489 3257 1543 ad
3308 1488 3773 1559 recuperandam

2121 1574 2375 1631 ecclesia
2406 1593 2524 1631 suae
2552 1576 2750 1633 sedem
2795 1576 3040 1632 viriliter
3088 1577 3398 1648 adjuvetis,
3426 1580 3484 1632 et
3512 1577 3565 1632 ei
3596 1575 3775 1633 resis-

2121 1666 2309 1719 tentes
2356 1669 2479 1720 tam
2525 1663 2764 1721 clericos
2812 1681 2990 1737 quam
3043 1663 3222 1720 laicos
3272 1663 3534 1737 potentia
3581 1670 3778 1722 vestra

2122 1768 2385 1808 coercere
2415 1752 2827 1809 curetis.Illum
2853 1753 3133 1809 nimirum
3153 1753 3253 1826 qui
3272 1754 3410 1810 sein
3441 1753 3776 1810 Halbersta-

2124 1842 2365 1897 densem
2396 1840 2715 1898 Ecclesiam
2727 1846 2859 1914 post
2870 1841 3208 1898 canonicam
3224 1841 3404 1913 hujus
3432 1842 3775 1899 electionem

2131 1933 2597 2002 prazsumptuose
2646 1935 2705 1987 et
2746 1930 3128 1986 irreverenter
3167 1930 3437 2003 ingessit,
3486 1947 3593 1987 nos
3637 1947 3779 1987 eum

2128 2036 2232 2092 pro
2264 2035 2524 2092 personae
2555 2018 3020 2087 inutilitate,tum
3054 2018 3324 2076 Ecclesiae
3354 2018 3541 2092 ipsius
3575 2035 3779 2075 neces-

2130 2108 2304 2164 sitate
2331 2108 2403 2164 ab
2436 2108 2818 2180 usurpatione
2836 2107 3098 2164 indebita
3118 2124 3220 2179 per
3236 2108 3539 2180 prasentis
3558 2107 3781 2165 decreti

2130 2197 2406 2270 paginam
2438 2201 2965 2269 sequestramus,et
2984 2213 3189 2253 omnes
3207 2196 3306 2268 qui
3329 2196 3381 2252 ei
3410 2201 3780 2254 sacramento

2129 2286 2353 2341 astricti
2383 2291 2522 2343 sunt
2552 2290 2840 2359 quantum
2894 2286 2968 2342 ad
3007 2285 3378 2358 episcopatus
3430 2286 3711 2343 honorem
3744 2303 3782 2342 a

2127 2374 2361 2430 vinculo
2389 2374 2578 2447 ipsius
2607 2374 2909 2431 fidelitatis
2954 2374 3332 2431 absolvimus.
3362 2375 3424 2431 In
3469 2374 3586 2431 illis
3635 2392 3782 2432 sane

2128 2463 2415 2536 partibus,
2449 2463 2717 2520 catholici
2735 2479 2852 2520 non
2871 2461 3163 2520 habentur
3182 2462 3476 2535 parochiis
3494 2462 3779 2536 episcopi,

2131 2554 2288 2609 unde
2317 2553 2365 2610 si
2399 2554 2539 2625 quid
2570 2570 2640 2609 ex
2668 2551 3084 2608 abundantiori
3123 2551 3453 2624 apostolicae
3497 2552 3696 2626 gratiae
3726 2556 3791 2608 et

2132 2646 2343 2699 nostra:
2373 2642 2739 2698 auctoritatis
2783 2640 3145 2714 plenitudine
3175 2641 3551 2714 disposuerit,
3585 2645 3788 2698 ratum

2133 2731 2424 2798 habetote,
2459 2731 2656 2803 ipsum
2685 2735 2741 2787 et
2769 2729 3102 2787 divinorum
3133 2734 3191 2785 ct
3211 2728 3581 2786 saecularium
3612 2746 3789 2803 nego-

2132 2821 2349 2876 tiorum
2401 2819 2660 2876 consiliis
2690 2820 2917 2876 socium
2946 2819 3239 2876 adhibete.
3280 2823 3369 2874 Ita
3415 2824 3616 2875 contra
3646 2836 3787 2876 eum

2132 2926 2234 2966 vos
2254 2908 2315 2965 in
2347 2908 2622 2965 omnibus
2650 2910 2823 2983 agite,
2842 2913 2908 2965 ut
2934 2912 2992 2966 et
3009 2924 3115 2964 nos
3138 2923 3241 2980 pro
3272 2924 3339 2965 eo
3368 2908 3534 2964 vobis
3557 2908 3787 2981 gratias

2133 2998 2474 3066 debeamus,
2530 3002 2588 3053 et
2638 2997 2932 3054 catholicae
2997 2996 3257 3053 veritatis
3322 2996 3523 3053 lumen
3581 3003 3790 3054 contra

2134 3103 2615 3159 unumquemque
2645 3085 3029 3159 resplendeat.
3046 3084 3493 3143 Fraternitatem
3523 3090 3778 3153 vestram

2134 3192 2387 3248 superna
2418 3175 2677 3248 dignatio
2726 3192 2830 3248 per
2877 3179 3143 3248 tempora
3181 3173 3373 3231 multa
3406 3178 3592 3232 servet
3620 3175 3783 3233 inco-

373 3270 654 3328 fratribus
702 3246 1301 3340 N.-Magdeburgensi
1353 3263 1788 3337 archiepiscopo
1835 3269 1892 3321 et
1946 3265 2013 3321 N.
2049 3246 2091 3314 C
2129 3246 2370 3321 lumem.

368 3359 725 3417 Virdunensi
754 3358 1049 3431 episcopo,
1074 3360 1131 3411 et
1168 3355 1392 3411 caeteris
1436 3353 1725 3426 episcopis
1753 3358 1811 3409 et
1839 3355 2017 3410 abba-

368 3451 533 3507 tibus
556 3446 815 3506 Saxoniaa
847 3446 909 3502 in
938 3444 1225 3501 catholica
1246 3444 1358 3499 ﬁde
1379 3442 1827 3515 persistentibus
1859 3443 2019 3499 salu-

368 3544 489 3596 tem
514 3541 574 3595 et
601 3535 982 3609 apostolicam
1014 3533 1498 3589 benedictionem.

441 3625 705 3693 Qualiter
742 3624 801 3679 in
846 3621 1319 3679 Halberstadensi
1380 3619 1626 3676 ecclesia
1672 3620 2018 3677 venerabilis

372 3716 551 3772 frater
593 3716 790 3770 noster
844 3712 912 3767 Η.
976 3711 1375 3781 [Hsnvnunus]
1424 3710 1515 3764 cui
1578 3726 1683 3765 nos
1737 3709 2015 3781 Stephani

371 3820 583 3862 nomen
600 3799 1140 3875 imposuimus,jam
1157 3799 1380 3853 dudum
1393 3795 1611 3853 electus
1623 3796 2020 3869 fuerit,quem-

372 3893 692 3952 admodum
723 3889 897 3956 dolis,
928 3896 982 3945 et
1026 3887 1350 3954 blanditiis,
1385 3886 1564 3942 minis
1604 3904 1668 3942 ac
1698 3888 2018 3944 terroribus

372 3984 446 4041 ab
466 3983 671 4040 eadem
706 3979 960 4037 Ecclesia
990 3977 1067 4034 sit
1094 3977 1457 4046 exturbatus,
1489 3976 1860 4048 prudentiam
1889 3994 2016 4032 ves-

370 4078 522 4130 tram
553 4071 733 4128 latere
783 4085 897 4126 non
953 4067 1262 4123 credimus.
1298 4065 1568 4137 Respexit
1596 4069 1792 4121 tamen
1834 4082 2015 4138 popu-

368 4162 495 4220 lum
554 4176 731 4218 suum
780 4156 1179 4214 miserationis
1234 4171 1520 4226 supremae
1569 4154 1829 4228 dignatio
1882 4171 2016 4210 cum

367 4251 642 4308 eumdem
671 4247 920 4303 electum
938 4245 1012 4300 ad
1032 4248 1370 4301 sanctorum
1392 4243 1788 4315 apostolorum
1813 4243 2019 4299 limina

367 4344 426 4396 et
462 4339 535 4395 ad
592 4339 852 4392 nostram
906 4334 1276 4408 praesentiam
1331 4331 1591 4399 adduxit,
1650 4336 1707 4387 et
1764 4333 1903 4403 quia
1955 4332 2014 4387 in

369 4424 820 4498 metropolitana
846 4425 1199 4495 Moguntinae
1230 4420 1495 4477 Ecclesia:
1535 4420 1671 4476 sede
1701 4436 1804 4491 pro
1852 4425 2016 4476 tanta

366 4514 879 4575 schismaticorum
908 4513 1251 4584 tempestate
1308 4508 1562 4565 ordinari
1608 4525 1722 4563 non
1768 4512 2013 4581 poterat,

367 4621 504 4663 eum
536 4602 597 4658 in
628 4602 758 4676 ipsa
786 4598 1203 4657 catholicorum
1226 4598 1490 4654 omnium
1515 4596 1719 4653 matris
1742 4597 2014 4653 Romanae

367 4691 636 4752 Ecclesia:
684 4691 822 4748 sede
865 4687 1195 4746 consecrari
1243 4686 1550 4743 concessit.
1583 4685 1730 4741 Cum
1759 4702 1892 4742 vero
1921 4704 2016 4743 ve-

365 4783 555 4841 nisset
582 4781 655 4838 ad
702 4796 829 4848 nos,
861 4778 1082 4851 quibus
1124 4776 1260 4833 licet
1298 4775 1579 4848 indignis,
1611 4775 2012 4847 apostolorum

364 4871 649 4948 principis
675 4869 799 4927 vice
828 4886 895 4925 ac
924 4867 1050 4924 loco
1081 4869 1427 4922 cunctarum
1455 4880 1557 4937 per
1586 4865 1787 4920 orbem
1818 4864 2010 4921 Eccle-

363 4963 586 5020 siarum
617 4977 760 5018 cura
789 4975 854 5016 ac
879 4956 1183 5030 dispositio
1208 4954 1468 5012 cernitur
1489 4953 2011 5026 imininere,ipsius

361 5052 703 5109 electionem
726 5050 952 5121 justam
994 5050 1169 5117 atque
1199 5044 1542 5101 canonicam
1574 5048 2008 5115 cognoscentes,

359 5139 779 5212 praesentisque
800 5136 1082 5209 temporis
1112 5133 1519 5190 necessitatem
1547 5132 2006 5198 considerantes,

432 5280 544 5364 (19>
574 5279 865 5364 Mathileis
896 5280 1019 5364 hac
1050 5276 1163 5360 alia
1204 5275 1360 5364 bene
1406 5278 1502 5364 98.9,
1523 5272 2010 5364 eaeaeae???

361 5346 586 5408 Tuscia:
618 5350 939 5413 comitissa,
971 5355 1099 5404 tum
1133 5349 1191 5403 in
1222 5347 1366 5403 vivis
1399 5346 1590 5401 adhuc
1622 5347 1860 5417 degens,
1880 5362 2006 5415 quae

360 5441 430 5480 ex
478 5422 815 5477 haereditate
864 5424 1149 5485 materna,
1198 5436 1300 5474 seu
1339 5434 1407 5472 ex
1456 5416 2009 5488 primorcumrduce

366 5492 754 5564 Lotharingize
785 5492 1097 5564 connubio]
1131 5488 1415 5546 nonnulla
1444 5486 1633 5543 adhuc
1655 5487 1808 5543 bona
1830 5487 1887 5541 in
1910 5486 2007 5541 illo

362 5561 865 5622 terrarumwtractu
900 5561 1126 5617 habuit.

428 5636 541 5709 (20)
576 5636 765 5709 Locus
794 5633 886 5709 hic
918 5634 987 5709 in;
1009 5649 1155 5709 pago
1188 5629 1545 5709 Spirensiin
1572 5627 1801 5709 Ραυῇηρ
1837 5629 2005 5709 pagis

358 5698 680 5765 Germaniae
712 5705 926 5761 dicitur
957 5698 1344 5769 Didiizesheim,
1368 5700 1544 5756 hodie
1562 5698 1930 5771 Deydesheim.

430 5779 544 5854 (2b)
570 5778 711 5840 Neci
741 5777 955 5837 tradito
988 5777 1060 5833 ob
1083 5773 1380 5833 catholica:
1403 5771 1584 5847 partis
1606 5770 2005 5828 defensionme

2198 3358 2341 3410 Data
2374 3355 2567 3410 Romae
2596 3371 2696 3409 VIII
2728 3354 2865 3409 Idus
2896 3353 3216 3410 Februarii.

2907 3472 2993 3524 CI.

2127 3562 2148 3583 ¹’
2180 3561 2426 3618 Urbanus
2452 3562 2501 3614 II
2526 3559 2776 3614 omnibus
2801 3574 2900 3630 per
2948 3558 3249 3614 Saxoniam
3295 3558 3553 3614 Ecclesia
3596 3557 3780 3613 catho-

2199 3633 2325 3689 licae
2351 3632 2486 3701 ﬁliis
2537 3632 2814 3700 signiﬁcat
2863 3630 3248 3701 He[rrandum]
3298 3630 3606 3701 episcopum
3634 3630 3776 3701 Allat-

2200 3699 2593 3759 berstadensem
2620 3699 2993 3757 consecratum
3009 3719 3043 3756 a
3060 3717 3118 3757 se
3144 3717 3276 3756 esse.
3306 3700 3406 3755 Cui
3427 3702 3488 3755 ut
3515 3699 3776 3756 obedi-znt

2194 3775 2464 3845 praecipit.
2502 3774 2696 3828 Omnes
2745 3774 2813 3828 ab
2854 3774 3123 3845 invaseris
3153 3772 3414 3845 ﬁdelitate
3458 3771 3640 3845 soluit.
3675 3770 3781 3838 (Ad

2197 3842 2659 3900 consecrationem
2688 3844 2962 3899 "errandi
2992 3843 3273 3915 referenda
3296 3843 3411 3900 haec
3441 3842 3605 3915 verba
3621 3846 3776 3897 sunt:

2201 3940 2225 3964 u
2260 3918 2448 3971 Actum
2479 3917 2654 3971 Romae
2704 3917 2764 3969 in
2810 3913 3138 3971 ecclesias.
3185 3915 3376 3971 Mariae
3414 3930 3532 3971 quae
3571 3913 3778 3968 dicitur

2198 3989 2366 4053 Nova,
2400 4003 2456 4041 IV
2485 3987 2601 4042 Kal.
2654 3987 2810 4041 Febr.
2845 3987 3147 4057 [Dominico
3190 3986 3280 4041 die
3315 3986 3388 4040 29
3416 3984 3589 4055 Jan],
3630 4000 3775 4040 anno

2202 4064 2352 4115 Dom.
2388 4060 2498 4114 Inc.
2534 4058 2694 4123 4093,
2723 4066 2873 4130 pont.
2907 4074 2981 4114 an
3012 4063 3109 4125 vr).
3142 4078 3170 4106 ››

2750 4164 2936 4235 (Anno
2964 4162 3146 4235 4094).

2126 4272 2488 4344 [\Vnosmxn,
2507 4270 2778 4344 Note-nan
2804 4271 3025 4339 einigen
3055 4268 3642 4344 Qeschichtschreibern
3683 4268 3773 4344 des

2194 4344 2484 4398 deutschen
2529 4342 2882 4397 Mittelatters.
2939 4372 3008 4381 —
3047 4341 3325 4409 Hamburg
3383 4342 3540 4405 1823,
3601 4341 3771 4407 in-8°,

2328 4414 2477 4557 ]293,
2537 4417 2685 4470 teste
2739 4412 2885 4470 Jaﬂ‘é
2946 4414 3164 4484 Regesta
3215 4414 3415 4484 ponti].
3474 4414 3652 4480 Rom,
3712 4428 3769 4483 p.

2888 4572 3002 4628 CII.

2130 4665 2338 4744 Urbani
2390 4665 2439 4719 II
2469 4662 2712 4744 epistola.
2741 4660 2813 4744 ad
2857 4662 3065 4744 clerum
3094 4670 3145 4717 et
3172 4662 3437 4744 populant
3463 4660 3774 4744 Halberstw

2195 4736 2433 4792 densem.
2464 4731 2533 4774 —'-
2562 4733 2772 4789 Laudat
2803 4732 2940 4804 quod
2960 4731 3204 4804 episcopo
3233 4731 3293 4786 in
3319 4733 3556 4787 schisma
3593 4731 3775 4802 delap-

2192 4823 2249 4862 so
2278 4808 2456 4861 alium
2485 4805 2597 4861 loco
2626 4806 2740 4876 ejus
2788 4803 3068 4876 elegerint,
3103 4820 3269 4876 quam
3310 4803 3629 4859 electionem
3672 4817 3771 4874 ap-

2187 4880 2383 4950 probat
2411 4877 2495 4947 (2t
2510 4878 2549 4948 ).

2743 4964 2927 5035 (Anno
2960 4963 3143 5036 4094).

2546 5053 2778 5123 [ΜΛΝ81,
2805 5051 3008 5108 Concil.
3033 5052 3153 5120 XX,
3184 5052 3335 5121 708].

2193 5144 2466 5200 Unuaxus
2496 5157 3037 5214 episcopus,servus
3068 5155 3367 5197 servorum
3399 5137 3523 5208 Dei,
3539 5136 3772 5194 dilectis

2119 5268 2422 5346 Euchardu
2456 5268 2526 5332 Il,
2568 5264 3044 5346 ﬁalberstadensi
3085 5265 3378 5346 episcopo,
3421 5261 3768 5346 anno‘1088,

2116 5340 2515 5396 'I‘hietmarum
2561 5336 2874 5392 diaconum
2924 5353 3060 5408 pars
3100 5332 3388 5408 catholica
3416 5332 3628 5408 elegit;
3662 5333 3767 5388 sed

2116 5429 2183 5468 eo
2213 5409 2413 5466 veneni
2449 5408 2851 5481 propinatione
2873 5426 2907 5463 a
2923 5404 3315 5481 schismaticis
3335 5404 3608 5481 hauddiu
3633 5408 3771 5481 post

2115 5481 2417 5549 exstincto,
2450 5476 2524 5536 'in
2554 5476 2839 5535 eamdem
2877 5479 3215 5535 cathedram
3265 5476 3601 5549 assumitur
3632 5476 3773 5549 Her-

2114 5554 2360 5616 vaudus,
2394 5545 2491 5620 qui
2533 5555 2589 5607 et
2641 5550 2973 5620 Stephanus
3016 5551 3198 5606 abbas
3241 5545 3766 5620 llsineburgensis;

2158 5571 2360 5616 illltlllS,
2435 5571 2491 5607 un
2533 5571 2589 5607 θῐι
2642 5571 2736 5606 διο
2784 5571 2973 5606 nanus
3016 5571 3198 5606 armas
3241 5571 3761 5620 Ilsmeuurgenalu;

2158 5641 2288 5680 uem
2324 5571 2521 5679 in(liac
2564 5571 2810 5693 epistola
2847 5622 3133 5694 respicere
3182 5620 3761 5694 Urbanumncenseo.

2167 5713 2244 5753 aee
2273 5693 2575 5767 desumpsi
2600 5688 2674 5749 'ex
2699 5688 3003 5750 Annalists
3033 5694 3259 5750 Saxone
3286 5688 3547 5748 Eccardi.
