  <div class='ocr_page' id='page_1' title='image "/cluster/home/n/w/nwhite01/storage/ocr_20150623/151/hvd.32044054760095/194.png"; bbox 0 0 4004 6162; ppageno 0'>
   <div class='ocr_carea' id='block_1_1' title="bbox 130 417 246 484">
    <p class='ocr_par' dir='ltr' id='par_1_1' title="bbox 130 417 246 484">
     <span class='ocr_line' id='line_1_1' title="bbox 130 417 246 484; baseline -0.017 0"><span class='ocrx_word' id='word_1_1' title='bbox 130 417 246 484; x_wconf 68' lang='grc' dir='ltr'>θττ</span> 
     </span>
    </p>
   </div>
   <div class='ocr_carea' id='block_1_2' title="bbox 1303 414 2376 483">
    <p class='ocr_par' dir='ltr' id='par_1_2' title="bbox 1303 414 2376 483">
     <span class='ocr_line' id='line_1_2' title="bbox 1303 414 2376 483; baseline 0 0"><span class='ocrx_word' id='word_1_2' title='bbox 1303 417 1712 483; x_wconf 64' lang='grc' dir='ltr'>ΕΡΙΞΤΟῙΛΕ</span> <span class='ocrx_word' id='word_1_3' title='bbox 1752 416 1861 483; x_wconf 79' lang='lat' dir='ltr'>ET</span> <span class='ocrx_word' id='word_1_4' title='bbox 1894 415 2026 482; x_wconf 81' lang='lat' dir='ltr'>PR1</span> <span class='ocrx_word' id='word_1_5' title='bbox 2038 414 2376 483; x_wconf 85' lang='lat' dir='ltr'>VILEGIA.</span> 
     </span>
    </p>
   </div>
   <div class='ocr_carea' id='block_1_3' title="bbox 3416 414 3557 479">
    <p class='ocr_par' dir='ltr' id='par_1_3' title="bbox 3416 414 3557 479">
     <span class='ocr_line' id='line_1_3' title="bbox 3416 414 3557 479; baseline -0.007 0"><span class='ocrx_word' id='word_1_6' title='bbox 3416 414 3557 479; x_wconf 75' lang='lat'>378‘</span> 
     </span>
    </p>
   </div>
   <div class='ocr_carea' id='block_1_4' title="bbox 134 544 3536 629">
    <p class='ocr_par' dir='ltr' id='par_1_4' title="bbox 134 544 3536 629">
     <span class='ocr_line' id='line_1_4' title="bbox 134 544 3536 629; baseline -0.001 -16"><span class='ocrx_word' id='word_1_7' title='bbox 134 553 292 623; x_wconf 86' lang='lat' dir='ltr'>ﬁliis,</span> <span class='ocrx_word' id='word_1_8' title='bbox 328 551 482 612; x_wconf 86' lang='lat' dir='ltr'>clero</span> <span class='ocrx_word' id='word_1_9' title='bbox 512 569 593 612; x_wconf 79' lang='lat' dir='ltr'>ac</span> <span class='ocrx_word' id='word_1_10' title='bbox 620 553 837 629; x_wconf 84' lang='lat' dir='ltr'>populo</span> <span class='ocrx_word' id='word_1_11' title='bbox 887 552 1382 623; x_wconf 80' lang='lat' dir='ltr'>Halberstadensi,</span> <span class='ocrx_word' id='word_1_12' title='bbox 1429 552 1678 611; x_wconf 81' lang='lat' dir='ltr'>salutem</span> <span class='ocrx_word' id='word_1_13' title='bbox 1724 557 1782 610; x_wconf 90' lang='lat' dir='ltr'>et</span> <span class='ocrx_word' id='word_1_14' title='bbox 1808 553 1866 623; x_wconf 80' lang='grc' dir='ltr'><strong>Α</strong></span> <span class='ocrx_word' id='word_1_15' title='bbox 1893 550 2042 609; x_wconf 87' lang='lat' dir='ltr'>siliis</span> <span class='ocrx_word' id='word_1_16' title='bbox 2071 553 2318 611; x_wconf 87' lang='lat' dir='ltr'>obedite.</span> <span class='ocrx_word' id='word_1_17' title='bbox 2374 553 2525 610; x_wconf 84' lang='lat' dir='ltr'>Sane</span> <span class='ocrx_word' id='word_1_18' title='bbox 2573 568 2701 626; x_wconf 67' lang='lat' dir='ltr'>quas</span> <span class='ocrx_word' id='word_1_19' title='bbox 2758 550 3176 609; x_wconf 84' lang='lat' dir='ltr'>catholicorum</span> <span class='ocrx_word' id='word_1_20' title='bbox 3237 549 3298 607; x_wconf 92' lang='lat' dir='ltr'>in</span> <span class='ocrx_word' id='word_1_21' title='bbox 3327 544 3536 609; x_wconf 84' lang='lat' dir='ltr'>vestris</span> 
     </span>
    </p>
   </div>
   <div class='ocr_carea' id='block_1_5' title="bbox 137 643 1038 718">
    <p class='ocr_par' dir='ltr' id='par_1_5' title="bbox 137 643 1038 718">
     <span class='ocr_line' id='line_1_5' title="bbox 137 643 1038 718; baseline 0 -18"><span class='ocrx_word' id='word_1_22' title='bbox 137 643 522 718; x_wconf 82' lang='lat' dir='ltr'>apostolicam</span> <span class='ocrx_word' id='word_1_23' title='bbox 552 643 1038 701; x_wconf 75' lang='lat' dir='ltr'>benedictionem.</span> 
     </span>
    </p>
   </div>
   <div class='ocr_carea' id='block_1_6' title="bbox 204 732 1784 806">
    <p class='ocr_par' dir='ltr' id='par_1_6' title="bbox 204 732 1784 806">
     <span class='ocr_line' id='line_1_6' title="bbox 204 732 1784 806; baseline -0.001 -17"><span class='ocrx_word' id='word_1_24' title='bbox 204 734 337 789; x_wconf 84' lang='lat' dir='ltr'>Non</span> <span class='ocrx_word' id='word_1_25' title='bbox 364 732 577 806; x_wconf 83' lang='lat' dir='ltr'>exigua</span> <span class='ocrx_word' id='word_1_26' title='bbox 619 733 830 790; x_wconf 89' lang='lat' dir='ltr'>salutis</span> <span class='ocrx_word' id='word_1_27' title='bbox 874 738 1079 790; x_wconf 66' lang='lat' dir='ltr'>vestrae</span> <span class='ocrx_word' id='word_1_28' title='bbox 1120 734 1353 805; x_wconf 77' lang='lat' dir='ltr'>jactura</span> <span class='ocrx_word' id='word_1_29' title='bbox 1406 733 1784 805; x_wconf 80' lang='lat' dir='ltr'>perpenditur</span> 
     </span>
    </p>
   </div>
   <div class='ocr_carea' id='block_1_7' title="bbox 139 820 1785 896">
    <p class='ocr_par' dir='ltr' id='par_1_7' title="bbox 139 820 1785 896">
     <span class='ocr_line' id='line_1_7' title="bbox 139 820 1785 896; baseline -0.001 -18"><span class='ocrx_word' id='word_1_30' title='bbox 139 823 294 895; x_wconf 89' lang='lat' dir='ltr'>quod</span> <span class='ocrx_word' id='word_1_31' title='bbox 334 820 541 877; x_wconf 87' lang='lat' dir='ltr'>tandiu</span> <span class='ocrx_word' id='word_1_32' title='bbox 587 822 843 879; x_wconf 87' lang='lat' dir='ltr'>Ecclesia</span> <span class='ocrx_word' id='word_1_33' title='bbox 888 827 1082 880; x_wconf 89' lang='lat' dir='ltr'>vestra</span> <span class='ocrx_word' id='word_1_34' title='bbox 1133 821 1388 896; x_wconf 78' lang='lat' dir='ltr'>pastoris</span> <span class='ocrx_word' id='word_1_35' title='bbox 1438 828 1529 877; x_wconf 89' lang='lat' dir='ltr'>est</span> <span class='ocrx_word' id='word_1_36' title='bbox 1578 821 1785 877; x_wconf 90' lang='lat' dir='ltr'>solatio</span> 
     </span>
    </p>
   </div>
   <div class='ocr_carea' id='block_1_8' title="bbox 138 909 1784 983">
    <p class='ocr_par' dir='ltr' id='par_1_8' title="bbox 138 909 1784 983">
     <span class='ocr_line' id='line_1_8' title="bbox 138 909 1784 983; baseline -0.001 -16"><span class='ocrx_word' id='word_1_37' title='bbox 138 910 442 968; x_wconf 77' lang='lat' dir='ltr'>destituta.</span> <span class='ocrx_word' id='word_1_38' title='bbox 457 909 819 967; x_wconf 87' lang='lat' dir='ltr'>Venerabilis</span> <span class='ocrx_word' id='word_1_39' title='bbox 848 910 1136 983; x_wconf 85' lang='lat' dir='ltr'>siquidem</span> <span class='ocrx_word' id='word_1_40' title='bbox 1168 912 1345 966; x_wconf 78' lang='lat' dir='ltr'>frater</span> <span class='ocrx_word' id='word_1_41' title='bbox 1374 914 1784 981; x_wconf 89' lang='lat' dir='ltr'>noster,quem</span> 
     </span>
    </p>
   </div>
   <div class='ocr_carea' id='block_1_9' title="bbox 138 1000 1786 1057">
    <p class='ocr_par' dir='ltr' id='par_1_9' title="bbox 138 1000 1786 1057">
     <span class='ocr_line' id='line_1_9' title="bbox 138 1000 1786 1057; baseline -0.002 0"><span class='ocrx_word' id='word_1_42' title='bbox 138 1000 442 1057; x_wconf 86' lang='lat' dir='ltr'>communi</span> <span class='ocrx_word' id='word_1_43' title='bbox 472 1015 766 1056; x_wconf 74' lang='grc' dir='ltr'>οοιιεθιιειι</span> <span class='ocrx_word' id='word_1_44' title='bbox 790 1000 1113 1056; x_wconf 90' lang='lat' dir='ltr'>secundum</span> <span class='ocrx_word' id='word_1_45' title='bbox 1136 1004 1471 1056; x_wconf 88' lang='lat' dir='ltr'>sanctorum</span> <span class='ocrx_word' id='word_1_46' title='bbox 1495 1016 1786 1054; x_wconf 88' lang='lat' dir='ltr'>canonum</span> 
     </span>
    </p>
   </div>
   <div class='ocr_carea' id='block_1_10' title="bbox 140 1087 1787 1163">
    <p class='ocr_par' dir='ltr' id='par_1_10' title="bbox 140 1087 1787 1163">
     <span class='ocr_line' id='line_1_10' title="bbox 140 1087 1787 1163; baseline -0.001 -18"><span class='ocrx_word' id='word_1_47' title='bbox 140 1089 287 1146; x_wconf 88' lang='lat' dir='ltr'>scita</span> <span class='ocrx_word' id='word_1_48' title='bbox 317 1087 379 1143; x_wconf 91' lang='lat' dir='ltr'>in</span> <span class='ocrx_word' id='word_1_49' title='bbox 422 1088 760 1160; x_wconf 81' lang='lat' dir='ltr'>pontiﬁcem</span> <span class='ocrx_word' id='word_1_50' title='bbox 811 1090 975 1156; x_wconf 92' lang='lat' dir='ltr'>vobis</span> <span class='ocrx_word' id='word_1_51' title='bbox 1022 1088 1348 1163; x_wconf 87' lang='lat' dir='ltr'>elegeratis,</span> <span class='ocrx_word' id='word_1_52' title='bbox 1381 1087 1787 1145; x_wconf 87' lang='lat' dir='ltr'>schismatico-</span> 
     </span>
    </p>
   </div>
   <div class='ocr_carea' id='block_1_11' title="bbox 139 1176 1789 1250">
    <p class='ocr_par' dir='ltr' id='par_1_11' title="bbox 139 1176 1789 1250">
     <span class='ocr_line' id='line_1_11' title="bbox 139 1176 1789 1250; baseline -0.001 -17"><span class='ocrx_word' id='word_1_53' title='bbox 139 1193 269 1233; x_wconf 89' lang='lat' dir='ltr'>rum</span> <span class='ocrx_word' id='word_1_54' title='bbox 299 1176 359 1231; x_wconf 86' lang='lat' dir='ltr'>vi</span> <span class='ocrx_word' id='word_1_55' title='bbox 389 1182 656 1249; x_wconf 81' lang='lat' dir='ltr'>cogente,</span> <span class='ocrx_word' id='word_1_56' title='bbox 686 1178 897 1249; x_wconf 81' lang='lat' dir='ltr'>partim</span> <span class='ocrx_word' id='word_1_57' title='bbox 936 1177 1086 1233; x_wconf 90' lang='lat' dir='ltr'>dolis</span> <span class='ocrx_word' id='word_1_58' title='bbox 1116 1182 1170 1233; x_wconf 91' lang='lat' dir='ltr'>et</span> <span class='ocrx_word' id='word_1_59' title='bbox 1220 1176 1540 1243; x_wconf 89' lang='lat' dir='ltr'>blanditiis,</span> <span class='ocrx_word' id='word_1_60' title='bbox 1576 1177 1789 1250; x_wconf 85' lang='lat' dir='ltr'>partim</span> 
     </span>
    </p>
   </div>
   <div class='ocr_carea' id='block_1_12' title="bbox 137 1265 1792 1334">
    <p class='ocr_par' dir='ltr' id='par_1_12' title="bbox 137 1265 1792 1334">
     <span class='ocr_line' id='line_1_12' title="bbox 137 1265 1792 1334; baseline -0.001 -11"><span class='ocrx_word' id='word_1_61' title='bbox 137 1266 468 1323; x_wconf 75' lang='lat' dir='ltr'>terroribus</span> <span class='ocrx_word' id='word_1_62' title='bbox 516 1270 574 1321; x_wconf 85' lang='lat' dir='ltr'>et</span> <span class='ocrx_word' id='word_1_63' title='bbox 620 1265 878 1334; x_wconf 89' lang='lat' dir='ltr'>minis,a</span> <span class='ocrx_word' id='word_1_64' title='bbox 919 1271 1114 1323; x_wconf 89' lang='lat' dir='ltr'>vestra</span> <span class='ocrx_word' id='word_1_65' title='bbox 1155 1270 1245 1322; x_wconf 90' lang='lat' dir='ltr'>est</span> <span class='ocrx_word' id='word_1_66' title='bbox 1289 1265 1547 1321; x_wconf 78' lang='lat' dir='ltr'>Ecclesia</span> <span class='ocrx_word' id='word_1_67' title='bbox 1589 1270 1792 1321; x_wconf 90' lang='lat' dir='ltr'>eontra</span> 
     </span>
    </p>
   </div>
   <div class='ocr_carea' id='block_1_13' title="bbox 139 1354 1788 1412">
    <p class='ocr_par' dir='ltr' id='par_1_13' title="bbox 139 1354 1788 1412">
     <span class='ocr_line' id='line_1_13' title="bbox 139 1354 1788 1412; baseline -0.002 -1"><span class='ocrx_word' id='word_1_68' title='bbox 139 1354 478 1411; x_wconf 76' lang='lat' dir='ltr'>sanctiones</span> <span class='ocrx_word' id='word_1_69' title='bbox 508 1355 820 1411; x_wconf 89' lang='lat' dir='ltr'>canonicas</span> <span class='ocrx_word' id='word_1_70' title='bbox 850 1360 907 1410; x_wconf 92' lang='lat' dir='ltr'>et</span> <span class='ocrx_word' id='word_1_71' title='bbox 937 1354 1388 1412; x_wconf 74' lang='lat' dir='ltr'>consuetudines</span> <span class='ocrx_word' id='word_1_72' title='bbox 1437 1354 1788 1411; x_wconf 87' lang='lat' dir='ltr'>ecclesiasti-</span> 
     </span>
    </p>
   </div>
   <div class='ocr_carea' id='block_1_14' title="bbox 137 1442 1789 1516">
    <p class='ocr_par' dir='ltr' id='par_1_14' title="bbox 137 1442 1789 1516">
     <span class='ocr_line' id='line_1_14' title="bbox 137 1442 1789 1516; baseline -0.002 -16"><span class='ocrx_word' id='word_1_73' title='bbox 137 1460 235 1500; x_wconf 80' lang='lat' dir='ltr'>cas</span> <span class='ocrx_word' id='word_1_74' title='bbox 262 1442 671 1499; x_wconf 81' lang='lat' dir='ltr'>conturbatus.</span> <span class='ocrx_word' id='word_1_75' title='bbox 693 1444 890 1516; x_wconf 86' lang='lat' dir='ltr'>Neque</span> <span class='ocrx_word' id='word_1_76' title='bbox 912 1460 1046 1500; x_wconf 89' lang='lat' dir='ltr'>vero</span> <span class='ocrx_word' id='word_1_77' title='bbox 1068 1444 1233 1499; x_wconf 86' lang='lat' dir='ltr'>licuit</span> <span class='ocrx_word' id='word_1_78' title='bbox 1253 1452 1584 1516; x_wconf 88' lang='lat' dir='ltr'>susceptam</span> <span class='ocrx_word' id='word_1_79' title='bbox 1608 1443 1789 1500; x_wconf 89' lang='lat' dir='ltr'>semel</span> 
     </span>
    </p>
   </div>
   <div class='ocr_carea' id='block_1_15' title="bbox 131 1531 1791 1605">
    <p class='ocr_par' dir='ltr' id='par_1_15' title="bbox 131 1531 1791 1605">
     <span class='ocr_line' id='line_1_15' title="bbox 131 1531 1791 1605; baseline -0.001 -16"><span class='ocrx_word' id='word_1_80' title='bbox 131 1533 294 1603; x_wconf 81' lang='lat' dir='ltr'>justo</span> <span class='ocrx_word' id='word_1_81' title='bbox 324 1536 387 1587; x_wconf 87' lang='lat' dir='ltr'>et</span> <span class='ocrx_word' id='word_1_82' title='bbox 414 1531 691 1588; x_wconf 79' lang='lat' dir='ltr'>canonice</span> <span class='ocrx_word' id='word_1_83' title='bbox 717 1548 821 1604; x_wconf 93' lang='lat' dir='ltr'>pro</span> <span class='ocrx_word' id='word_1_84' title='bbox 853 1532 1182 1605; x_wconf 64' lang='lat' dir='ltr'>apostolicae</span> <span class='ocrx_word' id='word_1_85' title='bbox 1227 1534 1386 1589; x_wconf 88' lang='lat' dir='ltr'>sedis</span> <span class='ocrx_word' id='word_1_86' title='bbox 1442 1532 1677 1589; x_wconf 89' lang='lat' dir='ltr'>licentia</span> <span class='ocrx_word' id='word_1_87' title='bbox 1706 1532 1791 1589; x_wconf 88' lang='lat' dir='ltr'>vel</span> 
     </span>
    </p>
   </div>
   <div class='ocr_carea' id='block_1_16' title="bbox 141 1620 1792 1694">
    <p class='ocr_par' dir='ltr' id='par_1_16' title="bbox 141 1620 1792 1694">
     <span class='ocr_line' id='line_1_16' title="bbox 141 1620 1792 1694; baseline -0.001 -17"><span class='ocrx_word' id='word_1_88' title='bbox 141 1620 533 1694; x_wconf 87' lang='lat' dir='ltr'>permissione</span> <span class='ocrx_word' id='word_1_89' title='bbox 554 1620 843 1677; x_wconf 89' lang='lat' dir='ltr'>deserere.</span> <span class='ocrx_word' id='word_1_90' title='bbox 870 1621 1141 1694; x_wconf 81' lang='lat' dir='ltr'>Respexit</span> <span class='ocrx_word' id='word_1_91' title='bbox 1168 1628 1363 1677; x_wconf 86' lang='lat' dir='ltr'>tamen</span> <span class='ocrx_word' id='word_1_92' title='bbox 1397 1638 1499 1677; x_wconf 90' lang='lat' dir='ltr'>vos</span> <span class='ocrx_word' id='word_1_93' title='bbox 1526 1639 1792 1694; x_wconf 78' lang='lat' dir='ltr'>supernae</span> 
     </span>
    </p>
   </div>
   <div class='ocr_carea' id='block_1_17' title="bbox 144 1709 1794 1784">
    <p class='ocr_par' dir='ltr' id='par_1_17' title="bbox 144 1709 1794 1784">
     <span class='ocr_line' id='line_1_17' title="bbox 144 1709 1794 1784; baseline 0.001 -19"><span class='ocrx_word' id='word_1_94' title='bbox 144 1709 544 1766; x_wconf 84' lang='lat' dir='ltr'>miserationis</span> <span class='ocrx_word' id='word_1_95' title='bbox 571 1709 995 1782; x_wconf 89' lang='lat' dir='ltr'>dignatio,cum</span> <span class='ocrx_word' id='word_1_96' title='bbox 1024 1728 1159 1766; x_wconf 89' lang='lat' dir='ltr'>eum</span> <span class='ocrx_word' id='word_1_97' title='bbox 1194 1711 1267 1766; x_wconf 93' lang='lat' dir='ltr'>ad</span> <span class='ocrx_word' id='word_1_98' title='bbox 1299 1715 1636 1767; x_wconf 88' lang='lat' dir='ltr'>sanctorum</span> <span class='ocrx_word' id='word_1_99' title='bbox 1660 1728 1794 1784; x_wconf 89' lang='lat' dir='ltr'>apo-</span> 
     </span>
    </p>
   </div>
   <div class='ocr_carea' id='block_1_18' title="bbox 147 1797 1794 1872">
    <p class='ocr_par' dir='ltr' id='par_1_18' title="bbox 147 1797 1794 1872">
     <span class='ocr_line' id='line_1_18' title="bbox 147 1797 1794 1872; baseline 0.001 -17"><span class='ocrx_word' id='word_1_100' title='bbox 147 1798 436 1855; x_wconf 84' lang='lat' dir='ltr'>stolorum</span> <span class='ocrx_word' id='word_1_101' title='bbox 468 1797 695 1865; x_wconf 89' lang='lat' dir='ltr'>limina,</span> <span class='ocrx_word' id='word_1_102' title='bbox 727 1803 782 1854; x_wconf 91' lang='lat' dir='ltr'>et</span> <span class='ocrx_word' id='word_1_103' title='bbox 813 1799 885 1854; x_wconf 92' lang='lat' dir='ltr'>ad</span> <span class='ocrx_word' id='word_1_104' title='bbox 916 1801 1285 1872; x_wconf 64' lang='lat' dir='ltr'>praesentiam</span> <span class='ocrx_word' id='word_1_105' title='bbox 1310 1805 1566 1856; x_wconf 83' lang='lat' dir='ltr'>nostram</span> <span class='ocrx_word' id='word_1_106' title='bbox 1602 1802 1794 1857; x_wconf 86' lang='lat' dir='ltr'>venire</span> 
     </span>
    </p>
   </div>
   <div class='ocr_carea' id='block_1_19' title="bbox 147 1887 1875 1991">
    <p class='ocr_par' dir='ltr' id='par_1_19' title="bbox 147 1887 1875 1991">
     <span class='ocr_line' id='line_1_19' title="bbox 147 1887 1875 1991; baseline 0.002 -47"><span class='ocrx_word' id='word_1_107' title='bbox 147 1887 459 1991; x_wconf 72' lang='lat' dir='ltr'>concessit.</span> <span class='ocrx_word' id='word_1_108' title='bbox 504 1888 623 1944; x_wconf 84' lang='lat' dir='ltr'>Nos</span> <span class='ocrx_word' id='word_1_109' title='bbox 656 1887 873 1988; x_wconf 66' lang='lat' dir='ltr'>igitur,</span> <span class='ocrx_word' id='word_1_110' title='bbox 905 1889 1145 1988; x_wconf 69' lang='lat' dir='ltr'>quibus,</span> <span class='ocrx_word' id='word_1_111' title='bbox 1197 1888 1331 1946; x_wconf 88' lang='lat' dir='ltr'>licet</span> <span class='ocrx_word' id='word_1_112' title='bbox 1376 1889 1661 1962; x_wconf 84' lang='lat' dir='ltr'>indignis,</span> <span class='ocrx_word' id='word_1_113' title='bbox 1692 1908 1795 1963; x_wconf 90' lang='lat' dir='ltr'>pro</span> <span class='ocrx_word' id='word_1_114' title='bbox 1826 1925 1875 1991; x_wconf 78' lang='grc' dir='ltr'><strong>Β</strong></span> 
     </span>
    </p>
   </div>
   <div class='ocr_carea' id='block_1_20' title="bbox 150 1975 1800 2051">
    <p class='ocr_par' dir='ltr' id='par_1_20' title="bbox 150 1975 1800 2051">
     <span class='ocr_line' id='line_1_20' title="bbox 150 1975 1800 2051; baseline 0.001 -17"><span class='ocrx_word' id='word_1_115' title='bbox 150 1975 554 2051; x_wconf 82' lang='lat' dir='ltr'>apostolorum</span> <span class='ocrx_word' id='word_1_116' title='bbox 583 1977 866 2049; x_wconf 84' lang='lat' dir='ltr'>principis</span> <span class='ocrx_word' id='word_1_117' title='bbox 916 1977 1038 2033; x_wconf 85' lang='lat' dir='ltr'>vice</span> <span class='ocrx_word' id='word_1_118' title='bbox 1070 1994 1137 2033; x_wconf 90' lang='lat' dir='ltr'>ac</span> <span class='ocrx_word' id='word_1_119' title='bbox 1168 1978 1291 2033; x_wconf 91' lang='lat' dir='ltr'>loco</span> <span class='ocrx_word' id='word_1_120' title='bbox 1323 1983 1667 2034; x_wconf 89' lang='lat' dir='ltr'>cunctarum</span> <span class='ocrx_word' id='word_1_121' title='bbox 1699 1996 1800 2051; x_wconf 90' lang='lat' dir='ltr'>per</span> 
     </span>
    </p>
   </div>
   <div class='ocr_carea' id='block_1_21' title="bbox 147 2066 1796 2138">
    <p class='ocr_par' dir='ltr' id='par_1_21' title="bbox 147 2066 1796 2138">
     <span class='ocr_line' id='line_1_21' title="bbox 147 2066 1796 2138; baseline 0 -15"><span class='ocrx_word' id='word_1_122' title='bbox 147 2067 350 2123; x_wconf 87' lang='lat' dir='ltr'>orbem</span> <span class='ocrx_word' id='word_1_123' title='bbox 381 2070 671 2122; x_wconf 88' lang='lat' dir='ltr'>terrarum</span> <span class='ocrx_word' id='word_1_124' title='bbox 702 2083 844 2121; x_wconf 89' lang='lat' dir='ltr'>cura</span> <span class='ocrx_word' id='word_1_125' title='bbox 872 2082 939 2121; x_wconf 92' lang='lat' dir='ltr'>ac</span> <span class='ocrx_word' id='word_1_126' title='bbox 970 2066 1276 2138; x_wconf 86' lang='lat' dir='ltr'>dispositio</span> <span class='ocrx_word' id='word_1_127' title='bbox 1312 2068 1573 2123; x_wconf 89' lang='lat' dir='ltr'>cernitur</span> <span class='ocrx_word' id='word_1_128' title='bbox 1602 2069 1796 2123; x_wconf 89' lang='lat' dir='ltr'>immi-</span> 
     </span>
    </p>
   </div>
   <div class='ocr_carea' id='block_1_22' title="bbox 149 2154 1799 2227">
    <p class='ocr_par' dir='ltr' id='par_1_22' title="bbox 149 2154 1799 2227">
     <span class='ocr_line' id='line_1_22' title="bbox 149 2154 1799 2227; baseline 0 -16"><span class='ocrx_word' id='word_1_129' title='bbox 149 2172 304 2222; x_wconf 84' lang='lat' dir='ltr'>nere,</span> <span class='ocrx_word' id='word_1_130' title='bbox 339 2155 531 2227; x_wconf 83' lang='lat' dir='ltr'>ipsius</span> <span class='ocrx_word' id='word_1_131' title='bbox 569 2154 910 2211; x_wconf 89' lang='lat' dir='ltr'>electionem</span> <span class='ocrx_word' id='word_1_132' title='bbox 954 2156 1182 2227; x_wconf 85' lang='lat' dir='ltr'>justam</span> <span class='ocrx_word' id='word_1_133' title='bbox 1237 2161 1412 2227; x_wconf 88' lang='lat' dir='ltr'>atque</span> <span class='ocrx_word' id='word_1_134' title='bbox 1460 2157 1799 2212; x_wconf 86' lang='lat' dir='ltr'>canonicam</span> 
     </span>
    </p>
   </div>
   <div class='ocr_carea' id='block_1_23' title="bbox 150 2244 1798 2318">
    <p class='ocr_par' dir='ltr' id='par_1_23' title="bbox 150 2244 1798 2318">
     <span class='ocr_line' id='line_1_23' title="bbox 150 2244 1798 2318; baseline 0.001 -18"><span class='ocrx_word' id='word_1_135' title='bbox 150 2249 568 2318; x_wconf 80' lang='lat' dir='ltr'>cognoscentes</span> <span class='ocrx_word' id='word_1_136' title='bbox 598 2244 1019 2317; x_wconf 62' lang='lat' dir='ltr'>presentisque</span> <span class='ocrx_word' id='word_1_137' title='bbox 1052 2245 1333 2318; x_wconf 90' lang='lat' dir='ltr'>temporis</span> <span class='ocrx_word' id='word_1_138' title='bbox 1366 2244 1798 2314; x_wconf 83' lang='lat' dir='ltr'>necessitatem,</span> 
     </span>
    </p>
   </div>
   <div class='ocr_carea' id='block_1_24' title="bbox 150 2332 1801 2406">
    <p class='ocr_par' dir='ltr' id='par_1_24' title="bbox 150 2332 1801 2406">
     <span class='ocr_line' id='line_1_24' title="bbox 150 2332 1801 2406; baseline 0.002 -19"><span class='ocrx_word' id='word_1_139' title='bbox 150 2334 307 2405; x_wconf 88' lang='lat' dir='ltr'>quod</span> <span class='ocrx_word' id='word_1_140' title='bbox 336 2350 374 2388; x_wconf 88' lang='lat' dir='ltr'>a</span> <span class='ocrx_word' id='word_1_141' title='bbox 402 2332 747 2405; x_wconf 85' lang='lat' dir='ltr'>Moguntina</span> <span class='ocrx_word' id='word_1_142' title='bbox 775 2333 912 2389; x_wconf 90' lang='lat' dir='ltr'>sede</span> <span class='ocrx_word' id='word_1_143' title='bbox 932 2334 1194 2406; x_wconf 88' lang='lat' dir='ltr'>accipere</span> <span class='ocrx_word' id='word_1_144' title='bbox 1217 2334 1714 2390; x_wconf 89' lang='lat' dir='ltr'>consecrationem</span> <span class='ocrx_word' id='word_1_145' title='bbox 1742 2335 1801 2391; x_wconf 91' lang='lat' dir='ltr'>in</span> 
     </span>
    </p>
   </div>
   <div class='ocr_carea' id='block_1_25' title="bbox 151 2421 1804 2496">
    <p class='ocr_par' dir='ltr' id='par_1_25' title="bbox 151 2421 1804 2496">
     <span class='ocr_line' id='line_1_25' title="bbox 151 2421 1804 2496; baseline 0.001 -19"><span class='ocrx_word' id='word_1_146' title='bbox 151 2424 315 2477; x_wconf 83' lang='lat' dir='ltr'>tanta</span> <span class='ocrx_word' id='word_1_147' title='bbox 345 2421 861 2478; x_wconf 89' lang='lat' dir='ltr'>schismaticorum</span> <span class='ocrx_word' id='word_1_148' title='bbox 896 2427 1243 2494; x_wconf 72' lang='lat' dir='ltr'>tempestate</span> <span class='ocrx_word' id='word_1_149' title='bbox 1275 2440 1389 2478; x_wconf 91' lang='lat' dir='ltr'>non</span> <span class='ocrx_word' id='word_1_150' title='bbox 1422 2428 1638 2496; x_wconf 88' lang='lat' dir='ltr'>posset,</span> <span class='ocrx_word' id='word_1_151' title='bbox 1666 2441 1804 2487; x_wconf 86' lang='lat' dir='ltr'>con-</span> 
     </span>
    </p>
   </div>
   <div class='ocr_carea' id='block_1_26' title="bbox 156 2510 1802 2584">
    <p class='ocr_par' dir='ltr' id='par_1_26' title="bbox 156 2510 1802 2584">
     <span class='ocr_line' id='line_1_26' title="bbox 156 2510 1802 2584; baseline 0.002 -19"><span class='ocrx_word' id='word_1_152' title='bbox 156 2511 505 2578; x_wconf 86' lang='lat' dir='ltr'>siderantes,</span> <span class='ocrx_word' id='word_1_153' title='bbox 535 2527 669 2566; x_wconf 90' lang='lat' dir='ltr'>eum</span> <span class='ocrx_word' id='word_1_154' title='bbox 702 2511 763 2565; x_wconf 92' lang='lat' dir='ltr'>in</span> <span class='ocrx_word' id='word_1_155' title='bbox 810 2510 1001 2583; x_wconf 87' lang='lat' dir='ltr'>prima</span> <span class='ocrx_word' id='word_1_156' title='bbox 1044 2512 1369 2584; x_wconf 86' lang='lat' dir='ltr'>primorum</span> <span class='ocrx_word' id='word_1_157' title='bbox 1403 2512 1802 2584; x_wconf 86' lang='lat' dir='ltr'>apostolorum</span> 
     </span>
    </p>
   </div>
   <div class='ocr_carea' id='block_1_27' title="bbox 154 2598 1801 2672">
    <p class='ocr_par' dir='ltr' id='par_1_27' title="bbox 154 2598 1801 2672">
     <span class='ocr_line' id='line_1_27' title="bbox 154 2598 1801 2672; baseline 0.003 -19"><span class='ocrx_word' id='word_1_158' title='bbox 154 2598 443 2672; x_wconf 88' lang='lat' dir='ltr'>principis</span> <span class='ocrx_word' id='word_1_159' title='bbox 485 2599 641 2668; x_wconf 89' lang='lat' dir='ltr'>sede,</span> <span class='ocrx_word' id='word_1_160' title='bbox 675 2603 969 2655; x_wconf 89' lang='lat' dir='ltr'>annuente</span> <span class='ocrx_word' id='word_1_161' title='bbox 1020 2601 1265 2656; x_wconf 82' lang='lat' dir='ltr'>Domino</span> <span class='ocrx_word' id='word_1_162' title='bbox 1309 2602 1801 2669; x_wconf 88' lang='lat' dir='ltr'>consecravimus,</span> 
     </span>
    </p>
   </div>
   <div class='ocr_carea' id='block_1_28' title="bbox 155 2688 1804 2761">
    <p class='ocr_par' dir='ltr' id='par_1_28' title="bbox 155 2688 1804 2761">
     <span class='ocr_line' id='line_1_28' title="bbox 155 2688 1804 2761; baseline 0.002 -18"><span class='ocrx_word' id='word_1_163' title='bbox 155 2691 564 2744; x_wconf 87' lang='lat' dir='ltr'>consecratum</span> <span class='ocrx_word' id='word_1_164' title='bbox 594 2688 667 2743; x_wconf 87' lang='lat' dir='ltr'>ad</span> <span class='ocrx_word' id='word_1_165' title='bbox 713 2705 814 2743; x_wconf 87' lang='lat' dir='ltr'>vos</span> <span class='ocrx_word' id='word_1_166' title='bbox 863 2705 998 2744; x_wconf 92' lang='lat' dir='ltr'>cum</span> <span class='ocrx_word' id='word_1_167' title='bbox 1049 2689 1425 2761; x_wconf 69' lang='lat' dir='ltr'>praesentium</span> <span class='ocrx_word' id='word_1_168' title='bbox 1476 2690 1804 2747; x_wconf 89' lang='lat' dir='ltr'>litterarum</span> 
     </span>
    </p>
   </div>
   <div class='ocr_carea' id='block_1_29' title="bbox 158 2776 1805 2852">
    <p class='ocr_par' dir='ltr' id='par_1_29' title="bbox 158 2776 1805 2852">
     <span class='ocr_line' id='line_1_29' title="bbox 158 2776 1805 2852; baseline 0.002 -20"><span class='ocrx_word' id='word_1_169' title='bbox 158 2776 666 2832; x_wconf 85' lang='lat' dir='ltr'>commendatione</span> <span class='ocrx_word' id='word_1_170' title='bbox 721 2777 1093 2833; x_wconf 83' lang='lat' dir='ltr'>remittimus.</span> <span class='ocrx_word' id='word_1_171' title='bbox 1138 2779 1255 2834; x_wconf 85' lang='lat' dir='ltr'>Vos</span> <span class='ocrx_word' id='word_1_172' title='bbox 1304 2779 1497 2851; x_wconf 90' lang='lat' dir='ltr'>itaque</span> <span class='ocrx_word' id='word_1_173' title='bbox 1553 2780 1805 2852; x_wconf 69' lang='lat' dir='ltr'>antiqua:</span> 
     </span>
    </p>
   </div>
   <div class='ocr_carea' id='block_1_30' title="bbox 159 2864 1806 2925">
    <p class='ocr_par' dir='ltr' id='par_1_30' title="bbox 159 2864 1806 2925">
     <span class='ocr_line' id='line_1_30' title="bbox 159 2864 1806 2925; baseline 0.004 -6"><span class='ocrx_word' id='word_1_174' title='bbox 159 2864 293 2920; x_wconf 88' lang='lat' dir='ltr'>ﬁdei</span> <span class='ocrx_word' id='word_1_175' title='bbox 320 2868 383 2920; x_wconf 90' lang='lat' dir='ltr'>et</span> <span class='ocrx_word' id='word_1_176' title='bbox 433 2864 774 2920; x_wconf 71' lang='lat' dir='ltr'>obedientiaa</span> <span class='ocrx_word' id='word_1_177' title='bbox 823 2882 1112 2923; x_wconf 88' lang='lat' dir='ltr'>memores</span> <span class='ocrx_word' id='word_1_178' title='bbox 1156 2871 1321 2923; x_wconf 88' lang='lat' dir='ltr'>tanto</span> <span class='ocrx_word' id='word_1_179' title='bbox 1373 2884 1508 2923; x_wconf 90' lang='lat' dir='ltr'>eum</span> <span class='ocrx_word' id='word_1_180' title='bbox 1541 2869 1806 2925; x_wconf 87' lang='lat' dir='ltr'>devotius</span> 
     </span>
    </p>
   </div>
   <div class='ocr_carea' id='block_1_31' title="bbox 159 2952 1805 3027">
    <p class='ocr_par' dir='ltr' id='par_1_31' title="bbox 159 2952 1805 3027">
     <span class='ocr_line' id='line_1_31' title="bbox 159 2952 1805 3027; baseline 0.002 -18"><span class='ocrx_word' id='word_1_181' title='bbox 159 2952 281 3009; x_wconf 89' lang='lat' dir='ltr'>illic</span> <span class='ocrx_word' id='word_1_182' title='bbox 311 2969 505 3025; x_wconf 85' lang='lat' dir='ltr'>usque</span> <span class='ocrx_word' id='word_1_183' title='bbox 535 2953 838 3025; x_wconf 86' lang='lat' dir='ltr'>suscipite,</span> <span class='ocrx_word' id='word_1_184' title='bbox 878 2961 1097 3026; x_wconf 88' lang='lat' dir='ltr'>quanto</span> <span class='ocrx_word' id='word_1_185' title='bbox 1156 2956 1410 3027; x_wconf 88' lang='lat' dir='ltr'>amplius</span> <span class='ocrx_word' id='word_1_186' title='bbox 1454 2974 1557 3013; x_wconf 89' lang='lat' dir='ltr'>vos</span> <span class='ocrx_word' id='word_1_187' title='bbox 1602 2962 1805 3013; x_wconf 69' lang='lat' dir='ltr'>vestras</span> 
     </span>
    </p>
   </div>
   <div class='ocr_carea' id='block_1_32' title="bbox 161 3041 1806 3115">
    <p class='ocr_par' dir='ltr' id='par_1_32' title="bbox 161 3041 1806 3115">
     <span class='ocr_line' id='line_1_32' title="bbox 161 3041 1806 3115; baseline 0.002 -16"><span class='ocrx_word' id='word_1_188' title='bbox 161 3041 373 3099; x_wconf 82' lang='lat' dir='ltr'>salutis</span> <span class='ocrx_word' id='word_1_189' title='bbox 395 3045 452 3097; x_wconf 86' lang='lat' dir='ltr'>et</span> <span class='ocrx_word' id='word_1_190' title='bbox 471 3041 607 3097; x_wconf 88' lang='lat' dir='ltr'>ﬁdei</span> <span class='ocrx_word' id='word_1_191' title='bbox 638 3046 843 3097; x_wconf 64' lang='lat' dir='ltr'>vestrae</span> <span class='ocrx_word' id='word_1_192' title='bbox 874 3042 1206 3115; x_wconf 84' lang='lat' dir='ltr'>apostolicae</span> <span class='ocrx_word' id='word_1_193' title='bbox 1224 3045 1490 3101; x_wconf 70' lang='lat' dir='ltr'>Ecclesiae</span> <span class='ocrx_word' id='word_1_194' title='bbox 1516 3045 1806 3103; x_wconf 82' lang='lat' dir='ltr'>debitores</span> 
     </span>
    </p>
   </div>
   <div class='ocr_carea' id='block_1_33' title="bbox 158 3130 1809 3205">
    <p class='ocr_par' dir='ltr' id='par_1_33' title="bbox 158 3130 1809 3205">
     <span class='ocr_line' id='line_1_33' title="bbox 158 3130 1809 3205; baseline 0.002 -18"><span class='ocrx_word' id='word_1_195' title='bbox 158 3147 287 3187; x_wconf 79' lang='lat' dir='ltr'>esse</span> <span class='ocrx_word' id='word_1_196' title='bbox 306 3130 683 3204; x_wconf 81' lang='lat' dir='ltr'>cognoscitis.</span> <span class='ocrx_word' id='word_1_197' title='bbox 705 3135 927 3187; x_wconf 69' lang='lat' dir='ltr'>Sanctae</span> <span class='ocrx_word' id='word_1_198' title='bbox 949 3132 1241 3205; x_wconf 90' lang='lat' dir='ltr'>siquidem</span> <span class='ocrx_word' id='word_1_199' title='bbox 1260 3134 1575 3199; x_wconf 63' lang='lat' dir='ltr'>memoriae,</span> <span class='ocrx_word' id='word_1_200' title='bbox 1611 3140 1809 3192; x_wconf 87' lang='lat' dir='ltr'>noster</span> 
     </span>
    </p>
   </div>
   <div class='ocr_carea' id='block_1_34' title="bbox 157 3218 1806 3295">
    <p class='ocr_par' dir='ltr' id='par_1_34' title="bbox 157 3218 1806 3295">
     <span class='ocr_line' id='line_1_34' title="bbox 157 3218 1806 3295; baseline 0.002 -20"><span class='ocrx_word' id='word_1_201' title='bbox 157 3220 218 3275; x_wconf 89' lang='lat' dir='ltr'>in</span> <span class='ocrx_word' id='word_1_202' title='bbox 246 3218 389 3275; x_wconf 86' lang='lat' dir='ltr'>sede</span> <span class='ocrx_word' id='word_1_203' title='bbox 426 3218 745 3290; x_wconf 87' lang='lat' dir='ltr'>apostolica</span> <span class='ocrx_word' id='word_1_204' title='bbox 800 3221 1194 3292; x_wconf 75' lang='lat' dir='ltr'>praedecessor</span> <span class='ocrx_word' id='word_1_205' title='bbox 1249 3222 1561 3294; x_wconf 86' lang='lat' dir='ltr'>Gregorius</span> <span class='ocrx_word' id='word_1_206' title='bbox 1609 3224 1657 3278; x_wconf 88' lang='lat' dir='ltr'>II</span> <span class='ocrx_word' id='word_1_207' title='bbox 1690 3224 1806 3295; x_wconf 87' lang='lat' dir='ltr'>pri-</span> 
     </span>
    </p>
   </div>
   <div class='ocr_carea' id='block_1_35' title="bbox 1893 641 3534 716">
    <p class='ocr_par' dir='ltr' id='par_1_35' title="bbox 1893 641 3534 716">
     <span class='ocr_line' id='line_1_35' title="bbox 1893 641 3534 716; baseline -0.001 -18"><span class='ocrx_word' id='word_1_208' title='bbox 1893 644 2159 716; x_wconf 91' lang='lat' dir='ltr'>partibus</span> <span class='ocrx_word' id='word_1_209' title='bbox 2188 644 2595 716; x_wconf 90' lang='lat' dir='ltr'>episcoporum</span> <span class='ocrx_word' id='word_1_210' title='bbox 2656 658 2870 715; x_wconf 87' lang='lat' dir='ltr'>magna</span> <span class='ocrx_word' id='word_1_211' title='bbox 2920 647 3010 699; x_wconf 88' lang='lat' dir='ltr'>est</span> <span class='ocrx_word' id='word_1_212' title='bbox 3042 641 3275 712; x_wconf 90' lang='lat' dir='ltr'>raritas,</span> <span class='ocrx_word' id='word_1_213' title='bbox 3305 641 3353 698; x_wconf 90' lang='lat' dir='ltr'>si</span> <span class='ocrx_word' id='word_1_214' title='bbox 3395 642 3534 714; x_wconf 90' lang='lat' dir='ltr'>quid</span> 
     </span>
    </p>
   </div>
   <div class='ocr_carea' id='block_1_36' title="bbox 1894 731 3535 805">
    <p class='ocr_par' dir='ltr' id='par_1_36' title="bbox 1894 731 3535 805">
     <span class='ocr_line' id='line_1_36' title="bbox 1894 731 3535 805; baseline -0.001 -17"><span class='ocrx_word' id='word_1_215' title='bbox 1894 737 1951 788; x_wconf 90' lang='lat' dir='ltr'>et</span> <span class='ocrx_word' id='word_1_216' title='bbox 1982 732 2041 787; x_wconf 90' lang='lat' dir='ltr'>in</span> <span class='ocrx_word' id='word_1_217' title='bbox 2074 732 2279 788; x_wconf 87' lang='lat' dir='ltr'>alienis</span> <span class='ocrx_word' id='word_1_218' title='bbox 2311 732 2603 804; x_wconf 90' lang='lat' dir='ltr'>parochiis</span> <span class='ocrx_word' id='word_1_219' title='bbox 2636 732 3007 805; x_wconf 90' lang='lat' dir='ltr'>disposuerit,</span> <span class='ocrx_word' id='word_1_220' title='bbox 3032 749 3099 788; x_wconf 82' lang='lat' dir='ltr'>ex</span> <span class='ocrx_word' id='word_1_221' title='bbox 3124 731 3535 787; x_wconf 88' lang='lat' dir='ltr'>abundantiori</span> 
     </span>
    </p>
   </div>
   <div class='ocr_carea' id='block_1_37' title="bbox 1895 818 3539 895">
    <p class='ocr_par' dir='ltr' id='par_1_37' title="bbox 1895 818 3539 895">
     <span class='ocr_line' id='line_1_37' title="bbox 1895 818 3539 895; baseline -0.002 -19"><span class='ocrx_word' id='word_1_222' title='bbox 1895 820 2217 893; x_wconf 77' lang='lat' dir='ltr'>apostolicae</span> <span class='ocrx_word' id='word_1_223' title='bbox 2241 822 2462 895; x_wconf 62' lang='lat' dir='ltr'>gratim,</span> <span class='ocrx_word' id='word_1_224' title='bbox 2487 826 2543 877; x_wconf 91' lang='lat' dir='ltr'>et</span> <span class='ocrx_word' id='word_1_225' title='bbox 2565 825 2775 876; x_wconf 65' lang='lat' dir='ltr'>nostra:</span> <span class='ocrx_word' id='word_1_226' title='bbox 2801 818 3164 875; x_wconf 87' lang='lat' dir='ltr'>auctoritatis</span> <span class='ocrx_word' id='word_1_227' title='bbox 3184 818 3539 891; x_wconf 89' lang='lat' dir='ltr'>disposuerit</span> 
     </span>
    </p>
   </div>
   <div class='ocr_carea' id='block_1_38' title="bbox 1896 909 3534 981">
    <p class='ocr_par' dir='ltr' id='par_1_38' title="bbox 1896 909 3534 981">
     <span class='ocr_line' id='line_1_38' title="bbox 1896 909 3534 981; baseline -0.001 -16"><span class='ocrx_word' id='word_1_228' title='bbox 1896 909 2280 981; x_wconf 89' lang='lat' dir='ltr'>plenitudine,</span> <span class='ocrx_word' id='word_1_229' title='bbox 2332 914 2524 966; x_wconf 87' lang='lat' dir='ltr'>ratum</span> <span class='ocrx_word' id='word_1_230' title='bbox 2589 909 3116 980; x_wconf 85' lang='lat' dir='ltr'>inconvulsumque</span> <span class='ocrx_word' id='word_1_231' title='bbox 3176 912 3534 980; x_wconf 85' lang='lat' dir='ltr'>permaneat.</span> 
     </span>
    </p>
   </div>
   <div class='ocr_carea' id='block_1_39' title="bbox 1897 996 3538 1071">
    <p class='ocr_par' dir='ltr' id='par_1_39' title="bbox 1897 996 3538 1071">
     <span class='ocr_line' id='line_1_39' title="bbox 1897 996 3538 1071; baseline -0.001 -17"><span class='ocrx_word' id='word_1_232' title='bbox 1897 998 2277 1071; x_wconf 89' lang='lat' dir='ltr'>Omnipotens</span> <span class='ocrx_word' id='word_1_233' title='bbox 2308 1000 2592 1055; x_wconf 87' lang='lat' dir='ltr'>Dominus</span> <span class='ocrx_word' id='word_1_234' title='bbox 2624 998 3018 1071; x_wconf 90' lang='lat' dir='ltr'>apostolorum</span> <span class='ocrx_word' id='word_1_235' title='bbox 3037 1014 3279 1053; x_wconf 88' lang='lat' dir='ltr'>suorum</span> <span class='ocrx_word' id='word_1_236' title='bbox 3311 996 3538 1053; x_wconf 90' lang='lat' dir='ltr'>meritis</span> 
     </span>
    </p>
   </div>
   <div class='ocr_carea' id='block_1_40' title="bbox 1895 1086 3539 1161">
    <p class='ocr_par' dir='ltr' id='par_1_40' title="bbox 1895 1086 3539 1161">
     <span class='ocr_line' id='line_1_40' title="bbox 1895 1086 3539 1161; baseline 0.001 -20"><span class='ocrx_word' id='word_1_237' title='bbox 1895 1104 1999 1142; x_wconf 91' lang='lat' dir='ltr'>vos</span> <span class='ocrx_word' id='word_1_238' title='bbox 2029 1105 2063 1143; x_wconf 91' lang='lat' dir='ltr'>a</span> <span class='ocrx_word' id='word_1_239' title='bbox 2092 1089 2344 1161; x_wconf 89' lang='lat' dir='ltr'>peccatis</span> <span class='ocrx_word' id='word_1_240' title='bbox 2388 1086 2669 1157; x_wconf 88' lang='lat' dir='ltr'>absolvat,</span> <span class='ocrx_word' id='word_1_241' title='bbox 2702 1091 2759 1143; x_wconf 88' lang='lat' dir='ltr'>et</span> <span class='ocrx_word' id='word_1_242' title='bbox 2790 1091 3015 1144; x_wconf 59' lang='lat' dir='ltr'>acterna:</span> <span class='ocrx_word' id='word_1_243' title='bbox 3067 1086 3195 1142; x_wconf 67' lang='lat' dir='ltr'>vitm</span> <span class='ocrx_word' id='word_1_244' title='bbox 3243 1091 3539 1143; x_wconf 83' lang='lat' dir='ltr'>consortes</span> 
     </span>
    </p>
   </div>
   <div class='ocr_carea' id='block_1_41' title="bbox 1898 1176 2133 1233">
    <p class='ocr_par' dir='ltr' id='par_1_41' title="bbox 1898 1176 2133 1233">
     <span class='ocr_line' id='line_1_41' title="bbox 1898 1176 2133 1233; baseline 0.004 -1"><span class='ocrx_word' id='word_1_245' title='bbox 1898 1176 2133 1233; x_wconf 70' lang='lat' dir='ltr'>efﬁciat.</span> 
     </span>
    </p>
   </div>
   <div class='ocr_carea' id='block_1_42' title="bbox 2654 1292 2793 1349">
    <p class='ocr_par' dir='ltr' id='par_1_42' title="bbox 2654 1292 2793 1349">
     <span class='ocr_line' id='line_1_42' title="bbox 2654 1292 2793 1349; baseline -0.022 0"><span class='ocrx_word' id='word_1_246' title='bbox 2654 1292 2793 1349; x_wconf 89' lang='lat' dir='ltr'><strong>CIII.</strong></span> 
     </span>
    </p>
   </div>
   <div class='ocr_carea' id='block_1_43' title="bbox 1904 1382 3542 1453">
    <p class='ocr_par' dir='ltr' id='par_1_43' title="bbox 1904 1382 3542 1453">
     <span class='ocr_line' id='line_1_43' title="bbox 1904 1382 3542 1453; baseline -0.001 -14"><span class='ocrx_word' id='word_1_247' title='bbox 1904 1383 2112 1439; x_wconf 84' lang='lat' dir='ltr'>Urbani</span> <span class='ocrx_word' id='word_1_248' title='bbox 2140 1383 2188 1437; x_wconf 83' lang='lat' dir='ltr'><strong>Il</strong></span> <span class='ocrx_word' id='word_1_249' title='bbox 2205 1383 2432 1453; x_wconf 81' lang='lat' dir='ltr'>epistola</span> <span class='ocrx_word' id='word_1_250' title='bbox 2459 1382 2529 1436; x_wconf 84' lang='lat' dir='ltr'>ad</span> <span class='ocrx_word' id='word_1_251' title='bbox 2578 1382 2868 1437; x_wconf 82' lang='lat' dir='ltr'>Fulconcm</span> <span class='ocrx_word' id='word_1_252' title='bbox 2909 1382 3215 1453; x_wconf 77' lang='lat' dir='ltr'>episcopum</span> <span class='ocrx_word' id='word_1_253' title='bbox 3258 1382 3542 1438; x_wconf 83' lang='lat' dir='ltr'>Belvacen-</span> 
     </span>
    </p>
   </div>
   <div class='ocr_carea' id='block_1_44' title="bbox 1970 1453 3543 1525">
    <p class='ocr_par' dir='ltr' id='par_1_44' title="bbox 1970 1453 3543 1525">
     <span class='ocr_line' id='line_1_44' title="bbox 1970 1453 3543 1525; baseline 0.003 -18"><span class='ocrx_word' id='word_1_254' title='bbox 1970 1471 2104 1509; x_wconf 72' lang='lat' dir='ltr'>5cm.</span> <span class='ocrx_word' id='word_1_255' title='bbox 2140 1485 2205 1494; x_wconf 89' lang='lat'><strong><em>—</em></strong></span> <span class='ocrx_word' id='word_1_256' title='bbox 2236 1454 2404 1508; x_wconf 77' lang='lat' dir='ltr'>Malm</span> <span class='ocrx_word' id='word_1_257' title='bbox 2450 1462 2501 1510; x_wconf 80' lang='lat' dir='ltr'>et</span> <span class='ocrx_word' id='word_1_258' title='bbox 2542 1455 2737 1520; x_wconf 79' lang='lat' dir='ltr'>gravia</span> <span class='ocrx_word' id='word_1_259' title='bbox 2784 1457 3021 1508; x_wconf 75' lang='lat' dir='ltr'>recenset</span> <span class='ocrx_word' id='word_1_260' title='bbox 3045 1524 3055 1525; x_wconf 17' lang='grc' dir='ltr'>ί</span> <span class='ocrx_word' id='word_1_261' title='bbox 3076 1453 3318 1523; x_wconf 80' lang='lat' dir='ltr'>capitula</span> <span class='ocrx_word' id='word_1_262' title='bbox 3350 1455 3543 1525; x_wconf 78' lang='lat' dir='ltr'>quibus</span> 
     </span>
    </p>
   </div>
   <div class='ocr_carea' id='block_1_45' title="bbox 1972 1524 3545 1596">
    <p class='ocr_par' dir='ltr' id='par_1_45' title="bbox 1972 1524 3545 1596">
     <span class='ocr_line' id='line_1_45' title="bbox 1972 1524 3545 1596; baseline 0.001 -16"><span class='ocrx_word' id='word_1_263' title='bbox 1972 1526 2349 1581; x_wconf 81' lang='lat' dir='ltr'>accusabatur.</span> <span class='ocrx_word' id='word_1_264' title='bbox 2381 1526 2642 1596; x_wconf 71' lang='lat' dir='ltr'>Praecipit</span> <span class='ocrx_word' id='word_1_265' title='bbox 2688 1529 2746 1579; x_wconf 86' lang='lat' dir='ltr'>ut</span> <span class='ocrx_word' id='word_1_266' title='bbox 2802 1524 3081 1595; x_wconf 85' lang='lat' dir='ltr'>purgandi</span> <span class='ocrx_word' id='word_1_267' title='bbox 3121 1525 3209 1578; x_wconf 83' lang='lat' dir='ltr'>sui</span> <span class='ocrx_word' id='word_1_268' title='bbox 3254 1541 3419 1580; x_wconf 75' lang='lat' dir='ltr'>causa</span> <span class='ocrx_word' id='word_1_269' title='bbox 3446 1530 3545 1581; x_wconf 84' lang='lat' dir='ltr'>aut</span> 
     </span>
    </p>
   </div>
   <div class='ocr_carea' id='block_1_46' title="bbox 1972 1597 3545 1722">
    <p class='ocr_par' dir='ltr' id='par_1_46' title="bbox 1972 1597 3545 1722">
     <span class='ocr_line' id='line_1_46' title="bbox 1972 1597 3545 1668; baseline 0.002 -18"><span class='ocrx_word' id='word_1_270' title='bbox 1972 1597 2042 1651; x_wconf 82' lang='lat' dir='ltr'>ad</span> <span class='ocrx_word' id='word_1_271' title='bbox 2072 1597 2455 1668; x_wconf 81' lang='lat' dir='ltr'>[Rainaldum]</span> <span class='ocrx_word' id='word_1_272' title='bbox 2488 1597 2951 1668; x_wconf 68' lang='lat' dir='ltr'>archiepiscopum</span> <span class='ocrx_word' id='word_1_273' title='bbox 2995 1597 3307 1652; x_wconf 77' lang='lat' dir='ltr'>Remensem</span> <span class='ocrx_word' id='word_1_274' title='bbox 3353 1604 3448 1652; x_wconf 78' lang='lat' dir='ltr'>aut</span> <span class='ocrx_word' id='word_1_275' title='bbox 3473 1597 3545 1653; x_wconf 84' lang='lat' dir='ltr'>ad</span> 
     </span>
     <span class='ocr_line' id='line_1_47' title="bbox 1974 1668 2350 1722; baseline 0 0"><span class='ocrx_word' id='word_1_276' title='bbox 1974 1684 2087 1722; x_wconf 82' lang='lat' dir='ltr'>sese</span> <span class='ocrx_word' id='word_1_277' title='bbox 2114 1668 2350 1722; x_wconf 84' lang='lat' dir='ltr'>accedat.</span> 
     </span>
    </p>
   </div>
   <div class='ocr_carea' id='block_1_47' title="bbox 1974 1672 2350 1724">
    <p class='ocr_par' dir='ltr' id='par_1_47' title="bbox 1974 1672 2350 1724">
     <span class='ocr_line' id='line_1_48' title="bbox 1974 1672 2350 1724; baseline 0 -1"><span class='ocrx_word' id='word_1_278' title='bbox 1974 1684 2087 1724; x_wconf 81' lang='lat' dir='ltr'>sese</span> <span class='ocrx_word' id='word_1_279' title='bbox 2114 1672 2350 1724; x_wconf 84' lang='lat' dir='ltr'>accedat.</span> 
     </span>
    </p>
   </div>
   <div class='ocr_carea' id='block_1_48' title="bbox 2526 1756 2929 1826">
    <p class='ocr_par' dir='ltr' id='par_1_48' title="bbox 2526 1756 2929 1826">
     <span class='ocr_line' id='line_1_49' title="bbox 2526 1756 2929 1826; baseline -0.002 -15"><span class='ocrx_word' id='word_1_280' title='bbox 2526 1758 2713 1825; x_wconf 88' lang='lat' dir='ltr'>(Anno</span> <span class='ocrx_word' id='word_1_281' title='bbox 2742 1756 2929 1826; x_wconf 77' lang='grc'>4094.)</span> 
     </span>
    </p>
   </div>
   <div class='ocr_carea' id='block_1_49' title="bbox 2175 1862 3284 1935">
    <p class='ocr_par' dir='ltr' id='par_1_49' title="bbox 2175 1862 3284 1935">
     <span class='ocr_line' id='line_1_50' title="bbox 2175 1862 3284 1935; baseline -0.002 -15"><span class='ocrx_word' id='word_1_282' title='bbox 2175 1865 2340 1935; x_wconf 82' lang='lat' dir='ltr'>[Dom</span> <span class='ocrx_word' id='word_1_283' title='bbox 2377 1864 2660 1929; x_wconf 75' lang='lat' dir='ltr'>BOUQUET,</span> <span class='ocrx_word' id='word_1_284' title='bbox 2696 1864 2927 1930; x_wconf 82' lang='lat' dir='ltr'>Recueil,</span> <span class='ocrx_word' id='word_1_285' title='bbox 2958 1862 3099 1931; x_wconf 89' lang='lat' dir='ltr'><strong>XIV,</strong></span> <span class='ocrx_word' id='word_1_286' title='bbox 3132 1863 3284 1935; x_wconf 86' lang='lat'>706.]</span> 
     </span>
    </p>
   </div>
   <div class='ocr_carea' id='block_1_50' title="bbox 1976 1978 3550 2052">
    <p class='ocr_par' dir='ltr' id='par_1_50' title="bbox 1976 1978 3550 2052">
     <span class='ocr_line' id='line_1_51' title="bbox 1976 1978 3550 2052; baseline 0.001 -16"><span class='ocrx_word' id='word_1_287' title='bbox 1976 1979 2257 2036; x_wconf 67' lang='lat' dir='ltr'>Uasmus</span> <span class='ocrx_word' id='word_1_288' title='bbox 2288 1979 2617 2052; x_wconf 89' lang='lat' dir='ltr'>episcopus,</span> <span class='ocrx_word' id='word_1_289' title='bbox 2653 1996 2856 2035; x_wconf 90' lang='lat' dir='ltr'>servus</span> <span class='ocrx_word' id='word_1_290' title='bbox 2887 1995 3184 2034; x_wconf 87' lang='lat' dir='ltr'>servorum</span> <span class='ocrx_word' id='word_1_291' title='bbox 3208 1978 3550 2045; x_wconf 90' lang='lat' dir='ltr'>Dei,dileoto</span> 
     </span>
    </p>
   </div>
   <div class='ocr_carea' id='block_1_51' title="bbox 1908 2066 3370 2140">
    <p class='ocr_par' dir='ltr' id='par_1_51' title="bbox 1908 2066 3370 2140">
     <span class='ocr_line' id='line_1_52' title="bbox 1908 2066 3370 2140; baseline 0.001 -18"><span class='ocrx_word' id='word_1_292' title='bbox 1908 2067 2069 2122; x_wconf 84' lang='lat' dir='ltr'>fratri</span> <span class='ocrx_word' id='word_1_293' title='bbox 2106 2068 2375 2132; x_wconf 75' lang='lat' dir='ltr'>FULCONI,</span> <span class='ocrx_word' id='word_1_294' title='bbox 2409 2066 2741 2122; x_wconf 86' lang='lat' dir='ltr'>Belvacensi</span> <span class='ocrx_word' id='word_1_295' title='bbox 2774 2067 3065 2140; x_wconf 88' lang='lat' dir='ltr'>episcopo,</span> <span class='ocrx_word' id='word_1_296' title='bbox 3098 2066 3370 2124; x_wconf 85' lang='lat' dir='ltr'>salutem.</span> 
     </span>
    </p>
   </div>
   <div class='ocr_carea' id='block_1_52' title="bbox 1982 2142 3550 2229">
    <p class='ocr_par' dir='ltr' id='par_1_52' title="bbox 1982 2142 3550 2229">
     <span class='ocr_line' id='line_1_53' title="bbox 1982 2142 3550 2229; baseline 0.002 -17"><span class='ocrx_word' id='word_1_297' title='bbox 1982 2156 2166 2212; x_wconf 88' lang='lat' dir='ltr'>Multa</span> <span class='ocrx_word' id='word_1_298' title='bbox 2195 2162 2252 2213; x_wconf 90' lang='lat' dir='ltr'>et</span> <span class='ocrx_word' id='word_1_299' title='bbox 2289 2155 2488 2229; x_wconf 87' lang='lat' dir='ltr'>gravia</span> <span class='ocrx_word' id='word_1_300' title='bbox 2516 2142 2796 2211; x_wconf 85' lang='lat' dir='ltr'>adversus</span> <span class='ocrx_word' id='word_1_301' title='bbox 2827 2156 3250 2211; x_wconf 84' lang='lat' dir='ltr'>fraternitatem</span> <span class='ocrx_word' id='word_1_302' title='bbox 3283 2165 3444 2213; x_wconf 90' lang='lat' dir='ltr'>tuam</span> <span class='ocrx_word' id='word_1_303' title='bbox 3477 2159 3550 2215; x_wconf 89' lang='lat' dir='ltr'>ad</span> 
     </span>
    </p>
   </div>
   <div class='ocr_carea' id='block_1_53' title="bbox 1912 2243 3549 2317">
    <p class='ocr_par' dir='ltr' id='par_1_53' title="bbox 1912 2243 3549 2317">
     <span class='ocr_line' id='line_1_54' title="bbox 1912 2243 3549 2317; baseline 0.002 -18"><span class='ocrx_word' id='word_1_304' title='bbox 1912 2261 2018 2299; x_wconf 91' lang='lat' dir='ltr'>nos</span> <span class='ocrx_word' id='word_1_305' title='bbox 2030 2262 2338 2317; x_wconf 86' lang='lat' dir='ltr'>pervenere</span> <span class='ocrx_word' id='word_1_306' title='bbox 2363 2244 2635 2317; x_wconf 90' lang='lat' dir='ltr'>capitula,</span> <span class='ocrx_word' id='word_1_307' title='bbox 2664 2245 2819 2299; x_wconf 90' lang='lat' dir='ltr'>unde</span> <span class='ocrx_word' id='word_1_308' title='bbox 2841 2244 2983 2299; x_wconf 86' lang='lat' dir='ltr'>satis</span> <span class='ocrx_word' id='word_1_309' title='bbox 3006 2243 3203 2299; x_wconf 89' lang='lat' dir='ltr'>mirari</span> <span class='ocrx_word' id='word_1_310' title='bbox 3237 2262 3352 2300; x_wconf 89' lang='lat' dir='ltr'>non</span> <span class='ocrx_word' id='word_1_311' title='bbox 3385 2247 3549 2302; x_wconf 82' lang='lat' dir='ltr'>suffi-</span> 
     </span>
    </p>
   </div>
   <div class='ocr_carea' id='block_1_54' title="bbox 1913 2333 3551 2407">
    <p class='ocr_par' dir='ltr' id='par_1_54' title="bbox 1913 2333 3551 2407">
     <span class='ocr_line' id='line_1_55' title="bbox 1913 2333 3551 2407; baseline 0.002 -19"><span class='ocrx_word' id='word_1_312' title='bbox 1913 2333 2101 2390; x_wconf 89' lang='lat' dir='ltr'>cimus</span> <span class='ocrx_word' id='word_1_313' title='bbox 2132 2339 2188 2390; x_wconf 89' lang='lat' dir='ltr'>et</span> <span class='ocrx_word' id='word_1_314' title='bbox 2216 2334 2466 2406; x_wconf 83' lang='lat' dir='ltr'>graviter</span> <span class='ocrx_word' id='word_1_315' title='bbox 2495 2333 2895 2389; x_wconf 89' lang='lat' dir='ltr'>condolemus.</span> <span class='ocrx_word' id='word_1_316' title='bbox 2928 2333 3042 2389; x_wconf 82' lang='lat' dir='ltr'>Nos</span> <span class='ocrx_word' id='word_1_317' title='bbox 3096 2333 3250 2389; x_wconf 91' lang='lat' dir='ltr'>enim</span> <span class='ocrx_word' id='word_1_318' title='bbox 3282 2351 3417 2390; x_wconf 91' lang='lat' dir='ltr'>cum</span> <span class='ocrx_word' id='word_1_319' title='bbox 3449 2352 3551 2407; x_wconf 91' lang='lat' dir='ltr'>pro</span> 
     </span>
    </p>
   </div>
   <div class='ocr_carea' id='block_1_55' title="bbox 1912 2422 3552 2496">
    <p class='ocr_par' dir='ltr' id='par_1_55' title="bbox 1912 2422 3552 2496">
     <span class='ocr_line' id='line_1_56' title="bbox 1912 2422 3552 2496; baseline 0.001 -18"><span class='ocrx_word' id='word_1_320' title='bbox 1912 2427 2015 2478; x_wconf 87' lang='lat' dir='ltr'>tua</span> <span class='ocrx_word' id='word_1_321' title='bbox 2031 2423 2263 2496; x_wconf 88' lang='lat' dir='ltr'>egregia</span> <span class='ocrx_word' id='word_1_322' title='bbox 2283 2422 2628 2489; x_wconf 88' lang='lat' dir='ltr'>indole,tum</span> <span class='ocrx_word' id='word_1_323' title='bbox 2661 2438 2765 2494; x_wconf 89' lang='lat' dir='ltr'>pro</span> <span class='ocrx_word' id='word_1_324' title='bbox 2797 2422 3103 2477; x_wconf 90' lang='lat' dir='ltr'>monastici</span> <span class='ocrx_word' id='word_1_325' title='bbox 3126 2422 3350 2478; x_wconf 88' lang='lat' dir='ltr'>ordinis</span> <span class='ocrx_word' id='word_1_326' title='bbox 3378 2423 3552 2480; x_wconf 89' lang='lat' dir='ltr'>disci-</span> 
     </span>
    </p>
   </div>
   <div class='ocr_carea' id='block_1_56' title="bbox 1915 2510 3552 2584">
    <p class='ocr_par' dir='ltr' id='par_1_56' title="bbox 1915 2510 3552 2584">
     <span class='ocr_line' id='line_1_57' title="bbox 1915 2510 3552 2584; baseline 0.002 -18"><span class='ocrx_word' id='word_1_327' title='bbox 1915 2512 2093 2584; x_wconf 90' lang='lat' dir='ltr'>plina,</span> <span class='ocrx_word' id='word_1_328' title='bbox 2128 2529 2243 2568; x_wconf 89' lang='lat' dir='ltr'>non</span> <span class='ocrx_word' id='word_1_329' title='bbox 2276 2511 2582 2567; x_wconf 88' lang='lat' dir='ltr'>minimam</span> <span class='ocrx_word' id='word_1_330' title='bbox 2616 2512 2687 2567; x_wconf 90' lang='lat' dir='ltr'>de</span> <span class='ocrx_word' id='word_1_331' title='bbox 2717 2515 2771 2567; x_wconf 87' lang='lat' dir='ltr'>te</span> <span class='ocrx_word' id='word_1_332' title='bbox 2792 2510 3205 2567; x_wconf 84' lang='lat' dir='ltr'>conﬁdentiam</span> <span class='ocrx_word' id='word_1_333' title='bbox 3236 2511 3552 2584; x_wconf 87' lang='lat' dir='ltr'>gessimus,</span> 
     </span>
    </p>
   </div>
   <div class='ocr_carea' id='block_1_57' title="bbox 1915 2599 3553 2675">
    <p class='ocr_par' dir='ltr' id='par_1_57' title="bbox 1915 2599 3553 2675">
     <span class='ocr_line' id='line_1_58' title="bbox 1915 2599 3553 2675; baseline 0.001 -18"><span class='ocrx_word' id='word_1_334' title='bbox 1915 2603 2071 2674; x_wconf 91' lang='lat' dir='ltr'>quod</span> <span class='ocrx_word' id='word_1_335' title='bbox 2111 2601 2453 2658; x_wconf 88' lang='lat' dir='ltr'>eruditionis</span> <span class='ocrx_word' id='word_1_336' title='bbox 2512 2601 2811 2675; x_wconf 69' lang='lat' dir='ltr'>praeteritae</span> <span class='ocrx_word' id='word_1_337' title='bbox 2855 2599 3055 2672; x_wconf 90' lang='lat' dir='ltr'>regula</span> <span class='ocrx_word' id='word_1_338' title='bbox 3119 2599 3553 2672; x_wconf 88' lang='lat' dir='ltr'>simplicitatem</span> 
     </span>
    </p>
   </div>
   <div class='ocr_carea' id='block_1_58' title="bbox 1914 2689 3552 2763">
    <p class='ocr_par' dir='ltr' id='par_1_58' title="bbox 1914 2689 3552 2763">
     <span class='ocr_line' id='line_1_59' title="bbox 1914 2689 3552 2763; baseline -0.001 -16"><span class='ocrx_word' id='word_1_339' title='bbox 1914 2696 2079 2747; x_wconf 88' lang='lat' dir='ltr'>tuam</span> <span class='ocrx_word' id='word_1_340' title='bbox 2093 2708 2125 2746; x_wconf 90' lang='lat' dir='ltr'>a</span> <span class='ocrx_word' id='word_1_341' title='bbox 2138 2689 2502 2745; x_wconf 62' lang='lat' dir='ltr'>sacularium</span> <span class='ocrx_word' id='word_1_342' title='bbox 2520 2689 2883 2763; x_wconf 87' lang='lat' dir='ltr'>negotiorum</span> <span class='ocrx_word' id='word_1_343' title='bbox 2898 2689 3283 2760; x_wconf 88' lang='lat' dir='ltr'>pravitatibus</span> <span class='ocrx_word' id='word_1_344' title='bbox 3302 2689 3552 2746; x_wconf 87' lang='lat' dir='ltr'>cohibet.</span> 
     </span>
    </p>
   </div>
   <div class='ocr_carea' id='block_1_59' title="bbox 1915 2778 3558 2850">
    <p class='ocr_par' dir='ltr' id='par_1_59' title="bbox 1915 2778 3558 2850">
     <span class='ocr_line' id='line_1_60' title="bbox 1915 2778 3558 2850; baseline 0.001 -15"><span class='ocrx_word' id='word_1_345' title='bbox 1915 2780 2081 2835; x_wconf 89' lang='lat' dir='ltr'>Nunc</span> <span class='ocrx_word' id='word_1_346' title='bbox 2107 2783 2547 2846; x_wconf 87' lang='lat' dir='ltr'>autem,contra</span> <span class='ocrx_word' id='word_1_347' title='bbox 2584 2778 2919 2850; x_wconf 89' lang='lat' dir='ltr'>opinionem</span> <span class='ocrx_word' id='word_1_348' title='bbox 2956 2782 3236 2843; x_wconf 88' lang='lat' dir='ltr'>nostram,</span> <span class='ocrx_word' id='word_1_349' title='bbox 3271 2778 3558 2836; x_wconf 88' lang='lat' dir='ltr'>nonnulla</span> 
     </span>
    </p>
   </div>
   <div class='ocr_carea' id='block_1_60' title="bbox 1916 2863 3556 2938">
    <p class='ocr_par' dir='ltr' id='par_1_60' title="bbox 1916 2863 3556 2938">
     <span class='ocr_line' id='line_1_61' title="bbox 1916 2863 3556 2938; baseline -0.001 -13"><span class='ocrx_word' id='word_1_350' title='bbox 1916 2869 2249 2925; x_wconf 89' lang='lat' dir='ltr'>audivimus</span> <span class='ocrx_word' id='word_1_351' title='bbox 2267 2867 2644 2923; x_wconf 85' lang='lat' dir='ltr'>sacerdotalis</span> <span class='ocrx_word' id='word_1_352' title='bbox 2660 2866 2881 2922; x_wconf 86' lang='lat' dir='ltr'>ordinis</span> <span class='ocrx_word' id='word_1_353' title='bbox 2898 2866 3139 2938; x_wconf 89' lang='lat' dir='ltr'>puritati</span> <span class='ocrx_word' id='word_1_354' title='bbox 3153 2865 3317 2922; x_wconf 84' lang='lat' dir='ltr'>valde</span> <span class='ocrx_word' id='word_1_355' title='bbox 3330 2863 3556 2923; x_wconf 83' lang='lat' dir='ltr'>contra-</span> 
     </span>
    </p>
   </div>
   <div class='ocr_carea' id='block_1_61' title="bbox 1916 2953 3556 3033">
    <p class='ocr_par' dir='ltr' id='par_1_61' title="bbox 1916 2953 3556 3033">
     <span class='ocr_line' id='line_1_62' title="bbox 1916 2953 3556 3033; baseline 0 -21"><span class='ocrx_word' id='word_1_356' title='bbox 1916 2957 2248 3014; x_wconf 87' lang='lat' dir='ltr'>ria.Diceris</span> <span class='ocrx_word' id='word_1_357' title='bbox 2260 2957 2415 3011; x_wconf 90' lang='lat' dir='ltr'>enim</span> <span class='ocrx_word' id='word_1_358' title='bbox 2429 2956 2605 3033; x_wconf 88' lang='lat' dir='ltr'>(quod</span> <span class='ocrx_word' id='word_1_359' title='bbox 2620 2953 3165 3027; x_wconf 85' lang='lat' dir='ltr'>absit!)homicidiis</span> <span class='ocrx_word' id='word_1_360' title='bbox 3181 2959 3237 3010; x_wconf 88' lang='lat' dir='ltr'>et</span> <span class='ocrx_word' id='word_1_361' title='bbox 3250 2954 3556 3012; x_wconf 90' lang='lat' dir='ltr'>hominum</span> 
     </span>
    </p>
   </div>
   <div class='ocr_carea' id='block_1_62' title="bbox 1917 3044 3558 3118">
    <p class='ocr_par' dir='ltr' id='par_1_62' title="bbox 1917 3044 3558 3118">
     <span class='ocr_line' id='line_1_63' title="bbox 1917 3044 3558 3118; baseline 0 -18"><span class='ocrx_word' id='word_1_362' title='bbox 1917 3046 2347 3118; x_wconf 87' lang='lat' dir='ltr'>proditionibus</span> <span class='ocrx_word' id='word_1_363' title='bbox 2377 3045 2761 3100; x_wconf 89' lang='lat' dir='ltr'>commisceri.</span> <span class='ocrx_word' id='word_1_364' title='bbox 2796 3044 3134 3100; x_wconf 70' lang='lat' dir='ltr'>Commissa:</span> <span class='ocrx_word' id='word_1_365' title='bbox 3174 3060 3429 3116; x_wconf 89' lang='lat' dir='ltr'>namque</span> <span class='ocrx_word' id='word_1_366' title='bbox 3450 3045 3558 3100; x_wconf 87' lang='lat' dir='ltr'>Ec-</span> 
     </span>
    </p>
   </div>
   <div class='ocr_carea' id='block_1_63' title="bbox 1917 3132 3557 3204">
    <p class='ocr_par' dir='ltr' id='par_1_63' title="bbox 1917 3132 3557 3204">
     <span class='ocr_line' id='line_1_64' title="bbox 1917 3132 3557 3204; baseline -0.001 -15"><span class='ocrx_word' id='word_1_367' title='bbox 1917 3133 2103 3189; x_wconf 68' lang='lat' dir='ltr'>clesiae</span> <span class='ocrx_word' id='word_1_368' title='bbox 2130 3138 2241 3188; x_wconf 63' lang='lat' dir='ltr'>tuae</span> <span class='ocrx_word' id='word_1_369' title='bbox 2273 3132 2466 3189; x_wconf 90' lang='lat' dir='ltr'>clerici</span> <span class='ocrx_word' id='word_1_370' title='bbox 2526 3137 2985 3203; x_wconf 88' lang='lat' dir='ltr'>conqueruntur,</span> <span class='ocrx_word' id='word_1_371' title='bbox 3019 3132 3171 3204; x_wconf 87' lang='lat' dir='ltr'>quod</span> <span class='ocrx_word' id='word_1_372' title='bbox 3214 3132 3557 3199; x_wconf 89' lang='lat' dir='ltr'>Hubertum,</span> 
     </span>
    </p>
   </div>
   <div class='ocr_carea' id='block_1_64' title="bbox 1915 3220 3559 3294">
    <p class='ocr_par' dir='ltr' id='par_1_64' title="bbox 1915 3220 3559 3294">
     <span class='ocr_line' id='line_1_65' title="bbox 1915 3220 3559 3294; baseline 0.001 -18"><span class='ocrx_word' id='word_1_373' title='bbox 1915 3221 2363 3277; x_wconf 87' lang='lat' dir='ltr'>Silvanectensis</span> <span class='ocrx_word' id='word_1_374' title='bbox 2392 3221 2647 3292; x_wconf 91' lang='lat' dir='ltr'>episcopi</span> <span class='ocrx_word' id='word_1_375' title='bbox 2674 3222 2783 3291; x_wconf 87' lang='lat'>(22)</span> <span class='ocrx_word' id='word_1_376' title='bbox 2819 3221 3077 3286; x_wconf 78' lang='lat' dir='ltr'>fratrem,</span> <span class='ocrx_word' id='word_1_377' title='bbox 3112 3220 3265 3275; x_wconf 87' lang='lat' dir='ltr'>infra</span> <span class='ocrx_word' id='word_1_378' title='bbox 3295 3226 3559 3294; x_wconf 84' lang='lat' dir='ltr'>treugam</span> 
     </span>
    </p>
   </div>
   <div class='ocr_carea' id='block_1_65' title="bbox 158 3294 3560 3382">
    <p class='ocr_par' dir='ltr' id='par_1_65' title="bbox 158 3294 3560 3382">
     <span class='ocr_line' id='line_1_66' title="bbox 158 3294 3560 3382; baseline 0.001 -20"><span class='ocrx_word' id='word_1_379' title='bbox 158 3323 325 3362; x_wconf 89' lang='lat' dir='ltr'>mum</span> <span class='ocrx_word' id='word_1_380' title='bbox 353 3311 558 3363; x_wconf 62' lang='lat' dir='ltr'>vestra:</span> <span class='ocrx_word' id='word_1_381' title='bbox 590 3308 781 3380; x_wconf 88' lang='lat' dir='ltr'>gentis</span> <span class='ocrx_word' id='word_1_382' title='bbox 811 3309 1319 3382; x_wconf 88' lang='lat' dir='ltr'>archiepiscopum</span> <span class='ocrx_word' id='word_1_383' title='bbox 1371 3311 1607 3367; x_wconf 89' lang='lat' dir='ltr'>beatum</span> <span class='ocrx_word' id='word_1_384' title='bbox 1638 3294 1806 3367; x_wconf 83' lang='lat' dir='ltr'>Beni-</span> <span class='ocrx_word' id='word_1_385' title='bbox 1838 3294 1881 3361; x_wconf 73' lang='grc' dir='ltr'><strong>Ο</strong></span> <span class='ocrx_word' id='word_1_386' title='bbox 1920 3311 2149 3367; x_wconf 90' lang='lat' dir='ltr'>Domini</span> <span class='ocrx_word' id='word_1_387' title='bbox 2183 3328 2283 3382; x_wconf 91' lang='lat' dir='ltr'>pro</span> <span class='ocrx_word' id='word_1_388' title='bbox 2311 3308 2727 3381; x_wconf 83' lang='lat' dir='ltr'>exspoliatione</span> <span class='ocrx_word' id='word_1_389' title='bbox 2747 3308 3004 3381; x_wconf 66' lang='lat' dir='ltr'>pecuniae</span> <span class='ocrx_word' id='word_1_390' title='bbox 3038 3308 3094 3362; x_wconf 92' lang='lat' dir='ltr'>in</span> <span class='ocrx_word' id='word_1_391' title='bbox 3116 3307 3347 3363; x_wconf 87' lang='lat' dir='ltr'>vincula</span> <span class='ocrx_word' id='word_1_392' title='bbox 3367 3310 3560 3380; x_wconf 90' lang='lat' dir='ltr'>conje-</span> 
     </span>
    </p>
   </div>
   <div class='ocr_carea' id='block_1_66' title="bbox 162 3395 1809 3469">
    <p class='ocr_par' dir='ltr' id='par_1_66' title="bbox 162 3395 1809 3469">
     <span class='ocr_line' id='line_1_67' title="bbox 162 3395 1809 3469; baseline 0.002 -18"><span class='ocrx_word' id='word_1_393' title='bbox 162 3396 378 3453; x_wconf 87' lang='lat' dir='ltr'>facium</span> <span class='ocrx_word' id='word_1_394' title='bbox 395 3395 572 3469; x_wconf 87' lang='lat' dir='ltr'>pallio</span> <span class='ocrx_word' id='word_1_395' title='bbox 593 3397 840 3464; x_wconf 88' lang='lat' dir='ltr'>donans,</span> <span class='ocrx_word' id='word_1_396' title='bbox 873 3402 932 3453; x_wconf 87' lang='lat' dir='ltr'>et</span> <span class='ocrx_word' id='word_1_397' title='bbox 949 3398 1093 3455; x_wconf 83' lang='lat' dir='ltr'>vicis</span> <span class='ocrx_word' id='word_1_398' title='bbox 1129 3417 1249 3455; x_wconf 73' lang='lat' dir='ltr'>sua:</span> <span class='ocrx_word' id='word_1_399' title='bbox 1289 3400 1653 3457; x_wconf 89' lang='lat' dir='ltr'>auctoritatis</span> <span class='ocrx_word' id='word_1_400' title='bbox 1683 3417 1809 3457; x_wconf 85' lang='lat' dir='ltr'>cor-</span> 
     </span>
    </p>
   </div>
   <div class='ocr_carea' id='block_1_67' title="bbox 162 3485 1812 3561">
    <p class='ocr_par' dir='ltr' id='par_1_67' title="bbox 162 3485 1812 3561">
     <span class='ocr_line' id='line_1_68' title="bbox 162 3485 1812 3561; baseline 0.003 -20"><span class='ocrx_word' id='word_1_401' title='bbox 162 3486 445 3542; x_wconf 85' lang='lat' dir='ltr'>roborans</span> <span class='ocrx_word' id='word_1_402' title='bbox 474 3489 679 3541; x_wconf 64' lang='lat' dir='ltr'>vestrae</span> <span class='ocrx_word' id='word_1_403' title='bbox 730 3485 1006 3543; x_wconf 89' lang='lat' dir='ltr'>ecclesias</span> <span class='ocrx_word' id='word_1_404' title='bbox 1063 3487 1343 3544; x_wconf 79' lang='lat' dir='ltr'>instruxit</span> <span class='ocrx_word' id='word_1_405' title='bbox 1394 3488 1709 3561; x_wconf 87' lang='lat' dir='ltr'>religionis.</span> <span class='ocrx_word' id='word_1_406' title='bbox 1741 3491 1812 3546; x_wconf 89' lang='lat' dir='ltr'>Et</span> 
     </span>
    </p>
   </div>
   <div class='ocr_carea' id='block_1_68' title="bbox 159 3572 1808 3646">
    <p class='ocr_par' dir='ltr' id='par_1_68' title="bbox 159 3572 1808 3646">
     <span class='ocr_line' id='line_1_69' title="bbox 159 3572 1808 3646; baseline 0.002 -16"><span class='ocrx_word' id='word_1_407' title='bbox 159 3590 267 3630; x_wconf 86' lang='lat' dir='ltr'>nos</span> <span class='ocrx_word' id='word_1_408' title='bbox 284 3572 467 3646; x_wconf 85' lang='lat' dir='ltr'>igitur</span> <span class='ocrx_word' id='word_1_409' title='bbox 493 3573 835 3629; x_wconf 87' lang='lat' dir='ltr'>diuturnam</span> <span class='ocrx_word' id='word_1_410' title='bbox 858 3579 1061 3630; x_wconf 75' lang='lat' dir='ltr'>vestrae</span> <span class='ocrx_word' id='word_1_411' title='bbox 1089 3576 1356 3632; x_wconf 77' lang='lat' dir='ltr'>Ecclesiae</span> <span class='ocrx_word' id='word_1_412' title='bbox 1388 3577 1808 3635; x_wconf 88' lang='lat' dir='ltr'>desolationem</span> 
     </span>
    </p>
   </div>
   <div class='ocr_carea' id='block_1_69' title="bbox 160 3661 1810 3735">
    <p class='ocr_par' dir='ltr' id='par_1_69' title="bbox 160 3661 1810 3735">
     <span class='ocr_line' id='line_1_70' title="bbox 160 3661 1810 3735; baseline 0.002 -17"><span class='ocrx_word' id='word_1_413' title='bbox 160 3679 263 3735; x_wconf 85' lang='lat' dir='ltr'>pro</span> <span class='ocrx_word' id='word_1_414' title='bbox 285 3662 470 3718; x_wconf 87' lang='lat' dir='ltr'>nostri</span> <span class='ocrx_word' id='word_1_415' title='bbox 492 3661 670 3717; x_wconf 75' lang='lat' dir='ltr'>officii</span> <span class='ocrx_word' id='word_1_416' title='bbox 718 3662 911 3717; x_wconf 88' lang='lat' dir='ltr'>debito</span> <span class='ocrx_word' id='word_1_417' title='bbox 941 3664 1387 3735; x_wconf 81' lang='lat' dir='ltr'>perpendentes,</span> <span class='ocrx_word' id='word_1_418' title='bbox 1420 3665 1576 3719; x_wconf 90' lang='lat' dir='ltr'>hunc</span> <span class='ocrx_word' id='word_1_419' title='bbox 1606 3667 1676 3721; x_wconf 90' lang='lat' dir='ltr'>ad</span> <span class='ocrx_word' id='word_1_420' title='bbox 1708 3683 1810 3722; x_wconf 88' lang='lat' dir='ltr'>vos</span> 
     </span>
    </p>
   </div>
   <div class='ocr_carea' id='block_1_70' title="bbox 159 3749 1812 3823">
    <p class='ocr_par' dir='ltr' id='par_1_70' title="bbox 159 3749 1812 3823">
     <span class='ocr_line' id='line_1_71' title="bbox 159 3749 1812 3823; baseline 0.002 -16"><span class='ocrx_word' id='word_1_421' title='bbox 159 3751 369 3807; x_wconf 86' lang='lat' dir='ltr'>salutis</span> <span class='ocrx_word' id='word_1_422' title='bbox 399 3754 603 3806; x_wconf 68' lang='lat' dir='ltr'>vestra:</span> <span class='ocrx_word' id='word_1_423' title='bbox 655 3749 968 3823; x_wconf 87' lang='lat' dir='ltr'>dirigimus</span> <span class='ocrx_word' id='word_1_424' title='bbox 1011 3751 1443 3808; x_wconf 89' lang='lat' dir='ltr'>instructorem.</span> <span class='ocrx_word' id='word_1_425' title='bbox 1479 3755 1661 3818; x_wconf 87' lang='lat' dir='ltr'>Quem</span> <span class='ocrx_word' id='word_1_426' title='bbox 1710 3772 1812 3811; x_wconf 90' lang='lat' dir='ltr'>vos</span> 
     </span>
    </p>
   </div>
   <div class='ocr_carea' id='block_1_71' title="bbox 158 3837 1812 3911">
    <p class='ocr_par' dir='ltr' id='par_1_71' title="bbox 158 3837 1812 3911">
     <span class='ocr_line' id='line_1_72' title="bbox 158 3837 1812 3911; baseline 0.001 -15"><span class='ocrx_word' id='word_1_427' title='bbox 158 3855 225 3896; x_wconf 88' lang='lat' dir='ltr'>eo</span> <span class='ocrx_word' id='word_1_428' title='bbox 254 3837 616 3896; x_wconf 81' lang='lat' dir='ltr'>reverentius</span> <span class='ocrx_word' id='word_1_429' title='bbox 664 3839 959 3911; x_wconf 86' lang='lat' dir='ltr'>suscipere</span> <span class='ocrx_word' id='word_1_430' title='bbox 1008 3845 1065 3895; x_wconf 92' lang='lat' dir='ltr'>et</span> <span class='ocrx_word' id='word_1_431' title='bbox 1120 3840 1486 3898; x_wconf 89' lang='lat' dir='ltr'>obedientius</span> <span class='ocrx_word' id='word_1_432' title='bbox 1543 3845 1812 3899; x_wconf 85' lang='lat' dir='ltr'>convenit</span> 
     </span>
    </p>
   </div>
   <div class='ocr_carea' id='block_1_72' title="bbox 159 3927 1808 3999">
    <p class='ocr_par' dir='ltr' id='par_1_72' title="bbox 159 3927 1808 3999">
     <span class='ocr_line' id='line_1_73' title="bbox 159 3927 1808 3999; baseline 0.002 -15"><span class='ocrx_word' id='word_1_433' title='bbox 159 3927 461 3997; x_wconf 75' lang='lat' dir='ltr'>exaudire,</span> <span class='ocrx_word' id='word_1_434' title='bbox 489 3943 605 3999; x_wconf 90' lang='lat' dir='ltr'>quo</span> <span class='ocrx_word' id='word_1_435' title='bbox 637 3943 773 3983; x_wconf 90' lang='lat' dir='ltr'>eum</span> <span class='ocrx_word' id='word_1_436' title='bbox 806 3927 878 3982; x_wconf 90' lang='lat' dir='ltr'>ab</span> <span class='ocrx_word' id='word_1_437' title='bbox 929 3928 1058 3999; x_wconf 91' lang='lat' dir='ltr'>ipso</span> <span class='ocrx_word' id='word_1_438' title='bbox 1086 3928 1220 3982; x_wconf 86' lang='lat' dir='ltr'>fidei</span> <span class='ocrx_word' id='word_1_439' title='bbox 1269 3934 1327 3984; x_wconf 87' lang='lat' dir='ltr'>et</span> <span class='ocrx_word' id='word_1_440' title='bbox 1373 3929 1583 3985; x_wconf 88' lang='lat' dir='ltr'>salutis</span> <span class='ocrx_word' id='word_1_441' title='bbox 1605 3936 1808 3987; x_wconf 68' lang='lat' dir='ltr'>vestrae</span> 
     </span>
    </p>
   </div>
   <div class='ocr_carea' id='block_1_73' title="bbox 156 4015 1808 4091">
    <p class='ocr_par' dir='ltr' id='par_1_73' title="bbox 156 4015 1808 4091">
     <span class='ocr_line' id='line_1_74' title="bbox 156 4015 1808 4091; baseline 0.003 -21"><span class='ocrx_word' id='word_1_442' title='bbox 156 4015 316 4073; x_wconf 84' lang='lat' dir='ltr'>fonte</span> <span class='ocrx_word' id='word_1_443' title='bbox 345 4015 688 4087; x_wconf 88' lang='lat' dir='ltr'>conspicitis</span> <span class='ocrx_word' id='word_1_444' title='bbox 708 4016 1092 4072; x_wconf 89' lang='lat' dir='ltr'>destinatum.</span> <span class='ocrx_word' id='word_1_445' title='bbox 1117 4017 1320 4072; x_wconf 89' lang='lat' dir='ltr'>Omnis</span> <span class='ocrx_word' id='word_1_446' title='bbox 1336 4021 1529 4073; x_wconf 90' lang='lat' dir='ltr'>autem</span> <span class='ocrx_word' id='word_1_447' title='bbox 1546 4019 1644 4091; x_wconf 91' lang='lat' dir='ltr'>qui</span> <span class='ocrx_word' id='word_1_448' title='bbox 1674 4036 1808 4075; x_wconf 91' lang='lat' dir='ltr'>eum</span> 
     </span>
    </p>
   </div>
   <div class='ocr_carea' id='block_1_74' title="bbox 155 4104 1811 4179">
    <p class='ocr_par' dir='ltr' id='par_1_74' title="bbox 155 4104 1811 4179">
     <span class='ocr_line' id='line_1_75' title="bbox 155 4104 1811 4179; baseline 0.001 -18"><span class='ocrx_word' id='word_1_449' title='bbox 155 4110 219 4163; x_wconf 90' lang='lat' dir='ltr'>ut</span> <span class='ocrx_word' id='word_1_450' title='bbox 246 4109 550 4178; x_wconf 81' lang='lat' dir='ltr'>pastorem</span> <span class='ocrx_word' id='word_1_451' title='bbox 600 4121 777 4161; x_wconf 90' lang='lat' dir='ltr'>suum</span> <span class='ocrx_word' id='word_1_452' title='bbox 825 4105 1019 4160; x_wconf 89' lang='lat' dir='ltr'>debito</span> <span class='ocrx_word' id='word_1_453' title='bbox 1050 4104 1271 4161; x_wconf 87' lang='lat' dir='ltr'>honore</span> <span class='ocrx_word' id='word_1_454' title='bbox 1302 4110 1477 4179; x_wconf 89' lang='lat' dir='ltr'>atque</span> <span class='ocrx_word' id='word_1_455' title='bbox 1508 4107 1811 4165; x_wconf 85' lang='lat' dir='ltr'>atl‘ectione</span> 
     </span>
    </p>
   </div>
   <div class='ocr_carea' id='block_1_75' title="bbox 154 4192 1808 4266">
    <p class='ocr_par' dir='ltr' id='par_1_75' title="bbox 154 4192 1808 4266">
     <span class='ocr_line' id='line_1_76' title="bbox 154 4192 1808 4266; baseline 0.001 -15"><span class='ocrx_word' id='word_1_456' title='bbox 154 4193 518 4263; x_wconf 82' lang='lat' dir='ltr'>tractaverit,</span> <span class='ocrx_word' id='word_1_457' title='bbox 548 4209 656 4249; x_wconf 90' lang='lat' dir='ltr'>nos</span> <span class='ocrx_word' id='word_1_458' title='bbox 706 4192 1123 4266; x_wconf 89' lang='lat' dir='ltr'>omnipotentis</span> <span class='ocrx_word' id='word_1_459' title='bbox 1155 4194 1257 4250; x_wconf 92' lang='lat' dir='ltr'>Dei</span> <span class='ocrx_word' id='word_1_460' title='bbox 1311 4199 1368 4249; x_wconf 89' lang='lat' dir='ltr'>et</span> <span class='ocrx_word' id='word_1_461' title='bbox 1410 4196 1808 4266; x_wconf 89' lang='lat' dir='ltr'>apostolorum</span> 
     </span>
    </p>
   </div>
   <div class='ocr_carea' id='block_1_76' title="bbox 156 4282 1809 4354">
    <p class='ocr_par' dir='ltr' id='par_1_76' title="bbox 156 4282 1809 4354">
     <span class='ocr_line' id='line_1_77' title="bbox 156 4282 1809 4354; baseline 0.001 -16"><span class='ocrx_word' id='word_1_462' title='bbox 156 4283 287 4352; x_wconf 85' lang='lat' dir='ltr'>ejns</span> <span class='ocrx_word' id='word_1_463' title='bbox 319 4282 612 4337; x_wconf 90' lang='lat' dir='ltr'>donamus</span> <span class='ocrx_word' id='word_1_464' title='bbox 644 4282 1082 4349; x_wconf 89' lang='lat' dir='ltr'>benedictione;</span> <span class='ocrx_word' id='word_1_465' title='bbox 1117 4284 1217 4354; x_wconf 90' lang='lat' dir='ltr'>qui</span> <span class='ocrx_word' id='word_1_466' title='bbox 1265 4300 1395 4338; x_wconf 85' lang='lat' dir='ltr'>vero</span> <span class='ocrx_word' id='word_1_467' title='bbox 1427 4283 1563 4339; x_wconf 89' lang='lat' dir='ltr'>huic</span> <span class='ocrx_word' id='word_1_468' title='bbox 1593 4285 1809 4340; x_wconf 85' lang='lat' dir='ltr'>consti-</span> 
     </span>
    </p>
   </div>
   <div class='ocr_carea' id='block_1_77' title="bbox 158 4370 1813 4445">
    <p class='ocr_par' dir='ltr' id='par_1_77' title="bbox 158 4370 1813 4445">
     <span class='ocr_line' id='line_1_78' title="bbox 158 4370 1813 4445; baseline 0.002 -19"><span class='ocrx_word' id='word_1_469' title='bbox 158 4371 376 4427; x_wconf 88' lang='lat' dir='ltr'>tutioni</span> <span class='ocrx_word' id='word_1_470' title='bbox 407 4373 620 4426; x_wconf 61' lang='lat' dir='ltr'>nostra;</span> <span class='ocrx_word' id='word_1_471' title='bbox 661 4370 891 4426; x_wconf 90' lang='lat' dir='ltr'>obviam</span> <span class='ocrx_word' id='word_1_472' title='bbox 923 4371 1007 4427; x_wconf 91' lang='lat' dir='ltr'>ire</span> <span class='ocrx_word' id='word_1_473' title='bbox 1055 4371 1386 4442; x_wconf 87' lang='lat' dir='ltr'>tentaverit,</span> <span class='ocrx_word' id='word_1_474' title='bbox 1420 4373 1660 4429; x_wconf 90' lang='lat' dir='ltr'>clericos</span> <span class='ocrx_word' id='word_1_475' title='bbox 1687 4374 1813 4445; x_wconf 87' lang='lat' dir='ltr'>qui-</span> 
     </span>
    </p>
   </div>
   <div class='ocr_carea' id='block_1_78' title="bbox 159 4457 1810 4530">
    <p class='ocr_par' dir='ltr' id='par_1_78' title="bbox 159 4457 1810 4530">
     <span class='ocr_line' id='line_1_79' title="bbox 159 4457 1810 4530; baseline 0.002 -16"><span class='ocrx_word' id='word_1_476' title='bbox 159 4460 295 4516; x_wconf 83' lang='lat' dir='ltr'>dem</span> <span class='ocrx_word' id='word_1_477' title='bbox 323 4476 359 4514; x_wconf 85' lang='lat' dir='ltr'>a</span> <span class='ocrx_word' id='word_1_478' title='bbox 386 4457 699 4515; x_wconf 87' lang='lat' dir='ltr'>clericatus</span> <span class='ocrx_word' id='word_1_479' title='bbox 740 4459 931 4515; x_wconf 85' lang='lat' dir='ltr'>ofﬁcio</span> <span class='ocrx_word' id='word_1_480' title='bbox 985 4477 1352 4516; x_wconf 88' lang='lat' dir='ltr'>removemus</span> <span class='ocrx_word' id='word_1_481' title='bbox 1380 4461 1581 4530; x_wconf 89' lang='lat' dir='ltr'>;laicis</span> <span class='ocrx_word' id='word_1_482' title='bbox 1613 4467 1810 4518; x_wconf 89' lang='lat' dir='ltr'>autem</span> 
     </span>
    </p>
   </div>
   <div class='ocr_carea' id='block_1_79' title="bbox 158 4547 1810 4622">
    <p class='ocr_par' dir='ltr' id='par_1_79' title="bbox 158 4547 1810 4622">
     <span class='ocr_line' id='line_1_80' title="bbox 158 4547 1810 4622; baseline 0.001 -18"><span class='ocrx_word' id='word_1_483' title='bbox 158 4547 361 4622; x_wconf 67' lang='lat' dir='ltr'>gratis:</span> <span class='ocrx_word' id='word_1_484' title='bbox 393 4547 725 4620; x_wconf 60' lang='lat' dir='ltr'>apostolica;</span> <span class='ocrx_word' id='word_1_485' title='bbox 757 4550 1118 4605; x_wconf 86' lang='lat' dir='ltr'>consortium</span> <span class='ocrx_word' id='word_1_486' title='bbox 1174 4549 1604 4606; x_wconf 90' lang='lat' dir='ltr'>interdicimus.</span> <span class='ocrx_word' id='word_1_487' title='bbox 1637 4549 1810 4606; x_wconf 92' lang='lat' dir='ltr'>Illum</span> 
     </span>
    </p>
   </div>
   <div class='ocr_carea' id='block_1_80' title="bbox 1921 3395 3559 3471">
    <p class='ocr_par' dir='ltr' id='par_1_80' title="bbox 1921 3395 3559 3471">
     <span class='ocr_line' id='line_1_81' title="bbox 1921 3395 3559 3471; baseline -0.002 -17"><span class='ocrx_word' id='word_1_488' title='bbox 1921 3400 2092 3465; x_wconf 89' lang='lat' dir='ltr'>ceris,</span> <span class='ocrx_word' id='word_1_489' title='bbox 2123 3404 2180 3454; x_wconf 92' lang='lat' dir='ltr'>et</span> <span class='ocrx_word' id='word_1_490' title='bbox 2212 3398 2399 3469; x_wconf 89' lang='lat' dir='ltr'>ipsius</span> <span class='ocrx_word' id='word_1_491' title='bbox 2431 3398 2605 3464; x_wconf 90' lang='lat' dir='ltr'>bona,</span> <span class='ocrx_word' id='word_1_492' title='bbox 2639 3396 2888 3452; x_wconf 73' lang='lat' dir='ltr'>effractis</span> <span class='ocrx_word' id='word_1_493' title='bbox 2910 3395 3204 3461; x_wconf 90' lang='lat' dir='ltr'>domibus,</span> <span class='ocrx_word' id='word_1_494' title='bbox 3225 3395 3559 3471; x_wconf 91' lang='lat' dir='ltr'>diripueris,</span> 
     </span>
    </p>
   </div>
   <div class='ocr_carea' id='block_1_81' title="bbox 1919 3483 3559 3559">
    <p class='ocr_par' dir='ltr' id='par_1_81' title="bbox 1919 3483 3559 3559">
     <span class='ocr_line' id='line_1_82' title="bbox 1919 3483 3559 3559; baseline -0.002 -17"><span class='ocrx_word' id='word_1_495' title='bbox 1919 3488 2155 3544; x_wconf 88' lang='lat' dir='ltr'>tandem</span> <span class='ocrx_word' id='word_1_496' title='bbox 2176 3487 2346 3559; x_wconf 68' lang='lat' dir='ltr'>regiae</span> <span class='ocrx_word' id='word_1_497' title='bbox 2370 3485 2681 3541; x_wconf 86' lang='lat' dir='ltr'>tradideris</span> <span class='ocrx_word' id='word_1_498' title='bbox 2702 3485 2978 3558; x_wconf 88' lang='lat' dir='ltr'>captioni.</span> <span class='ocrx_word' id='word_1_499' title='bbox 3013 3483 3398 3550; x_wconf 86' lang='lat' dir='ltr'>Quamobrem</span> <span class='ocrx_word' id='word_1_500' title='bbox 3434 3484 3559 3542; x_wconf 84' lang='lat' dir='ltr'>Bel-</span> 
     </span>
    </p>
   </div>
   <div class='ocr_carea' id='block_1_82' title="bbox 1918 3573 3563 3647">
    <p class='ocr_par' dir='ltr' id='par_1_82' title="bbox 1918 3573 3563 3647">
     <span class='ocr_line' id='line_1_83' title="bbox 1918 3573 3563 3647; baseline -0.002 -16"><span class='ocrx_word' id='word_1_501' title='bbox 1918 3577 2184 3633; x_wconf 90' lang='lat' dir='ltr'>vacensis</span> <span class='ocrx_word' id='word_1_502' title='bbox 2213 3574 2468 3631; x_wconf 87' lang='lat' dir='ltr'>Ecclesia</span> <span class='ocrx_word' id='word_1_503' title='bbox 2488 3575 2615 3646; x_wconf 89' lang='lat' dir='ltr'>jam</span> <span class='ocrx_word' id='word_1_504' title='bbox 2648 3575 2746 3630; x_wconf 94' lang='lat' dir='ltr'>diu</span> <span class='ocrx_word' id='word_1_505' title='bbox 2780 3574 3063 3631; x_wconf 88' lang='lat' dir='ltr'>destituta</span> <span class='ocrx_word' id='word_1_506' title='bbox 3083 3573 3288 3630; x_wconf 80' lang='lat' dir='ltr'>officiis</span> <span class='ocrx_word' id='word_1_507' title='bbox 3314 3574 3563 3647; x_wconf 87' lang='lat' dir='ltr'>ingemi-</span> 
     </span>
    </p>
   </div>
   <div class='ocr_carea' id='block_1_83' title="bbox 1921 3663 3564 3738">
    <p class='ocr_par' dir='ltr' id='par_1_83' title="bbox 1921 3663 3564 3738">
     <span class='ocr_line' id='line_1_84' title="bbox 1921 3663 3564 3738; baseline -0.001 -17"><span class='ocrx_word' id='word_1_508' title='bbox 1921 3666 2030 3721; x_wconf 90' lang='lat' dir='ltr'>scit</span> <span class='ocrx_word' id='word_1_509' title='bbox 2060 3666 2211 3737; x_wconf 88' lang='lat' dir='ltr'>quod</span> <span class='ocrx_word' id='word_1_510' title='bbox 2265 3676 2515 3738; x_wconf 76' lang='lat' dir='ltr'>neqUam</span> <span class='ocrx_word' id='word_1_511' title='bbox 2564 3664 3265 3720; x_wconf 78' lang='lat' dir='ltr'>excommunicationibus</span> <span class='ocrx_word' id='word_1_512' title='bbox 3303 3663 3480 3720; x_wconf 88' lang='lat' dir='ltr'>variis</span> <span class='ocrx_word' id='word_1_513' title='bbox 3508 3668 3564 3719; x_wconf 89' lang='lat' dir='ltr'>te</span> 
     </span>
    </p>
   </div>
   <div class='ocr_carea' id='block_1_84' title="bbox 1918 3752 3564 3825">
    <p class='ocr_par' dir='ltr' id='par_1_84' title="bbox 1918 3752 3564 3825">
     <span class='ocr_line' id='line_1_85' title="bbox 1918 3752 3564 3825; baseline -0.001 -16"><span class='ocrx_word' id='word_1_514' title='bbox 1918 3753 2237 3810; x_wconf 90' lang='lat' dir='ltr'>immisceri</span> <span class='ocrx_word' id='word_1_515' title='bbox 2269 3753 2572 3809; x_wconf 89' lang='lat' dir='ltr'>clamitant</span> <span class='ocrx_word' id='word_1_516' title='bbox 2596 3772 2607 3819; x_wconf 90' lang='lat'>;</span> <span class='ocrx_word' id='word_1_517' title='bbox 2642 3753 2793 3825; x_wconf 88' lang='lat' dir='ltr'>quod</span> <span class='ocrx_word' id='word_1_518' title='bbox 2815 3752 3124 3809; x_wconf 87' lang='lat' dir='ltr'>anathema</span> <span class='ocrx_word' id='word_1_519' title='bbox 3146 3770 3178 3808; x_wconf 89' lang='lat' dir='ltr'>a</span> <span class='ocrx_word' id='word_1_520' title='bbox 3203 3752 3363 3825; x_wconf 84' lang='lat' dir='ltr'>regni</span> <span class='ocrx_word' id='word_1_521' title='bbox 3387 3753 3564 3809; x_wconf 88' lang='lat' dir='ltr'>vestri</span> 
     </span>
    </p>
   </div>
   <div class='ocr_carea' id='block_1_85' title="bbox 1920 3841 3564 3915">
    <p class='ocr_par' dir='ltr' id='par_1_85' title="bbox 1920 3841 3564 3915">
     <span class='ocr_line' id='line_1_86' title="bbox 1920 3841 3564 3915; baseline -0.002 -16"><span class='ocrx_word' id='word_1_522' title='bbox 1920 3843 2207 3915; x_wconf 90' lang='lat' dir='ltr'>episcopis</span> <span class='ocrx_word' id='word_1_523' title='bbox 2229 3861 2332 3915; x_wconf 87' lang='lat' dir='ltr'>pro</span> <span class='ocrx_word' id='word_1_524' title='bbox 2355 3842 2654 3898; x_wconf 91' lang='lat' dir='ltr'>communi</span> <span class='ocrx_word' id='word_1_525' title='bbox 2678 3858 2816 3914; x_wconf 89' lang='lat' dir='ltr'>pace</span> <span class='ocrx_word' id='word_1_526' title='bbox 2856 3842 3145 3897; x_wconf 88' lang='lat' dir='ltr'>sancitum</span> <span class='ocrx_word' id='word_1_527' title='bbox 3171 3841 3564 3913; x_wconf 88' lang='lat' dir='ltr'>parvipendis,</span> 
     </span>
    </p>
   </div>
   <div class='ocr_carea' id='block_1_86' title="bbox 1919 3929 3562 3987">
    <p class='ocr_par' dir='ltr' id='par_1_86' title="bbox 1919 3929 3562 3987">
     <span class='ocr_line' id='line_1_87' title="bbox 1919 3929 3562 3987; baseline -0.002 -1"><span class='ocrx_word' id='word_1_528' title='bbox 1919 3936 1977 3987; x_wconf 91' lang='lat' dir='ltr'>et</span> <span class='ocrx_word' id='word_1_529' title='bbox 2005 3949 2039 3986; x_wconf 91' lang='lat' dir='ltr'>a</span> <span class='ocrx_word' id='word_1_530' title='bbox 2062 3932 2370 3986; x_wconf 89' lang='lat' dir='ltr'>Parisiensi</span> <span class='ocrx_word' id='word_1_531' title='bbox 2410 3929 2663 3986; x_wconf 88' lang='lat' dir='ltr'>Ecclesia</span> <span class='ocrx_word' id='word_1_532' title='bbox 2709 3929 3278 3985; x_wconf 85' lang='lat' dir='ltr'>excommunicatum</span> <span class='ocrx_word' id='word_1_533' title='bbox 3311 3929 3368 3982; x_wconf 93' lang='lat' dir='ltr'>in</span> <span class='ocrx_word' id='word_1_534' title='bbox 3400 3945 3562 3984; x_wconf 85' lang='lat' dir='ltr'>com—</span> 
     </span>
    </p>
   </div>
   <div class='ocr_carea' id='block_1_87' title="bbox 1920 4016 3563 4092">
    <p class='ocr_par' dir='ltr' id='par_1_87' title="bbox 1920 4016 3563 4092">
     <span class='ocr_line' id='line_1_88' title="bbox 1920 4016 3563 4092; baseline -0.003 -17"><span class='ocrx_word' id='word_1_535' title='bbox 1920 4020 2259 4076; x_wconf 89' lang='lat' dir='ltr'>munionem</span> <span class='ocrx_word' id='word_1_536' title='bbox 2285 4020 2697 4092; x_wconf 88' lang='lat' dir='ltr'>recipis,atque</span> <span class='ocrx_word' id='word_1_537' title='bbox 2718 4017 2905 4090; x_wconf 84' lang='lat' dir='ltr'>ipsius</span> <span class='ocrx_word' id='word_1_538' title='bbox 2928 4016 3255 4089; x_wconf 66' lang='lat' dir='ltr'>apostolicae</span> <span class='ocrx_word' id='word_1_539' title='bbox 3271 4017 3563 4072; x_wconf 68' lang='lat' dir='ltr'>memorias</span> 
     </span>
    </p>
   </div>
   <div class='ocr_carea' id='block_1_88' title="bbox 1919 4103 3561 4181">
    <p class='ocr_par' dir='ltr' id='par_1_88' title="bbox 1919 4103 3561 4181">
     <span class='ocr_line' id='line_1_89' title="bbox 1919 4103 3561 4181; baseline -0.002 -18"><span class='ocrx_word' id='word_1_540' title='bbox 1919 4109 2361 4181; x_wconf 67' lang='lat' dir='ltr'>praedecessoris</span> <span class='ocrx_word' id='word_1_541' title='bbox 2391 4107 2575 4163; x_wconf 89' lang='lat' dir='ltr'>nostri</span> <span class='ocrx_word' id='word_1_542' title='bbox 2622 4105 2881 4177; x_wconf 86' lang='lat' dir='ltr'>Gregorii</span> <span class='ocrx_word' id='word_1_543' title='bbox 2931 4106 3001 4159; x_wconf 90' lang='lat' dir='ltr'>de</span> <span class='ocrx_word' id='word_1_544' title='bbox 3046 4104 3229 4158; x_wconf 91' lang='lat' dir='ltr'>Odoni</span> <span class='ocrx_word' id='word_1_545' title='bbox 3262 4103 3561 4159; x_wconf 88' lang='lat' dir='ltr'>castellani</span> 
     </span>
    </p>
   </div>
   <div class='ocr_carea' id='block_1_89' title="bbox 1923 4191 3581 4268">
    <p class='ocr_par' dir='ltr' id='par_1_89' title="bbox 1923 4191 3581 4268">
     <span class='ocr_line' id='line_1_90' title="bbox 1923 4191 3581 4268; baseline -0.004 -16"><span class='ocrx_word' id='word_1_546' title='bbox 1923 4198 2116 4261; x_wconf 90' lang='lat' dir='ltr'>rebus,</span> <span class='ocrx_word' id='word_1_547' title='bbox 2150 4199 2434 4268; x_wconf 62' lang='lat' dir='ltr'>praesente</span> <span class='ocrx_word' id='word_1_548' title='bbox 2465 4195 2887 4268; x_wconf 65' lang='lat' dir='ltr'>praedecessore</span> <span class='ocrx_word' id='word_1_549' title='bbox 2918 4197 3017 4247; x_wconf 90' lang='lat' dir='ltr'>tuo</span> <span class='ocrx_word' id='word_1_550' title='bbox 3045 4191 3328 4257; x_wconf 89' lang='lat' dir='ltr'>Guidone,</span> <span class='ocrx_word' id='word_1_551' title='bbox 3351 4192 3581 4247; x_wconf 37' lang='lat' dir='ltr'>conﬁra</span> 
     </span>
    </p>
   </div>
   <div class='ocr_carea' id='block_1_90' title="bbox 1926 4274 3561 4355">
    <p class='ocr_par' dir='ltr' id='par_1_90' title="bbox 1926 4274 3561 4355">
     <span class='ocr_line' id='line_1_91' title="bbox 1926 4274 3561 4355; baseline -0.002 -15"><span class='ocrx_word' id='word_1_552' title='bbox 1926 4274 2148 4340; x_wconf 89' lang='lat' dir='ltr'>matum</span> <span class='ocrx_word' id='word_1_553' title='bbox 2169 4284 2512 4339; x_wconf 88' lang='lat' dir='ltr'>temerarius</span> <span class='ocrx_word' id='word_1_554' title='bbox 2532 4281 3065 4355; x_wconf 79' lang='lat' dir='ltr'>intregisti.Multas</span> <span class='ocrx_word' id='word_1_555' title='bbox 3085 4281 3240 4337; x_wconf 89' lang='lat' dir='ltr'>enim</span> <span class='ocrx_word' id='word_1_556' title='bbox 3265 4281 3335 4337; x_wconf 91' lang='lat' dir='ltr'>de</span> <span class='ocrx_word' id='word_1_557' title='bbox 3360 4281 3561 4337; x_wconf 89' lang='lat' dir='ltr'>eadem</span> 
     </span>
    </p>
   </div>
   <div class='ocr_carea' id='block_1_91' title="bbox 1925 4370 3567 4443">
    <p class='ocr_par' dir='ltr' id='par_1_91' title="bbox 1925 4370 3567 4443">
     <span class='ocr_line' id='line_1_92' title="bbox 1925 4370 3567 4443; baseline -0.002 -13"><span class='ocrx_word' id='word_1_558' title='bbox 1925 4373 2264 4430; x_wconf 88' lang='lat' dir='ltr'>castellania</span> <span class='ocrx_word' id='word_1_559' title='bbox 2295 4390 2396 4443; x_wconf 90' lang='lat' dir='ltr'>per</span> <span class='ocrx_word' id='word_1_560' title='bbox 2415 4378 2470 4428; x_wconf 91' lang='lat' dir='ltr'>te</span> <span class='ocrx_word' id='word_1_561' title='bbox 2486 4371 2597 4428; x_wconf 90' lang='lat' dir='ltr'>sibi</span> <span class='ocrx_word' id='word_1_562' title='bbox 2618 4370 2811 4426; x_wconf 89' lang='lat' dir='ltr'>illatas</span> <span class='ocrx_word' id='word_1_563' title='bbox 2831 4370 3078 4442; x_wconf 87' lang='lat' dir='ltr'>injurias</span> <span class='ocrx_word' id='word_1_564' title='bbox 3102 4370 3255 4426; x_wconf 89' lang='lat' dir='ltr'>idem</span> <span class='ocrx_word' id='word_1_565' title='bbox 3293 4370 3414 4427; x_wconf 93' lang='lat' dir='ltr'>Odo</span> <span class='ocrx_word' id='word_1_566' title='bbox 3435 4387 3567 4427; x_wconf 87' lang='lat' dir='ltr'>con-</span> 
     </span>
    </p>
   </div>
   <div class='ocr_carea' id='block_1_92' title="bbox 1922 4457 3565 4536">
    <p class='ocr_par' dir='ltr' id='par_1_92' title="bbox 1922 4457 3565 4536">
     <span class='ocr_line' id='line_1_93' title="bbox 1922 4457 3565 4536; baseline -0.001 -18"><span class='ocrx_word' id='word_1_567' title='bbox 1922 4457 2206 4536; x_wconf 83' lang='lat' dir='ltr'>queritur.</span> <span class='ocrx_word' id='word_1_568' title='bbox 2226 4464 2350 4517; x_wconf 90' lang='lat' dir='ltr'>Tuo</span> <span class='ocrx_word' id='word_1_569' title='bbox 2372 4461 2526 4517; x_wconf 91' lang='lat' dir='ltr'>enim</span> <span class='ocrx_word' id='word_1_570' title='bbox 2549 4460 2852 4528; x_wconf 90' lang='lat' dir='ltr'>instinctu,</span> <span class='ocrx_word' id='word_1_571' title='bbox 2878 4460 2972 4516; x_wconf 89' lang='lat' dir='ltr'>sui</span> <span class='ocrx_word' id='word_1_572' title='bbox 2992 4461 3138 4516; x_wconf 90' lang='lat' dir='ltr'>servi</span> <span class='ocrx_word' id='word_1_573' title='bbox 3161 4477 3227 4517; x_wconf 90' lang='lat' dir='ltr'>ac</span> <span class='ocrx_word' id='word_1_574' title='bbox 3249 4459 3565 4516; x_wconf 89' lang='lat' dir='ltr'>servientes</span> 
     </span>
    </p>
   </div>
   <div class='ocr_carea' id='block_1_93' title="bbox 1922 4547 3625 4622">
    <p class='ocr_par' dir='ltr' id='par_1_93' title="bbox 1922 4547 3625 4622">
     <span class='ocr_line' id='line_1_94' title="bbox 1922 4547 3625 4622; baseline -0.004 -15"><span class='ocrx_word' id='word_1_575' title='bbox 1922 4568 2054 4607; x_wconf 92' lang='lat' dir='ltr'>eum</span> <span class='ocrx_word' id='word_1_576' title='bbox 2088 4554 2221 4607; x_wconf 88' lang='lat' dir='ltr'>ante</span> <span class='ocrx_word' id='word_1_577' title='bbox 2252 4551 2494 4605; x_wconf 90' lang='lat' dir='ltr'>domum</span> <span class='ocrx_word' id='word_1_578' title='bbox 2518 4549 2814 4621; x_wconf 84' lang='lat' dir='ltr'>propriam</span> <span class='ocrx_word' id='word_1_579' title='bbox 2848 4552 2989 4604; x_wconf 89' lang='lat' dir='ltr'>sunt</span> <span class='ocrx_word' id='word_1_580' title='bbox 3014 4547 3274 4622; x_wconf 87' lang='lat' dir='ltr'>aggressi</span> <span class='ocrx_word' id='word_1_581' title='bbox 3303 4565 3317 4617; x_wconf 89' lang='lat'><strong>;</strong></span> <span class='ocrx_word' id='word_1_582' title='bbox 3344 4552 3402 4603; x_wconf 84' lang='lat' dir='ltr'>et</span> <span class='ocrx_word' id='word_1_583' title='bbox 3432 4564 3565 4604; x_wconf 89' lang='lat' dir='ltr'>cum</span> <span class='ocrx_word' id='word_1_584' title='bbox 3612 4585 3625 4601; x_wconf 87' lang='lat'>.</span> 
     </span>
    </p>
   </div>
   <div class='ocr_carea' id='block_1_94' title="bbox 160 4637 3565 4725">
    <p class='ocr_par' dir='ltr' id='par_1_94' title="bbox 160 4637 3565 4725">
     <span class='ocr_line' id='line_1_95' title="bbox 160 4637 3565 4725; baseline 0.001 -33"><span class='ocrx_word' id='word_1_585' title='bbox 160 4637 471 4703; x_wconf 85' lang='lat' dir='ltr'>nimirum,</span> <span class='ocrx_word' id='word_1_586' title='bbox 503 4637 605 4710; x_wconf 86' lang='lat' dir='ltr'>qui</span> <span class='ocrx_word' id='word_1_587' title='bbox 636 4653 699 4694; x_wconf 89' lang='lat' dir='ltr'>se</span> <span class='ocrx_word' id='word_1_588' title='bbox 729 4638 789 4693; x_wconf 91' lang='lat' dir='ltr'>in</span> <span class='ocrx_word' id='word_1_589' title='bbox 815 4642 1071 4694; x_wconf 87' lang='lat' dir='ltr'>vestram</span> <span class='ocrx_word' id='word_1_590' title='bbox 1120 4637 1439 4694; x_wconf 87' lang='lat' dir='ltr'>Ecclesiam</span> <span class='ocrx_word' id='word_1_591' title='bbox 1470 4643 1603 4710; x_wconf 88' lang='lat' dir='ltr'>post</span> <span class='ocrx_word' id='word_1_592' title='bbox 1634 4639 1812 4711; x_wconf 86' lang='lat' dir='ltr'>hujus</span> <span class='ocrx_word' id='word_1_593' title='bbox 1842 4661 1890 4725; x_wconf 72' lang='grc' dir='ltr'>Β</span> <span class='ocrx_word' id='word_1_594' title='bbox 1921 4640 2304 4701; x_wconf 90' lang='lat' dir='ltr'>homicidium</span> <span class='ocrx_word' id='word_1_595' title='bbox 2336 4643 2395 4692; x_wconf 88' lang='lat' dir='ltr'>et</span> <span class='ocrx_word' id='word_1_596' title='bbox 2424 4637 2812 4709; x_wconf 88' lang='lat' dir='ltr'>proditionem</span> <span class='ocrx_word' id='word_1_597' title='bbox 2835 4638 3149 4710; x_wconf 85' lang='lat' dir='ltr'>perfecisse</span> <span class='ocrx_word' id='word_1_598' title='bbox 3171 4655 3283 4694; x_wconf 90' lang='lat' dir='ltr'>non</span> <span class='ocrx_word' id='word_1_599' title='bbox 3306 4642 3565 4711; x_wconf 90' lang='lat' dir='ltr'>possent,</span> 
     </span>
    </p>
   </div>
   <div class='ocr_carea' id='block_1_95' title="bbox 160 4724 1812 4800">
    <p class='ocr_par' dir='ltr' id='par_1_95' title="bbox 160 4724 1812 4800">
     <span class='ocr_line' id='line_1_96' title="bbox 160 4724 1812 4800; baseline 0.001 -19"><span class='ocrx_word' id='word_1_600' title='bbox 160 4724 436 4783; x_wconf 65' lang='lat' dir='ltr'>catholici</span> <span class='ocrx_word' id='word_1_601' title='bbox 458 4726 710 4798; x_wconf 82' lang='lat' dir='ltr'>pastoris</span> <span class='ocrx_word' id='word_1_602' title='bbox 749 4726 1089 4783; x_wconf 86' lang='lat' dir='ltr'>electionem</span> <span class='ocrx_word' id='word_1_603' title='bbox 1112 4730 1596 4800; x_wconf 66' lang='lat' dir='ltr'>praesumptuose,</span> <span class='ocrx_word' id='word_1_604' title='bbox 1631 4745 1698 4782; x_wconf 88' lang='lat' dir='ltr'>ac</span> <span class='ocrx_word' id='word_1_605' title='bbox 1729 4728 1812 4783; x_wconf 83' lang='lat' dir='ltr'>ir-</span> 
     </span>
    </p>
   </div>
   <div class='ocr_carea' id='block_1_96' title="bbox 160 4812 1815 4888">
    <p class='ocr_par' dir='ltr' id='par_1_96' title="bbox 160 4812 1815 4888">
     <span class='ocr_line' id='line_1_97' title="bbox 160 4812 1815 4888; baseline 0.001 -19"><span class='ocrx_word' id='word_1_606' title='bbox 160 4816 496 4870; x_wconf 76' lang='lat' dir='ltr'>reverenter</span> <span class='ocrx_word' id='word_1_607' title='bbox 520 4812 787 4888; x_wconf 90' lang='lat' dir='ltr'>ingessit,</span> <span class='ocrx_word' id='word_1_608' title='bbox 822 4832 928 4871; x_wconf 90' lang='lat' dir='ltr'>nos</span> <span class='ocrx_word' id='word_1_609' title='bbox 980 4833 1112 4871; x_wconf 91' lang='lat' dir='ltr'>cum</span> <span class='ocrx_word' id='word_1_610' title='bbox 1162 4832 1267 4888; x_wconf 91' lang='lat' dir='ltr'>pro</span> <span class='ocrx_word' id='word_1_611' title='bbox 1308 4832 1566 4887; x_wconf 67' lang='lat' dir='ltr'>personae</span> <span class='ocrx_word' id='word_1_612' title='bbox 1596 4816 1815 4872; x_wconf 86' lang='lat' dir='ltr'>inutili-</span> 
     </span>
    </p>
   </div>
   <div class='ocr_carea' id='block_1_97' title="bbox 162 4903 1811 4984">
    <p class='ocr_par' dir='ltr' id='par_1_97' title="bbox 162 4903 1811 4984">
     <span class='ocr_line' id='line_1_98' title="bbox 162 4903 1811 4984; baseline 0.001 -26"><span class='ocrx_word' id='word_1_613' title='bbox 162 4906 303 4968; x_wconf 85' lang='lat' dir='ltr'>tate,</span> <span class='ocrx_word' id='word_1_614' title='bbox 328 4903 460 4957; x_wconf 88' lang='lat' dir='ltr'>tum</span> <span class='ocrx_word' id='word_1_615' title='bbox 490 4919 594 4974; x_wconf 89' lang='lat' dir='ltr'>pro</span> <span class='ocrx_word' id='word_1_616' title='bbox 623 4907 826 4984; x_wconf 68' lang='lat' dir='ltr'>vestris</span> <span class='ocrx_word' id='word_1_617' title='bbox 857 4904 1121 4960; x_wconf 64' lang='lat' dir='ltr'>Ecclesiae</span> <span class='ocrx_word' id='word_1_618' title='bbox 1164 4904 1508 4960; x_wconf 89' lang='lat' dir='ltr'>necessitate</span> <span class='ocrx_word' id='word_1_619' title='bbox 1536 4905 1608 4960; x_wconf 90' lang='lat' dir='ltr'>ab</span> <span class='ocrx_word' id='word_1_620' title='bbox 1644 4923 1811 4961; x_wconf 89' lang='lat' dir='ltr'>usur-</span> 
     </span>
    </p>
   </div>
   <div class='ocr_carea' id='block_1_98' title="bbox 160 4989 1811 5065">
    <p class='ocr_par' dir='ltr' id='par_1_98' title="bbox 160 4989 1811 5065">
     <span class='ocr_line' id='line_1_99' title="bbox 160 4989 1811 5065; baseline 0.002 -18"><span class='ocrx_word' id='word_1_621' title='bbox 160 4990 401 5062; x_wconf 78' lang='lat' dir='ltr'>patione</span> <span class='ocrx_word' id='word_1_622' title='bbox 446 4989 710 5047; x_wconf 87' lang='lat' dir='ltr'>indebita</span> <span class='ocrx_word' id='word_1_623' title='bbox 766 5009 870 5065; x_wconf 89' lang='lat' dir='ltr'>per</span> <span class='ocrx_word' id='word_1_624' title='bbox 916 4993 1220 5065; x_wconf 78' lang='lat' dir='ltr'>praesentis</span> <span class='ocrx_word' id='word_1_625' title='bbox 1271 4993 1486 5048; x_wconf 88' lang='lat' dir='ltr'>decreti</span> <span class='ocrx_word' id='word_1_626' title='bbox 1538 4992 1811 5065; x_wconf 88' lang='lat' dir='ltr'>paginam</span> 
     </span>
    </p>
   </div>
   <div class='ocr_carea' id='block_1_99' title="bbox 162 5078 1814 5155">
    <p class='ocr_par' dir='ltr' id='par_1_99' title="bbox 162 5078 1814 5155">
     <span class='ocr_line' id='line_1_100' title="bbox 162 5078 1814 5155; baseline 0.003 -20"><span class='ocrx_word' id='word_1_627' title='bbox 162 5078 446 5136; x_wconf 86' lang='lat' dir='ltr'>omnibus</span> <span class='ocrx_word' id='word_1_628' title='bbox 475 5080 666 5136; x_wconf 89' lang='lat' dir='ltr'>modis</span> <span class='ocrx_word' id='word_1_629' title='bbox 696 5086 1159 5152; x_wconf 87' lang='lat' dir='ltr'>sequestramus,</span> <span class='ocrx_word' id='word_1_630' title='bbox 1193 5087 1249 5138; x_wconf 90' lang='lat' dir='ltr'>et</span> <span class='ocrx_word' id='word_1_631' title='bbox 1277 5098 1481 5138; x_wconf 86' lang='lat' dir='ltr'>omnes</span> <span class='ocrx_word' id='word_1_632' title='bbox 1510 5082 1610 5155; x_wconf 89' lang='lat' dir='ltr'>qui</span> <span class='ocrx_word' id='word_1_633' title='bbox 1642 5082 1691 5139; x_wconf 90' lang='lat' dir='ltr'>ei</span> <span class='ocrx_word' id='word_1_634' title='bbox 1720 5100 1814 5140; x_wconf 89' lang='lat' dir='ltr'>sa-</span> 
     </span>
    </p>
   </div>
   <div class='ocr_carea' id='block_1_100' title="bbox 162 5168 1814 5244">
    <p class='ocr_par' dir='ltr' id='par_1_100' title="bbox 162 5168 1814 5244">
     <span class='ocr_line' id='line_1_101' title="bbox 162 5168 1814 5244; baseline 0.004 -21"><span class='ocrx_word' id='word_1_635' title='bbox 162 5171 465 5227; x_wconf 74' lang='lat' dir='ltr'>cramento</span> <span class='ocrx_word' id='word_1_636' title='bbox 494 5168 763 5225; x_wconf 84' lang='lat' dir='ltr'>adstricti</span> <span class='ocrx_word' id='word_1_637' title='bbox 793 5174 951 5238; x_wconf 84' lang='lat' dir='ltr'>sunt,</span> <span class='ocrx_word' id='word_1_638' title='bbox 986 5175 1276 5244; x_wconf 84' lang='lat' dir='ltr'>quatenus</span> <span class='ocrx_word' id='word_1_639' title='bbox 1324 5172 1396 5226; x_wconf 90' lang='lat' dir='ltr'>ad</span> <span class='ocrx_word' id='word_1_640' title='bbox 1440 5171 1814 5244; x_wconf 88' lang='lat' dir='ltr'>episcopatus</span> 
     </span>
    </p>
   </div>
   <div class='ocr_carea' id='block_1_101' title="bbox 162 5257 1810 5333">
    <p class='ocr_par' dir='ltr' id='par_1_101' title="bbox 162 5257 1810 5333">
     <span class='ocr_line' id='line_1_102' title="bbox 162 5257 1810 5333; baseline 0.004 -21"><span class='ocrx_word' id='word_1_641' title='bbox 162 5257 448 5314; x_wconf 82' lang='lat' dir='ltr'>honorem</span> <span class='ocrx_word' id='word_1_642' title='bbox 468 5258 545 5314; x_wconf 88' lang='lat' dir='ltr'>ab</span> <span class='ocrx_word' id='word_1_643' title='bbox 573 5258 704 5330; x_wconf 89' lang='lat' dir='ltr'>ejus</span> <span class='ocrx_word' id='word_1_644' title='bbox 725 5259 1002 5315; x_wconf 88' lang='lat' dir='ltr'>ﬁdelitate</span> <span class='ocrx_word' id='word_1_645' title='bbox 1045 5259 1424 5315; x_wconf 86' lang='lat' dir='ltr'>absolvimus.</span> <span class='ocrx_word' id='word_1_646' title='bbox 1459 5261 1623 5316; x_wconf 88' lang='lat' dir='ltr'>Hunc</span> <span class='ocrx_word' id='word_1_647' title='bbox 1653 5280 1810 5333; x_wconf 84' lang='lat' dir='ltr'>ergo,</span> 
     </span>
    </p>
   </div>
   <div class='ocr_carea' id='block_1_102' title="bbox 162 5344 1813 5421">
    <p class='ocr_par' dir='ltr' id='par_1_102' title="bbox 162 5344 1813 5421">
     <span class='ocr_line' id='line_1_103' title="bbox 162 5344 1813 5421; baseline 0.004 -22"><span class='ocrx_word' id='word_1_648' title='bbox 162 5344 534 5402; x_wconf 81' lang='lat' dir='ltr'>dilectissimi</span> <span class='ocrx_word' id='word_1_649' title='bbox 556 5346 617 5402; x_wconf 92' lang='lat' dir='ltr'>in</span> <span class='ocrx_word' id='word_1_650' title='bbox 651 5347 883 5404; x_wconf 86' lang='lat' dir='ltr'>Christo</span> <span class='ocrx_word' id='word_1_651' title='bbox 919 5348 1046 5415; x_wconf 86' lang='lat' dir='ltr'>ﬁlii,</span> <span class='ocrx_word' id='word_1_652' title='bbox 1080 5353 1363 5419; x_wconf 86' lang='lat' dir='ltr'>tanquam</span> <span class='ocrx_word' id='word_1_653' title='bbox 1395 5348 1670 5421; x_wconf 89' lang='lat' dir='ltr'>angelum</span> <span class='ocrx_word' id='word_1_654' title='bbox 1703 5350 1813 5405; x_wconf 88' lang='lat' dir='ltr'>Do-</span> 
     </span>
    </p>
   </div>
   <div class='ocr_carea' id='block_1_103' title="bbox 163 5432 1813 5509">
    <p class='ocr_par' dir='ltr' id='par_1_103' title="bbox 163 5432 1813 5509">
     <span class='ocr_line' id='line_1_104' title="bbox 163 5432 1813 5509; baseline 0.002 -20"><span class='ocrx_word' id='word_1_655' title='bbox 163 5432 309 5489; x_wconf 81' lang='lat' dir='ltr'>mini</span> <span class='ocrx_word' id='word_1_656' title='bbox 330 5437 389 5491; x_wconf 87' lang='lat' dir='ltr'>et</span> <span class='ocrx_word' id='word_1_657' title='bbox 418 5433 721 5492; x_wconf 69' lang='lat' dir='ltr'>catholicis</span> <span class='ocrx_word' id='word_1_658' title='bbox 748 5436 883 5491; x_wconf 87' lang='lat' dir='ltr'>ﬁdei</span> <span class='ocrx_word' id='word_1_659' title='bbox 914 5436 1175 5509; x_wconf 89' lang='lat' dir='ltr'>legatum</span> <span class='ocrx_word' id='word_1_660' title='bbox 1224 5435 1492 5508; x_wconf 83' lang='lat' dir='ltr'>excipite,</span> <span class='ocrx_word' id='word_1_661' title='bbox 1525 5435 1662 5492; x_wconf 89' lang='lat' dir='ltr'>huic</span> <span class='ocrx_word' id='word_1_662' title='bbox 1692 5442 1813 5493; x_wconf 89' lang='lat' dir='ltr'>tam</span> 
     </span>
    </p>
   </div>
   <div class='ocr_carea' id='block_1_104' title="bbox 165 5520 1814 5597">
    <p class='ocr_par' dir='ltr' id='par_1_104' title="bbox 165 5520 1814 5597">
     <span class='ocr_line' id='line_1_105' title="bbox 165 5520 1814 5597; baseline 0.005 -23"><span class='ocrx_word' id='word_1_663' title='bbox 165 5520 229 5576; x_wconf 87' lang='lat' dir='ltr'>in</span> <span class='ocrx_word' id='word_1_664' title='bbox 253 5521 595 5579; x_wconf 79' lang='lat' dir='ltr'>divinorum</span> <span class='ocrx_word' id='word_1_665' title='bbox 614 5540 791 5596; x_wconf 86' lang='lat' dir='ltr'>quam</span> <span class='ocrx_word' id='word_1_666' title='bbox 816 5524 872 5579; x_wconf 90' lang='lat' dir='ltr'>in</span> <span class='ocrx_word' id='word_1_667' title='bbox 900 5525 1271 5581; x_wconf 65' lang='lat' dir='ltr'>saecularium</span> <span class='ocrx_word' id='word_1_668' title='bbox 1292 5525 1658 5597; x_wconf 89' lang='lat' dir='ltr'>negotiorum</span> <span class='ocrx_word' id='word_1_669' title='bbox 1682 5543 1814 5582; x_wconf 90' lang='lat' dir='ltr'>con-</span> 
     </span>
    </p>
   </div>
   <div class='ocr_carea' id='block_1_105' title="bbox 230 5629 1742 5772">
    <p class='ocr_par' dir='ltr' id='par_1_105' title="bbox 230 5629 1742 5772">
     <span class='ocr_line' id='line_1_106' title="bbox 232 5629 1742 5772; baseline 0.003 -88"><span class='ocrx_word' id='word_1_670' title='bbox 232 5629 353 5772; x_wconf 54' lang='lat' dir='ltr'>(gg)</span> <span class='ocrx_word' id='word_1_671' title='bbox 385 5629 524 5685; x_wconf 80' lang='lat' dir='ltr'>Erat</span> <span class='ocrx_word' id='word_1_672' title='bbox 552 5634 691 5711; x_wconf 81' lang='lat' dir='ltr'>tunc</span> <span class='ocrx_word' id='word_1_673' title='bbox 718 5630 1170 5688; x_wconf 89' lang='lat' dir='ltr'>Silvanectensis</span> <span class='ocrx_word' id='word_1_674' title='bbox 1200 5631 1512 5704; x_wconf 88' lang='lat' dir='ltr'>episcopus</span> <span class='ocrx_word' id='word_1_675' title='bbox 1554 5632 1742 5689; x_wconf 90' lang='lat' dir='ltr'>Ursio.</span> 
     </span>
     <span class='ocr_line' id='line_1_107' title="bbox 230 5699 1742 5772; baseline 0.004 -16"><span class='ocrx_word' id='word_1_676' title='bbox 230 5700 247 5770; x_wconf 94' lang='lat'><strong>(</strong></span> <span class='ocrx_word' id='word_1_677' title='bbox 376 5699 750 5771; x_wconf 78' lang='lat' dir='ltr'>Lanceltnus,</span> <span class='ocrx_word' id='word_1_678' title='bbox 783 5702 1014 5767; x_wconf 87' lang='lat' dir='ltr'>Domini</span> <span class='ocrx_word' id='word_1_679' title='bbox 1047 5704 1279 5761; x_wconf 81' lang='lat' dir='ltr'>Martini</span> <span class='ocrx_word' id='word_1_680' title='bbox 1311 5703 1700 5772; x_wconf 84' lang='lat' dir='ltr'>(Dammartin)</span> <span class='ocrx_word' id='word_1_681' title='bbox 1730 5723 1742 5762; x_wconf 87' lang='grc'><strong><em>‹</em></strong></span> 
     </span>
    </p>
   </div>
   <div class='ocr_carea' id='block_1_106' title="bbox 1922 4725 3569 4802">
    <p class='ocr_par' dir='ltr' id='par_1_106' title="bbox 1922 4725 3569 4802">
     <span class='ocr_line' id='line_1_108' title="bbox 1922 4725 3569 4802; baseline -0.002 -17"><span class='ocrx_word' id='word_1_682' title='bbox 1922 4729 2077 4802; x_wconf 90' lang='lat' dir='ltr'>apud</span> <span class='ocrx_word' id='word_1_683' title='bbox 2110 4731 2165 4783; x_wconf 91' lang='lat' dir='ltr'>te</span> <span class='ocrx_word' id='word_1_684' title='bbox 2196 4725 2469 4782; x_wconf 87' lang='lat' dir='ltr'>facinoris</span> <span class='ocrx_word' id='word_1_685' title='bbox 2502 4725 2591 4780; x_wconf 92' lang='lat' dir='ltr'>sui</span> <span class='ocrx_word' id='word_1_686' title='bbox 2628 4729 2890 4780; x_wconf 86' lang='lat' dir='ltr'>tutamen</span> <span class='ocrx_word' id='word_1_687' title='bbox 2922 4731 3060 4781; x_wconf 90' lang='lat' dir='ltr'>sunt</span> <span class='ocrx_word' id='word_1_688' title='bbox 3090 4726 3569 4799; x_wconf 87' lang='lat' dir='ltr'>adepti.Euntem</span> 
     </span>
    </p>
   </div>
   <div class='ocr_carea' id='block_1_107' title="bbox 1923 4813 3571 4887">
    <p class='ocr_par' dir='ltr' id='par_1_107' title="bbox 1923 4813 3571 4887">
     <span class='ocr_line' id='line_1_109' title="bbox 1923 4813 3571 4887; baseline -0.001 -15"><span class='ocrx_word' id='word_1_689' title='bbox 1923 4818 2095 4873; x_wconf 89' lang='lat' dir='ltr'>etiam</span> <span class='ocrx_word' id='word_1_690' title='bbox 2121 4816 2191 4871; x_wconf 90' lang='lat' dir='ltr'>ad</span> <span class='ocrx_word' id='word_1_691' title='bbox 2217 4814 2527 4887; x_wconf 88' lang='lat' dir='ltr'>conjugem</span> <span class='ocrx_word' id='word_1_692' title='bbox 2558 4813 2959 4870; x_wconf 87' lang='lat' dir='ltr'>deducendam</span> <span class='ocrx_word' id='word_1_693' title='bbox 2994 4816 3171 4870; x_wconf 81' lang='lat' dir='ltr'>frater</span> <span class='ocrx_word' id='word_1_694' title='bbox 3200 4817 3310 4886; x_wconf 85' lang='lat'>(23)</span> <span class='ocrx_word' id='word_1_695' title='bbox 3341 4820 3481 4871; x_wconf 91' lang='lat' dir='ltr'>tuus</span> <span class='ocrx_word' id='word_1_696' title='bbox 3512 4820 3571 4871; x_wconf 91' lang='lat' dir='ltr'>et</span> 
     </span>
    </p>
   </div>
   <div class='ocr_carea' id='block_1_108' title="bbox 1923 4901 3567 4975">
    <p class='ocr_par' dir='ltr' id='par_1_108' title="bbox 1923 4901 3567 4975">
     <span class='ocr_line' id='line_1_110' title="bbox 1923 4901 3567 4975; baseline -0.001 -15"><span class='ocrx_word' id='word_1_697' title='bbox 1923 4905 2136 4960; x_wconf 87' lang='lat' dir='ltr'>milites</span> <span class='ocrx_word' id='word_1_698' title='bbox 2168 4902 2398 4958; x_wconf 89' lang='lat' dir='ltr'>insidiis</span> <span class='ocrx_word' id='word_1_699' title='bbox 2447 4901 2866 4958; x_wconf 89' lang='lat' dir='ltr'>circumvenire</span> <span class='ocrx_word' id='word_1_700' title='bbox 2914 4902 3103 4958; x_wconf 91' lang='lat' dir='ltr'>moliti</span> <span class='ocrx_word' id='word_1_701' title='bbox 3136 4907 3297 4969; x_wconf 92' lang='lat' dir='ltr'>sunt;</span> <span class='ocrx_word' id='word_1_702' title='bbox 3333 4904 3435 4959; x_wconf 88' lang='lat' dir='ltr'>sed</span> <span class='ocrx_word' id='word_1_703' title='bbox 3466 4920 3567 4975; x_wconf 90' lang='lat' dir='ltr'>spe</span> 
     </span>
    </p>
   </div>
   <div class='ocr_carea' id='block_1_109' title="bbox 1924 4989 3568 5065">
    <p class='ocr_par' dir='ltr' id='par_1_109' title="bbox 1924 4989 3568 5065">
     <span class='ocr_line' id='line_1_111' title="bbox 1924 4989 3568 5065; baseline -0.002 -16"><span class='ocrx_word' id='word_1_704' title='bbox 1924 4995 2221 5063; x_wconf 87' lang='lat' dir='ltr'>frustrata,</span> <span class='ocrx_word' id='word_1_705' title='bbox 2254 4991 2395 5064; x_wconf 91' lang='lat' dir='ltr'>quia</span> <span class='ocrx_word' id='word_1_706' title='bbox 2424 4989 2538 5045; x_wconf 88' lang='lat' dir='ltr'>alia</span> <span class='ocrx_word' id='word_1_707' title='bbox 2568 4990 2679 5047; x_wconf 91' lang='lat' dir='ltr'>iste</span> <span class='ocrx_word' id='word_1_708' title='bbox 2716 4992 2809 5046; x_wconf 91' lang='lat' dir='ltr'>via</span> <span class='ocrx_word' id='word_1_709' title='bbox 2857 5008 3159 5065; x_wconf 87' lang='lat' dir='ltr'>regressus</span> <span class='ocrx_word' id='word_1_710' title='bbox 3187 4995 3293 5057; x_wconf 90' lang='lat' dir='ltr'>est,</span> <span class='ocrx_word' id='word_1_711' title='bbox 3324 4994 3380 5045; x_wconf 84' lang='lat' dir='ltr'>te</span> <span class='ocrx_word' id='word_1_712' title='bbox 3409 4995 3568 5046; x_wconf 89' lang='lat' dir='ltr'>tuto-</span> 
     </span>
    </p>
   </div>
   <div class='ocr_carea' id='block_1_110' title="bbox 1923 5079 3568 5154">
    <p class='ocr_par' dir='ltr' id='par_1_110' title="bbox 1923 5079 3568 5154">
     <span class='ocr_line' id='line_1_112' title="bbox 1923 5079 3568 5154; baseline -0.001 -15"><span class='ocrx_word' id='word_1_713' title='bbox 1923 5100 2067 5150; x_wconf 90' lang='lat' dir='ltr'>rem,</span> <span class='ocrx_word' id='word_1_714' title='bbox 2092 5087 2147 5137; x_wconf 89' lang='lat' dir='ltr'>te</span> <span class='ocrx_word' id='word_1_715' title='bbox 2176 5086 2490 5154; x_wconf 90' lang='lat' dir='ltr'>patronum</span> <span class='ocrx_word' id='word_1_716' title='bbox 2523 5084 2699 5137; x_wconf 68' lang='lat' dir='ltr'>tanta:</span> <span class='ocrx_word' id='word_1_717' title='bbox 2727 5081 2999 5152; x_wconf 67' lang='lat' dir='ltr'>nequitia:</span> <span class='ocrx_word' id='word_1_718' title='bbox 3020 5080 3371 5135; x_wconf 88' lang='lat' dir='ltr'>habuerunt.</span> <span class='ocrx_word' id='word_1_719' title='bbox 3397 5079 3568 5137; x_wconf 84' lang='lat' dir='ltr'>Sexto</span> 
     </span>
    </p>
   </div>
   <div class='ocr_carea' id='block_1_111' title="bbox 1923 5167 3569 5244">
    <p class='ocr_par' dir='ltr' id='par_1_111' title="bbox 1923 5167 3569 5244">
     <span class='ocr_line' id='line_1_113' title="bbox 1923 5167 3569 5244; baseline -0.002 -17"><span class='ocrx_word' id='word_1_720' title='bbox 1923 5176 2198 5244; x_wconf 78' lang='lat' dir='ltr'>praeterea</span> <span class='ocrx_word' id='word_1_721' title='bbox 2229 5177 2363 5226; x_wconf 90' lang='lat' dir='ltr'>ante</span> <span class='ocrx_word' id='word_1_722' title='bbox 2388 5169 2750 5225; x_wconf 88' lang='lat' dir='ltr'>nativitatem</span> <span class='ocrx_word' id='word_1_723' title='bbox 2796 5169 3161 5225; x_wconf 86' lang='lat' dir='ltr'>Dominicam</span> <span class='ocrx_word' id='word_1_724' title='bbox 3207 5167 3320 5235; x_wconf 90' lang='lat' dir='ltr'>die,</span> <span class='ocrx_word' id='word_1_725' title='bbox 3354 5168 3569 5225; x_wconf 90' lang='lat' dir='ltr'>domus</span> 
     </span>
    </p>
   </div>
   <div class='ocr_carea' id='block_1_112' title="bbox 1922 5256 3571 5332">
    <p class='ocr_par' dir='ltr' id='par_1_112' title="bbox 1922 5256 3571 5332">
     <span class='ocr_line' id='line_1_114' title="bbox 1922 5256 3571 5332; baseline -0.002 -16"><span class='ocrx_word' id='word_1_726' title='bbox 1922 5263 2052 5332; x_wconf 89' lang='lat' dir='ltr'>ejus</span> <span class='ocrx_word' id='word_1_727' title='bbox 2076 5262 2226 5315; x_wconf 78' lang='lat' dir='ltr'>fores</span> <span class='ocrx_word' id='word_1_728' title='bbox 2258 5258 2509 5314; x_wconf 87' lang='lat' dir='ltr'>obsideri</span> <span class='ocrx_word' id='word_1_729' title='bbox 2530 5259 2717 5313; x_wconf 74' lang='lat' dir='ltr'>fecisti</span> <span class='ocrx_word' id='word_1_730' title='bbox 2744 5277 2755 5326; x_wconf 92' lang='lat'>;</span> <span class='ocrx_word' id='word_1_731' title='bbox 2790 5262 2845 5314; x_wconf 90' lang='lat' dir='ltr'>et</span> <span class='ocrx_word' id='word_1_732' title='bbox 2866 5260 3004 5329; x_wconf 87' lang='lat' dir='ltr'>quia</span> <span class='ocrx_word' id='word_1_733' title='bbox 3041 5257 3119 5311; x_wconf 89' lang='lat' dir='ltr'>ibi</span> <span class='ocrx_word' id='word_1_734' title='bbox 3158 5261 3296 5311; x_wconf 89' lang='lat' dir='ltr'>tunc</span> <span class='ocrx_word' id='word_1_735' title='bbox 3327 5258 3455 5331; x_wconf 90' lang='lat' dir='ltr'>capi</span> <span class='ocrx_word' id='word_1_736' title='bbox 3486 5256 3571 5314; x_wconf 88' lang='lat' dir='ltr'>in-</span> 
     </span>
    </p>
   </div>
   <div class='ocr_carea' id='block_1_113' title="bbox 1923 5346 3569 5421">
    <p class='ocr_par' dir='ltr' id='par_1_113' title="bbox 1923 5346 3569 5421">
     <span class='ocr_line' id='line_1_115' title="bbox 1923 5346 3569 5421; baseline -0.001 -17"><span class='ocrx_word' id='word_1_737' title='bbox 1923 5349 2224 5420; x_wconf 81' lang='lat' dir='ltr'>terﬁcique</span> <span class='ocrx_word' id='word_1_738' title='bbox 2254 5365 2370 5403; x_wconf 90' lang='lat' dir='ltr'>non</span> <span class='ocrx_word' id='word_1_739' title='bbox 2402 5346 2780 5421; x_wconf 87' lang='lat' dir='ltr'>potuit,urbis</span> <span class='ocrx_word' id='word_1_740' title='bbox 2810 5348 2985 5403; x_wconf 90' lang='lat' dir='ltr'>etiam</span> <span class='ocrx_word' id='word_1_741' title='bbox 3016 5349 3235 5418; x_wconf 90' lang='lat' dir='ltr'>portas,</span> <span class='ocrx_word' id='word_1_742' title='bbox 3268 5362 3341 5402; x_wconf 90' lang='lat' dir='ltr'>ne</span> <span class='ocrx_word' id='word_1_743' title='bbox 3371 5348 3569 5421; x_wconf 86' lang='lat' dir='ltr'>egredi</span> 
     </span>
    </p>
   </div>
   <div class='ocr_carea' id='block_1_114' title="bbox 1924 5435 3567 5510">
    <p class='ocr_par' dir='ltr' id='par_1_114' title="bbox 1924 5435 3567 5510">
     <span class='ocr_line' id='line_1_116' title="bbox 1924 5435 3567 5510; baseline -0.001 -17"><span class='ocrx_word' id='word_1_744' title='bbox 1924 5442 2140 5510; x_wconf 89' lang='lat' dir='ltr'>posset,</span> <span class='ocrx_word' id='word_1_745' title='bbox 2174 5436 2469 5494; x_wconf 83' lang='lat' dir='ltr'>observari</span> <span class='ocrx_word' id='word_1_746' title='bbox 2501 5453 2689 5509; x_wconf 90' lang='lat' dir='ltr'>usque</span> <span class='ocrx_word' id='word_1_747' title='bbox 2726 5435 2787 5491; x_wconf 90' lang='lat' dir='ltr'>in</span> <span class='ocrx_word' id='word_1_748' title='bbox 2835 5436 2949 5491; x_wconf 90' lang='lat' dir='ltr'>diei</span> <span class='ocrx_word' id='word_1_749' title='bbox 2992 5435 3232 5493; x_wconf 88' lang='lat' dir='ltr'>alterius</span> <span class='ocrx_word' id='word_1_750' title='bbox 3263 5435 3567 5493; x_wconf 87' lang='lat' dir='ltr'>meridiem</span> 
     </span>
    </p>
   </div>
   <div class='ocr_carea' id='block_1_115' title="bbox 1922 5522 3569 5600">
    <p class='ocr_par' dir='ltr' id='par_1_115' title="bbox 1922 5522 3569 5600">
     <span class='ocr_line' id='line_1_117' title="bbox 1922 5522 3569 5600; baseline 0.001 -19"><span class='ocrx_word' id='word_1_751' title='bbox 1922 5526 2270 5600; x_wconf 77' lang='lat' dir='ltr'>praecepisti,</span> <span class='ocrx_word' id='word_1_752' title='bbox 2313 5530 2615 5599; x_wconf 89' lang='lat' dir='ltr'>portarum</span> <span class='ocrx_word' id='word_1_753' title='bbox 2666 5522 2873 5592; x_wconf 90' lang='lat' dir='ltr'>claves,</span> <span class='ocrx_word' id='word_1_754' title='bbox 2907 5541 3055 5597; x_wconf 89' lang='lat' dir='ltr'>quas</span> <span class='ocrx_word' id='word_1_755' title='bbox 3114 5524 3236 5600; x_wconf 89' lang='lat' dir='ltr'>ipse</span> <span class='ocrx_word' id='word_1_756' title='bbox 3291 5542 3361 5582; x_wconf 83' lang='lat' dir='ltr'>ex</span> <span class='ocrx_word' id='word_1_757' title='bbox 3407 5541 3569 5583; x_wconf 89' lang='lat' dir='ltr'>more</span> 
     </span>
    </p>
   </div>
   <div class='ocr_carea' id='block_1_116' title="bbox 376 5699 1945 5779">
    <p class='ocr_par' dir='ltr' id='par_1_116' title="bbox 376 5699 1945 5779">
     <span class='ocr_line' id='line_1_118' title="bbox 376 5699 1945 5779; baseline 0.007 -23"><span class='ocrx_word' id='word_1_758' title='bbox 376 5699 750 5771; x_wconf 88' lang='lat' dir='ltr'>Lancelinus,</span> <span class='ocrx_word' id='word_1_759' title='bbox 783 5702 1014 5767; x_wconf 86' lang='lat' dir='ltr'>Domini</span> <span class='ocrx_word' id='word_1_760' title='bbox 1047 5699 1279 5761; x_wconf 78' lang='lat' dir='ltr'>Martini</span> <span class='ocrx_word' id='word_1_761' title='bbox 1311 5699 1700 5779; x_wconf 79' lang='lat' dir='ltr'>(demartin)</span> <span class='ocrx_word' id='word_1_762' title='bbox 1730 5722 1945 5767; x_wconf 86' lang='lat' dir='ltr'>comes.</span> 
     </span>
    </p>
   </div>
  </div>
