4004 6162
387 352 506 418 379

1707 353 1781 419 Β.
1827 351 2124 420 URBANI
2164 353 2218 420 Il
2261 355 2518 421 PAPE.

3667 352 3797 418 380

387 493 674 564 tenuerat,
708 487 980 552 ademisti
1009 509 1022 563 ;
1054 491 1460 553 Ancelbertum
1491 489 1618 564 ejus
1648 487 2030 560 famulum,et
2057 490 2114 558 Α
2141 492 2191 566 ej
2203 492 2408 551 usdem
2437 489 2799 566 militis,quae
2820 488 2881 549 in
2913 486 3341 566 querimoniam
3361 489 3640 548 venerant
3660 489 3795 547 uni-

389 583 697 642 Isabellam
718 584 920 640 famuli
939 583 1466 656 conjugem,ipsius
1488 580 1856 652 ancillam,ac
1880 579 2028 637 Heli-

389 675 650 732 nandum
672 673 925 730 Isabellaa
949 674 1206 738 fratrem,
1227 672 1326 744 qui
1359 688 1493 727 eum
1523 671 1629 726 tibi
1661 671 1903 744 prodere
1933 687 2028 726 co-

388 764 511 820 nati
543 769 839 829 sunt,cum
856 761 1180 817 haaredibus
1203 761 1328 817 suis
1342 761 1706 817 violenterab
1731 777 1796 816 eo
1816 760 2027 815 liberos

387 859 443 908 et
486 853 779 907 immunes
827 851 948 906 ﬁeri
988 849 1361 922 compulisti;
1397 850 1762 924 capellanum
1815 849 2023 922 ipsius,

386 941 486 1015 qui
520 939 905 1012 proditionem
933 940 1062 1010 ejus
1103 940 1417 996 meditatus
1453 940 1660 1007 fuerat,
1693 939 1811 995 tuis
1842 939 2028 995 subsi-

384 1029 496 1086 diis
518 1029 693 1098 foves,
727 1033 827 1083 tuo
857 1028 1186 1085 munimine
1217 1030 1385 1100 quasi
1422 1029 1713 1085 insontem
1748 1027 2023 1100 protegis.

381 1119 546 1174 Nunc
576 1116 755 1190 igitur
784 1116 1158 1189 praesentium
1181 1117 1284 1172 tibi
1319 1116 1645 1173 litterarum
1677 1117 2025 1172 auctoritate

380 1206 774 1280 praecipimus,
803 1209 886 1274 ut,
917 1205 1057 1261 visis
1089 1205 1180 1260 his
1219 1204 1452 1269 litteris,
1488 1206 1640 1260 infra
1687 1205 2023 1277 quindecim

379 1296 506 1351 dies
537 1311 675 1350 suos
711 1296 761 1350 ei
795 1310 992 1349 servos
1025 1294 1080 1348 in
1133 1293 1428 1366 propriam
1462 1295 1736 1350 restituas
1771 1298 2022 1365 potesta-

378 1389 517 1441 tem.
553 1383 790 1440 Nullum
822 1384 979 1438 enim
1013 1383 1208 1439 invitis
1239 1383 1496 1439 dominis
1532 1383 1783 1438 liberum
1815 1383 1936 1437 ﬁeri
1970 1387 2026 1437 et

380 1472 673 1546 regalibus
695 1476 752 1528 et
773 1471 1066 1528 canonicis
1089 1473 1388 1544 provisum
1413 1476 1500 1528 est
1521 1472 1826 1527 institutis.
1860 1472 2022 1535 Quod

379 1562 426 1618 si
459 1579 563 1635 pro
595 1562 815 1618 eisdem
839 1561 1024 1617 servis
1053 1562 1235 1617 abbas
1282 1562 1342 1617 S.
1374 1562 1526 1617 Petri
1560 1563 1630 1618 de
1660 1561 1923 1633 Dimegio
1953 1564 2020 1631 (Γ.

376 1652 662 1723 Jumidge),
687 1651 781 1706 cui
811 1667 910 1706 eos
941 1650 1197 1722 captiose
1230 1650 1851 1717 subdidisti,adversus
1868 1650 2023 1706 hunc

376 1756 547 1813 agere
565 1737 1034 1805 voluerit,coram
1051 1739 1322 1795 Remensi
1355 1738 1789 1812 archiepiscopo
1821 1744 2018 1811 agant,

2139 600 2304 640 versa
2326 582 2580 640 restituit
2599 599 2611 639 :
2631 583 2785 655 quod
2802 584 2998 655 ipsum
3021 582 3273 639 domnus
3295 579 3655 655 apostolicus
3677 596 3795 636 sua

2137 674 2483 729 auctoritate
2533 672 2804 738 firmavit,
2838 671 3201 729 constituens
3249 676 3335 738 ut,
3371 671 3420 726 si
3474 669 3609 742 quis
3655 684 3792 724 eam

2133 759 2460 818 inturbaret
2490 761 2910 828 definitionem,
2928 766 2984 817 et
3000 759 3216 817 Odonis
3237 758 3550 816 Castellani
3572 774 3665 814 res
3684 775 3795 830 per

2135 851 2252 906 vim
2287 852 2590 918 obtineret,
2614 851 2810 922 etipse
2855 854 2911 906 et
2934 850 3120 923 ipsius
3158 850 3418 906 fautores
3449 864 3789 903 excommu-

2135 939 2308 996 nicati
2334 941 2678 1007 habeantur,
2713 944 2769 994 et
2798 940 2940 995 dum
2971 939 3031 994 in
3063 939 3207 994 urbe
3236 937 3324 992 vel
3347 936 3406 991 in
3439 940 3628 992 castro
3658 937 3790 991 fue-

2136 1029 2269 1094 rint,
2286 1030 2546 1084 divinum
2571 1028 2692 1084 illic
2719 1045 2834 1084 non
2857 1027 3179 1084 celebretur
3199 1024 3679 1091 officium,donec
3709 1025 3788 1080 ad

2135 1118 2592 1174 satisfactionem
2627 1118 2880 1174 redeant.
2914 1118 2983 1172 Et
3014 1134 3118 1172 nos
3167 1131 3397 1188 quoque
3431 1116 3540 1171 sub
3576 1115 3785 1170 eadem

2131 1206 2735 1263 excommunicatione
2777 1206 3044 1262 eamdem
3071 1203 3470 1261 castellaniam
3504 1202 3785 1274 praedicto

2134 1296 2305 1352 militi
2346 1301 2404 1352 et
2451 1297 2579 1368 ejus
2626 1295 2953 1350 haeredibus
2998 1296 3439 1361 conﬁrmamus,
3475 1292 3587 1348 nisi
3638 1292 3789 1348 forte

2131 1385 2270 1457 quid
2303 1384 2662 1441 commiserit
2693 1387 2925 1456 propter
2973 1385 3127 1455 quod
3161 1380 3562 1439 castellaniam
3599 1382 3785 1436 amit-

2133 1479 2253 1530 tere
2292 1474 2348 1529 in
2385 1474 2689 1530 Remensis
2737 1473 2992 1545 episcopi
3046 1473 3130 1528 vel
3199 1470 3444 1527 Romani
3486 1470 3787 1544 pontificis

2132 1561 2442 1636 praesentia
2462 1561 2784 1633 judicetur.

2203 1652 2415 1707 Datum
2443 1652 2658 1718 Romae,
2689 1654 2798 1706 etc.

2895 1754 3004 1810 CV.

376 1833 442 1885 ut
471 1845 603 1884 cum
638 1833 771 1883 ante
790 1827 882 1882 hic
905 1828 1123 1884 omissa
1144 1829 1514 1900 possessione
1537 1833 1770 1884 maneat
1793 1828 2022 1884 investi-

2138 1848 2153 1871 '
2187 1848 2434 1905 Urbanus
2465 1849 2518 1902 II
2538 1846 2862 1928 monasterii
2885 1844 3294 1929 Vindpcine‘nsis
3326 1843 3463 1914 jura
3501 1846 3549 1899 et
3569 1857 3780 1914 posse:-

375 1922 508 1986 tus;
541 1918 740 1972 vinum
763 1922 820 1971 et
853 1918 1006 1989 quod
1039 1919 1167 1988 ejus
1197 1918 1370 1972 domo
1401 1917 1783 1989 diripuisti,et
1813 1922 2025 1974 caetera

377 2024 504 2080 quze
526 2006 744 2078 injuste
766 2006 875 2060 sibi
901 2005 1094 2061 ablata
1117 2006 1463 2078 probaverit,
1483 2006 1569 2062 vel
1602 2007 1842 2078 ipsa,vel
1867 2007 2020 2078 quod

375 2095 746 2152 tantumdem
764 2094 968 2162 valeat,
995 2093 1148 2150 infra
1166 2095 1378 2166 prescri
1389 2099 1556 2166 ptum
1587 2097 1907 2151 terminum
1941 2113 2026 2152 re-

376 2183 673 2241 stituenda
687 2188 1080 2252 censemus,et
1103 2183 1364 2240 Ecclesiae
1381 2185 1597 2240 ostium
1615 2186 1888 2241 reserand
1901 2203 2021 2250 um,

375 2275 529 2346 quod
554 2275 681 2345 ejus
703 2272 834 2328 odio
857 2273 1002 2329 seris
1023 2277 1079 2328 et
1101 2273 1394 2346 lapidibus
1425 2275 1788 2330 obstruxisti.
1821 2273 2020 2345 Capel-

373 2361 491 2418 lani
512 2379 645 2418 vero
675 2361 993 2434 supradicti
1017 2379 1196 2417 causa
1223 2379 1418 2417 coram
1443 2362 1880 2436 archiepiscopo
1913 2363 2018 2418 Re-

376 2451 564 2508 mensi
611 2450 1282 2530 convenientitempore
1332 2456 1752 2524 pertractetur:
1787 2453 1858 2508 de
1906 2469 2021 2525 quo

374 2540 607 2597 interim
639 2544 694 2595 te
745 2540 1064 2597 sollicitum
1119 2557 1247 2596 esse
1306 2541 1593 2608 convenit,
1626 2559 1696 2596 ne
1727 2541 2019 2612 judicium

375 2629 812 2702 subterfugiens
844 2629 958 2685 alio
1011 2631 1260 2694 secedat,
1294 2634 1351 2685 et
1381 2630 1596 2702 quibus
1642 2630 1790 2686 liber
1819 2634 1906 2685 est
1938 2629 2022 2685 eis

373 2717 651 2774 inimicus
681 2717 1140 2774 adhaereat.Post
1161 2735 1355 2774 rerum
1376 2722 1570 2774 autem
1594 2735 1836 2774 suarum
1860 2718 2022 2774 resti-

375 2807 682 2874 tutionem,
705 2807 858 2861 infra
878 2806 1003 2862 dies
1027 2807 1361 2879 quindecim
1384 2823 1489 2862 con
1501 2807 1659 2863 fratri
1683 2811 1880 2862 nostro
1914 2807 2020 2862 Re-

381 2895 570 2951 mensi
604 2894 1103 2968 archiepiscopote
1118 2896 1355 2951 omnino
1370 2901 1722 2968 praesentare
1739 2899 2023 2962 curato,et

378 2984 450 3040 de
480 2983 826 3039 clericorum
859 2982 1110 3055 querelis
1141 2988 1196 3039 et
1225 2984 1405 3056 hujus
1436 2984 1669 3056 injuriis
1695 2985 1864 3056 juxta
1893 2987 2022 3057 ejus

369 3072 663 3145 judicium
696 3073 1246 3141 satisfacturus,nisi
1279 3074 1422 3130 forte
1443 3090 1576 3129 eum
1599 3078 1763 3129 tanta
1782 3073 2024 3130 inﬁrmi-

377 3149 467 3217 tas
495 3161 863 3234 impediverit
880 3167 944 3216 ut
964 3161 1305 3234 hujusmodi
1325 3162 1887 3236 uegotiumdifﬁnire
1906 3180 2020 3218 non

2693 1919 2870 1972 siones
2900 1933 2994 1972 con
3001 1917 3208 1987 ﬁrmat.

2751 2007 2936 2077 (Anno
2972 2005 3155 2077 1094.)

2229 2097 2518 2168 [Romam
2547 2095 2603 2150 in
2642 2098 2769 2150 Vita
2803 2096 3122 2168 Urbana:
3154 2093 3305 2168 Mss.
3339 2095 3396 2148 et
3426 2093 3691 2150 RUINART

2602 2168 2764 2223 Ouvr.
2793 2167 2996 2238 posth.,
3027 2165 3123 2237 III,
3159 2166 3304 2236 151.]

2892 2271 3028 2327 CVI.

2133 2366 2338 2425 Urbani
2367 2365 2417 2419 II
2443 2362 2667 2434 epistola
2709 2361 2778 2415 ad
2826 2361 3170 2434 Lambertum
3220 2361 3625 2434 Atrebatensem
3666 2359 3783 2430 epi-

2213 2430 2596 2508 scopum-sive
2621 2434 2975 2504 privilegium
3003 2432 3370 2487 Atrebatensis
3398 2430 3690 2486 Ecclesiae.

2744 2521 2930 2591 (Anno
2967 2520 3148 2592 109.5.)

2537 2612 2768 2683 [MANSI,
2804 2610 3028 2678 Concil.,
3063 2609 3176 2677 XX,
3211 2609 3364 2680 668.]

2201 2722 2477 2777 URBANUS
2507 2717 2836 2790 episcopus,
2870 2733 3070 2772 servus
3102 2732 3401 2771 servorum
3434 2713 3779 2784 Dei,dilecto

2129 2809 2190 2864 in
2221 2808 2448 2864 Christo
2504 2807 2665 2861 fratri
2719 2805 3045 2873 LAMBERTO,
3092 2804 3455 2860 Atrebatensi
3503 2803 3779 2876 episcopo

2130 2898 2346 2954 nostris
2379 2895 2653 2951 manibus
2685 2899 3042 2960 consecrato,
3062 2894 3308 2964 ejusque
3338 2891 3780 2950 successoribus

2131 2985 2408 3043 canonice
2429 2983 2856 3040 substituendis
2888 2982 2945 3036 in
2978 2985 3348 3054 perpetuum.

2204 3074 2411 3146 Liquet
2453 3076 2790 3128 sanctorum
2833 3088 3126 3126 canonum
3171 3069 3458 3127 institutis
3489 3071 3776 3143 integram

2130 3180 2259 3220 esse
2290 3161 2671 3235 provinciam,
2699 3165 2756 3215 et
2792 3158 3309 3232 metropolitanum
3342 3158 3645 3231 proprium
3675 3159 3776 3214 de-

376 3231 776 3324 possithuod
810 3250 859 3305 si
885 3231 1527 3324 fortevcontigeritxnos
1565 3256 1620 3307 te
1659 3251 1811 3307 infra
1840 3252 2020 3308 trium
2053 3231 2096 3298 Ο
2133 3252 2268 3307 bere
2291 3231 2516 3319 sortiri,
2550 3266 2675 3320 quae
2707 3231 3016 3303 duodecim
3061 3251 3289 3302 constat
3316 3246 3772 3320 episcopatibus.

377 3338 673 3395 mensium
703 3339 959 3412 spatium
1004 3340 1073 3394 ad
1110 3344 1369 3396 nostram
1410 3340 1769 3396 audientiam
1807 3339 2017 3396 invita-

377 3428 822 3484 mus.Ca2terum
847 3427 893 3481 si
915 3431 1232 3499 utrumque
1257 3426 2020 3501 neglexeris,ethujusmodi

377 3516 615 3588 ﬂagitiis
634 3519 793 3570 tuam
813 3516 1114 3587 cognoscis
1133 3516 1548 3572 conscientiam
1563 3517 2018 3588 coinquinatam,

377 3623 412 3660 a
437 3603 781 3660 sacerdotali
803 3608 857 3658 te
880 3603 1145 3659 convenit
1179 3605 1367 3666 of‘icio
1404 3605 1717 3661 abstinere.
1750 3605 1923 3660 Porro
1955 3605 2023 3660 il-

375 3692 477 3748 lud
501 3695 556 3746 te
573 3691 803 3762 expedit
823 3689 1068 3746 sollicite
1088 3692 1428 3748 meminisse
1445 3694 1600 3764 quod
1624 3693 1681 3748 in
1700 3710 1911 3749 manus
1930 3711 2025 3749 no-

378 3785 554 3849 stras,
571 3795 704 3834 cum
731 3782 782 3834 te
804 3779 860 3833 in
885 3779 1236 3851 episcopalis
1259 3781 1436 3836 ofﬁcii
1454 3780 1877 3854 plenitudinem
1904 3800 2021 3839 res-

377 3867 1021 3940 tituimus,promisisti,
1039 3869 1195 3940 quod
1219 3867 1483 3924 videlicet
1504 3870 1855 3943 quandoque
1873 3870 2026 3928 tibia

379 3957 548 4014 nobis
572 3961 921 4030 praeceptum
948 3957 1138 4024 fuerit,
1161 3958 1233 4013 ab
1258 3958 1570 4030 episcopali
1595 3959 1676 4014 sis
1697 3959 1885 4016 ofﬁcio
1907 3978 2026 4016 ces-

379 4051 639 4102 saturus.
674 4046 759 4101 Ita
787 4062 922 4118 ergo
952 4046 1242 4118 praeterita
1287 4047 1531 4120 corrige,
1555 4050 1611 4102 et
1657 4047 1852 4104 futura
1883 4067 2023 4122 pra:-

379 4152 535 4202 cave,
569 4152 640 4190 ne
670 4136 823 4207 quod
859 4139 1064 4207 sponte
1096 4135 1391 4208 pollicitus
1422 4153 1505 4204 es,
1534 4135 1752 4194 invitus
1793 4156 2026 4211 quoque

380 4224 556 4296 (quod
588 4223 806 4290 absit!)
843 4222 1081 4294 implere
1107 4224 1354 4297 cogaris.

450 4311 662 4366 Datum
695 4327 749 4365 v1
775 4309 899 4365 Kal.
936 4311 1147 4366 Martii.

1209 4417 1275 4472 V.

1209 4417 1275 4472 V.

386 4506 590 4580 Urbani
621 4505 668 4560 II
693 4520 855 4577 papa:
877 4417 1204 4580 epistolang
1243 4507 1472 4580 olera-lii
1497 4507 1867 4580 populumque
1894 4509 2024 4564 Bel-

2128 3339 2458 3396 Secundam
2480 3337 2660 3410 igitur
2681 3335 2965 3409 Belgicam
2985 3339 3214 3392 constat
3243 3335 3632 3408 integritatem
3649 3351 3776 3407 pro-

2129 3428 2330 3485 vincies
2380 3426 2664 3491 obtinere,
2697 3440 2824 3496 quae
2882 3424 3189 3480 duodecim
3248 3425 3543 3496 quondam
3589 3424 3777 3479 scitur

2129 3517 2434 3590 episcopos
2462 3515 2759 3578 habuisse,
2794 3518 2850 3570 et
2899 3514 3246 3568 Remensem
3298 3511 3614 3568 Ecclesiam
3638 3513 3774 3583 jure

2131 3604 2640 3677 metropolitanam
2672 3601 3034 3674 haberique
3067 3606 3152 3657 tot
3183 3600 3364 3658 soleat
3387 3601 3778 3672 suﬂ‘raganeis

2130 3693 2407 3751 eminere.
2435 3693 2715 3748 Caeterum
2743 3691 2996 3762 peccatis
3031 3690 3394 3762 exigentibus
3422 3687 3775 3756 accolarum,

2133 3799 2267 3838 cum
2297 3780 2657 3836 irruentibus
2706 3780 2973 3836 barbaris
3023 3781 3197 3835 urbes
3247 3779 3513 3851 quaedam
3557 3777 3778 3834 detritae

2132 3876 2289 3939 sunt,
2305 3870 2690 3926 duodecimus
2710 3868 2807 3926 ille
2829 3887 3111 3925 numerus
3134 3869 3484 3925 imminutus
3497 3873 3604 3924 est.
3629 3867 3784 3923 Inter

2134 3977 2281 4033 quas
2302 3958 2699 4014 Atrebatensis
2721 3957 2934 4014 nobilis
2949 3958 3244 4030 quondam
3267 3963 3322 4013 et
3345 3955 3632 4029 populosa
3653 3955 3785 4011 civi-

2133 4054 2377 4121 tas,quae
2402 4065 2502 4120 per
2527 4052 2590 4102 B.
2620 4047 2950 4120 Remigium
2977 4045 3492 4118 episc.Vedastum
3511 4044 3784 4114 obtinuit,

2132 4142 2268 4210 post
2291 4135 2708 4192 nonnullorum
2728 4135 3059 4192 antistitum
3082 4135 3309 4191 obitum
3333 4133 3682 4206 episcopalis
3697 4149 3788 4189 ca-

2133 4226 2351 4283 thedrae
2377 4224 2629 4296 perdidit
2649 4223 3079 4296 dignitatem,et
3098 4240 3201 4295 per
3225 4221 3784 4294 nonnullatempora

2134 4312 2537 4370 Cameracensi
2551 4312 2819 4385 episcopo
2836 4312 3070 4368 subdita
3083 4311 3354 4368 obedivit.
3375 4312 3550 4366 Porro
3568 4311 3783 4366 nostris

2135 4401 2498 4475 temporibus
2522 4419 2587 4457 su
2599 4418 2788 4474 perna:
2814 4401 3207 4457 miserationis
3229 4414 3497 4472 respectu
3511 4399 3786 4472 praedicta

2135 4491 2341 4547 civitas
2363 4490 2419 4546 in
2453 4491 2743 4562 ejusmodi
2779 4494 2994 4546 statum
3020 4490 3260 4545 reducta
3295 4493 3402 4554 est,
3428 4492 3492 4543 ut
3508 4494 3563 4544 et
3585 4486 3784 4560 pOpuli

451 4578 802 4666 lavacensem.
837 4609 911 4666 ᾗ
953 4577 1343 4666 ραδιθιίαηίαγη
1397 4577 1569 4633 Odoni
1622 4577 1793 4634 militi
1835 4597 1869 4636 a
1914 4597 2028 4636 sese
2057 4600 2105 4666 Β
2137 4580 2464 4653 frequentia
2485 4585 2541 4636 et
2561 4579 2895 4635 divitiarum
2919 4578 3280 4635 abundantia
3310 4579 3784 4635 Cameracensem

455 4655 717 4704 assertum
746 4649 985 4703 nuntiat.

1006 4738 1194 4804 (Anno
1230 4736 1411 4807 1094.)

648 4826 960 4897 [Βουρυετ,
996 4826 1230 4894 Recueil,
1262 4828 1406 4882 tom.
1440 4825 1511 4896 II,
1543 4842 1602 4899 p.
1632 4828 1782 4899 707.]

459 4934 736 4991 Unsasus
767 4933 1307 5005 episcopus,servus
1337 4950 1637 4990 servorum
1667 4935 2032 5002 Dei,dilectis

390 5023 527 5078 filiis
548 5021 700 5078 clero
733 5025 789 5077 et
819 5020 1033 5094 populo
1065 5020 1680 5088 Belvacensi,salutem
1710 5029 1768 5080 et
1798 5029 2027 5098 aposto-

389 5111 563 5166 licam
594 5110 1077 5167 benedictionem.

461 5200 541 5254 Ex
571 5199 896 5270 apostolicae
945 5199 1237 5255 memoriae
1281 5200 1539 5274 Gregorii
1590 5203 2032 5273 praedecessoris

393 5287 576 5342 nostri
606 5287 813 5344 litteris
852 5290 1124 5344 novimus
1165 5289 1514 5344 discordiam
1556 5291 1869 5362 quamdam
1891 5289 2030 5346 etli-

393 5381 512 5431 tem
526 5375 595 5430 de
629 5376 968 5433 castellanis
996 5379 1146 5433 inter
1180 5377 1525 5443 Guidonem,
1556 5382 1758 5435 vestra:
1783 5378 2032 5435 civitatis

393 5462 814 5535 episcopum,et
826 5465 1084 5522 Odonem
1100 5463 1515 5521 castellanumf
1514 5465 1668 5523 uisse
1682 5472 2030 5539 promotam,

395 5569 522 5623 quae
556 5550 820 5608 videlicet
848 5552 922 5609 lis
972 5555 1028 5609 in
1080 5558 1390 5626 conspectu
1438 5556 1700 5625 ejusdem
1732 5554 2034 5628 apostolici

393 5646 799 5698 consummata
845 5644 950 5697 cst.
982 5642 1166 5697 Guido
1217 5643 1374 5699 enim
1419 5642 1728 5716 episcopus
1765 5643 1822 5699 in
1856 5660 2034 5700 manu

2139 4673 2375 4742 superet
2395 4668 2711 4725 civitatem.
2745 4667 2996 4740 Dignum
3035 4667 3214 4739 igitur
3237 4666 3478 4739 Spiritui
3501 4669 3702 4723 sancto
3733 4669 3789 4722 et

2141 4758 2472 4815 auctoritati
2517 4757 2845 4830 apostolica:
2869 4757 3059 4812 visum
3082 4761 3172 4811 est
3195 4760 3259 4811 ut
3286 4756 3652 4812 Atrebatensi
3682 4756 3786 4811 Ec-

2139 4847 2328 4903 clesiae
2382 4846 2698 4902 cardinalis
2745 4845 3150 4902 restitueretur
3199 4845 3464 4902 antistes.
3507 4845 3786 4900 Sanctum

2140 4935 2298 4992 enim
2329 4935 2671 4991 Sardicense
2693 4933 3004 4990 concilium
3050 4934 3257 4989 statuit
3279 4951 3394 4990 non
3418 4934 3640 5006 passim
3673 4933 3788 5006 epi-

2140 5040 2384 5096 scopum
2413 5021 2813 5090 ordinari,nisi
2844 5023 3025 5078 autin
3049 5021 3386 5078 civitatibus
3411 5038 3538 5095 qua
3569 5021 3786 5094 episco-

2140 5129 2246 5186 pos
2277 5112 2628 5179 babuerunt,
2661 5116 2762 5167 aut
2791 5127 2918 5183 quas
2949 5116 3069 5166 tam
3102 5111 3399 5184 populosae
3431 5115 3568 5167 sunt
3592 5114 3658 5167 ut
3684 5110 3786 5168 ha-

2140 5203 2274 5258 bere
2297 5204 2634 5256 mereantur
2663 5200 3095 5272 episcopum.ln
3121 5201 3374 5256 secundo
3393 5216 3628 5272 quoque
3650 5215 3783 5256 con-

2140 5290 2272 5345 cilio
2313 5289 2584 5344 Africano
2615 5288 2966 5357 decernitur,
3000 5293 3065 5344 ut
3107 5288 3208 5344 illa
3234 5289 3499 5345 diceeesis
3531 5304 3658 5359 quas
3681 5287 3784 5343 ali-

2145 5378 2378 5451 quando
2395 5377 2600 5434 habuit
2629 5379 2990 5450 episcopum,
3022 5378 3234 5434 habeat
3281 5376 3605 5451 proprium.
3639 5377 3706 5434 Et
3735 5378 3787 5434 si

2142 5466 2448 5523 accedente
2470 5471 2749 5538 tempore,
2770 5471 3063 5522 crescente
3087 5467 3198 5522 ﬁde
3227 5466 3329 5524 Dei
3353 5465 3607 5539 populus
3637 5465 3786 5522 mul-

2142 5555 2443 5627 tiplicatus
2474 5555 2890 5612 desideraverit
2911 5556 3127 5612 habere
3149 5555 3452 5628 proprium
3484 5561 3785 5623 rectorem,

2147 5645 2275 5716 ejus
2305 5643 2572 5702 videlicet
2601 5643 2896 5702 voluntate
2927 5645 2985 5702 in
3017 5646 3185 5716 cujus
3214 5648 3500 5719 potestate
3529 5648 3618 5700 est
3648 5645 3789 5701 dioe-
