4004 6162
256 384 375 453 381

1431 386 1837 453 ΕΡῙδΤΟῙΛΕ
1879 382 1979 451 ET
2017 372 2498 452 PRIVILEGIA.

260 523 410 582 cesis
441 525 778 594 constituta,
821 522 1035 582 habeat
1081 521 1383 599 proprium
1428 523 1789 598 episcopum.
1839 522 1903 579 B.
1934 523 1989 591 Α
2019 523 2143 579 ditu
2176 522 2571 581 collaudatum
2601 526 2659 582 et
2698 525 3105 584 confirmatum
3149 531 3237 585 est
3266 544 3322 584 tv
3369 516 3658 588 Kalendas

263 632 498 688 quoque
519 615 834 689 Gregorius
855 614 913 670 in
936 614 1204 671 Sardinia
1221 615 1374 687 apud
1399 613 1791 670 Phausianam
1809 630 1906 685 op-

260 704 467 777 pidum
489 705 813 760 secundum
830 704 1143 777 pristinum
1163 705 1404 759 modum
1427 702 1745 760 reordinari
1763 719 1905 775 pra:-

260 793 415 865 cepit
438 792 781 859 antistitem,
815 800 871 849 et
900 810 1006 850 nos
1036 809 1171 866 ergo
1199 793 1601 849 Atrebatensis
1639 791 1905 847 Ecclesiae

259 881 639 949 restitutioni,
664 882 1038 938 etRemensis
1054 881 1393 953 metropolis
1429 877 1907 953 redmtegralioni

261 987 366 1043 pro
388 971 573 1027 nostri
597 970 772 1026 officii
799 971 990 1026 debito
1029 970 1420 1038 imminentes,
1464 974 1518 1025 te
1560 970 1735 1024 frater
1771 968 1907 1023 cha-

262 1060 496 1117 rissime
521 1061 827 1117 Lamberte
858 1058 993 1115 cleri
1028 1058 1332 1131 plebisque
1352 1076 1639 1115 consensu
1663 1057 1909 1114 electum

263 1150 549 1219 unanimi,
584 1154 644 1205 Β.
684 1149 935 1205 Vedasto
985 1153 1043 1203 et
1074 1148 1293 1204 sanctis
1341 1147 1441 1221 qui
1484 1149 1543 1203 in
1593 1147 1734 1203 urbe
1784 1147 1911 1218 ipsa

263 1239 562 1312 quondam
610 1238 930 1310 praesedere
980 1236 1270 1310 pontificis
1325 1236 1738 1292 constituimus
1778 1251 1907 1291 suc—

263 1344 576 1385 cessorem.
608 1328 717 1383 Per
746 1326 1048 1400 praesentis
1076 1325 1272 1398 itaque
1320 1324 1605 1398 privilegii
1637 1325 1910 1398 paginam

264 1416 594 1491 legitimum
624 1419 973 1489 perpetuum
1026 1413 1363 1481 statuimus,
1398 1419 1462 1469 ut
1514 1413 1913 1470 Atrebatensis

262 1505 524 1562 Ecclesia
534 1505 807 1577 deinceps
820 1503 1174 1560 cardinalem
1198 1501 1778 1575 semperepiscopum
1797 1519 1916 1557 sor-

263 1594 468 1651 tiatur.
496 1593 791 1664 Quidquid
841 1596 1038 1648 autem
1070 1590 1355 1664 praedictae
1387 1590 1653 1647 Ecclesia:
1687 1591 1748 1645 B.
1805 1590 1912 1645 Re-

264 1682 483 1756 migius
502 1681 769 1743 contulit,
798 1680 1085 1753 quidquid
1108 1679 1366 1751 antiquis
1389 1680 1750 1751 temporibus
1773 1679 1914 1736 dum

264 1770 581 1846 episcopali
609 1770 894 1843 dignitate
924 1768 1166 1841 polleret
1195 1784 1322 1823 eam
1371 1769 1670 1840 possidere
1701 1768 1913 1823 consti-

266 1861 423 1929 terit,
445 1859 622 1916 salvis
643 1858 930 1932 legalibus
960 1856 1246 1955 institutis
1271 1860 1326 1912 et
1359 1857 1628 1911 Romam}:
1661 1855 1912 1912 ecclesiis
1943 1895 1991 1959 Β

265 1948 605 2024 privilegiis,
635 1953 829 2004 ratum
860 1946 967 2002 tibi
999 1963 1066 2001 ac
1097 1945 1215 2001 tuis
1245 1945 1683 2001 successoribus
1725 1946 1913 2001 sanci-

268 2055 404 2095 mus
434 2053 794 2111 permanere.
830 2036 891 2091 In
922 2035 1140 2107 quibus
1167 2033 1510 2090 nominatim
1557 2034 1915 2089 archidiaco-

268 2129 399 2184 nias
428 2128 598 2194 duas,
632 2141 884 2199 quarum
920 2141 1035 2179 una
1063 2123 1481 2187 Atrebatensis,
1501 2122 1683 2179 altera
1704 2123 1919 2178 dicitur

268 2216 768 2280 Obstrevadensis,
803 2214 1051 2287 praefata:
1091 2213 1359 2269 Ecclesiae
1391 2212 1828 2278 confirmamus,
1863 2217 1919 2267 et

266 2306 403 2362 illos
432 2305 673 2363 omnino
703 2304 918 2359 limites
942 2304 1092 2358 inter
1110 2303 1550 2358 Atrebatensem
1574 2306 1630 2357 et
1657 2302 1918 2357 Camera-

267 2411 502 2451 censem
534 2392 823 2450 Ecclesias
856 2392 975 2448 fore
1006 2390 1394 2464 praecipimus,
1416 2407 1563 2462 quos
1594 2390 1918 2462 antiquitus

266 2485 454 2541 fuisse
482 2482 568 2539 vel
603 2482 952 2554 scriptorum
979 2479 1359 2537 monimentis
1383 2479 1472 2534 vel
1495 2480 1919 2535 territoriorum

268 2572 677 2646 diremptione,
715 2570 805 2627 vel
853 2570 1027 2627 certis
1066 2569 1364 2642 aliquibus
1423 2568 1655 2625 indiciis
1713 2570 1923 2641 poterit

268 2662 659 2735 comprobari,
683 2664 749 2715 ut
769 2664 1061 2716 annuente
1082 2659 1196 2714 Deo
1217 2657 1605 2713 Ecclesiarum
1626 2674 1735 2730 pax
1761 2657 1923 2712 nulla

270 2751 574 2809 occasione
604 2750 894 2816 turbetur,
925 2753 984 2804 et
1014 2765 1140 2820 quae
1176 2764 1276 2819 pro
1310 2746 1570 2802 ﬁdelium
1602 2745 1789 2803 salute
1809 2751 1923 2803 sta-

269 2846 398 2897 tuta
426 2844 589 2906 sunt,
622 2839 862 2912 perenni
901 2843 1161 2909 tempore
1217 2834 1559 2891 inconvulsa
1606 2835 1923 2892 stabilitate

268 2929 758 3003 persistentﬁane
779 2927 827 2983 si
852 2926 987 2999 quis
1004 2927 1061 2981 in
1083 2924 1405 2981 crastinum
1427 2924 1919 2997 archiepiscopus,

272 3020 607 3092 episcopus,
640 3017 957 3089 imperator
1015 3020 1115 3069 aut
1143 3031 1262 3082 rex,
1323 3013 1595 3086 princeps
1649 3018 1751 3069 aut
1782 3015 1920 3081 dux,

271 3123 470 3165 comes
501 3111 605 3162 aut
632 3106 975 3173 vicecomes,
1001 3103 1185 3175 judex
1217 3107 1318 3159 aut
1364 3119 1610 3174 persona
1649 3102 1925 3174 quislibet

2016 612 2347 669 Decembris
2378 614 2692 671 indictione
2720 631 2794 683 tv,
2814 634 2966 672 anno
2990 617 3290 675 dominicas
3314 618 3661 676 Incarnatio-

2017 701 2108 757 nis
2149 718 2319 768 δίκαν,
2347 703 2717 775 pontiﬁcatus
2738 709 2929 761 autem
2951 705 3148 762 domui
3174 707 3383 763 Urbani
3407 726 3568 781 papae
3588 710 3655 766 ll.

2759 794 2922 849 CVII.

2020 881 2227 955 Urbani
2254 882 2312 955 ῌΔ
2327 882 2554 952 epistola
2568 883 2646 955 Aad
2675 884 2939 939 Alardum
2969 885 3389 955 Atrebatensem,
3422 891 3659 945 Bernar-

2086 951 2219 1006 dum
2250 951 2757 1010 Obstrevandensem
2787 957 3250 1021 archidiaconum,
3284 951 3391 1014 etc.
3416 990 3484 1000 —
3522 962 3661 1016 Hor-

2090 1026 2245 1104 tatur
2405 1025 2686 1081 Lmnberto
2740 1028 2984 1099 episcopo
3033 1029 3370 1085 Atrebatensi
3414 1030 3662 1104 deinceps

2090 1094 2357 1149 obedianI.

2622 1169 2824 1240 (Anno.
2878 1170 3057 1240 1094.)

2450 1238 2655 1307 [ΜΑΝει
2691 1239 2893 1295 Concil.
2936 1238 3047 1309 XX,
3087 1244 3238 1315 674.]

2092 1324 2369 1381 Uaaaxus
2386 1327 2713 1398 cpiscopus,
2735 1345 2936 1384 servus
2956 1346 3251 1387 servorum
3285 1332 3406 1401 Dei,
3438 1333 3665 1392 dilectis

2022 1413 2159 1470 {iliis
2176 1416 2782 1472 AmnooAtrebatensi
2794 1461 2806 1483 ,
2822 1418 3132 1476 Banxanoo
3156 1422 3663 1490 Obstrevandensi,

2023 1503 2469 1573 archidiaconis,
2502 1509 2559 1560 et
2587 1505 2859 1562 omnibus
2876 1509 3201 1580 praepositis
3231 1515 3405 1583 atque
3430 1512 3666 1569 decanis

2022 1610 2155 1648 cum
2189 1594 2463 1648 omnibus
2495 1593 2717 1649 clericis
2748 1596 2843 1665 qui
2878 1596 2935 1650 in
2978 1598 3267 1668 praedictis
3305 1600 3666 1658 archidiaco—

2024 1682 2139 1737 niis
2170 1686 2326 1748 sunt,
2362 1682 2611 1739 salutem
2653 1689 2711 1740 et
2757 1685 3135 1757 apostolicam
3182 1687 3666 1746 benedictionem.

2093 1771 2434 1844 Apostolicae
2466 1772 2624 1829 sedis
2655 1789 2761 1829 nos
2784 1774 3081 1846 compellit
3100 1777 3416 1833 auctoritas
3446 1779 3673 1835 univer-

2024 1859 2106 1915 sis
2136 1876 2238 1932 per
2266 1862 2465 1916 orbem
2496 1865 2783 1918 terrarum
2819 1862 3093 1918 Ecelosiis
3124 1866 3442 1937 providere,
3476 1872 3533 1923 et
3562 1885 3671 1925 sua

2016 1950 2155 2019 jura
2188 1951 2565 2021 poscentibus
2598 1956 2837 2023 paterna
2878 1953 3281 2025 compassione
3312 1972 3669 2014 succurrere.

2025 2038 2172 2103 Quia
2193 2038 2370 2110 igitur
2390 2040 2789 2095 Atrebatensis
2812 2041 3068 2097 Ecclesia
3092 2043 3434 2114 multisjam
3456 2049 3674 2121 tempo-

2027 2127 2190 2183 ribus
2221 2126 2454 2199 prOpria
2481 2145 2684 2184 carens
2715 2129 2999 2199 dignitate
3030 2130 3466 2189 Cameracensis
3488 2134 3675 2191 Eccle-

2027 2215 2353 2286 siazjugum
2389 2215 2642 2287 pertulit,
2699 2217 2942 2288 dignum
2990 2220 3245 2290 profecto
3300 2221 3573 2278 duximus
3612 2227 3675 2278 ut

2028 2304 2376 2375 propitiante
2410 2304 2655 2360 Domino
2678 2306 2897 2362 amissa
2925 2306 3246 2380 eidignitas
3263 2310 3672 2381 exapostolicae

2029 2393 2185 2448 sedis
2215 2393 2493 2461 dignitate
2516 2394 2940 2451 restitueretur.
2965 2397 3160 2469 Neque
3182 2397 3336 2454 enim
3367 2400 3675 2471 subjectio-

2030 2498 2161 2537 nem
2194 2483 2591 2539 Atrebatensis
2621 2483 2887 2541 Ecclesiae
2920 2484 3154 2556 aliquod
3181 2487 3452 2543 Romanae
3484 2494 3677 2546 aucto-

2031 2570 2223 2625 ritatis
2252 2570 2707 2644 chirographum
2749 2574 3266 2630 Cameracensibus
3296 2575 3567 2644 vindicat,
3619 2582 3677 2633 et

2029 2660 2427 2715 Atrebatensis
2452 2659 2612 2715 urbis
2636 2660 2997 2732 populositas
3011 2662 3351 2736 longeillam
3373 2664 3465 2719 cui
3487 2665 3677 2721 hacte-

2033 2765 2143 2803 nus
2176 2748 2411 2803 subdita
2451 2749 2640 2804 fuerat
2692 2749 2994 2805 antecedit.
3028 2752 3096 2806 Et
3136 2768 3427 2808 canonum
3480 2753 3677 2827 itaqUe

2032 2836 2300 2902 decretis,
2360 2841 2413 2892 et
2472 2839 2965 2909 praedecessorum
3024 2845 3355 2897 nostrorum
3395 2843 3678 2915 exemplis

2033 2924 2182 2991 freti,
2208 2926 2610 2981 nunctandem
2629 2933 2923 2983 annuente
2936 2927 3183 2985 Domino
3203 2930 3677 2988 Atrebatensium

2030 3014 2179 3069 votis
2188 3012 2369 3083 justis
2394 3013 2837 3085 etpetitionibus
2854 3016 3205 3087 importunis
3218 3017 3488 3074 eti‘ectum
3516 3019 3678 3075 dedi-

2035 3119 2183 3169 mus,
2242 3108 2298 3157 et
2354 3102 2740 3158 venerabilem
2789 3103 2976 3159 virum
3038 3106 3432 3175 Lambertum,
3502 3124 3677 3180 quem

273 3212 483 3268 magna
514 3193 602 3250 vel
635 3210 814 3267 parva
841 3193 1022 3264 hujus
1062 3192 1243 3247 nostri
1305 3189 1589 3264 privilegii
1649 3190 1923 3264 paginam
1964 3261 1995 3268 ﬂ
2033 3190 2332 3247 communi
2366 3206 2611 3246 assensu
2642 3190 2891 3247 electum
2940 3194 3011 3247 ad
3048 3210 3151 3248 nos
3200 3210 3333 3248 cum
3382 3195 3680 3250 communi

272 3285 484 3352 sciens,
505 3288 709 3339 contra
729 3299 858 3339 eam
875 3287 1093 3339 temere
1113 3281 1307 3337 venire
1325 3279 1651 3348 tentaverit,
1668 3281 1922 3336 secundo
1954 3261 1997 3328 C
2035 3280 2267 3334 decreto
2297 3278 2675 3345 deduxerant,
2710 3279 2767 3334 in
2801 3280 3138 3352 episcopum
3184 3282 3677 3339 consecravimus.

272 3374 512 3430 tertiove
542 3372 957 3439 commonitus,
988 3371 1039 3426 si
1078 3387 1193 3426 non
1243 3367 1640 3426 satisfactione
1670 3384 1928 3441 congrua

271 3461 685 3526 emendaverit,
710 3462 1015 3534 potestatis
1036 3460 1390 3531 honorisque
1409 3458 1501 3514 sui
1533 3458 1814 3531 dignitate
1836 3474 1927 3513 ca-

273 3556 416 3620 reat,
433 3566 717 3623 reumque
729 3566 790 3606 se
803 3547 1233 3618 divinojudicio
1251 3548 1496 3603 existere
1511 3547 1581 3601 de
1599 3550 1927 3619 perpetrata

272 3640 584 3713 iniquitate
615 3643 947 3712 cognoscat,
995 3642 1052 3692 et
1082 3654 1114 3691 a
1146 3637 1545 3693 sacratissimo
1603 3652 1840 3707 corpore
1870 3640 1927 3691 et

273 3728 563 3802 sanguine
594 3727 693 3783 Dei
726 3744 794 3783 ac
839 3724 1064 3781 Domini
1116 3724 1521 3796 Redemptoris
1570 3723 1751 3779 nostri
1784 3723 1924 3779 Jesu

272 3818 491 3874 Christi
528 3816 753 3872 alienus
788 3815 907 3881 ﬁat,
940 3819 1117 3884 atque
1140 3813 1197 3867 in
1242 3817 1498 3868 extremo
1529 3812 1793 3868 examine
1837 3812 1923 3867 di-

273 3907 493 3964 stricta:
524 3904 729 3960 ultioni
765 3903 1083 3974 subiaceat.
1116 3901 1354 3956 Cunctis
1411 3901 1599 3956 eidem
1650 3902 1764 3956 ista
1800 3901 1925 3957 loco

274 3993 648 4054 servantibus
660 3993 739 4048 sit
760 4009 870 4064 pax
895 3990 1120 4047 Domini
1144 3990 1325 4046 nostri
1339 3990 1369 4045 J
1375 4006 1478 4045 esu
1491 3989 1924 4061 Christi,quate~

273 4101 394 4140 nus
419 4088 476 4139 et
494 4081 590 4137 hic
613 4082 867 4136 fructum
891 4080 1054 4135 bonae
1076 4078 1321 4134 actionis
1343 4077 1744 4149 percipiant,et
1772 4078 1926 4149 apud

268 4171 608 4229 districtum
629 4169 894 4241 judicem
916 4169 1157 4241 praemia
1177 4172 1392 4224 aeterna
1415 4167 1575 4238 pacis
1606 4166 1926 4222 inveniant.

346 4260 665 4316 Benedictus
694 4260 833 4315 Deus
976 4257 1273 4329 Scriptum
1315 4273 1417 4327 per
1466 4271 1702 4310 manum
1752 4255 1929 4310 Boni-

456 4353 506 4403 et
560 4349 727 4404 Pater
906 4345 1166 4402 hominis
1217 4343 1506 4401 scriniarii
1563 4344 1710 4399 sacri
1769 4341 1927 4416 pala-

339 4464 344 4469 -
418 4439 474 4494 S.
692 4437 748 4493 S.
903 4436 990 4492 tii.
1042 4439 1254 4491 Datum
1288 4435 1485 4490 Romae
1527 4449 1629 4505 per
1685 4449 1927 4488 manum

355 4529 545 4583 Petrus
617 4527 826 4582 Paulus
898 4525 1166 4589 Joannis,
1204 4525 1270 4578 R.
1305 4524 1363 4578 S.
1416 4523 1477 4577 E.
1523 4520 1754 4577 diaconi
1803 4538 1926 4576 car-

471 4616 716 4675 Urbanus

416 4708 528 4762 PP.
697 4707 766 4760 II.
916 4702 1167 4759 dictione
1198 4719 1258 4770 Il,
1293 4718 1445 4755 anno
1487 4698 1799 4755 Dominicaa
1834 4700 1927 4754 ln-

372 4795 595 4852 Domim'
648 4795 822 4850 nostri
922 4790 1278 4848 carnationis
1331 4790 1466 4845 l093
1511 4789 1653 4860 (24),
1694 4787 1927 4860 pontifi-

401 4885 526 4941 Jesu
557 4884 781 4940 Christi.
917 4885 1082 4936 catus
1114 4883 1310 4935 autem
1358 4877 1583 4933 domini
1628 4875 1847 4932 Urbani
1880 4874 1931 4930 ll

919 4986 1079 5042 papa:
1112 4969 1383 5041 septimo.

352 5062 677 5119 Recitatum
690 5063 781 5117 est
794 5063 989 5115 autem
1003 5058 1113 5114 hoc
1127 5056 1497 5131 privilegium
1517 5056 1577 5111 in
1604 5054 1935 5111 Claromon-

275 5152 431 5208 tensi
460 5149 707 5208 concilio
729 5166 799 5206 ex
815 5152 1100 5221 praecepto
1118 5146 1317 5202 domni
1340 5136 1555 5201 Urbani
1585 5146 1654 5212 Il,
1684 5144 1776 5200 cui
1807 5143 1933 5216 ipse

274 5241 572 5314 prasedit,
605 5243 662 5295 et
700 5255 834 5295 cum
869 5254 935 5294 eo
971 5235 1297 5293 cardinales
1344 5234 1614 5299 Romani,
1650 5231 1932 5304 archiepi-

273 5330 441 5404 scopi
472 5347 596 5398 xm,
629 5328 885 5403 episcopi
935 5344 1131 5391 ccxxv,
1178 5326 1419 5380 abbates
1462 5341 1596 5378 vero
1657 5340 1725 5378 xc
1756 5327 1811 5377 et
1869 5340 1933 5377 eo

274 5418 579 5491 amplius;
617 5416 874 5490 exceptis
911 5413 1172 5471 honestis
1196 5418 1252 5468 et
1272 5411 1557 5484 religiosis
1575 5412 1937 5467 diversarum

274 5509 586 5580 regionum
603 5510 661 5562 et
680 5504 1110 5580 provinciarum
1134 5501 1357 5557 clericis
1370 5506 1427 5557 et
1444 5500 1936 5557 laicis.Etintente

271 5601 337 5653 et
365 5596 474 5652 sub
497 5611 710 5667 magno
731 5594 960 5651 silentio
992 5592 1064 5649 ab
1097 5591 1257 5646 omni
1278 5607 1557 5647 concessu
1580 5588 1813 5646 concilii
1840 5607 1938 5645 au-

360 5685 476 5754 (24)
510 5681 681 5740 Falsa
710 5683 928 5739 notatio
960 5680 1261 5753 temporis.
1289 5680 1471 5736 Hann.

2032 3368 2101 3424 Et
2132 3384 2375 3439 quaeque
2407 3367 2479 3422 ad
2508 3368 2947 3425 Atrebatcnsem
2977 3369 3310 3442 parochiam
3352 3370 3679 3443 antiquitus

2032 3456 2388 3529 pertinuisse
2417 3463 2761 3525 noscuntur,
2799 3458 2909 3529 ipsi
2940 3465 2995 3513 et
3027 3458 3211 3531 ipsius
3242 3448 3681 3516 successoribus

2034 3550 2312 3618 perpetuo
2372 3546 2646 3618 regenda,
2679 3551 2736 3603 et
2791 3546 3106 3619 episcopali
3152 3550 3285 3619 jure
3328 3548 3684 3620 possidenda

2037 3633 2325 3707 privilegii
2361 3635 2706 3691 auctoritate
2735 3636 3060 3691 ﬁrmamus.
3094 3636 3451 3693 Nominatim
3492 3637 3681 3694 archi-

2033 3723 2332 3778 diaconias
2362 3723 2530 3792 duas,
2566 3741 2815 3796 quarum
2864 3742 2981 3781 una
3022 3726 3444 3795 Atrebatensis,
3504 3725 3685 3784 altera

2036 3811 2250 3867 dicitur
2278 3811 2816 3868 Obstrevandensis.
2851 3813 3114 3869 Vestram
3146 3830 3282 3885 ergo
3314 3814 3681 3871 dilectionem

2033 3900 2246 3955 litteris
2271 3901 2658 3972 praesentibus
2686 3902 3073 3957 admonemus
3103 3906 3279 3973 atque
3308 3901 3681 3975 prazcipimus

2037 3992 2102 4043 ut
2120 3988 2169 4043 ei
2195 3987 2469 4060 deinceps
2495 3994 2774 4060 tanquam
2802 3989 3080 4046 cardinali
3100 3990 3681 4062 episcOpo,tanquam

2036 4078 2099 4132 B.
2134 4077 2284 4132 Petri
2346 4078 2622 4133 manibus
2672 4084 3009 4134 consecrato
3056 4080 3298 4134 subesse
3346 4083 3403 4134 et
3449 4079 3684 4136 obedire

2037 4165 2273 4220 curetis.
2308 4165 2469 4220 Unde
2499 4171 2556 4221 et
2607 4183 2708 4221 vos
2738 4171 2795 4221 et
2846 4165 3088 4222 cleridos
3144 4167 3444 4225 universos
3484 4168 3584 4241 qui
3623 4167 3683 4224 in

2038 4254 2330 4327 praedictis
2360 4254 2809 4311 archidiaconiis
2842 4262 3000 4324 sunt,
3034 4274 3067 4311 n
3099 4257 3459 4329 professione
3492 4256 3685 4315 Eccle-

2039 4344 2138 4399 siae
2169 4342 2603 4400 Cameracensis
2627 4344 3011 4401 absolvimus.
3046 4346 3103 4401 Si
3137 4346 3236 4418 qui
3259 4363 3391 4402 vero
3414 4347 3566 4403 inter
3584 4362 3687 4402 vos

2038 4432 2219 4504 hujus
2248 4437 2464 4489 nostra:
2496 4434 2930 4491 constitutionis
2962 4439 3157 4491 tenore
3198 4441 3498 4509 perspecto
3538 4453 3688 4508 prae-

2038 4522 2194 4577 dicto
2222 4524 2497 4577 confralri
2529 4530 2727 4579 nostro
2760 4524 3125 4580 Atrebatcnsi
3158 4525 3427 4598 episcopo
3458 4525 3690 4581 obedire

906 4613 1142 4682 dinalis,
1176 4631 1211 4667 χ
1263 4612 1497 4668 Kalend.
1552 4609 1790 4682 Aprilis,
1832 4610 1921 4666 in-
1954 4622 2001 4688 Ῑ)
2032 4611 2507 4682 contempserint,
2546 4628 2961 4686 quamcunque
2990 4614 3048 4669 in
3072 4631 3170 4671 eos
3198 4615 3546 4670 sententiam
3570 4614 3694 4685 ipse

2037 4698 2351 4772 episcopali
2384 4701 2783 4758 moderatione
2810 4704 3132 4770 dictaverit,
3167 4702 3530 4759 auctoritatis
3561 4717 3691 4757 nos-

2037 4791 2141 4843 trae
2172 4788 2426 4859 pondere
2458 4789 2628 4844 ﬁrma
2653 4797 3010 4862 permaneat.

2117 4876 2257 4931 Data
2288 4877 2479 4932 Romae
2510 4894 2566 4933 Ix
2595 4877 2722 4934 Kal.
2756 4879 2991 4952 Aprilis.

2779 4969 2973 5025 CVIII.

2045 5054 2251 5126 Urbani
2272 5056 2321 5109 Il
2350 5057 2583 5126 epistola
2613 5057 2683 5111 ad
2710 5057 2963 5112 Aloldum
2994 5056 3047 5111 S.
3091 5054 3317 5121 l'edasti,
3358 5051 3692 5110 Richardum

2112 5125 2558 5194 Marcianensem,
2602 5129 2880 5184 Albertum
2933 5127 3389 5193 llasnoniensem,
3439 5126 3691 5181 Hameri-

2115 5213 2237 5252 cum
2266 5197 2752 5268 Aquicinctensem,
2802 5199 3038 5263 abbates,
3067 5205 3117 5251 et
3154 5200 3211 5251 S.
3261 5196 3611 5267 Ragenfredis
3639 5199 3690 5253 et

2114 5269 2481 5324 Strumensem
2532 5270 2850 5324 abbatissae.
2882 5300 2947 5309 —
3001 5269 3125 5324 Illos
3170 5284 3365 5339 parere
3409 5269 3690 5325 Lamberto

2113 5341 2356 5411 episcopo
2378 5343 2716 5396 Atrebatensi
2728 5344 2915 5410 jubet.

2667 5430 2856 5500 (Anno
2889 5427 3073 5500 1094.)

2293 5501 2547 5572 [ΒΑωΖ.,
2580 5501 2800 5557 Misce”.
2851 5499 2988 5556 edit.
3025 5500 3157 5556 Luc.
3192 5499 3261 5568 II,
3296 5500 3442 5572 133.]

2118 5588 2392 5646 Unnmus
2414 5590 2745 5662 episcopus,
2771 5604 2973 5646 servus
2990 5606 3289 5648 servorum
3319 5589 3441 5658 Dei,
3463 5587 3689 5646 dilectis
