3988 6164
1642 357 1714 424 Β.
1758 353 2056 424 URBANI
2099 353 2154 420 Il
2196 352 2455 422 PAPIE.

3631 347 3752 420 384

350 502 490 560 ﬁliis
517 501 744 558 Λιοωο
765 497 962 558 Sancti
981 495 1239 564 Vedasti,
1265 493 1551 556 Richardo
1581 492 1988 563 Marcianensi,
2019 491 2075 560 Α
2103 488 2397 563 prosequi,
2431 492 2496 546 ut
2527 485 2864 562 quicunque
2893 485 2954 542 in
3003 484 3236 546 duabus
3277 481 3749 553 archidiaconiis,

341 592 584 652 .Alberto
611 589 990 656 Hesnonensi,
1022 586 1324 644 Hamerico
1363 584 1739 658 Aquicinensi
1769 583 1992 640 abbati-

349 683 500 748 bus;
532 680 668 736 item
703 679 1010 734 abbatissa:
1041 678 1264 732 Sanctae
1295 675 1696 747 Ragenfredis,
1728 679 1786 729 et
1815 673 1990 729 abba-

347 770 503 826 tissae
534 767 882 836 Strumensi,
917 765 1165 822 salutem
1197 769 1253 820 et
1300 764 1679 836 apostolicam
1721 763 1990 820 benedic-

345 860 586 917 tionem.

416 947 752 1020 Apostolicae
780 944 959 1010 sedis,
1013 949 1143 1010 etc.,
1205 947 1264 999 ut
1306 961 1474 1015 supra
1529 960 1698 1015 usque
1743 942 1988 1015 dignum

344 1037 618 1094 duximus
649 1041 714 1090 ut
743 1035 1006 1106 ejusdem
1037 1032 1302 1090 Ecclesiae
1336 1033 1472 1088 filiis
1516 1031 1797 1087 amissam
1828 1049 1988 1103 repe-

342 1125 602 1183 tentibus
632 1125 996 1196 dignitatem,
1033 1129 1244 1178 nostrae
1276 1121 1650 1193 benignitatis
1682 1120 1986 1176 inclinare-

343 1233 478 1272 mus
509 1230 836 1271 assensum.
870 1214 1067 1284 Neque
1095 1211 1297 1277 enim,
1330 1215 1461 1278 etc.,
1495 1215 1556 1265 ut
1605 1227 1773 1281 supra
1818 1226 1990 1280 usque

341 1304 656 1378 episcopali
679 1304 814 1374 jure
835 1301 1189 1374 possidenda
1209 1300 1590 1366 ﬁrmavimus,
1617 1299 1984 1364 nominatim,

342 1404 474 1461 etc.,
506 1401 567 1449 ut
612 1409 782 1464 supra
825 1408 994 1462 usque
1048 1389 1352 1446 dictaverit
1407 1390 1577 1444 ﬁrma
1629 1394 1982 1461 permaneat.

343 1485 577 1550 Datum,
610 1486 669 1537 ut
696 1497 884 1552 supra.

1088 1585 1223 1642 CIX.

346 1679 552 1736 Urbani
604 1677 654 1732 II
705 1677 934 1748 epistola
990 1675 1060 1730 ad
1126 1675 1458 1730 Itainaldum
1510 1676 1990 1748 archiepiscopum

411 1747 806 1806 Remensem’ct
832 1749 947 1816 eius
977 1747 1369 1817 suﬂ‘raganeos.
1403 1777 1466 1788 -—
1497 1747 1841 1802 Lambertum
1872 1747 1988 1817 epi-

413 1837 631 1893 scopum
661 1819 1060 1875 Atrebatensem
1090 1819 1204 1872 illis
1234 1817 1586 1874 commendat.

983 1909 1168 1979 (Anno
1196 1907 1379 1978 4094.)

799 1996 1007 2071 [ΜΑΝΒΙ
1041 1997 1246 2052 Concit.
1279 1996 1391 2065 XX,
1420 1997 1571 2070 673.]

415 2104 694 2162 Unemus
716 2104 1044 2176 episcopus,
1066 2119 1267 2160 servus
1288 2119 1584 2160 servorum
1608 2103 1730 2170 Dei,
1765 2103 1990 2160 dilectis

343 2193 622 2250 fratribus
653 2197 710 2250 et
737 2193 1095 2265 coepiscopis
1127 2193 1434 2248 RAYNALDO
1465 2193 1737 2248 Remensi
1781 2197 1838 2248 et
1868 2194 1991 2249 suf-

342 2282 634 2356 fraganeis
663 2284 811 2355 ejus,
847 2282 1096 2338 salutem
1127 2286 1182 2337 et
1209 2281 1587 2354 apostolicam
1637 2282 1989 2338 benedictio-

345 2389 502 2429 nem.

414 2463 560 2519 Cum
591 2463 1002 2518 Atrebatenses
1033 2459 1225 2516 clerici
1253 2460 1504 2517 electum
1527 2479 1702 2517 suum
1735 2478 1866 2516 cum
1899 2462 1990 2518 de-

341 2555 497 2606 creto
528 2550 826 2606 communi
852 2549 1165 2620 praesentiae
1190 2553 1400 2604 nostrae
1431 2548 1854 2617 exhibuissent,
1884 2567 1990 2606 nos

342 2655 442 2695 eos
484 2639 638 2710 apud
690 2655 796 2693 nos
840 2637 1066 2708 integro
1119 2637 1342 2693 mensis
1379 2638 1567 2709 spatio
1615 2638 1986 2706 retinuimus,

342 2727 876 2791 Cameracensium,
919 2724 1317 2798 praestolantes
1374 2727 1708 2794 adventum,
1765 2728 1812 2783 si
1847 2727 1990 2784 forte

341 2815 581 2886 aliquod
600 2815 1030 2870 munimentum
1049 2813 1320 2869 aﬂ'errent
1334 2831 1434 2885 per
1447 2815 1598 2886 quod
1611 2817 1987 2872 Cameracen-

341 2905 391 2960 si
413 2903 677 2960 Ecclesiae
698 2903 1099 2958 Atrebatensis
1121 2901 1414 2957 videretur
1425 2919 1548 2958 esse
1567 2905 1849 2974 subjecta.
1869 2905 1986 2976 Ipsi

336 2998 537 3050 autem
569 2993 721 3049 sicut
749 2992 810 3047 in
841 2991 1146 3064 praeteritis
1175 2991 1458 3058 terminis,
1495 2991 1575 3048 ita
1603 2997 1659 3049 et
1695 2997 1836 3049 tunc
1871 3011 1986 3050 non

338 3085 636 3150 venerunt,
671 3099 775 3138 nec
801 3097 1024 3149 causas,
1053 3097 1157 3136 cur
1186 3097 1300 3138 non
1328 3085 1603 3137 venerant
1631 3083 1984 3138 direxerunt.

2101 578 2369 638 videlicet
2387 577 2752 635 Atrebatensi
2779 573 3354 642 etObstrevandensi,
3375 573 3567 632 clerici
3588 579 3751 642 sunt,

2102 687 2136 724 a
2166 667 2522 740 professione
2552 664 2988 724 Cameracensis
3035 662 3303 720 Ecclesiae
3351 663 3750 720 absolvantur.

2102 757 2162 813 Si
2195 759 2294 830 qui
2325 774 2458 813 vero
2489 757 2722 812 obedire
2741 754 3220 826 contempserint,
3251 769 3668 826 quamcunque
3689 753 3755 810 in

2100 863 2199 902 eos
2229 846 2580 902 sententiam
2613 843 3081 917 ipseepiscopali
3124 842 3519 898 moderatione
3565 842 3755 898 dicta-

2098 935 2249 992 veris
2278 936 2451 990 ﬁrma
2480 938 2838 1007 permaneat.

2170 1025 2317 1081 Data
2347 1025 2541 1080 Romae
2572 1041 2668 1080 VIII
2699 1021 2988 1080 Kalendas
3015 1019 3251 1092 Aprilis.

2871 1137 2977 1193 CX.

2103 1228 2307 1283 Urbani
2335 1228 2388 1284 II
2412 1229 2639 1299 epistola
2676 1228 2745 1282 ad
2781 1226 3131 1282 Guitlelmum
3178 1225 3633 1299 Pictaviensium_
3662 1240 3754 1280 co-

2166 1301 2370 1354 mitem.
2403 1296 2472 1339 -ὲ
2501 1301 2762 1355 Hortatur
2789 1302 2848 1354 ut
2885 1299 3068 1354 ablata
3113 1298 3442 1353 monasterio
3501 1296 3752 1352 Vindoci-

2167 1373 2325 1426 ncnsi
2347 1371 2552 1426 reddat.

2719 1460 2903 1530 (Anno
2934 1457 3116 1530 4094.)

2099 1547 2267 1621 [0pp.
2325 1548 2619 1606 Godefridi
2669 1547 3124 1690 Vindocinbfal.
3184 1545 3503 1610 Sirmond.,
3563 1544 3751 1615 in-IZ,

2717 1637 2788 1675 no
2823 1663 2859 1685 .,
2891 1638 2946 1690 p.
3053 1657 3066 1673 .

2717 1637 2859 1685 non,
2891 1638 2946 1692 p.
2979 1637 3066 1673 ω.

2171 1735 2450 1792 Uasauus
2471 1735 2802 1808 eqiscopus,
2835 1751 3037 1791 servus
3057 1749 3360 1790 servorum
3383 1713 3506 1801 Dei,
3541 1731 3756 1790 dilecto

2101 1823 2219 1880 ﬁlio
2252 1825 2586 1881 GUILLELMO
2619 1823 3068 1881 Pictaviensium
3126 1821 3350 1890 comiti,
3391 1820 3644 1878 salutem
3695 1825 3758 1878 et

2101 1913 2479 1986 apostolicam
2509 1912 2997 1970 benedictionem.
3363 1977 3368 1982 '

2171 2005 2333 2076 Saepe
2361 2009 2526 2059 tuam
2572 2001 2832 2058 indolem
2891 1998 3367 2056 commonuimus
3425 2003 3492 2054 ut
3529 1997 3756 2071 egregii

2101 2093 2381 2164 principis
2403 2092 2586 2165 patris
2617 2090 2702 2147 tui
2732 2089 3096 2146 devotionem
3145 2092 3323 2160 atque
3378 2087 3753 2160 prudentiam

2099 2181 2369 2237 imiteris.
2396 2181 2525 2253 Ipse
2551 2179 2914 2252 principatus
2951 2178 3043 2234 sui
3067 2175 3342 2232 ecclesias
3373 2176 3754 2235 devotissime

2100 2269 2300 2338 coluit,
2324 2269 2521 2341 plures
2549 2269 2722 2326 rebus
2755 2267 2879 2323 suis
2905 2265 3128 2332 ditavit,
3161 2281 3340 2322 novas
3361 2265 3536 2321 etiam
3560 2282 3593 2320 a
3615 2265 3746 2320 fun-

2100 2359 2393 2415 dementis
2420 2357 2720 2414 exstruxit.
2755 2357 2838 2412 De
2865 2361 2921 2412 te
2951 2371 3084 2411 vero
3115 2355 3402 2410 miramur
3435 2371 3448 2410 :
3482 2353 3581 2426 qui
3612 2370 3752 2410 cum

2099 2447 2231 2504 aliis
2262 2448 2432 2504 bonis
2463 2447 2676 2504 studiis
2709 2451 2997 2518 quantum
3029 2447 3099 2500 ad
3134 2442 3380 2500 militem
3411 2441 3654 2515 polleas,
3687 2443 3754 2499 in

2099 2537 2208 2593 hoc
2239 2553 2272 2592 a
2303 2535 2487 2608 patris
2516 2535 2602 2592 tui
2646 2534 2934 2607 probitate
2993 2533 3348 2604 degenerare
3401 2530 3754 2604 perhiberis,

2100 2626 2252 2698 quod
2283 2623 2660 2680 ecclesiarum
2679 2623 2816 2693 jura
2835 2621 3162 2694 perturbes,
3195 2625 3252 2680 et
3281 2637 3430 2692 quas
3460 2619 3560 2676 ille
3608 2620 3750 2676 tun-

2098 2714 2257 2769 davit
2287 2713 2592 2785 exspolies.
2627 2711 2893 2767 Pervenit
2922 2711 2993 2766 ad
3027 2727 3132 2765 nos
3184 2710 3341 2780 quod
3393 2709 3752 2766 monasterio

2096 2803 2512 2860 Vindocincnsi
2543 2800 2849 2857 ecclesiam
2880 2799 3040 2854 Beati
3093 2797 3346 2871 Georgii,
3381 2797 3440 2853 in
3482 2796 3752 2855 Oleronie

2095 2891 2292 2960 insula
2321 2892 2516 2958 sitam,
2545 2906 2679 2946 cum
2711 2889 2968 2961 quadam
2985 2886 3208 2960 optima
3228 2889 3382 2942 terra
3409 2885 3744 2942 abstuleris.

2098 2981 2177 3036 Te
2191 2980 2405 3052 itaque,
2430 2978 2774 3035 charissime
2794 2976 2896 3045 ﬁli,
2912 2975 3300 3048 praesentibus
3320 2973 3529 3030 litteris
3548 2975 3753 3031 admo-

2097 3085 2306 3125 nemus
2337 3073 2402 3124 ut
2427 3068 2578 3124 sicut
2605 3071 2942 3123 sanctorum
2971 3063 3368 3136 apostolorum
3399 3068 3458 3120 et
3484 3067 3750 3120 nostram

335 3170 454 3228 Nos
484 3170 664 3244 igitur
686 3172 913 3243 justam
947 3171 1186 3226 omnino
1231 3187 1470 3226 causam
1513 3171 1982 3228 Atrebatensium

2113 3159 2344 3230 gratiam
2374 3157 2590 3229 diligis,
2624 3154 2929 3212 ecclesiam
2961 3153 3124 3208 illam
3147 3157 3206 3209 et
3222 3156 3432 3208 caetera
3450 3169 3576 3225 qua
3604 3152 3751 3208 Vin-

337 3239 778 3333 perpeudentes,
794 3264 850 3316 et
869 3259 1098 3316 labores
1120 3277 1224 3333 pro
1247 3259 1514 3316 Ecclesia
1537 3277 1654 3316 sum
1668 3261 1986 3318 restitutio-
2014 3239 2057 3306 C
2096 3246 2511 3303 docinensibus
2527 3243 2830 3300 monachis
2852 3241 3247 3333 abstulisti.in
3265 3257 3466 3297 eorum
3487 3246 3749 3314 potesta-

337 3367 410 3406 ne
421 3351 548 3422 jam
577 3350 838 3408 diutinos
859 3349 1176 3421 apostolica
1197 3349 1648 3406 mansuetudine
1669 3350 1984 3422 respicien-

335 3444 442 3506 tes,
468 3444 803 3495 sanctorum
821 3455 1112 3495 canonum
1130 3438 1378 3494 decretis
1395 3442 1452 3493 et
1475 3438 1802 3510 apostolicae
1826 3439 1983 3495 sedis

333 3527 674 3584 auctoritate
700 3526 932 3594 muniti,
967 3525 1310 3597 religiosum
1341 3543 1406 3581 ac
1437 3527 1763 3598 sapientem
1791 3527 1982 3582 virum

333 3617 734 3680 Lambertum,
771 3631 946 3686 quem
979 3615 1050 3669 ad
1083 3631 1189 3669 nos
1219 3615 1597 3682 deduxerant,
1642 3616 1703 3670 B.
1738 3616 1984 3672 Vedasto

332 3709 390 3760 et
419 3703 642 3760 sanctis
660 3702 790 3759 aliis
814 3702 1190 3774 pontificibus
1207 3703 1307 3774 qui
1339 3703 1398 3756 in
1412 3703 1774 3760 Atrebatensi
1797 3705 1983 3760 Eccle-

333 3792 422 3856 sia
441 3792 737 3865 quondam
759 3792 1176 3862 praesederunt,
1193 3790 1430 3847 tandem
1447 3791 1728 3864 largiente
1741 3794 1984 3849 Domino

333 3881 704 3938 instituimus
723 3897 1141 3938 successorem.
1168 3879 1337 3937 Salva
1359 3881 1417 3936 in
1439 3881 1715 3938 omnibus
1738 3883 1984 3939 Remen-

333 3972 414 4028 sis
433 3971 769 4044 metropolis
784 3970 1123 4036 reverentia,
1141 3986 1318 4042 quam
1333 3969 1598 4026 videlicet
1611 3969 1815 4028 multis
1833 3975 1984 4027 retro

332 4061 696 4133 temporibus
717 4060 1116 4127 imminutam,
1133 4075 1289 4114 nunc
1309 4059 1544 4114 tandem
1569 4076 1671 4131 per
1692 4059 1988 4116 humilita-

331 4154 452 4208 tem
482 4153 744 4205 nostram
777 4148 1147 4220 omnipotens
1181 4148 1329 4202 Deus
1361 4147 1420 4202 in
1451 4153 1613 4218 parte
1644 4148 1753 4204 hac
1793 4149 1983 4205 redin-

330 4241 558 4309 tegrare
579 4237 855 4308 dignatus
875 4241 982 4292 est.
1011 4238 1159 4291 Eum
1183 4237 1376 4306 itaque
1405 4237 1476 4291 ad
1497 4253 1597 4292 vos
1619 4254 1750 4292 cum
1775 4237 1986 4294 litteris

330 4324 716 4397 praesentibus
756 4325 1120 4381 remittentes
1150 4325 1418 4380 cbaritati
1452 4329 1654 4380 vestrae
1705 4327 1986 4383 attentius

332 4413 840 4479 commendamus,
873 4419 1147 4485 rogantes
1179 4430 1244 4467 ac
1275 4412 1678 4483 praecipientes
1729 4419 1792 4470 ut
1828 4415 1880 4470 ei
1914 4415 1985 4472 ad

331 4501 853 4574 redintegrandum
876 4501 1203 4557 commissae
1219 4500 1332 4556 sibi
1349 4501 1614 4556 Ecclesiae
1630 4507 1850 4559 statum
1863 4508 1988 4560 tan-

332 4606 508 4664 quam
531 4591 808 4646 contratri
831 4595 886 4646 et
911 4590 1250 4662 coepiscopo
1273 4587 1518 4646 sollicite
1539 4590 1848 4650 assistatis.
1867 4593 1987 4650 Nos
2015 4612 2064 4678 Β

329 4679 627 4753 siquidem
659 4683 892 4736 auctore
924 4680 1040 4736 Deo
1063 4679 1393 4753 legitimum
1425 4681 1850 4752 sempiternum
1874 4688 1986 4740 sta-

329 4769 576 4838 tuimus,
609 4773 674 4825 ut
702 4769 1102 4825 Atrebatensis
1132 4767 1390 4825 Ecclesia
1410 4769 1692 4826 cardinali
1711 4772 1984 4846 deinceps

332 4858 589 4930 potiatur
626 4857 919 4930 episcopo.
955 4857 1116 4920 Quod
1140 4861 1434 4914 annuente
1466 4858 1578 4913 Deo
1609 4863 1668 4914 et
1687 4859 1985 4932 religionis

334 4951 648 5019 augmento
678 4953 736 5002 et
766 4946 1097 5001 animarum
1128 4945 1324 5010 saluti,
1366 4949 1424 5000 et
1451 4946 1756 5019 temporali
1797 4948 1986 5020 ipsius

333 5035 600 5092 Ecclesia:
646 5035 980 5091 revelationi
1021 5034 1344 5106 plurimum
1385 5034 1681 5090 credimus
1724 5037 1986 5106 prolutu-

335 5123 658 5178 rum.Nunc
681 5129 790 5178 tua:
810 5122 1224 5178 sollicitudinis
1247 5122 1858 5187 interest,charissime
1873 5127 1987 5182 fra-

332 5217 424 5268 ter
436 5211 736 5279 Rainolde,
754 5213 852 5284 qui
877 5218 996 5267 tam
1021 5211 1386 5267 Atrebatensi
1409 5211 1672 5267 Ecclesiae
1692 5231 1869 5284 quam
1887 5215 1990 5270 Ca-

336 5301 657 5357 meracensi
689 5301 1128 5374 metropolitani
1154 5299 1494 5355 auctoritate
1526 5301 1836 5372 praesidere
1897 5321 1992 5359 co-

336 5387 654 5460 gnosceris,
690 5404 788 5444 eos
819 5406 1024 5446 omnes
1046 5389 1145 5461 qui
1177 5388 1506 5444 secundum
1539 5388 1828 5462 privilegii
1861 5409 1994 5448 nos~

337 5477 409 5532 tri
429 5482 689 5534 tenorem
704 5478 1228 5535 adiAtrebatensem
1243 5477 1518 5532 videntur
1528 5477 1818 5548 pertinere
1832 5497 1997 5552 paro-

335 5563 550 5632 chiam,
576 5565 646 5621 ad
663 5565 918 5638 episcopi
938 5565 1337 5622 Atrebatensis
1353 5565 1745 5623 obedientiam
1759 5569 1876 5624 tuis
1900 5569 1994 5625 lit-

337 5653 474 5710 teris
497 5653 763 5722 invitare,
798 5659 857 5711 et
890 5653 1240 5712 sententiam
1264 5658 1524 5712 nostram
1557 5655 1677 5712 tuis
1699 5657 1995 5730 suffragiis

2095 3340 2211 3392 tem
2242 3334 2479 3392 omnino
2511 3333 2806 3391 restituas.
2840 3333 2950 3389 Res
2981 3332 3139 3388 enim
3180 3345 3384 3386 eorum
3434 3334 3750 3404 parentum

2093 3429 2331 3480 tuorum
2371 3422 2750 3496 eleemosynze
2787 3425 2926 3478 sunt
2963 3425 3021 3476 et
3059 3417 3388 3492 apostolica:
3428 3418 3588 3474 sedis
3627 3417 3749 3474 alo-

2093 3513 2448 3579 dium.Quod
2463 3512 2511 3568 si
2525 3512 2678 3570 infra
2691 3511 2816 3567 dies
2833 3509 3075 3581 triginta
3095 3508 3234 3564 visis
3245 3507 3340 3564 his
3361 3506 3574 3562 litteris
3588 3505 3748 3579 quod

2095 3603 2448 3660 mandamus
2469 3600 2789 3674 adimplere
2822 3597 3266 3671 contempseris,
3300 3601 3358 3652 et
3381 3595 3748 3670 indignatio-

2095 3707 2228 3746 nem
2253 3696 2513 3747 nostram
2534 3688 2853 3754 incurristi,
2877 3693 2933 3744 et
2953 3685 3286 3760 apostolicae
3317 3685 3474 3742 sedis
3505 3683 3746 3740 anathe-

2095 3784 2249 3836 mate
2272 3785 2326 3835 te
2358 3795 2700 3851 percussum
2740 3769 3146 3833 indubitanter
3167 3790 3474 3848 agnoscas.
3514 3773 3747 3830 Monas-

2093 3868 2310 3924 terium
2341 3866 2770 3923 Vindocinense
2791 3869 2848 3922 et
2868 3882 2961 3922 res
2977 3865 3050 3920 ad
3074 3865 3270 3938 ipsum
3291 3862 3648 3936 pertinentes
3665 3863 3749 3919 ita

2094 3955 2415 4030 apostolica
2444 3955 2788 4013 auctoritate
2819 3955 3199 4010 corroborata:
3231 3955 3574 4018 noscuntur,
3603 3956 3668 4006 ut
3695 3950 3748 4006 si

2094 4045 2236 4118 quid
2269 4045 2390 4101 inte
2421 4045 2682 4102 ablatum
2712 4043 2799 4101 vel
2833 4043 3180 4100 distractum
3211 4059 3244 4098 a
3269 4057 3571 4113 quoquam
3619 4039 3743 4098 fus.-

2096 4135 2191 4201 rit,
2229 4153 2264 4190 a
2316 4133 2840 4205 praedecessoribus
2901 4131 3118 4188 nostris
3175 4129 3749 4188 excommunicatum

2097 4241 2212 4280 non
2243 4223 2474 4279 dubites
2499 4247 2514 4292 ;
2548 4227 2605 4278 et
2635 4239 2808 4294 quem
2838 4221 2990 4278 beati
3028 4219 3112 4275 illi
3142 4218 3250 4274 viri
3280 4217 3749 4291 excommunica-

2093 4317 2302 4368 verunt
2333 4329 2446 4368 non
2478 4328 2794 4384 possumus
2838 4309 3081 4376 solvere,
3130 4325 3236 4364 nec
3267 4309 3550 4380 debemus
3586 4323 3600 4361 :
3647 4307 3751 4363 sed

2095 4403 2250 4474 quod
2281 4401 2563 4467 iecerunt,
2597 4417 2704 4458 nos
2735 4401 2939 4456 eadem
2970 4397 3315 4454 auctoritate
3346 4398 3676 4468 ﬁrmamus.

2166 4496 2378 4547 Datum
2410 4491 2604 4547 Romae
2637 4508 2675 4546 η
2704 4490 2996 4546 Kalendas
3019 4487 3263 4560 Aprilis.

2100 4707 2348 4765 Urbanus
2375 4709 2423 4762 Ii
2461 4729 2488 4755 «
2521 4707 2729 4772 Amata,
2764 4706 2942 4774 legato
2965 4703 3272 4774 apostolica:
3314 4701 3492 4774 sedis,
3520 4699 3760 4774 aliisque

2163 4779 2367 4834 duobus
2413 4778 2678 4848 episcopis
2718 4771 2968 4847 'injungit
2996 4771 3059 4830 ut
3087 4773 3442 4848 Guittelmum
3475 4771 3757 4848 (smitam

2166 4843 2603 4916 Pictavien'semf
2609 4864 2711 4919 pro
2739 4843 3428 4919 eicerhunkatohqbeant,
3457 4843 3572 4919 uisi
3603 4843 3758 4896 intra

2165 4924 2372 4990 tempus
2402 4938 2437 4975 (ι
2463 4936 2522 4975 se
2545 4909 2884 4991 praeﬁnitum
2915 4919 3054 4973 bona
3109 4909 3588 4973 Vindocincnsibus
3635 4928 3752 4968 mo-

2167 4992 2360 5047 nachis
2389 4992 2571 5047 ablata
2598 4992 2906 5056 restituere,
2941 4991 3132 5060 faciat.
3164 5007 3193 5040 ο

2728 5082 2914 5139 (Anno
2950 5078 3132 5145 1094.)

2107 5171 2390 5238 [Romam
2415 5169 2473 5225 in
2529 5170 2643 5228 Vita
2705 5169 2928 5226 Urbani.
2964 5197 3028 5208 -—
3062 5165 3213 5238 Msa.
3261 5168 3320 5221 et
3360 5163 3533 5220 RUIN.
3585 5159 3752 5216 Ouvr.

2701 5239 2883 5313 posth.
2918 5239 3015 5307 III,
3050 5237 3202 5309 15-1.]
