4004 6162
244 210 363 275 385

250 436 458 494 Urbani
486 436 539 492 II
564 435 790 500 epistola
818 434 889 489 ad
913 342 1246 500 ﬂagiti-tium,
1276 433 1702 490 Flandrensium
1728 429 1896 483 comi-

320 516 444 562 tem.
478 536 548 549 -—
576 503 671 563 Ιὶιὶ
705 506 1001 578 Ecclesiam
1047 510 1101 562 et
1146 507 1453 578 episcopum
1499 503 1901 560 Atrebatensem

319 579 677 635 commendat.
898 573 911 589 °

879 669 1064 740 (Anno
1095 666 1279 737 109.4.)

679 756 909 828 [MANSI,
943 756 1155 814 Concil.
1184 755 1295 824 ΧΧ,
1322 754 1471 826 674.]

326 863 605 920 Unnmus
631 862 961 936 episcopus,
984 879 1188 919 servus
1215 876 1515 918 servorum
1548 858 1671 923 Dei,
1696 857 1902 913 dilecto

251 951 372 1010 ﬁlio
424 952 745 1020 Romamre,
779 951 1227 1009 Flandrensium
1276 949 1498 1020 comiti,
1541 948 1789 1005 salutem
1848 951 1906 1002 et

252 1041 636 1115 apostolicam
666 1041 1154 1099 benedictionem.

323 1131 535 1203 Magna
562 1129 668 1185 tibi
717 1129 1102 1187 exsultatione
1141 1128 1559 1203 gratulandum
1610 1130 1701 1182 est
1747 1125 1904 1198 quod

252 1219 511 1276 ecclesia;
543 1236 669 1291 quis
700 1219 757 1274 in
801 1223 905 1274 tua
947 1218 1164 1275 ditione
1195 1222 1335 1273 sunt
1377 1218 1497 1274 tuis
1542 1215 1907 1289 temporibus

253 1308 538 1365 amissam
585 1307 877 1381 recipiunt
915 1308 1281 1381 dignitatem.
1313 1309 1457 1363 Ecce
1500 1306 1657 1361 enim
1704 1306 1907 1360 civitas

255 1396 679 1464 Atrebatensis,
712 1415 840 1469 quae
870 1397 928 1452 in
970 1397 1249 1452 comitatu
1287 1400 1388 1452 tuo
1428 1393 1766 1468 principalis
1795 1396 1908 1460 est,

256 1503 325 1543 ex
363 1485 694 1559 apostolicae
750 1486 908 1542 sedis
939 1485 1225 1557 dignitate
1283 1484 1634 1540 cardinalem
1695 1482 1912 1554 recepit

254 1574 621 1647 episcopum.
671 1574 820 1630 Eum
876 1590 1015 1646 ergo
1072 1578 1129 1629 et
1175 1573 1225 1629 ei
1280 1573 1658 1628 commissam
1717 1571 1908 1626 Eccle-

255 1664 405 1720 siam
437 1662 728 1720 nobilitati
772 1667 883 1719 tua:
933 1663 1147 1719 litteris
1179 1662 1562 1736 praesentibus
1609 1675 1909 1716 commen-

257 1752 498 1820 damus,
546 1757 616 1808 iet
666 1751 726 1808 in
783 1757 1153 1825 peccatorum
1212 1755 1446 1808 tuorum
1502 1748 1905 1805 remissionem

255 1841 659 1915 praecipientes
690 1846 755 1897 ut
800 1858 934 1898 eum
984 1842 1181 1897 debita
1211 1840 1546 1897 obedientia
1594 1838 1906 1905 venereris,

255 1930 497 2000 tuearis,
528 1931 792 2000 adiuves,
814 1935 987 2002 atque
1020 1931 1091 1986 ad
1126 1930 1488 1987 restituenda
1509 1928 1695 2001 ipsius
1727 1926 1911 1983 Eccle-
1940 1988 1943 1993 _

256 2018 356 2074 size
382 2018 536 2075 bona
565 2018 763 2073 auxilii
795 2018 879 2074 tui
910 2019 1215 2075 brachium
1249 2019 1439 2074 modis
1469 2018 1745 2073 omnibus
1778 2033 1910 2089 por-

257 2108 437 2181 rigas.

325 2197 477 2255 Data
506 2196 702 2254 Romae
734 2215 772 2253 ιι
806 2196 1047 2255 Kalend.
1078 2196 1313 2269 Aprilis.

334 2392 543 2451 Urbani
567 2408 731 2466 papae
758 2393 829 2459 II,
859 2393 1130 2466 sententia
1159 2391 1223 2447 de
1245 2392 1569 2463 subjectione
1596 2391 1842 2447 Dolenszs

702 2466 953 2521 Ecclesiae
984 2463 1054 2520 ad
1085 2465 1466 2519 Turonensem.

889 2554 1075 2624 (Anno
1106 2553 1291 2621 1094.)

514 2643 800 2713 [Mam-su.
836 2641 1122 2698 Thesaur.
1154 2640 1350 2696 Anecd.
1387 2640 1484 2708 lli,
1516 2640 1665 2710 879.]

332 2747 610 2805 URBANUS
638 2750 973 2821 episcopus,
998 2763 1203 2804 servus
1224 2763 1523 2803 servorum
1563 2746 1679 2814 Dei,
1702 2746 1915 2802 dilecto

261 2835 429 2892 fratri
489 2836 823 2907 RADULPHO,
875 2836 1199 2892 Turonensi
1260 2834 1719 2908 archiepiscOpo,
1764 2838 1917 2907 ejus-

262 2939 378 2997 que
417 2927 859 2983 successoribus
908 2925 1187 2981 canonice
1235 2924 1665 2981 substituendis
1693 2924 1751 2980 in
1787 2941 1915 2997 per-

264 3018 532 3087 petuum.

1421 203 1825 269 EPISTOLIE
1866 199 1968 265 ET
2012 196 2485 267 PRIVILEGIA.

1925 339 1981 406 Α
2009 353 2189 393 causa
2209 335 2516 393 sollicitius
2537 336 2873 408 agitaretur,
2888 340 2946 391 et
2966 332 3257 407 siquidem
3280 352 3381 409 per
3399 336 3654 408 alicujus

1937 1706 1988 1772 B

3533 200 3650 264 386

2006 424 2277 480 catholici
2306 430 2362 480 et
2395 424 2596 496 legalis
2626 441 2787 497 papae
2817 424 3221 480 auctoritatem
3256 424 3654 481 autbenticam

2008 531 2070 569 se
2098 514 2248 569 tueri
2292 513 2559 570 Dolensis
2589 512 2858 585 nequiret
2898 513 3235 586 episcopus;
3269 514 3340 569 de
3364 517 3566 569 caetero
3597 520 3657 570 et

2007 602 2134 675 ipse
2180 606 2239 658 et
2290 602 2476 658 certari
2538 602 2951 658 Britannorum
3004 602 3297 658 antistites
3354 602 3657 659 Turonicie

2010 690 2275 747 Ecclesia;
2328 695 2609 762 tanquam
2663 690 2969 762 metropoli
3030 691 3276 763 pr0priaz
3330 692 3659 760 obedirent,

2009 779 2199 852 ipsius
2229 796 2460 851 quoque
2490 780 2549 835 in
2581 777 2920 852 episcopatu
2955 795 3324 837 successores
3354 796 3659 853 nunquam

2011 869 2258 924 ulterius
2279 868 2523 940 pallium
2551 868 2897 925 obtinerent.
2914 871 3161 930 Ostensa
3180 874 3269 925 est
3296 869 3473 926 etiam
3502 869 3662 943 lega-

2011 960 2204 1012 torum
2224 956 2324 1028 qui
2346 957 2404 1011 in
2428 956 2723 1028 provincia
2744 955 3053 1012 concilium
3073 961 3312 1029 egerant
3331 962 3664 1032 perpetrata

2013 1044 2295 1111 definitio,
2319 1045 2419 1117 qui
2446 1061 2581 1100 cum
2606 1044 2868 1100 Dolensis
2900 1044 3061 1100 nulla
3085 1062 3326 1102 causam
3357 1060 3527 1103 suam
3559 1064 3662 1103 au-

2012 1133 2271 1189 thentiea
2300 1133 2645 1188 auctoritate
2684 1134 2969 1205 potuisset
3001 1134 3329 1202 defendere,
3351 1135 3664 1207 Gregorius

2015 1237 2167 1293 papa
2194 1220 2564 1275 sententiam.
2594 1261 2608 1274 .
2634 1261 2648 1275 .
2676 1262 2688 1275 .
2717 1261 2731 1275 .
2764 1220 3001 1291 scriptis
3038 1225 3095 1277 et
3132 1220 3665 1295 subscriptionibus

2016 1308 2371 1364 omnimodis
2415 1312 2766 1373 statuerunt,
2802 1314 2867 1363 ut
2916 1310 3183 1365 videlicet
3227 1314 3349 1365 tam
3400 1310 3665 1368 Dolensis

2018 1415 2194 1470 quam
2226 1397 2412 1452 cmteri
2446 1397 2856 1453 Britannorum
2888 1397 3145 1470 episcopi
3180 1398 3480 1455 Turonicaa
3512 1415 3664 1455 sem-

2017 1503 2121 1559 per
2148 1484 2413 1541 Ecclesise
2443 1485 2831 1556 subjacerent.
2855 1491 2995 1541 (lum
3024 1487 3092 1541 ad
3124 1486 3243 1541 hch
3263 1486 3667 1560 Dolensis,qui

2019 1575 2211 1631 adhuc
2269 1576 2488 1642 aderat,
2522 1575 2899 1646 responderet
2955 1591 3017 1630 se
3072 1591 3189 1630 non
3242 1576 3316 1631 ad
3372 1577 3666 1648 agendum

2018 1664 2266 1730 venisse,
2292 1669 2562 1735 paratum
2606 1669 2801 1718 tamen
2848 1680 2981 1717 cum
3026 1663 3317 1735 episcopis
3361 1663 3667 1735 provinciis

2018 1768 2275 1823 congruo
2305 1757 2565 1823 tempore
2596 1753 2967 1823 respondere,
2991 1767 3118 1816 nos,
3152 1756 3399 1825 utroque
3428 1769 3670 1810 consen-

2017 1844 2220 1911 tiente,
2251 1841 2656 1914 disposuimus
2686 1848 2750 1896 ut
2781 1842 2837 1895 in
2864 1842 3111 1912 proximi
3143 1840 3283 1896 anni
3313 1841 3507 1897 media
3524 1844 3672 1909 Qua-

2018 1932 2351 2004 dragesima
2384 1935 2629 2002 uterque
2672 1936 2871 1985 nostro
2922 1947 2984 1985 se
3031 1930 3368 2003 conspectui
3416 1947 3670 2003 praesen-

2018 2026 2210 2076 tarent
2241 2037 2254 2074 :
2290 2020 2389 2091 qui
2423 2025 2617 2074 autem
2648 2035 2708 2073 se
2752 2025 2890 2073 tunc
2941 2020 3066 2073 sine
3113 2020 3393 2075 canonico
3422 2020 3672 2092 impedi-

2021 2116 2216 2165 mento
2247 2108 2614 2165 subtraheret
2642 2112 2744 2163 aut
2767 2108 3055 2175 deficeret,
3084 2125 3324 2163 causam
3354 2109 3669 2165 amitteret.

2022 2200 2251 2255 Statuto
2283 2202 2480 2254 autem
2520 2202 2803 2269 tempore,
2833 2212 2967 2251 cum
3014 2212 3121 2251 nos
3148 2197 3206 2251 in
3238 2196 3389 2253 Urbe
3413 2213 3672 2254 morare-

2022 2305 2175 2353 mur,
2238 2285 2503 2343 Dolensis
2558 2284 2900 2357 neutiquam
2949 2285 3123 2353 venit,
3183 2290 3286 2341 tua
3340 2286 3674 2343 fraternitas

2022 2380 2232 2450 praesto
2264 2376 2391 2431 fuit.
2416 2373 2666 2441 Quaasita
2703 2379 2793 2429 est
2821 2373 2880 2428 in
2914 2372 3157 2447 registro
3192 2375 3246 2430 Β.
3277 2374 3539 2449 Gregorii
3569 2392 3672 2449 pa-

2022 2483 2105 2538 pre
2137 2466 2240 2520 V11
2273 2463 2579 2520 sententia.
2614 2464 2683 2518 Et
2719 2463 2800 2518 ita
2845 2462 3083 2517 omnino
3115 2463 3269 2519 sicut
3298 2464 3673 2521 audieramus

2022 2557 2273 2611 inventa.
2310 2553 2557 2608 Ostensa
2616 2557 2754 2607 sunt
2809 2552 2987 2606 etiam
3041 2552 3260 2608 Nicolai
3317 2557 3375 2609 et
3427 2554 3674 2609 Joannis

2024 2646 2419 2700 Romanorum
2454 2640 2794 2714 pontificum
2839 2640 3201 2697 monimenta
3227 2642 3285 2697 id
3318 2642 3672 2711 astruentia;

2025 2733 2234 2789 Leonis
2266 2746 2497 2803 quoque
2528 2730 2602 2785 IX
2631 2729 2930 2785 decretum
2975 2729 3243 2785 eamdem
3290 2747 3531 2787 causam
3563 2730 3675 2787 sub

2024 2819 2415 2878 anathematis
2453 2818 2749 2873 additione
2787 2818 3161 2874 confirmans.
3194 2819 3418 2874 Auditis
3447 2823 3591 2875 sunt
3617 2824 3675 2875 et

2025 2910 2222 2967 fratris
2250 2908 2437 2964 nostri
2468 2906 2733 2962 Dolensis
2760 2907 3017 2979 epiSOOpi
3050 2924 3152 2979 per
3183 2908 3498 2979 quemdam
3531 2924 3678 2964 nun-

2025 3000 2176 3055 tium
2212 2997 2615 3053 excusationes
2641 3011 2654 3050 :
2680 3011 2793 3049 non
2826 3000 2964 3050 tunc
2995 2994 3270 3067 legitimae.
3306 2995 3674 3052 videbantur.

330 3107 677 3161 Sanctorum
694 3119 986 3160 canonum
1019 3103 1280 3158 decernit
1299 3102 1616 3158 auctoritas
1638 3106 1702 3157 ut
1732 3102 1914 3173 majo-
1944 3071 1989 3140 δ
2028 3088 2316 3145 omnibus
2332 3087 2528 3157 ίίειίιυθ
2543 3083 3300 3173 Ρβτῖνξλοῖθῑίειίηοοηουεεα
3318 3086 3677 3141 conﬂatm!”

264 3209 359 3248 res
380 3191 761 3250 ecclesiarum
782 3209 971 3247 causa;
993 3190 1324 3263 apostolicis
1343 3192 1499 3247 sedis
1514 3190 1737 3262 judicio
1758 3190 1917 3246 deci-

266 3282 500 3337 dantur.
525 3280 786 3345 Qualiter
813 3280 994 3352 igitur
1020 3278 1380 3335 Turonensis
1419 3279 1685 3334 Ecclesiw
1716 3284 1920 3334 contra

271 3368 575 3425 Dolensem
598 3369 939 3442 episcopum
962 3367 1201 3440 querela
1221 3367 1438 3423 nostris
1457 3367 1536 3423 sit
1557 3369 1917 3439 temporibus

267 3460 644 3528 pertractata,
661 3461 719 3512 et
747 3456 1119 3530 praesentium
1140 3454 1416 3510 volumus
1449 3453 1664 3509 notitiis
1694 3458 1918 3510 certum

266 3545 415 3612 ﬁeri,
449 3550 508 3601 et
536 3546 869 3601 futurorum
903 3543 1245 3599 memoriam
1278 3560 1393 3599 non
1425 3542 1621 3598 latere.
1655 3541 1922 3599 Dolensis

266 3633 562 3706 siquidem
580 3634 892 3707 episcopus
914 3632 1212 3688 Rolandus
1228 3648 1381 3686 anno
1399 3631 1711 3686 Dominicis
1734 3632 1924 3688 Incur-

264 3722 525 3779 nationis
558 3723 697 3777 1093
727 3723 796 3777 ad
830 3726 1093 3776 nostram
1119 3719 1487 3791 prasentiam
1520 3719 1777 3788 veniens,
1798 3720 1923 3792 pal-

268 3811 413 3866 lium
444 3810 614 3884 quasi
660 3811 1072 3866 Britannorum
1115 3808 1590 3881 archiepiscopus
1630 3809 1920 3881 expetivit.

265 3899 449 3971 Cujus
477 3916 612 3955 cum
651 3915 851 3970 preces
881 3898 1104 3952 diutius
1135 3913 1557 3965 aversaremur,
1592 3897 1923 3969 apostolicae

266 3987 568 4043 memoriis
591 3987 852 4060 Gregorii
883 3984 1121 4057 septimi
1150 3984 1380 4040 litteras
1412 3987 1769 4056 praeferebat,
1794 3987 1925 4059 qui-

272 4076 389 4131 bus
410 4076 831 4132 ostendebatur
849 4075 1020 4130 Ivano
1041 4074 1272 4130 cuidam
1302 4073 1535 4130 Dolensi
1563 4075 1835 4149 episcopo
1870 4080 1928 4132 et

267 4165 402 4235 ejus
420 4164 862 4221 successoribus
884 4162 1130 4236 pallium
1148 4163 1219 4218 ab
1238 4163 1439 4219 eodem
1458 4163 1775 4237 apostolico
1796 4182 1929 4221 con-

266 4254 580 4318 tributum,
596 4252 754 4309 salva
776 4257 973 4308 tamen
997 4250 1235 4324 querela
1253 4252 1611 4308 Turonensis
1636 4252 1927 4326 Ecclesiae,

267 4346 342 4398 ut
363 4343 414 4398 si
436 4343 673 4414 quando
693 4343 922 4398 actione
945 4340 1202 4414 legitima
1230 4341 1519 4412 potuisset
1549 4342 1793 4413 probare
1813 4342 1926 4399 Do-

2028 3185 2360 3233 nostrorum
2402 3171 2645 3229 Joannis
2689 3171 3047 3242 Portuensis,
3079 3171 3284 3227 Ubaldi
3315 3173 3678 3240 Sabinensis,

2026 3265 2270 3323 Joannis
2282 3259 3056 3325 Tusculanensis,Brunonis
3068 3260 3680 3331 Signiensis,Daiberti

2031 3353 2245 3422 Pisani,
2269 3351 2559 3408 Lamberti
2578 3348 2976 3405 Atrebatensis
2996 3349 3428 3420 episcoporum,
3451 3354 3509 3404 et
3538 3366 3681 3407 non-

2031 3443 2324 3500 nullorum
2359 3445 2567 3495 nostra;
2596 3437 2859 3494 Ecclesiae
2885 3436 3251 3505 clericorum,
3279 3438 3678 3495 Romanorum

2031 3548 2262 3607 quoque
2285 3528 2554 3602 judicum
2580 3533 2637 3583 et
2678 3526 2927 3583 aliorum
2959 3526 3358 3584 consularium
3384 3543 3398 3585 :
3426 3545 3495 3585 ex
3520 3544 3682 3585 com-

2031 3622 2196 3679 muni
2223 3618 2467 3677 consilio
2493 3618 2683 3673 visum
2715 3623 2804 3673 est
2834 3616 3044 3673 harum
3075 3633 3435 3690 rerum,quaa
3466 3634 3569 3691 per
3597 3620 3686 3673 tot

2031 3709 2382 3785 apostolicos
2414 3707 2719 3780 pontiﬁces
2745 3706 3101 3763 confirmatae
3131 3711 3379 3775 fuerant,
3404 3707 3685 3763 deﬁnitio-

2032 3818 2165 3858 nem
2196 3799 2427 3872 plenam
2469 3814 2584 3851 non
2617 3795 2824 3851 debere
2864 3796 3105 3865 diil‘erri,
3139 3812 3243 3850 nec
3269 3796 3437 3851 illum
3467 3796 3681 3853 lucrari

2033 3891 2243 3947 debere
2263 3886 2609 3952 absentiam,
2622 3884 2724 3956 qui
2746 3900 2808 3939 se
2825 3888 3033 3956 arguta
3050 3884 3365 3940 calliditate
3384 3884 3683 3942 subtraxe-

2035 3980 2128 4035 rit.
2162 3979 2231 4033 Et
2283 3993 2389 4031 nos
2446 3975 2627 4045 igitur
2680 3978 3041 4038 sanctorum,
3076 3988 3225 4043 quos
3282 3972 3679 4044 praediximus,

2034 4067 2526 4140 praedecessorum
2561 4064 2895 4115 nostrorum
2926 4065 3151 4115 statuta
3181 4060 3505 4128 ﬁrmantes,
3539 4076 3684 4133 prie-

2036 4155 2188 4212 senti
2220 4154 2449 4208 decreto
2481 4149 2779 4206 sancimus
2810 4153 2892 4217 ut,
2912 4147 3065 4203 sicut
3103 4149 3177 4203 ab
3209 4148 3355 4220 ipsis
3384 4149 3685 4206 decretum

2037 4250 2144 4314 est,
2157 4249 2279 4299 tam
2298 4238 2565 4297 Dolensis
2582 4254 2758 4309 quam
2776 4236 2965 4291 caeteri
2983 4236 3260 4309 deinceps
3272 4235 3686 4294 Britannorum

2036 4330 2295 4408 episcopi
2325 4331 2727 4386 Turonensem
2757 4324 3075 4381 Ecclesiam
3111 4342 3280 4382 suam
3312 4342 3441 4382 esse
3471 4330 3686 4384 metro-

264 4430 494 4487 lensem
528 4435 884 4502 ceterosque
926 4428 1234 4485 Britanniae
1284 4428 1569 4485 citerioris
1624 4430 2007 4503 episcoposD
2038 4422 2217 4497 polim
2276 4420 2715 4492 recognoscant,
2763 4419 2821 4470 εἴ
2870 4415 3133 4503 debitam
3191 4415 3243 4471 εί
3300 4414 3687 4472 revertimini!)

264 4519 481 4576 debere
533 4518 838 4591 metropoli
876 4518 1177 4573 Turonicte
1224 4517 1458 4589 subjici,
1499 4517 1929 4589 subjicerentur

265 4608 533 4681 quidem,
557 4607 826 4664 Dolensis
857 4612 1053 4663 tamen
1075 4623 1251 4662 usum
1286 4605 1443 4678 pallii
1482 4606 1787 4663 obtineret.
1811 4608 1927 4664 Has

262 4696 495 4752 litteras
522 4695 782 4769 Gregorii
806 4713 965 4767 papae
993 4712 1098 4750 nec
1130 4695 1329 4750 minus
1347 4711 1450 4749 nec
1473 4694 1727 4767 amplius
1746 4713 1926 4767 quam

264 4801 425 4857 papa
443 4785 708 4856 jusserat
735 4785 1053 4851 continere,
1077 4799 1211 4839 cum
1245 4784 1423 4838 frater
1447 4788 1646 4839 noster
1664 4783 1928 4841 Dolensis

268 4873 585 4946 episcopus
605 4872 996 4945 jurejurando
1019 4874 1330 4937 firmasset,
1350 4888 1458 4926 nos
1478 4873 1526 4927 ei
1553 4872 1792 4944 pallium
1818 4875 1928 4930 sub

270 4961 479 5017 eadem
509 4961 843 5018 conditione
884 4962 1307 5017 concessimus.
1334 4960 1587 5017 Veniens
1630 4967 1762 5033 post
1809 4963 1929 5017 haec

270 5048 346 5104 ad
378 5066 485 5105 nos
506 5049 649 5106 dum
672 5048 983 5105 Beneventi
1008 5064 1277 5105 essemus
1293 5052 1393 5104 tua
1423 5050 1764 5117 strenuitas,
1787 5050 1926 5106 cha-

272 5137 510 5195 rissima
558 5139 738 5195 frater
781 5136 1029 5194 Radulfe
1058 5138 1420 5193 Turonensis
1470 5137 1926 5212 archiepiscope,

270 5227 540 5296 eiusdem
570 5243 732 5298 papa
787 5226 1049 5301 Gregorii
1104 5229 1305 5282 nostro
1354 5226 1663 5282 conventui
1707 5226 1931 5284 litteras

267 5316 807 5388 praesentaviaquae
840 5315 1252 5388 signiﬁcabant
1276 5331 1516 5371 causam
1548 5314 1698 5371 hanc
1734 5316 1929 5373 Rome

266 5404 332 5459 in
385 5403 635 5460 concilio
691 5408 1091 5471 retractatum,
1153 5403 1254 5459 ubi
1310 5407 1445 5476 post
1500 5404 1929 5462 discussionem

265 5491 568 5549 diutinam
598 5493 957 5568 dispositum
990 5493 1180 5550 fuerat
1208 5496 1274 5548 ut
1302 5510 1336 5550 a
1362 5491 1571 5568 legatis
1597 5493 1755 5550 sedis
1791 5510 1930 5569 apo-

265 5579 491 5643 stolicis
523 5580 839 5643 concilium
869 5581 930 5642 in
961 5580 1261 5661 provincia
1290 5586 1697 5658 convocarent,
1721 5583 1782 5643 in
1814 5601 1930 5661 quo

2036 4526 2270 4583 semper
2298 4507 2610 4564 exhibeant
2641 4521 2652 4559 :
2688 4520 2792 4559 nec
2822 4502 2941 4559 ullo
2977 4504 3224 4560 ulterius
3253 4508 3515 4577 tempore
3558 4510 3690 4578 post

2037 4598 2283 4656 Rolandi
2327 4596 2551 4651 obitum
2600 4593 2671 4648 ad
2720 4591 2881 4663 pallii
2932 4609 3107 4648 usum
3158 4593 3426 4651 Dolensis
3473 4594 3691 4667 aspiret

2036 4689 2365 4763 episcopus.
2408 4684 2596 4738 Tuam
2638 4682 2835 4753 itaque
2887 4681 3362 4753 sollicitudinem,
3405 4683 3583 4739 frater
3628 4683 3688 4737 in

2036 4777 2265 4834 Christo
2288 4770 2654 4838 charissima,
2679 4770 2985 4826 adhortum
2996 4788 3084 4835 ur,
3104 4776 3170 4825 ut
3188 4776 3361 4826 tantae
3383 4770 3688 4843 dignitatis

2038 4866 2226 4940 gratia
2255 4864 2493 4935 dignam
2526 4877 2587 4915 se
2617 4876 2849 4931 semper
2889 4861 3120 4914 studeat
3153 4860 3688 4924 exhibere.Quanto

2039 4956 2215 5011 altius
2238 4950 2591 5025 preceminet,
2607 4953 2769 5004 tanto
2788 4947 2962 5003 altius
2984 4947 3272 5002 bonorum
3296 4962 3538 5018 operum
3562 4946 3690 5003 luce

2037 5042 2398 5117 praefulgcat.
2426 5040 2628 5095 Pacem
2674 5053 2808 5093 cum
2841 5036 3116 5091 omnibus
3159 5039 3439 5107 sequatur
3465 5039 3523 5090 et
3553 5051 3690 5091 san-

2040 5131 2378 5188 ctimoniam
2411 5144 2425 5181 :
2459 5127 2518 5181 in
2570 5125 2868 5198 prosperis
2897 5122 3161 5191 humilis,
3193 5129 3252 5179 et
3296 5123 3357 5178 in
3407 5123 3686 5193 adversis,

2038 5223 2089 5279 si
2120 5218 2356 5293 quando
2386 5214 2680 5282 eveniunt,
2713 5213 3041 5270 inveniatur
3067 5229 3201 5268 cum
3237 5213 3472 5284 justitia
3500 5218 3691 5271 erecta

2041 5311 2229 5367 amica
2259 5307 2451 5374 bonis,
2484 5306 2771 5377 perversis
2814 5300 3125 5371 contraria,
3158 5302 3380 5359 nullius
3424 5320 3689 5377 unquam

2038 5401 2247 5458 faciem
2272 5402 2474 5454 contra
2504 5394 2806 5451 veritatem
2836 5391 3143 5465 recipiens,
3174 5393 3398 5450 nullius
3428 5410 3691 5467 unquam

2040 5491 2245 5548 faciem
2278 5504 2383 5561 pro
2414 5486 2653 5544 veritate
2682 5484 3019 5556 loquentem
3050 5500 3342 5558 premens.
3373 5484 3700 5542 Misericor-

2038 5581 2146 5645 dia
2173 5577 2448 5661 operibus
2465 5577 2635 5651 juxta
2651 5574 2927 5635 virtutem
2949 5574 3293 5640 substantia
3314 5574 3616 5655 insistens,
3632 5577 3694 5642 st
