4004 6162
315 184 430 244 387

1611 176 1679 242 B.
1728 172 2024 243 URBANI
2070 183 2121 242 II
2172 182 2419 242 PAP/E.

3603 182 3722 247 388

313 322 511 374 tamen
541 315 814 373 insistere
862 334 1040 390 supra
1065 318 1339 374 virtutem
1392 314 1653 387 cupiens,
1705 313 1957 368 inﬁrmis
1984 318 2039 380 Α
2070 330 2279 370 norum
2331 331 2508 387 quam
2568 314 2837 386 judicum
2893 318 2950 372 et
3005 315 3253 372 aliorum
3318 317 3719 399 consularium

316 407 700 480 compatiens,
722 407 868 463 bene
896 407 1226 463 volentibus
1247 403 1727 477 congaudens,de
1756 402 1964 458 alienis

314 496 546 570 gaudiis
594 501 876 568 tanquam
909 497 979 552 de
1026 495 1279 569 propriis
1324 492 1643 558 exsultans,
1678 491 1737 546 in
1784 492 1961 547 corri-

313 587 519 659 gendis
548 586 706 642 vitiis
737 586 829 659 pie
850 586 1109 650 saeviens,
1136 585 1195 639 in
1235 582 1496 638 fovendis
1521 580 1835 637 virtutibus
1867 598 1966 637 au-

315 676 570 732 ditorum
601 675 865 731 animum
900 672 1260 739 demulcens,
1296 672 1352 726 in
1394 671 1481 725 ira
1509 670 1800 742 judicium
1836 670 1964 726 sine

311 764 399 820 ira
427 769 653 831 tenens,
679 763 735 817 in
761 759 1179 833 tranquillitate
1210 759 1536 815 severitatis
1553 759 1730 829 justas
1753 776 1959 815 censu-

311 871 436 910 ram
487 869 599 908 non
662 852 956 916 deserens,
993 854 1056 904 ut
1112 848 1372 904 ofﬁcium
1423 847 1577 920 quod
1635 847 1963 903 forinsecus

310 942 720 1006 administras,
796 937 1038 993 interius
1106 954 1299 993 coram
1361 935 1567 991 divina:
1635 936 1963 1007 majestatis

309 1030 495 1088 oculis
526 1028 789 1101 impleas.
815 1025 1260 1083 Fraternitatem
1291 1030 1455 1082 tuam
1487 1041 1743 1098 superna
1765 1025 1965 1097 digna-

307 1121 389 1176 tio
417 1135 520 1191 per
546 1123 813 1189 tempora
855 1115 1031 1188 longa
1069 1118 1370 1171 conservet
1401 1114 1775 1170 incolumem.
1807 1115 1958 1169 Scri-

307 1214 473 1281 ptum
504 1224 606 1280 per
635 1222 875 1262 manum
910 1204 1059 1260 Petri
1089 1204 1379 1261 scriniarii
1409 1204 1559 1259 sacri
1590 1202 1814 1275 palatii.

378 1298 437 1352 S.
470 1297 694 1352 Petrus.
729 1296 786 1350 S.
821 1293 1057 1349 Paulus.

377 1386 648 1442 Urbanus
680 1401 831 1457 papa
863 1384 932 1438 ΙΙ.

781 1474 945 1527 Locus
975 1472 1478 1543 mo-nogrammatis.

396 1579 745 1619 BENEDICTUS
787 1577 929 1616 DEUS
971 1578 1036 1615 ET
1076 1577 1252 1615 PATER
1291 1576 1496 1615 DOMINI
1538 1576 1694 1615 NOSTI
1733 1575 1868 1614 JESU

1002 1647 1247 1687 CHRISTI.

376 1727 585 1781 Datum
620 1724 812 1778 Romae
862 1737 965 1793 per
1003 1737 1243 1775 manum
1290 1718 1531 1775 Joannis
1579 1722 1789 1774 sanctae
1840 1718 1949 1774 Ro-

305 1830 491 1870 manae
542 1810 806 1867 Ecclesiae
839 1808 1068 1865 diaconi
1118 1808 1453 1873 eardinalis,
1481 1808 1663 1864 Nonis
1710 1806 1951 1879 Aprilis,

303 1902 617 1958 indictione
648 1917 709 1967 ιι,
743 1915 894 1954 anno
945 1897 1257 1953 Dominicis
1312 1895 1755 1964 Incarnationis,
1792 1897 1947 1963 1094,
1982 1948 1983 1957 χ

303 1991 682 2065 pontificatus
711 2003 845 2044 vero
877 1985 1075 2042 domui
1105 1985 1321 2041 Urbani
1354 1986 1400 2040 ΙΙ
1431 2002 1593 2058 papae
1620 1985 1889 2058 septimo.

1037 2074 1219 2130 CXIV.

304 2168 511 2225 Urbani
551 2183 706 2239 papae
755 2166 804 2221 Il
850 2164 1077 2239 epistola
1111 2162 1181 2217 ad
1227 2165 1508 2239 universos
1555 2164 1826 2239 episcopos
1850 2179 1952 2239 per

372 2235 719 2294 Britanniam
773 2235 1104 2291 conStitutos.
1160 2266 1228 2273 —
1293 2235 1587 2304 Conﬁrmat
1657 2236 1951 2289 sententias

369 2312 607 2365 aliorum
646 2323 984 2363 summorum
1012 2306 1353 2377 pontiﬁcum,
1381 2307 1741 2377 praecipiti/ue
1779 2307 1859 2360 eis
1887 2310 1951 2361 ut

371 2382 664 2437 Turonensi
691 2379 1093 2449 archiepiscopo
1118 2386 1380 2450 tanquam
1406 2378 1821 2448 metropolitano
1844 2394 1946 2448 pa-

370 2456 548 2508 reant.

922 2539 1108 2610 (Anno
1145 2537 1328 2607 1094.)

625 2629 909 2700 [Mauram
944 2616 1090 2682 Thes.
1126 2625 1321 2682 Anecd.
1356 2626 1451 2694 ΙΙΙ,
1482 2627 1634 2696 881.]

371 2720 476 2776 Pro
507 2717 816 2774 confratris
839 2716 1024 2771 nostri
1053 2714 1319 2770 Dolensis
1341 2713 1597 2786 epiSCOpi
1618 2719 1677 2769 et
1697 2713 1946 2769 aliorum

298 2826 366 2865 ex
387 2808 551 2864 vobis
571 2805 961 2879 quorumdam
983 2803 1312 2859 obedientia
1332 2803 1656 2858 Turonensi
1676 2802 1945 2859 Ecclesiae

296 2900 599 2971 denegata,
617 2897 947 2967 frequentes
969 2891 1236 2965 querelas
1256 2892 1327 2948 ad
1352 2892 1549 2948 sedem
1567 2891 1943 2963 apostolicam

296 2986 650 3059 provenisse,
678 2982 895 3039 multas
915 2982 1178 3054 ejusdem
1212 2980 1292 3037 rei
1319 2980 1716 3036 discussiones
1748 2997 1946 3052 perpe-

1982 1679 2030 1744 B

2070 403 2470 475 adjudicatum
2503 407 2611 472 est,
2644 403 2854 461 harum
2904 422 3099 462 rerum
3130 424 3257 478 quae
3296 423 3401 479 per
3445 410 3532 464 tot
3578 424 3724 481 apo-

2071 492 2311 549 stolicos
2367 493 2674 565 pontiﬁces
2722 494 3077 550 confirmatae
3130 496 3383 563 fuerant,
3432 496 3722 554 deﬁnitio-

2071 597 2204 636 nem
2258 581 2491 653 plenam
2550 599 2665 637 non
2724 582 2931 638 debere
2986 584 3225 641 differri.
3261 584 3445 658 Igitur
3500 589 3558 641 et
3613 603 3722 642 nos

2070 686 2271 726 eorum
2304 674 2524 726 statuta
2565 671 2887 741 ﬁrmantes,
2920 673 3296 744 praesentium
3327 673 3491 730 vobis
3522 678 3720 729 aucto-

2071 760 2240 815 ritate
2295 760 2666 833 praaeipimus
2723 764 2817 823 ut,
2867 761 3020 816 sicut
3079 762 3153 819 ab
3209 763 3355 835 ipsis
3419 764 3720 820 decretum

2070 852 2179 916 est,
2225 849 2550 904 Turonensi
2581 848 2856 921 deinceps
2906 850 3340 924 archiepiscopo
3388 869 3540 922 eam,
3590 869 3720 925 quas

2070 937 2582 1009 metropolitanum
2632 937 2816 1005 decet,
2862 940 3256 997 obedientiam
3301 940 3571 997 exhibere
3618 958 3721 997 σοι

2070 1027 2233 1082 retis.
2828 1046 2833 1053 ‘

2140 1117 2352 1171 Datum
2386 1116 2579 1171 Romae
2613 1134 2673 1171 ΙΙΙ
2708 1117 2845 1172 Idus
2876 1117 3112 1189 Aprilis.

2815 1206 2978 1261 CXV.

2071 1294 2276 1351 Urbani
2306 1295 2353 1349 11
2378 1295 2606 1366 epistola
2625 1294 2706 1368 ad
2736 1295 3064 1368 Rainaldum
3098 1297 3410 1362 Remensem
3440 1298 3717 1368 archiepi-

2135 1381 2372 1437 scopum.
2394 1396 2460 1404 -—
2484 1366 2632 1434 Quod
2663 1367 2951 1421 Fulconem
2991 1368 3368 1423 Belvacemem
3409 1366 3720 1440 episwpum

2135 1453 2317 1492 coram
2339 1453 2398 1491 se
2422 1442 2716 1508 purgatum
2741 1455 2774 1492 a
2793 1440 3026 1493 crimine
3048 1440 3247 1494 iterum
3268 1442 3505 1510 purgari
3531 1442 3717 1497 volue-

2136 1512 2231 1576 rit,
2265 1511 2534 1578 queritur.

2681 1580 2870 1650 (Anno
2905 1580 3085 1650 1094).

2491 1650 2721 1721 [ΜΑΝ81,
2753 1651 2957 1707 Concil.
2992 1652 3102 1719 ΧΧ,
3133 1653 3287 1724 711.]

2134 1739 2410 1795 υηΒΑΝυε
2458 1739 2788 1813 episcopus,
2822 1758 3024 1796 servus
3073 1758 3373 1798 servorum
3422 1742 3543 1811 Dei,
3576 1742 3713 1799 cha-

2061 1828 2313 1885 rissimis
2362 1828 2641 1884 fratribus
2688 1829 2753 1884 R.
2790 1829 3061 1886 Remensi
3103 1831 3543 1905 archiepiscopo
3589 1832 3714 1903 eju-

2061 1934 2207 1990 sque
2238 1916 2623 1989 suft'raganeis
2653 1917 2905 1973 salutem
2935 1924 2992 1974 et
3030 1918 3407 1991 apostolicam
3442 1919 3714 1977 benedic-

2062 2006 2304 2062 tionem.

2132 2095 2500 2152 Fraternitati
2529 2098 2730 2151 vestrae
2762 2095 3137 2151 notissimum
3179 2096 3476 2152 credimus
3507 2108 3714 2168 quem-

2060 2185 2377 2240 admodum
2409 2201 2560 2239 anno
2601 2185 2886 2256 praeterito
2930 2184 3002 2239 ad
3054 2184 3451 2255 apostolorum
3505 2183 3715 2240 limina

2061 2272 2235 2351 Fulco
2266 2272 2630 2328 Belvacensis
2668 2272 2974 2345 episcopus
3002 2272 3239 2330 veniens
3272 2273 3426 2329 ultro
3480 2273 3538 2328 in
3589 2290 3714 2329 ma-

2059 2362 2234 2418 nibus
2267 2363 2485 2417 nostris
2506 2362 2902 2434 episcopatum
2930 2378 2998 2417 ex
3028 2362 3252 2435 integro
3276 2362 3567 2418 refutavit.
3593 2363 3711 2419 Nos

2058 2456 2252 2506 autem
2293 2451 2622 2506 necessitati
2670 2450 3076 2507 ecclesiasticae
3107 2452 3547 2523 dispensatione
3574 2469 3715 2524 apo-

2057 2539 2263 2595 stolica
2310 2540 2700 2612 providentes,
2743 2538 2929 2595 eidem
2975 2540 3136 2595 fratri
3184 2540 3400 2596 nolenti
3452 2544 3510 2597 et
3557 2541 3714 2597 reni-

2055 2629 2198 2683 tenti
2222 2629 2592 2701 epsicopatus
2623 2645 2821 2684 curam
2856 2629 3243 2700 injunximus,
3268 2632 3490 2685 retenta
3517 2633 3713 2686 tamen

2056 2716 2411 2790 pontiﬁcalis
2462 2717 2638 2772 ofﬁcii
2694 2716 3090 2789 plenitudine;
3145 2720 3423 2791 quoniam
3473 2718 3712 2791 quidem

2055 2811 2277 2880 patrem
2300 2806 2427 2876 ejus
2451 2822 2554 2877 pro
2575 2805 2764 2878 ipsius
2786 2805 3067 2861 electione
3090 2808 3401 2878 pecuniam
3425 2806 3711 2863 obtulisse

2055 2912 2257 2951 rumor
2285 2895 2600 2951 exstiterat.
2622 2896 2903 2950 Caeterum
2938 2898 3069 2967 post
3094 2894 3462 2967 aliquantum
3485 2899 3713 2968 tempo-

2056 2986 2138 3040 ris
2169 2989 2225 3040 et
2255 2986 2417 3056 pater
2445 2985 2572 3054 ejus
2603 2987 2660 3039 et
2688 2983 2810 3038 Odo
2853 2988 2910 3038 et
2941 2983 3315 3039 venerablilis
3346 2984 3713 3041 Belvacensis

294 3081 477 3132 tratas
534 3091 682 3143 esse,
734 3071 1157 3128 fraternitatem
1202 3075 1452 3126 vestram
1513 3069 1777 3141 ignorare
1827 3046 2016 3145 none.l
2059 3071 2326 3129 Ecclesiae
2357 3072 2673 3128 canonicus
2703 3072 2774 3128 ad
2808 3076 3068 3128 nostram
3112 3074 3480 3144 prasentiam
3514 3089 3711 3145 perve-

296 3165 627 3221 credimus:
653 3179 786 3217 cum
830 3161 1086 3215 sciamus
1120 3159 1563 3231 praedecessoris
1597 3158 1779 3213 nostri
1812 3157 1950 3212 Gre-

296 3253 442 3326 gorii
490 3267 654 3325 papae
683 3249 947 3323 duplices
978 3250 1048 3304 ad
1081 3265 1184 3305 vos
1232 3248 1457 3303 litteras
1506 3264 1684 3319 super
1716 3245 1824 3301 hoc
1853 3263 1952 3301 ne-

296 3343 451 3414 gotio
483 3341 826 3408 destinatas,
861 3340 1003 3412 quin
1051 3338 1228 3393 etiam
1278 3336 1660 3393 Sanclonensi
1709 3333 1953 3390 concilio

299 3432 605 3504 plerosque
634 3435 892 3484 vestrum
914 3427 1254 3482 interfuisse
1284 3426 1716 3490 existimamus,
1743 3425 1803 3478 in
1840 3440 1954 3504 quo

298 3503 333 3575 n
359 3517 566 3591 legatis
598 3517 864 3589 ejusdem
910 3514 1215 3587 apostolici
1246 3530 1426 3569 causa
1454 3513 1658 3569 eadem
1689 3503 1954 3585 diligenti

300 3605 741 3677 investigatione
787 3604 1074 3669 discussa,
1111 3601 1207 3657 ubi
1250 3618 1383 3656 cum
1416 3600 1684 3657 Dolensis
1713 3617 1951 3655 causam

297 3713 467 3752 suam
500 3693 662 3749 nulla
693 3690 980 3764 potuisset
1020 3689 1357 3745 authentico
1391 3689 1737 3744 auctoritate
1763 3688 1958 3743 defen-

296 3788 452 3852 dere,
486 3783 811 3839 secundum
858 3780 1080 3853 praefati
1124 3795 1286 3851 papae
1319 3777 1672 3834 sententiam
1716 3777 1955 3833 omnino

297 3877 583 3929 statutum
605 3877 692 3927 est
714 3875 778 3925 ut
802 3874 920 3925 tam
943 3868 1208 3924 Dolensis
1231 3885 1409 3940 quam
1433 3866 1625 3923 caeteri
1658 3866 1957 3945 Britanno_

298 3980 429 4018 rum
461 3960 717 4033 episCOpi
747 3957 1075 4013 Turonensi
1116 3974 1347 4030 semper
1386 3954 1653 4013 Ecclesiae
1684 3954 1955 4026 subjace,

298 4055 443 4107 rent.
469 4048 729 4114 Qualiter
749 4051 946 4103 autem
971 4063 1077 4102 nos
1099 4064 1250 4103 anno
1272 4045 1561 4119 praeterito
1580 4044 1813 4101 Dolensi
1836 4045 1958 4117 epi-

296 4156 471 4211 scopo
493 4137 737 4210 pallium
762 4135 1207 4202 indulserimus,
1232 4136 1451 4194 nostris
1479 4139 1617 4190 tunc
1642 4134 1837 4190 fuistis
1860 4133 1957 4188 lit-

296 4227 435 4282 teris
457 4225 774 4281 informati.
802 4226 974 4280 Porro
999 4230 1118 4280 tam
1152 4225 1263 4296 ipsi
1296 4240 1471 4296 quam
1507 4223 1836 4279 Turonensi
1870 4239 1935 4276 ar

297 4314 663 4386 chiepiscOpo
684 4314 1003 4367 terminum
1028 4312 1599 4383 constituimus,quo
1626 4316 1869 4382 uterque
1890 4326 1953 4366 se

2062 3161 2307 3228 nientes,
2356 3161 2531 3216 tactis
2586 3160 2974 3217 sacrosanctis
3031 3160 3361 3234 Evangeliis
3418 3163 3490 3217 ab
3551 3161 3714 3217 omni

2061 3249 2571 3321 eumJSimoniacaa
2603 3251 2905 3322 pravitatis
2937 3249 3269 3322 suspicione
3299 3249 3551 3307 liberum
3583 3251 3712 3307 red-

2063 3340 2356 3396 diderunt.
2391 3340 2476 3395 Ita
2519 3356 2626 3395 nos
2657 3338 2921 3395 Ecclesia
2970 3343 3182 3395 nostra:
3231 3339 3512 3396 fratribus
3543 3339 3715 3396 satis-

2065 3428 2542 3500 factumjustitiaa
2563 3428 2991 3501 judicantibus,
3020 3428 3445 3500 plenitudinem
3470 3427 3555 3483 illi
3578 3445 3719 3501 pon-

2064 3518 2298 3574 tiﬁcalis
2329 3518 2505 3573 ofﬁcii
2541 3517 2931 3573 restituimus.

2134 3608 2276 3662 Cum
2294 3606 2476 3678 igitur
2499 3606 2717 3661 nemini
2743 3623 3001 3677 unquam
3022 3604 3346 3676 apostolica;
3364 3603 3521 3660 sedis
3542 3604 3717 3662 liceat

2064 3694 2711 3762 retractarejudicium,
2747 3710 2877 3749 cum
2931 3693 3146 3749 nemini
3193 3695 3263 3749 de
3312 3710 3374 3749 se
3421 3693 3712 3751 confessio

2063 3782 2219 3838 credi
2274 3782 2508 3848 debeat;
2542 3798 2673 3836 cum
2724 3783 2794 3837 ad
2850 3783 3026 3838 unius
3057 3782 3487 3839 accusationem
3538 3799 3712 3838 nemo

2062 3871 2251 3927 valeat
2278 3869 2535 3941 legitime
2559 3871 2955 3940 condemnari,
2980 3871 3268 3927 miramur
3290 3888 3406 3943 qua
3437 3887 3714 3943 pressum-

2064 3961 2262 4034 ptione
2292 3963 2424 4031 post
2451 3959 2648 4014 datam
2679 3977 2713 4015 a
2745 3960 2894 4015 Petri
2931 3960 3145 4016 vicario
3186 3962 3535 4016 sententiam
3567 3978 3713 4033 prae-

2058 4048 2815 4122 judicium'intulistis,quo
2858 4048 3069 4121 spiritu
3110 4049 3453 4122 praedictum
3485 4049 3712 4106 confra-

2064 4145 2212 4194 trem
2245 4142 2302 4191 et
2334 4137 2741 4209 coepiscopum
2778 4144 3045 4194 nostrum
3078 4140 3149 4194 ob
3181 4138 3360 4194 unius
3391 4138 3711 4196 accusatio-

2065 4244 2197 4283 nem
2231 4224 2487 4281 hominis
2532 4226 2856 4294 addixistis,
2891 4243 3007 4299 qua
3035 4227 3361 4283 temeritate
3389 4227 3578 4283 eidem
3610 4228 3713 4282 uni

2064 4313 2445 4386 semetipsum
2471 4314 2865 4370 Simoniacum
2895 4315 3193 4372 accusanti
3220 4315 3499 4371 adversus
3530 4314 3713 4371 alium

296 4420 430 4457 cum
461 4419 579 4457 suae
612 4401 882 4456 Ecclesiae
924 4399 1306 4455 munimentis
1335 4417 1440 4471 pro
1471 4397 1720 4470 querelae
1775 4398 1949 4468 blljus
1979 4409 2024 4473 D
2057 4404 2198 4459 adeo
2220 4403 2604 4471 credideritis,
2630 4409 2889 4475 utquem
2914 4404 2984 4458 de
3009 4421 3186 4459 causa
3207 4404 3412 4459 eadem
3435 4403 3713 4460 canonico

296 4491 586 4547 decisione
607 4498 803 4545 nostro
821 4487 1155 4560 conspectui
1177 4487 1727 4560 praisentaretﬂum
1748 4485 1948 4542 Dolen-

295 4581 376 4636 sis
408 4597 521 4636 non
552 4578 793 4646 veniret,
816 4578 1178 4633 Turonensis
1202 4577 1257 4631 in
1280 4581 1539 4649 tempore
1567 4580 1777 4648 prasto
1809 4576 1939 4631 fuit.

294 4672 457 4727 Tunc
488 4669 547 4724 in
579 4668 878 4724 audientia
918 4666 1263 4722 clericorum
1312 4665 1489 4721 simul
1548 4668 1605 4721 et
1658 4664 1942 4719 laicorum

295 4762 566 4815 Romanis
624 4756 887 4812 Ecclesia:
938 4760 1245 4810 retractata
1275 4760 1434 4822 sunt,
1469 4772 1593 4826 qum
1627 4752 1711 4808 vel
1744 4759 1943 4809 nostro

291 4848 377 4903 vel
410 4846 668 4921 Gregorii
710 4862 869 4918 papas
913 4850 1171 4916 tempore
1203 4860 1380 4915 super
1422 4844 1529 4899 hoc
1573 4841 1802 4915 negotio
1844 4858 1941 4914 ge-

292 4944 379 4991 sta
412 4939 812 5003 recurrerunt;
855 4936 1094 4989 recitata
1140 4940 1277 4989 sunt
1321 4932 1495 4987 etiam
1545 4932 1942 4987 Romanorum

293 5025 634 5096 pontiﬁcum
666 5022 907 5092 Nicolai,
938 5022 1181 5079 Joannis
1214 5025 1269 5077 et
1304 5021 1512 5077 Leonis
1542 5019 1778 5091 scripta,
1811 5018 1941 5091 qui-

294 5115 401 5167 bus
433 5114 729 5169 decretum
762 5117 851 5169 est
904 5117 969 5168 ut
1023 5112 1278 5167 universi
1330 5110 1744 5165 Britannorum
1793 5108 1943 5180 epis-

292 5200 421 5271 copi
451 5201 749 5257 Turonicaa
793 5202 1042 5257 debeant
1090 5198 1394 5273 metropoli
1444 5199 1766 5269 subjacere.
1799 5195 1940 5260 Oui-

294 5290 329 5344 Ι)
377 5306 404 5344 s
447 5290 724 5346 omnibus
776 5290 1118 5365 diligentius
1166 5288 1493 5361 exquisitis,
1527 5304 1596 5342 ex
1643 5285 1939 5341 communi

292 5376 535 5433 consilio
584 5382 704 5434 tam
743 5380 1101 5436 confratrum
1150 5381 1483 5434 nostrorum
1534 5374 1940 5447 episcoporum

292 5473 349 5531 et
377 5464 797 5549 nonnullorum
828 5473 1037 5530 nostris
1062 5465 1331 5532 Ecclesia
1361 5465 1707 5529 clericorum
1733 5463 1941 5525 Roma-

2057 4491 2258 4547 ordine
2290 4492 2625 4548 discussum
2652 4491 2907 4548 Ecclesia
2936 4493 3196 4550 Romana
3227 4491 3576 4561 absolverat,
3608 4509 3713 4548 vos

2050 4580 2109 4635 in
2150 4581 2279 4651 ejus
2310 4580 2591 4652 injuriam
2635 4581 2842 4637 iterato
2890 4580 3060 4636 illum
3103 4580 3327 4653 judicio
3375 4581 3714 4654 purgationi

2055 4670 2344 4725 canonica:
2393 4669 2778 4740 subjiceretis.
2799 4669 2945 4734 Quia
2973 4687 3109 4743 ergo
3150 4671 3431 4726 adversus
3461 4674 3710 4725 matrem

2052 4763 2301 4813 vestram
2324 4758 2646 4813 Romanam
2672 4757 2989 4814 Ecclesium
3014 4758 3319 4814 brachium
3342 4757 3709 4825 extendistis,

2053 4863 2266 4919 magna
2297 4846 2438 4902 estis
2482 4847 2985 4903 animadversione
3015 4847 3371 4920 dignissimi,
3401 4847 3617 4920 quippe
3646 4852 3710 4902 ut

2051 4936 2457 4991 auctoritatem
2491 4941 2826 4992 sanctorum
2861 4953 3151 4993 canonum
3175 4935 3608 4992 conculcantes.
3629 4936 3709 4992 Te

2051 5024 2359 5095 praecipue,
2394 5024 2737 5081 charissime
2787 5042 2852 5081 ac
2895 5025 3378 5082 reverendissime
3422 5025 3603 5080 frater
3632 5024 3699 5080 Β.

2051 5112 2356 5168 Remensis
2405 5113 2861 5186 archiepiscope,
2894 5114 3054 5171 salva
3100 5113 3430 5170 dilectionis
3475 5111 3703 5186 inclyte

2050 5201 2389 5268 reverentia,
2414 5206 2469 5257 te
2499 5219 2676 5275 super
2704 5203 2812 5259 hoc
2841 5204 3115 5260 ducimus
3137 5204 3525 5277 arguendum,
3551 5201 3708 5273 quod

2051 5289 2110 5343 in
2141 5294 2457 5362 conspectu
2489 5295 2588 5347 tuo
2619 5297 2843 5348 tantam
2876 5293 2998 5366 pati
3021 5293 3283 5367 potueris
3310 5288 3708 5364 apostolorum

2050 5376 2301 5451 principi
2326 5378 2381 5433 in
2381 5379 2604 5451 juriam
2625 5381 2892 5457 irrogari.
2916 5382 3034 5440 Nos
3056 5384 3253 5456 itaque
3273 5378 3707 5439 accusationem

2051 5465 2235 5541 illam,
2260 5471 2317 5529 et
2346 5469 2698 5531 sententiam
2731 5471 2895 5533 illam
2927 5476 3132 5537 contra
3160 5474 3502 5533 sanctorum
3533 5483 3711 5547 οιῑιογ
3780 5530 3783 5533 ,
