3988 6164
179 281 309 342 339

181 429 338 468 num
391 411 664 469 instituta
701 409 926 486 prolata
964 414 1204 471 omnino
1239 415 1461 472 irritam
1484 434 1610 474 esse
1643 435 1838 476 cense-
1868 420 1923 486 Α

182 519 350 569 mus,
374 505 431 557 et
471 501 876 559 Belvacensem
927 504 1266 577 episcopum
1301 505 1581 579 religiosae
1611 511 1668 563 et
1698 508 1841 564 sim-

181 589 368 662 plicis
408 591 536 646 vitte
571 591 762 646 virum
787 591 911 648 loco
937 609 1044 648 suo
1075 597 1131 649 et
1160 593 1350 650 ofﬁcio
1373 595 1708 652 restitutum
1740 597 1840 651 lir-

181 696 449 736 mamus.
483 679 635 736 Sane
680 680 1014 753 quicunque
1063 699 1130 737 ex
1174 683 1338 738 vobis
1387 684 1664 741 adversus
1703 702 1838 741 eum

187 785 312 824 non
329 768 769 840 judicium,sed
809 770 1214 841 praejudicium
1248 772 1636 844 protulerunt,
1671 789 1840 828 nove-

181 858 310 913 rint
340 875 403 913 se
437 865 675 914 auctore
711 858 874 914 Petro
896 863 952 915 et
967 859 1261 930 judicium
1300 877 1484 934 usque
1507 863 1578 917 ad
1611 863 1842 918 satisfa-

181 947 447 1002 ctionem
501 963 821 1020 congruam
873 948 1191 1017 subituros,
1238 954 1296 1005 et
1316 951 1609 1020 jacturam
1664 967 1842 1022 quam

185 1038 376 1092 frater
398 1035 494 1092 ille
515 1052 829 1108 perpessus
860 1042 969 1104 est,
989 1036 1371 1094 aestimatione
1391 1037 1654 1111 legitima
1685 1039 1842 1095 solu-

186 1129 385 1180 turos.
419 1123 592 1179 Illum
625 1133 823 1180 autem
862 1126 942 1180 ita
973 1125 1308 1182 absolutum
1358 1144 1486 1184 esse
1515 1144 1842 1194 censemus,

184 1219 256 1270 ut
287 1214 340 1269 si
376 1230 494 1284 qua
523 1213 581 1268 in
614 1231 748 1268 eum
780 1214 1055 1286 deinceps
1085 1216 1327 1287 quaestio
1369 1217 1686 1283 emerserit,
1721 1217 1842 1272 solo

185 1303 472 1357 Romanis
526 1301 681 1358 sedis
730 1303 954 1373 judicio
987 1305 1352 1359 terminatur.
1385 1305 1464 1360 De
1495 1311 1696 1360 caetero
1751 1323 1844 1362 ro-

182 1408 405 1464 gamus
437 1397 513 1458 te,
549 1393 1029 1447 reverendissime
1061 1394 1238 1448 frater
1280 1393 1585 1450 Remensis
1616 1395 1843 1450 archie-

183 1479 454 1552 piscope,
496 1486 561 1534 ut
591 1480 994 1536 Belvacensem
1027 1482 1366 1553 episcopum
1403 1489 1612 1537 nostrae
1643 1486 1842 1555 gratiae

184 1568 626 1641 plenitudinem
659 1569 1019 1624 obtinentem
1051 1571 1108 1624 in
1132 1571 1256 1625 suis
1287 1579 1406 1626 tam
1437 1572 1843 1643 spiritualibus

186 1675 376 1730 quam
405 1658 810 1731 corporalibus
841 1659 1380 1730 opportunitatibus
1410 1661 1719 1730 adjuvetis.

261 1747 413 1803 Data
443 1747 741 1803 Lateranis
773 1765 833 1802 ιιι
867 1747 1004 1803 Idus
1034 1748 1189 1804 Maii.

917 1889 1054 1945 CXV
1064 1891 1101 1946 Ι.

194 1979 408 2037 Urbani
467 1980 518 2034 II
577 1979 833 2056 epistola_
865 1979 955 2056 ad-
999 1985 1281 2049 Hugonem
1372 1983 1844 2056 archiepiscopum

804 2050 1237 2121 Lugdunensem.

819 2158 1002 2228 (Anno
1034 2159 1218 2230 1094.)

191 2266 280 2336 [ὓ.
343 2264 630 2330 Rursum,
691 2265 832 2319 Vita"
868 2265 1092 2336 Urbani.
1155 2265 1304 2320 Mss.
1363 2270 1421 2322 et
1469 2267 1639 2324 RUIN.
1676 2268 1840 2324 Ouvr.

763 2336 938 2406 posth.
976 2335 1070 2403 III,
1097 2336 1251 2409 359.]

263 2460 548 2516 Uaannus
576 2461 908 2532 episcopus,
933 2477 1134 2515 servus
1163 2477 1461 2518 servorum
1494 2463 1844 2530 Dei,dilecto

192 2550 362 2605 fratri
397 2549 673 2620 episcopo
706 2549 930 2604 Hueom
973 2550 1371 2621 Lugdunensi,
1392 2557 1448 2607 et
1488 2559 1702 2609 sanctas
1735 2555 1843 2610 Ro-

197 2655 388 2694 manae
421 2637 690 2693 Ecclesia
725 2637 933 2710 legato,
965 2638 1213 2695 salutem
1245 2645 1304 2696 et
1333 2641 1714 2712 apostolicam
1747 2644 1847 2699 be-

200 2726 617 2784 nedictionem.

271 2813 704 2871 Sollicitudinis
727 2820 937 2870 nostra:
976 2816 1150 2885 vices,
1175 2822 1232 2872 et
1261 2820 1620 2890 agendorum
1651 2821 1848 2876 consi-

202 2903 419 2960 liorum
441 2903 863 2975 providentiam
889 2904 1219 2960 strenuitati
1251 2910 1362 2962 tuae
1394 2925 1535 2980 pure
1567 2908 1848 2981 simplici-

202 2998 409 3065 terque
440 2991 867 3049 commisimus.
896 2995 1002 3049 Sed
1065 3011 1166 3066 pro
1197 2997 1594 3052 conservanda
1624 3015 1764 3070 pace
1793 3003 1851 3055 et

204 3081 439 3156 negotio
452 3081 682 3137 facilius
696 3083 1046 3154 peragendo,
1063 3083 1267 3140 utilius
1280 3086 1700 3162 aestimavimus
1713 3104 1848 3143 con-

1371 279 1783 348 EPISTOLAS
1827 285 1926 347 ET
1967 285 2440 349 PRIVILEGIA.

3482 291 3603 352 390

2663 419 2872 476 CXVII.

1953 509 2158 583 Urbani
2199 510 2248 564 II
2289 509 2646 583 epistoladad
2685 512 2981 583 llugonem
3035 508 3600 583 Gratianopolitanum

2021 582 2348 654 episcopum.
2396 611 2464 621 ——
2513 581 2608 654 Illi
2637 580 2728 654 gde
2783 582 3152 652 superioribus
3208 580 3600 654 ad—Hugonem

2021 651 2433 722 Lugdunensem
2461 652 2700 723 epistolis
2729 651 3019 722 signiﬁcat.

2573 740 2758 808 (Anno
2792 741 2976 811 1094.)

2096 828 2402 898 [Burman
2442 831 2558 885 Vim
2593 829 2819 892 Urbani,
2854 829 2952 883 ubi
2987 847 3183 902 supra,
3219 849 3274 904 p.
3308 833 3458 904 360.]

2023 915 2300 973 Unamus
2331 917 2660 990 episcopus,
2682 935 2883 973 servus
2907 935 3210 975 servorum
3231 922 3352 990 Dei,
3385 922 3597 979 dilecto

1951 1005 2374 1072 fratriHucom,
2391 1006 2925 1077 GratianOpolitano
2949 1007 3244 1080 episcopo,
3273 1010 3524 1068 salutem
3543 1016 3601 1068 et

1952 1094 2332 1165 apostolicam
2367 1094 2852 1150 benedictionem.

2024 1183 2129 1238 Pro
2155 1182 2382 1255 negotio
2407 1187 2507 1238 tuo
2530 1184 2802 1240 confratri
2834 1189 3032 1239 nostro
3071 1186 3448 1257 Lugdunensi
3481 1187 3600 1243 Hu-

1951 1271 2085 1343 goni
2135 1271 2570 1344 archiepiscopo
2624 1272 3034 1343 rescripsimus
3065 1273 3220 1344 quod
3269 1276 3425 1330 enim
3477 1276 3602 1348 ipse

1953 1364 2154 1415 nostra
2175 1361 2297 1414 vice
2325 1361 2548 1428 statuit,
2587 1378 2690 1414 nos
2727 1367 2924 1415 nostra
2955 1363 3275 1418 assertione
3328 1365 3598 1420 corrobo-

1953 1466 2172 1504 ramus.
2209 1451 2265 1504 Si
2323 1467 2469 1520 quas
2509 1467 2641 1504 vero
2686 1456 2894 1504 nostrae
2954 1451 3320 1507 auctoritatis
3378 1453 3600 1509 litteras

1952 1537 2306 1593 Viennensis
2331 1538 2802 1610 archiepiscopis
2851 1540 3209 1610 opposuerit,
3233 1540 3378 1596 nihil
3411 1559 3600 1598 causae

1956 1629 2067 1680 tua:
2090 1627 2319 1682 officere
2334 1625 2652 1682 arbitreris.
2675 1628 2790 1681 Nos
2803 1628 2958 1682 enim
2979 1627 3126 1682 nihil
3147 1629 3387 1700 ipsi,aut
3406 1630 3600 1687 Eccle-

1954 1714 2051 1770 sia:
2072 1714 2389 1770 Viennensi
2406 1716 2828 1780 concessimus,
2843 1716 2952 1770 nisi
2973 1717 3126 1787 quod
3146 1718 3307 1788 juste
3321 1719 3604 1775 hactenus

1872 1789 1920 1854 Β
1952 1804 2284 1874 possedisse
2332 1805 2726 1875 cognoscitur,
2756 1823 2857 1859 sua
2889 1805 3045 1860 enim
3077 1806 3290 1878 cuique
3333 1808 3604 1864 volumus

1947 1893 2084 1963 jura
2107 1892 2344 1948 servari.
2363 1893 2634 1948 Orantem
2666 1911 2768 1964 pro
2791 1894 2958 1949 nobis
2981 1894 3406 1952 fraternitatem
3439 1901 3602 1954 tuam

1953 1981 2250 2037 miseratio
2280 1981 2478 2036 divina
2508 1981 2822 2037 custodiat.

2023 2071 2170 2126 Data
2197 2075 2390 2125 Romae
2421 2088 2512 2124 xvr
2549 2069 2782 2126 Kalend.
2815 2072 2974 2126 Junii

2655 2177 2891 2232 CXVIII.

1957 2266 2163 2322 Urbani
2208 2267 2261 2322 II
2285 2267 2642 2338 privilegium
2687 2283 2789 2337 pro
2829 2268 3107 2322 canonicis
3155 2271 3600 2325 Pistoriensibus.

2573 2357 2760 2424 (Anno
2789 2355 2973 2426 1094.)

2169 2444 2493 2514 [ΖΑοιῐΑιιιΑ,
2519 2443 2787 2500 Anecdota
2811 2445 2982 2499 medii
3001 2447 3128 2513 aevi,
3153 2463 3210 2518 p.
3237 2447 3389 2517 224.}

2028 2549 2304 2606 Unsnnus
2333 2552 2663 2623 episcopus,
2681 2567 2884 2606 servus
2906 2567 3206 2608 servorum
3231 2554 3348 2623 Dei,
3373 2553 3604 2610 dilectis

1955 2637 2013 2692 in
2047 2639 2272 2694 Christo
2297 2639 2433 2694 ﬁliis
2487 2639 2666 2695 Ucom
2700 2639 3029 2711 praeposito,
3051 2645 3107 2696 et
3137 2641 3360 2697 caeteris
3417 2641 3602 2698 Pisto-

1957 2727 2170 2799 riensis
2192 2728 2480 2784 canonica:
2506 2726 2806 2796 fratribus,
2822 2745 3144 2801 eorumque
3161 2730 3604 2786 successoribus

1957 2817 2018 2872 in
2038 2816 2323 2889 regularis
2347 2817 2474 2872 vitze
2493 2817 2859 2873 observantia
2881 2819 3358 2890 permansurisin
3391 2836 3596 2892 perpe-

1956 2909 2146 2960 tuum.
3381 2965 3392 2978 κ

2031 2995 2141 3050 Pize
2172 2993 2489 3050 voluntatis
2522 2994 2762 3050 affectus
2796 2995 2988 3051 studio
3019 2995 3189 3051 debet
3220 3001 3606 3068 prosequente

1959 3081 2258 3154 compleri,
2293 3087 2358 3137 ut
2387 3081 2780 3138 ecclesiastica
2829 3082 3056 3139 utilitas
3087 3085 3415 3156 apostolica:
3448 3084 3606 3141 sedis

198 3171 399 3227 fratris
421 3170 604 3226 nostri
637 3171 938 3227 Remensis
961 3172 1382 3246 archiepiscopi
1401 3159 1519 3246 (25),
1533 3175 1843 3232 consilium
1876 3159 1918 3225 C
1958 3173 2149 3227 favore
2173 3172 2324 3226 vires
2346 3171 2591 3242 accipiat
2611 3176 2667 3225 et
2699 3177 3010 3226 accrescat.
3039 3172 3287 3227 Proinde
3331 3172 3608 3244 religiosa

198 3259 551 3326 conciscere,
577 3260 716 3330 quia
763 3259 820 3314 in
878 3262 1003 3330 ejus
1037 3278 1211 3316 manu
1267 3262 1615 3319 familiarius
1672 3281 1850 3320 causa

197 3349 349 3422 regis
380 3353 664 3405 versatur.
698 3349 821 3404 Tua
852 3367 982 3405 vero
1023 3350 1352 3406 interererit
1380 3352 1501 3406 sive
1529 3369 1663 3408 cum
1696 3355 1844 3424 eius,

196 3438 316 3493 sive
338 3437 465 3493 sine
494 3438 625 3508 ejus
664 3437 925 3504 consilio,
947 3443 1120 3509 prout
1149 3438 1254 3492 tibi
1279 3455 1312 3492 a
1344 3439 1586 3494 Domino
1620 3446 1844 3511 copiam

201 3526 522 3582 ministrari
546 3526 934 3597 conspexeris,
962 3526 1232 3596 injunctie
1255 3525 1564 3600 legationis
1585 3527 1844 3584 ofﬁcium

201 3631 485 3682 exercere,
517 3620 574 3670 et
629 3613 984 3687 pullulantes
1038 3615 1310 3670 vitiorum
1360 3615 1630 3687 palmites
1663 3617 1844 3672 divini

197 3703 357 3758 verbi
390 3702 533 3758 falce
573 3702 845 3758 recidere.
873 3704 1032 3758 Inter
1051 3703 1438 3759 Viennensem
1458 3704 1844 3778 archiepisco-

202 3809 339 3863 pum
399 3793 748 3859 Guidonem,
780 3796 838 3846 et
868 3791 1473 3863 Gratianopolitanum
1504 3794 1845 3866 episcopum

199 3885 502 3953 Hugonem
529 3881 667 3953 quid
690 3897 883 3936 rerum
909 3880 1414 3952 sit,sagacitastua
1438 3881 1607 3956 longe
1633 3881 1844 3939 melius

197 3972 351 4026 intra
393 3969 752 4042 provinciam
798 3969 1148 4042 investigare
1181 3969 1474 4041 praevalet,
1509 3987 1685 4042 quam
1739 3988 1844 4027 nos

196 4061 295 4131 qui
343 4065 466 4115 tam
525 4057 713 4131 longis
771 4063 1059 4114 terrarum
1091 4057 1300 4129 spatiis
1340 4063 1644 4114 absumus.
1680 4061 1842 4125 Quod

195 4149 374 4220 igitur
391 4147 462 4203 de
484 4147 685 4202 eodem
708 4148 939 4220 negotio
979 4151 1080 4202 tua
1120 4146 1450 4203 fraternitas
1481 4149 1703 4215 statuit,
1737 4167 1842 4204 nos

195 4237 265 4293 de
285 4245 398 4292 tuae
417 4237 663 4308 justitize
697 4236 1026 4308 integritate
1073 4235 1259 4292 securi
1295 4244 1492 4292 nostra
1523 4238 1842 4295 assertione

197 4325 598 4381 firmamus.Si
623 4342 771 4397 quas
821 4342 952 4380 vero
980 4330 1190 4380 nostra:
1221 4325 1586 4382 auctoritatis
1619 4326 1841 4383 litteras

197 4414 544 4470 Viennensis
585 4414 881 4482 objecerit,
904 4430 1075 4469 nosse
1120 4430 1226 4469 nos
1256 4413 1524 4470 volumus
1565 4416 1704 4488 quia
1735 4434 1840 4472 nos

198 4503 340 4558 nihil
366 4504 478 4576 ipsi
501 4508 603 4559 aut
626 4501 887 4558 Ecclesiae
926 4502 1242 4557 Viennensi
1268 4503 1688 4570 concessimus,
1724 4504 1833 4560 nisi
1869 4527 1915 4591 Ι)

197 4593 348 4663 quod
364 4593 528 4663 juste
549 4591 834 4646 hactenus
857 4591 1188 4663 possedisse
1201 4592 1591 4662 cognoscitur,
1607 4592 1836 4648 etiamsi

196 4680 746 4753 persubreptionem
768 4680 930 4746 forte,
949 4680 1102 4751 quod
1137 4679 1309 4748 absit,
1331 4679 1548 4752 aliquid
1578 4680 1840 4737 videatur

192 4774 479 4825 extortum
506 4787 519 4836 ;
552 4786 660 4824 sua
689 4769 846 4824 enim
897 4769 1106 4840 cuique
1136 4767 1406 4824 volumus
1432 4770 1573 4840 jura
1603 4770 1838 4825 servari.

192 4860 276 4913 'I‘u
299 4858 451 4914 hanc
478 4875 678 4913 eorum
703 4858 1122 4913 dissentioncm
1141 4864 1361 4930 quanto
1397 4859 1572 4914 citius
1602 4860 1839 4931 poteris,

192 4948 501 5019 adjuvante
529 4947 798 5012 Domino,
818 4945 1007 5018 SOpire
1026 4963 1294 5018 procura.
1317 4949 1375 5001 In
1405 4946 1498 5002 his
1531 4953 1588 5003 et
1620 4947 1676 5002 in
1710 4947 1842 5002 aliis

193 5053 318 5108 qua:
343 5035 440 5091 Dei
476 5040 636 5101 sunt,
659 5035 716 5090 in
747 5042 1020 5108 promptu
1045 5034 1262 5090 habeas
1298 5041 1353 5092 te
1380 5036 1479 5091 Dei
1503 5035 1841 5092 ministrum

192 5125 405 5197 spiritu
438 5125 866 5180 ferventissimo
890 5123 1180 5180 exhibere.
1215 5124 1488 5180 Orantem
1537 5142 1639 5198 pro
1671 5125 1842 5182 nobis

192 5215 564 5269 sanctitatem
597 5217 757 5269 tuam
789 5212 982 5286 gratia
1005 5212 1202 5267 divina
1231 5215 1544 5271 custcdiat.

262 5303 408 5359 Data
435 5304 632 5359 Romae
662 5314 777 5360 XVII
810 5302 927 5359 Kal.
955 5302 1140 5358 Junii.

1956 3265 2088 3316 vota
2118 3265 2305 3314 vestra
2335 3257 2676 3330 accipimus,
2700 3263 2757 3313 et
2788 3259 2972 3330 aequis
2999 3260 3380 3330 petitionibus
3415 3261 3605 3314 liben-

1957 3355 2045 3404 ter
2075 3348 2447 3419 impcrtimur
2474 3363 2808 3414 assensum,
2841 3354 2906 3402 ut
2936 3347 3227 3402 canonicae
3269 3347 3396 3402 vitae
3451 3347 3604 3402 ordi-

1957 3454 2110 3504 nem,
2137 3453 2310 3509 quam
2341 3436 2586 3508 professi
2616 3435 2784 3503 estis,
2807 3437 3167 3492 auctoritatis
3189 3440 3399 3492 nostra:
3424 3435 3606 3508 privi-

1955 3525 2105 3600 legio
2128 3526 2486 3582 muniamus.
2512 3525 2784 3581 Praesenti
2814 3526 2993 3599 igitur
3021 3526 3252 3584 decreto
3284 3526 3604 3583 statuimus

1956 3621 2021 3670 ut
2053 3615 2272 3670 nemini
2299 3614 2616 3670 viventium
2666 3615 2837 3670 liceat
2891 3632 2991 3670 vos
3023 3621 3080 3672 et
3115 3632 3481 3672 successores
3511 3631 3605 3671 ve-

1955 3710 2106 3760 stros
2130 3705 2304 3760 avitae
2328 3704 2618 3759 canonicae
2644 3705 3058 3760 communione
3087 3705 3434 3774 distrahere,
3459 3721 3604 3761 neve

1955 3793 2128 3848 alicui
2151 3799 2407 3850 vestrum
2437 3799 2567 3864 post
2589 3795 3008 3865 professionem
3036 3795 3283 3850 liberum
3313 3794 3391 3850 sit
3415 3812 3449 3850 a
3476 3811 3608 3850 con-

1953 3883 2291 3954 gregatione
2308 3882 2604 3937 discedere
2627 3887 2682 3936 et
2703 3882 2925 3937 latioris
2948 3883 3048 3936 viae
3066 3887 3357 3954 praerupta
3372 3883 3600 3940 sectari.

1954 3971 2341 4034 Quamobrem
2379 3971 2747 4026 decernimus
2780 3975 2862 4036 ut,
2891 3970 2940 4026 si
2972 3988 3039 4026 ex
3067 3971 3230 4026 vobis
3260 3969 3552 4042 quispiam
3571 3987 3606 4025 a

1957 4059 2255 4130 proposito
2287 4059 2658 4126 aberraverit,
2685 4061 2754 4113 ad
2791 4060 3200 4130 corrigendum
3231 4075 3392 4123 eum,
3425 4064 3481 4113 et
3512 4074 3604 4114 se-

1951 4148 2212 4202 cundum
2264 4147 2632 4217 disciplinam
2667 4147 2876 4218 regulae
2911 4147 3319 4214 coercendum,
3353 4146 3481 4214 tibi,
3515 4146 3604 4202 vel

1951 4236 2391 4292 successoribus
2423 4234 2562 4300 tuis,
2592 4241 2648 4290 et
2679 4235 3038 4307 caeteris,qui
3068 4235 3606 4306 praefuerint,nulla

1950 4325 2158 4380 debeat
2188 4342 2436 4397 persona
2465 4324 2768 4380 obsistere.
2798 4324 3060 4380 Obeunte
3121 4330 3199 4392 te,
3234 4323 3322 4380 vel
3380 4324 3602 4381 caeteris

1950 4415 2236 4470 canonicis
2261 4420 2462 4468 vestrae
2485 4413 3043 4480 rectoribus,nullus
3067 4414 3146 4470 ibi
3181 4412 3443 4485 qualibet
3457 4415 3598 4471 sub-

1950 4502 2230 4574 reptionis
2281 4503 2516 4566 astutia,
2561 4502 2644 4557 vel
2702 4502 2977 4558 violentia
3031 4507 3422 4575 praeponatur,
3485 4502 3601 4560 nisi

1949 4608 2124 4662 quem
2148 4590 2442 4663 regulares
2475 4591 2679 4646 fratres
2702 4597 3026 4648 secundum
3061 4593 3161 4648 Dei
3191 4592 3486 4660 timorem,
3508 4590 3598 4647 vel

1949 4681 2019 4736 de
2049 4680 2193 4747 suis,
2227 4680 2276 4735 si
2305 4679 2481 4734 talem
2516 4680 2668 4735 inter
2690 4698 2750 4736 se
2782 4683 3121 4754 repererint,
3153 4681 3240 4737 vel
3273 4682 3345 4737 de
3365 4681 3599 4748 alienis,

1951 4770 1999 4822 si
2033 4769 2369 4840 oportuerit,
2394 4784 2528 4823 cum
2559 4770 2804 4825 consilio
2848 4771 3126 4843 episc0pi,
3160 4769 3262 4842 qui
3320 4770 3599 4826 canonice

1949 4858 2186 4924 electus,
2203 4863 2260 4912 et
2283 4875 2384 4929 per
2404 4858 2727 4912 Romanam
2745 4859 2920 4913 fuerit
2941 4859 3254 4914 Ecclesiam
3270 4859 3598 4925 ordinatus,

1948 4947 2246 5018 elegerint.
2280 4949 2414 5012 Quae
2445 4948 2643 5002 omnia
2677 4958 2739 5002 ut
2769 4947 3094 5018 opitulante
3129 4947 3372 5003 Domino
3424 4946 3595 5003 ﬁrma

1950 5053 2200 5107 semper,
2232 5041 2290 5090 et
2349 5034 2575 5091 illibata
2616 5039 3015 5108 permaneant,
3050 5035 3353 5106 praasentis
3383 5035 3599 5090 decreti

1951 5125 2298 5181 auctoritate
2329 5123 2650 5192 sancimus,
2683 5129 2747 5179 ut
2778 5122 2998 5180 nemini
3029 5121 3269 5178 omnino
3304 5121 3475 5176 liceat
3500 5139 3595 5176 ve-

1951 5221 2135 5272 stram
2168 5213 2508 5270 canonicam
2542 5218 2760 5268 temere
2790 5212 3151 5285 perturbare,
3189 5209 3277 5266 vel
3308 5211 3435 5280 ejus
3461 5226 3594 5280 pos-

1953 5303 2245 5361 sessiones
2305 5304 2554 5371 auferre,
2587 5303 2676 5359 vel
2734 5302 2960 5358 ablatas
2991 5301 3258 5368 retinere,
3309 5299 3594 5369 minuere,

257 5483 371 5562 (35)
404 5485 581 5562 serat
621 5480 1092 5562 Reynoldus,qui
1142 5499 1246 5560 pro
1287 5500 1405 5542 sua!
1447 5484 1604 5544 sedis
1644 5485 1926 5562 dignitate
1955 5488 2011 5543 et
2039 5483 2291 5562 propriis
2317 5483 2562 5552 meritis,
2596 5480 2782 5542 multa
2811 5464 3152 5543 auctoritate
3203 5477 3358 5558 apud
3400 5493 3591 5558 regem

193 5553 461 5650 pollebat.
