4004 6162
378 304 387 313 ἢ
436 212 549 273 391

1756 203 1824 271 Β.
1873 208 2165 272 URBANI
2209 208 2262 273 ll
2305 211 2554 273 PAP2E.

3723 205 3845 267 392

440 344 521 398 vvl
558 341 884 399 temerariis
932 342 1333 399 vexationihus
1373 347 1608 416 fatigare
1640 362 1651 409 ;
1687 343 1808 405 sed,
1842 348 1959 396 tam
2019 360 2085 398 ea
2115 348 2161 411 Α
2200 345 2423 399 ininicm
2450 346 2869 401 incarnationis
2894 345 3050 413 1004,
3076 343 3453 418 pontificatus
3471 339 3840 398 verodomini

438 448 564 505 quae
597 449 664 488 ex
696 433 1099 505 episcoporum
1125 433 1439 489 donatione
1470 448 1646 503 quam
1682 437 1738 485 et
1762 448 1829 485 ea
1859 448 1985 503 qua:
2016 449 2085 487 ex

438 539 926 594 quorumcunque
962 521 1217 578 fidelium
1272 519 1664 575 oblationibus
1698 519 1869 574 hodie
1896 521 2081 591 possi-

438 611 610 680 detis,
631 617 906 683 perpetuo
937 611 1100 665 vobis
1151 611 1376 680 integra
1405 613 1796 664 conservetur.
1830 610 1911 664 Ex
1948 609 2083 681 qui-

437 700 550 755 bus
582 700 929 754 nominatim
962 698 1082 752 haec
1112 696 1474 769 designanda
1521 696 1819 752 duximus.
1848 697 2081 753 Plebem

436 790 507 845 de
536 788 765 843 Viliano
796 804 928 841 cum
960 785 1120 841 omni
1145 784 1554 852 decimatione,
1577 789 1634 841 et
1662 784 1892 858 plebem
1923 787 1994 841 de
2023 790 2078 840 S.

433 877 664 942 Quirico
687 874 975 939 similiter,
991 878 1049 929 et
1067 878 1302 929 caeteras
1340 873 1761 930 decimationes
1783 874 1902 931 sive
1929 874 2083 931 infra

434 965 730 1019 civitatem
762 963 883 1017 sive
914 966 1075 1017 extra
1106 962 1178 1017 ab
1209 962 1499 1034 episcopis
1530 961 1698 1018 vobis
1750 979 2077 1030 concessas,

432 1057 767 1124 etquartam
793 1052 1112 1123 portionem
1137 1050 1521 1119 oblationum,
1542 1069 1690 1123 quas
1708 1051 1921 1107 litanias
1951 1052 2083 1108 olfe-

432 1146 589 1209 runt,
617 1146 675 1196 et
704 1140 1119 1196 decimationes
1151 1140 1221 1194 de
1249 1139 1520 1211 Gropole,
1555 1144 1612 1195 et
1640 1142 1713 1195 de
1748 1140 1992 1205 Collina,
2025 1144 2081 1195 et

430 1229 734 1288 ecclesiam
762 1234 816 1282 8.
852 1228 1026 1283 Blasii
1082 1244 1215 1283 cum
1250 1228 1419 1284 terris
1454 1228 1659 1301 positis
1694 1230 1751 1283 in
1812 1246 1967 1300 aqua
1994 1228 2078 1282 vi-

429 1312 579 1376 vola,
602 1317 660 1366 et
689 1310 748 1365 in
776 1309 1044 1374 Virsano,
1077 1314 1133 1363 et
1162 1310 1219 1363 in
1255 1308 1601 1381 Falagrano,
1637 1314 1693 1364 et
1723 1310 1782 1364 in
1814 1309 2075 1377 Barzani,

428 1405 486 1457 et
515 1400 572 1455 in
594 1399 927 1462 Glandaria,
964 1398 1114 1453 sicut
1143 1415 1241 1453 eas
1291 1397 1454 1453 dedit
1482 1398 1762 1453 Girardus
1786 1397 1921 1453 filiis
1971 1402 2077 1453 Ba-

430 1489 632 1547 conchi
667 1490 800 1560 (26),
834 1492 891 1543 et
922 1486 1217 1542 Ronaldus
1242 1504 1374 1544 cum
1409 1486 1646 1544 Davizzo
1677 1504 1887 1560 genero
1946 1504 2071 1543 suo.

386 1632 391 1641 ,
430 1579 577 1635 Illud
610 1578 808 1644 etiam,
826 1576 977 1648 quod
1005 1576 1078 1630 ab
1099 1575 1390 1648 episcopis
1423 1576 1629 1631 vestris
1651 1580 1938 1631 statutum
1964 1581 2073 1644 est,

431 1672 641 1724 nostrze
671 1664 1033 1721 auctoritatis
1090 1665 1416 1720 assertione
1449 1665 1774 1727 firmamus,
1803 1670 1865 1720 ut
1894 1666 1941 1721 si
1975 1664 2074 1737 qui

430 1772 498 1811 ex
523 1754 835 1809 ordinariis
868 1752 1093 1808 clericis
1127 1753 1318 1808 adhuc
1350 1752 1408 1807 in
1440 1755 1615 1809 domo
1642 1738 2075 1809 sualmanenti—

430 1846 540 1901 bus
571 1842 779 1899 saeculo
835 1841 1268 1912 emigraverint,
1304 1841 1587 1914 quidquid
1639 1859 1840 1898 eorum
1886 1842 2075 1897 ordini

433 1933 717 2006 pertinere
746 1931 993 1991 videtur,
1012 1931 1068 1985 in
1098 1948 1272 1985 usum
1293 1932 1707 1987 canonicorum
1733 1930 2079 2002 regulariter

428 2022 743 2077 viventium
768 2019 1082 2092 redigatur,
1102 2036 1170 2075 ea
1192 2018 1470 2075 nimirum
1489 2020 1793 2093 diligentia
1821 2036 2076 2092 curaque

431 2108 715 2171 adhibita,
735 2124 805 2162 ne
821 2125 1011 2162 rerum
1034 2107 1367 2180 augmentis
1381 2108 1439 2163 in
1454 2108 1778 2164 libertatem
1794 2108 2006 2176 carnis,
2021 2113 2079 2164 et

428 2198 691 2254 velamen
708 2196 940 2252 malitia:
952 2197 1214 2251 abutami
1224 2195 1303 2261 ni,
1330 2214 1399 2251 ne
1423 2213 1658 2269 quoquo
1681 2198 1853 2253 modo
1871 2213 1963 2252 res
1980 2214 2078 2253 au-

428 2304 583 2359 gere,
600 2290 656 2341 et
676 2287 921 2341 fratrum
943 2286 1206 2340 debeatis
1229 2302 1543 2341 numerum
1578 2286 1950 2354 imminuere;
1975 2286 2074 2341 sed

431 2381 629 2432 tantus
643 2375 1056 2430 canonicorum
1078 2391 1361 2429 numerus
1378 2379 1771 2444 conservetur,
1786 2380 2074 2445 quantum

432 2464 541 2520 loci
565 2463 740 2520 vestri
775 2462 1019 2519 facultas
1053 2462 1172 2534 pati
1203 2480 1373 2534 posse
1402 2463 1712 2530 videbitur,
1748 2479 1819 2518 ne
1851 2463 2078 2537 religio-

432 2554 525 2609 nis
548 2557 605 2609 et
630 2553 847 2608 servitii
873 2550 1052 2606 debiti
1083 2552 1497 2606 detrimentum
1522 2551 1780 2607 Ecclesia
1800 2552 2071 2624 patiatur.

429 2643 513 2698 Ad
538 2641 659 2697 hzec
684 2639 998 2711 arljicimus
1021 2644 1086 2694 ut
1104 2655 1466 2711 quaecunque
1497 2640 1666 2695 hodie
1690 2646 1881 2695 vestra
1909 2658 2076 2697 cano-

433 2731 736 2801 nicajuste
758 2729 1036 2801 possidet,
1060 2728 1180 2783 sive
1214 2728 1270 2782 in
1304 2729 1564 2783 futurum
1590 2729 1751 2798 juste
1774 2734 1948 2801 atque
1979 2747 2073 2785 ca-

432 2820 659 2887 nonice,
684 2818 1088 2889 episcoporum
1122 2817 1515 2883 concessione,
1548 2816 1891 2873 liberalitate
1922 2820 2077 2891 prin-

431 2908 651 2981 cipum,
672 2904 758 2961 vel
783 2904 1072 2960 oblatione
1095 2904 1354 2961 fidelium
1379 2906 1585 2978 poterit
1608 2906 1696 2961 adi
1706 2906 2070 2978 pisci,vobis,

427 2996 756 3066 vestrisque
805 2993 1262 3063 successoribus,
1291 2995 1390 3067 qui
1440 2994 1499 3049 in
1547 2995 1749 3051 eadem
1797 2995 2073 3068 religione

431 3081 876 3159 permanserint,
915 3084 1081 3139 firma
1112 3100 1340 3156 semper
1369 3088 1426 3139 et
1458 3082 1680 3138 illibata
1728 3084 2066 3155 persistant,
2100 3072 2142 3139 C

431 3190 655 3241 eorum,
675 3189 778 3245 pro
804 3188 1054 3244 quorum
1086 3172 1546 3228 substentatione
1577 3177 1631 3226 et
1654 3174 2072 3243 gubernatione

431 3279 709 3321 concessa
739 3266 897 3327 sunt,
924 3260 1129 3316 usibus
1188 3261 1544 3316 omnimodis
1600 3263 1921 3334 profutura.
1956 3262 2071 3319 Vos

428 3351 746 3425 igitur,filii
781 3351 838 3405 in
884 3350 1112 3405 Christo
1153 3350 1507 3418 charissimi,
1532 3355 1756 3422 oportet
1787 3351 2070 3421 regularis

427 3442 554 3497 vita:
579 3439 1046 3511 institutionibus
1067 3437 1378 3511 diligenter
1402 3438 1693 3507 insistere,
1724 3444 1779 3495 et
1808 3440 2068 3497 inomni-

428 3532 540 3586 bus
571 3526 899 3601 apostolicae
927 3510 1081 3581 sedis
1113 3528 1344 3582 decreta
1374 3544 1622 3594 servare,
1660 3533 1724 3582 ut
1755 3533 1886 3600 post
1940 3530 2066 3585 vitae

431 3616 735 3691 prasentis
756 3616 1057 3687 angustias
1089 3615 1410 3687 opitulante
1443 3618 1687 3672 Domino
1710 3618 1779 3672 ad
1804 3635 2067 3691 supernae

428 3705 758 3763 latitudinis
809 3702 1053 3776 gloriam
1114 3705 1454 3759 mereamini
1491 3706 1808 3776 pervenire.
1841 3711 1988 3763 Sane
2018 3708 2067 3764 si

430 3796 563 3869 quis
595 3795 652 3849 in
694 3794 1016 3849 crastinum
1065 3792 1556 3865 archiepiscopus,
1590 3799 1690 3849 aut
1736 3796 2064 3868 episcopus,

432 3886 764 3958 imperator,
799 3886 898 3937 aut
956 3898 1075 3950 rex,
1110 3882 1388 3950 marchio,
1451 3900 1664 3949 comes,
1726 3886 2065 3945 vicecomes.

422 3974 624 4045 judex,
657 3977 757 4027 aut
786 3971 1088 4035 castaldio,
1123 3978 1222 4026 aut
1254 3988 1521 4043 persona,
1557 3972 1830 4045 quaelibet
1857 3991 2069 4047 magna

426 4063 515 4119 vel
546 4078 740 4135 parva,
778 4061 955 4132 hujus
1004 4060 1285 4133 privilegii
1344 4062 1616 4134 paginam
1649 4063 1838 4118 sciens
1869 4067 2071 4118 contra

427 4165 555 4208 eam
610 4155 829 4206 temere
877 4150 1071 4204 venire
1120 4151 1445 4220 tentaverit,
1478 4152 1732 4207 secundo
1782 4151 2068 4225 tertioque

428 4239 839 4305 commonitus,
870 4237 917 4294 si
952 4255 1065 4293 non
1092 4238 1485 4295 satisfactione
1516 4257 1773 4313 congrua
1803 4242 2071 4297 emenda-

430 4327 590 4393 verit,
624 4326 928 4398 potestatis
958 4326 1313 4399 honorisque
1362 4327 1450 4383 sui
1512 4328 1796 4399 dignitate
1854 4332 2066 4393 careat,

429 4430 711 4505 reumque
728 4431 789 4469 se
812 4415 881 4469 de
903 4413 1333 4485 divinojudicio
1364 4415 1607 4505 existere
1637 4416 1709 4471 de
1738 4420 2069 4489 perpetrata
2098 4440 2144 4505 Ι)

431 4501 716 4574 inquitate
749 4506 1079 4573 cognoscat,
1115 4508 1288 4573 atque
1320 4521 1352 4558 a
1383 4504 1783 4560 sacratissimo
1827 4522 2066 4577 corpore

428 4596 483 4645 et
505 4591 789 4663 sanguine
822 4590 918 4645 Dei
944 4595 1001 4645 et
1033 4591 1259 4645 Domini
1291 4591 1695 4664 Redemptoris
1725 4595 1907 4650 nostri
1924 4595 2064 4651 Jesu

427 4679 637 4735 Christi
672 4676 896 4733 alienus
931 4677 1048 4747 fiat,
1074 4683 1128 4733 et
1145 4678 1203 4733 in
1223 4685 1478 4736 extremo
1500 4681 1764 4738 examine
1788 4683 2067 4739 districtm

432 4767 633 4824 ultioni
671 4768 988 4837 subjaceat.
1024 4766 1262 4823 Cunctis
1293 4775 1485 4824 autem
1519 4771 1706 4826 eidem
1738 4772 2064 4845 locojuxta,

431 4855 797 4912 servantibus
835 4855 910 4910 sit
968 4873 1077 4927 pax
1114 4858 1337 4912 Domini
1389 4860 1569 4914 nostri
1630 4860 1771 4916 Jesu
1831 4863 2066 4927 Christi,

432 4951 723 5018 quatenus
755 4950 811 5000 et
842 4945 935 4999 hic
966 4946 1216 5001 fructum
1238 4946 1400 5002 bonae
1447 4949 1694 5004 actionis
1726 4953 2065 5023 percipiant,

432 5040 489 5091 et
519 5035 671 5107 apud
711 5035 1041 5090 districtum
1067 5034 1326 5107 judiccm
1362 5037 1600 5109 prmmia
1630 5044 1851 5094 mternre
1912 5042 2071 5113 pacis

435 5124 750 5179 inveniant.
783 5126 987 5189 Amen,
1023 5140 1213 5191 amen,
1249 5140 1441 5181 amen.

506 5212 716 5267 Datum
736 5211 1013 5268 Pistorize.
1036 5212 1141 5267 Per
1163 5229 1403 5269 manum
1422 5214 1665 5272 Joannis
1687 5222 1740 5272 S.
1779 5217 1844 5273 Η.
1880 5219 2070 5275 Eccle-

435 5297 531 5354 sia:
553 5301 701 5355 diac.
726 5302 905 5368 card.,
933 5318 1027 5357 xxv
1057 5300 1183 5357 Kal.
1204 5302 1361 5372 Jan.,
1397 5302 1596 5360 indict.
1642 5320 1728 5375 ιιι,
1762 5324 1915 5363 anno
1961 5308 2070 5365 Do-

2196 434 2413 490 Urbani
2442 434 2490 490 l1
2512 450 2609 507 pp.
2645 435 2915 507 septimo.

2912 523 3091 580 CXIX.

2197 613 2403 668 L'rbani
2430 614 2479 667 II
2505 612 2833 683 epistolarad
2859 613 3187 667 Durannum
3225 611 3596 683 Animorum
3637 608 3840 683 episco-

2259 699 2413 754 pum.
2473 679 2544 725 -ἱ
2592 682 2810 739 Munda:
2877 688 2937 737 ut
2989 701 3020 738 a
3070 684 3351 738 canonicis
3388 679 3846 754 Bibliomensibus

2259 750 2569 881 ξαῗιοῖῖίιιιη
2590 756 2651 809 Β.
2670 756 2809 826 Lupi
2835 757 3051 811 restitui
3077 754 3359 811 monachis
3390 750 3842 809 Cluniacensibus

2253 843 2321 896 Ju
2358 842 2420 882 ea
2449 867 2463 880 .

2793 916 2983 984 (Anno
3019 913 3206 983 4094.)

2475 1004 2756 1074 [ΜΑΒιιῐιη
2788 1004 2991 1058 Annal.
3026 1002 3249 1070 Bened.,
3280 1005 3350 1069 V,
3372 1000 3523 1072 336.]

2260 1091 3088 1163 Unsaxusepiscopus,servus
3104 1106 3401 1146 servorum
3417 1087 3515 1145 Dei
3523 1087 3836 1158 ,Dumumo

2187 1180 2535 1237 charissima
2557 1180 2721 1235 fratri
2744 1182 3135 1236 Arvernorum
3161 1178 3455 1251 episcopo,
3480 1176 3736 1233 salutem
3778 1179 3837 1232 et

2188 1270 2565 1343 apostolicam
2600 1269 3081 1326 benedictionem.

2254 1359 2545 1414 Adversus
2578 1357 2996 1413 fraternitatem
3048 1362 3209 1412 tuam
3233 1373 3336 1429 pro
3381 1352 3832 1411 Biliomensibus

2185 1447 2498 1513 canonicis,
2533 1447 2631 1518 qui
2666 1450 2777 1501 tua;
2837 1444 3078 1500 ditionis
3110 1445 3423 1513 habentur,
3454 1460 3569 1500 non
3625 1441 3834 1515 exigua

2102 1554 2133 1563 ’
2184 1535 2420 1607 querela
2434 1534 3095 1607 provenit.Hinimirum
3124 1534 3281 1590 Beati
3312 1534 3456 1606 Lupi
3478 1531 3829 1601 ccenobium,

2188 1625 2341 1695 quod
2356 1624 2465 1679 sub
2483 1623 2885 1680 Cluniacensis
2899 1623 3144 1678 ccenobii
3156 1624 3291 1694 jure
3303 1622 3507 1683 multis
3524 1622 3652 1693 jam
3676 1619 3834 1676 ultra

2102 1712 2150 1777 B
2182 1716 2441 1767 nostram
2468 1711 2813 1767 memoriam
2836 1710 3198 1783 temporibus
3229 1714 3319 1767 est
3338 1713 3651 1776 retentum,
3670 1708 3829 1763 iuva-

2184 1801 2346 1857 sione
2377 1801 2685 1865 horrenda,
2708 1804 2764 1855 et
2793 1799 3097 1855 catholicis
3119 1799 3362 1855 auribus
3397 1815 3512 1854 non
3568 1796 3827 1863 ferenda,

2184 1894 2385 1945 contra
2415 1905 2586 1945 omne
2634 1890 2735 1961 jus
2777 1893 2833 1943 et
2879 1889 2967 1942 fas
3025 1891 3399 1960 usurpantes,
3427 1886 3609 1945 altare
3638 1883 3829 1956 ipsius

2184 1978 2429 2033 coenobii
2462 1978 2788 2043 diruerunt,
2817 1975 3096 2048 reliquias
3125 1976 3185 2030 in
3208 1992 3274 2031 eo
3299 1975 3546 2030 latentes
3575 1972 3832 2044 diripue-

2186 2071 2342 2130 runt,
2357 2066 2629 2137 quodque
2651 2066 2806 2120 dictu
2827 2069 2885 2120 et
2906 2065 3108 2120 auditu
3134 2064 3297 2121 nefas
3316 2068 3425 2130 est,
3447 2063 3645 2133 ipsum
3672 2061 3827 2133 quod

2186 2173 2363 2228 super
2392 2154 2573 2210 altare
2604 2155 2674 2209 ad
2699 2154 3066 2208 inﬁrmorum
3102 2169 3245 2207 usus
3268 2151 3591 2223 repositum
3635 2150 3830 2206 fuerat

2184 2262 2395 2317 corpus
2408 2242 2708 2299 Dominicu
2719 2260 2773 2297 m
2784 2241 2947 2313 ,ipsis
2965 2258 3141 2314 super
3155 2240 3491 2297 caelestibus
3506 2237 3829 2293 virtutibus

2186 2332 2584 2397 reverendam,
2604 2331 2784 2386 humo
2815 2330 3150 2402 dispergere
3187 2328 3431 2384 minime
3458 2326 3822 2394 timuerunt;

2185 2427 2241 2477 et
2290 2427 2495 2477 caetera
2543 2424 2906 2485 ornamenta,
2939 2434 3289 2489 omnemque
3335 2414 3675 2472 monasterii
3725 2431 3825 2470 su-

2184 2508 2528 2582 pellectilem
2563 2508 2619 2563 in
2674 2524 2818 2563 usus
2876 2506 3141 2578 proprios
3196 2507 3662 2577 asportaverunt.
3694 2503 3824 2558 Haec

2184 2615 2361 2670 quam
2384 2613 2602 2670 grana,
2637 2613 2813 2668 quam
2844 2594 3156 2662 horrenda,
3178 2610 3357 2666 quam
3388 2591 3692 2649 catholicis
3720 2608 3823 2647 au-

2183 2687 2346 2741 ribus
2376 2684 2771 2757 importabilia
2800 2684 3126 2753 videantur,
3163 2680 3542 2738 fraternitatis
3560 2684 3674 2736 tua:
3706 2696 3820 2736 non

2182 2776 2477 2832 credimus
2499 2775 2677 2841 latere
2699 2772 3091 2847 prudentiam.
3112 2772 3412 2838 Quomodo
3444 2770 3623 2844 igitur
3638 2768 3826 2825 inulta

2181 2867 2301 2921 haec
2325 2864 2443 2937 pati
2465 2863 2795 2920 sollicitudo
2837 2868 2939 2917 tua
2985 2865 3230 2934 poterat,
3259 2877 3375 2916 non
3407 2859 3741 2924 minimum,
3770 2857 3823 2915 si

2183 2954 2264 3009 ita
2294 2971 2356 3009 se
2385 2954 2464 3009 rei
2500 2952 2714 3009 veritas
2745 2951 2977 3019 habeat,
3010 2949 3392 3006 admiramur.
3426 2947 3819 3004 Praasentibus

2180 3059 2316 3116 ergo
2338 3041 2547 3097 litteris
2567 3040 2739 3097 officii
2764 3041 2851 3096 tui
2876 3040 3135 3096 debitum
3159 3039 3227 3095 ad
3238 3054 3567 3103 monemus,
3590 3041 3657 3093 ut
3674 3053 3820 3109 pris-

2180 3132 2403 3187 dictum
2434 3130 2648 3197 locum,
2672 3134 2729 3186 et
2765 3146 2833 3185 ex
2860 3146 2926 3185 eo
2966 3129 3192 3201 direpta
3222 3126 3498 3183 utensilia
3527 3125 3818 3192 universa,

2176 3219 2704 3277 Celsiniacensibus
2724 3217 2951 3275 restitui
2976 3218 3185 3274 facias:
3205 3217 3421 3288 quibus
3443 3213 3818 3281 reinvestitis,

2178 3310 2434 3380 siquam
2468 3308 2527 3362 in
2552 3307 2678 3363 loco
2701 3306 2800 3362 illo
2823 3306 3116 3378 justitiam
3148 3322 3209 3361 se
3235 3305 3511 3361 habuisse
3554 3302 3821 3360 canonici

2177 3397 2560 3453 Biliomenses
2572 3395 3209 3467 conﬁtentur,tempore
3228 3409 3488 3466 congrua
3502 3409 3636 3448 cum
3648 3391 3823 3448 Celsi-

2178 3486 2553 3542 niacensibus
2580 3483 2885 3541 monachis
2905 3487 3105 3539 nostro
3138 3500 3199 3538 se
3229 3481 3566 3554 conspectui
3610 3496 3819 3552 reprae-

2176 3577 2427 3630 sentent.
2460 3573 2517 3628 Si
2551 3576 2744 3628 autem
2780 3574 2987 3627 nostra:
3012 3570 3151 3626 huic
3166 3568 3823 3641 jussioniBiliomenses

2176 3662 2439 3718 canonici
2453 3661 2688 3717 obedire
2702 3659 3179 3731 contempserint,
3198 3656 3544 3713 divinumiis
3559 3657 3823 3713 ofﬁcium

2176 3751 2525 3814 interdicito,
2540 3750 2924 3822 quoadusque
2955 3748 3388 3821 resipiscentes,
3407 3745 3824 3803 Celsiniacensi

2176 3839 2485 3912 praeposito
2515 3842 2571 3892 et
2602 3838 2877 3893 fratribus
2907 3855 3034 3909 qua;
3084 3836 3453 3908 diripuerunt
3483 3834 3818 3890 restituant.

2176 3928 2337 3994 Quod
2353 3927 2401 3983 si
2414 3925 2762 3999 episcopalis
2774 3924 3429 3995 auctoritatisjudicium
3443 3923 3823 3996 neglexerint,

2176 4020 2376 4073 nostra
2401 4033 2461 4071 se
2484 4033 2516 4071 a
2537 4014 2751 4071 divinis
2766 4014 2975 4071 ofﬁciis
3000 4014 3344 4069 auctoritate
3357 4012 3817 4069 noverintiuter—

2177 4106 2382 4172 dictos,
2403 4109 2589 4159 utnec
2614 4103 2724 4175 ipsi
2748 4102 2999 4174 uspiam,
3023 4118 3128 4158 nec
3150 4101 3247 4157 alii
3268 4102 3327 4156 in
3361 4117 3563 4156 eorum
3575 4100 3824 4156 ecclesia

2176 4195 2233 4249 id
2264 4193 2533 4249 exhibere
2572 4196 2949 4264 praasumant,
2984 4192 3368 4262 quoadusque
3425 4189 3545 4245 haec
3578 4206 3612 4245 a
3651 4189 3822 4247 nobis

2177 4286 2461 4355 praecepta
2491 4280 2809 4353 perﬁciant.

2906 4369 3068 4425 CXX.

2180 4461 2385 4517 Urbani
2404 4461 2451 4515 II
2469 4459 2693 4531 epistola
2724 4458 2793 4513 ad
2811 4458 3186 4525 Guillelmum,
3200 4459 3456 4531 comitem
3474 4457 3815 4531 Tolosanum.

2245 4563 2312 4573 -—
2341 4529 2509 4586 [Huni
2533 4531 2599 4585 de
2619 4531 2859 4601 expulsis
2880 4531 3163 4586 abbatibus
3192 4530 3558 4586 Moissiaoensi
3583 4538 3635 4584 ει
3659 4529 3819 4584 Lexa-

2248 4605 2389 4658 lensi
2418 4603 2691 4674 objurgal.

2674 4689 2860 4762 (Circa
2891 4707 3111 4746 annum
3144 4689 3327 4761 4094.)

2426 4780 2655 4850 [ΒΑιυκ.
2688 4779 2906 4834 Misce”.
2939 4778 3077 4834 edit.
3114 4779 3274 4847 Luc.,
3308 4777 3381 4848 Il,
3416 4775 3562 4849 181.]

2250 4868 2521 4923 URBANUS
2553 4868 2882 4939 episcopus,
2917 4885 3117 4923 servus
3150 4883 3450 4923 servorum
3496 4864 3619 4921 Dei.
3652 4864 3826 4920 Gen.-

2180 4974 2382 5023 LELMO,
2416 4956 2611 5010 comiti
2662 4955 2971 5023 Tolosano,
3035 4955 3286 5012 salutem
3338 4959 3395 5010 et
3441 4953 3822 5027 apostolicam

2181 5044 2665 5101 benedictionem.

2253 5135 2439 5206 Super
2462 5133 2740 5206 religione
2788 5138 2843 5189 et
2872 5133 3256 5207 eleemosynis
3292 5150 3440 5206 quas
3470 5148 3609 5205 erga
3640 5135 3821 5188 Deum

2183 5226 2238 5278 et
2268 5223 2397 5294 ejus
2458 5221 2705 5278 famulos
2762 5223 2971 5279 diceris
3002 5223 3271 5280 exhibere
3312 5221 3564 5278 maximo
3605 5221 3822 5294 gaudio

2181 5310 2564 5379 exsullamus,
2593 5311 2875 5368 maximas
2930 5312 3163 5386 agimus
3193 5311 3442 5367 laetitias.
3478 5310 3577 5366 Est
3623 5315 3826 5369 autem

504 5478 615 5554 (26)
648 5477 814 5537 Forte
863 5481 1132 5547 Baconii;
1154 5482 1340 5543 sancti
1400 5483 1616 5563 quippe
1648 5484 1882 5547 Baconii
1914 5491 2067 5567 apud
2101 5488 2487 5551 Pistorienses
2521 5489 2748 5550 celebre
2779 5504 3015 5554 nomen.
