4004 6162
197 300 330 369 3'93

197 440 363 511 quod
381 444 642 497 nostram
665 442 1134 503 benevolentiam
1155 452 1277 504 te...
1306 448 1521 504 efﬁciat
1543 449 1695 520 quod
1719 449 1862 505 adeo
1891 452 1944 517 Α

185 528 494 599 justitiam
526 533 763 603 exsequi
796 536 852 587 te
883 535 1240 591 audivimus.
1275 537 1392 592 Hoc
1424 542 1619 593 autem
1674 554 1743 593 ex
1793 555 1860 594 eo

191 615 414 689 accipit
427 623 813 691 augmentum
835 622 976 693 quia
992 623 1441 697 Moyssiacensis
1458 630 1515 682 et
1529 626 1863 683 Lezatensis

198 706 453 761 eoenobii
487 698 725 765 abbates
756 709 975 781 injuste
997 713 1206 786 expelli
1247 717 1306 769 et
1353 714 1414 769 in
1458 731 1660 770 eorum
1714 715 1880 771 locis-

196 793 423 866 inique
449 795 596 852 alios
633 798 939 872 subrogari
989 802 1107 874 pati
1160 802 1321 859 nullo
1368 804 1541 859 modo
1591 804 1858 876 potuisti.

201 885 629 941 Notumautem
649 886 755 942 tibi
779 888 1030 946 facimus
1040 892 1195 962 quod
1215 891 1607 949 venerabilem
1624 892 1862 949 fratrem

197 976 472 1027 nostrum
502 974 922 1046 Ansquilinum
952 978 1011 1032 in
1044 979 1534 1052 Moyssiaeensem
1585 982 1856 1038 abbatem

182 1061 686 1132 consecravimus,
742 1064 1076 1122 Hunaldum
1129 1072 1326 1125 autem
1392 1070 1725 1127 invasorem
1788 1088 1857 1127 ex

180 1149 392 1205 eodem
421 1152 690 1208 coenobio
722 1154 987 1211 recedere
1015 1156 1415 1227 decrevimus;
1448 1160 1627 1232 idque
1664 1164 1852 1217 totum

177 1237 461 1309 episcopo
498 1239 835 1297 Caturcensi
888 1243 1106 1300 nostris
1153 1245 1365 1302 litteris
1421 1247 1849 1305 intimavimus.

179 1326 435 1383 Studeat
461 1344 597 1401 ergo
627 1328 833 1402 religio
861 1335 966 1386 tua
1009 1333 1169 1390 sedis
1223 1335 1557 1407 apostolicae
1602 1338 1853 1394 decretis
1926 1376 1942 1388 ο

178 1414 496 1487 vigilanter
510 1416 786 1474 insudare
809 1424 869 1476 et
887 1424 953 1475 ut
978 1423 1199 1479 nostris
1218 1424 1524 1481 alfectibus
1543 1432 1855 1500 praecepto-

175 1521 315 1561 rum
348 1504 520 1561 detur
548 1506 839 1563 insistere.
893 1509 1044 1567 Sane
1093 1511 1236 1583 quia
1282 1516 1338 1568 te
1388 1518 1601 1570 sanctae
1654 1515 1851 1572 Mariae

172 1593 476 1649 deaurata:
505 1597 659 1667 apud
691 1596 963 1653 Tolosam
995 1601 1238 1657 omnino
1274 1601 1583 1659 ecclesiam
1607 1604 1850 1677 diligere

169 1686 229 1736 et
256 1681 551 1738 honorare
580 1684 914 1756 accepimus
942 1688 1074 1760 (27),
1109 1689 1228 1746 tuis
1274 1693 1665 1750 assentientes
1717 1711 1845 1766 pre-

171 1769 368 1837 cibus,
391 1775 504 1825 tute
523 1771 853 1829 dilectionis
870 1774 1135 1848 religioni
1148 1778 1525 1837 concedimus
1539 1785 1833 1853 quatenus
1859 1816 1908 1883 Β

171 1857 274 1883 ιζικε
310 1864 542 1883 1--..η---
565 1861 859 1883 _._-_-_2-2
884 1862 994 1883 3113-
1032 1881 1045 1883 -
1126 1882 1155 1883 η
1211 1870 1222 1883 ι
1304 1868 1314 1878 ·
1594 1874 1606 1883 .
1814 1876 1823 1883 .

168 1857 278 1913 tibi
310 1864 545 1932 tuasque
564 1861 860 1934 progeniei
884 1862 1000 1919 illic
1022 1868 1422 1923 cmmeterium
1446 1874 1754 1927 construas
1774 1876 1833 1928 et

168 1946 439 2003 benedici
486 1948 685 2006 facias.
718 1950 793 2007 Ut
844 1956 1039 2009 autem
1092 1954 1275 2011 beatae
1316 1957 1510 2013 Maria;
1563 1960 1834 2033 beatique

172 2035 326 2091 Petri
359 2038 604 2108 apostoli
638 2040 879 2097 studeas
907 2042 1133 2100 devotis
1159 2045 1415 2102 servitiis
1445 2048 1746 2116 incubare,
1776 2056 1832 2107 te

169 2128 231 2179 et
258 2141 471 2181 omnes
499 2126 600 2199 qui
628 2126 690 2183 in
721 2129 924 2186 eodem
957 2128 1080 2188 loco
1121 2133 1424 2207 religionis
1450 2137 1639 2209 gratia
1668 2143 1830 2210 opta-

167 2213 360 2269 verint
391 2214 643 2288 sepeliri,
678 2234 781 2290 per
810 2219 964 2274 beati
998 2221 1146 2277 Petri
1170 2224 1422 2295 gratiam
1447 2226 1517 2279 ab
1554 2227 1830 2283 omnibus

170 2301 539 2359 absolvimus
567 2305 819 2362 vinculis
868 2307 1236 2366 delictorum.
1293 2312 1578 2386 Episcopo
1628 2318 1827 2371 autem

168 2391 428 2449 civitatis
460 2398 523 2449 ut
562 2393 709 2449 illud
753 2403 1052 2453 consecret
1099 2417 1167 2455 ex
1218 2402 1401 2457 nostri
1449 2407 1612 2474 parte
1661 2420 1825 2461 man-

167 2479 364 2536 dabis.

900 2602 1084 2660 CXXI.

177 2706 393 2762 (.Trbaai
419 2706 473 2761 II
498 2708 724 2787 epistola
772 2708 842 2764 ad
895 2709 1245 2787 ϐαίίἰσίῃιατιρ
1294 2712 1661 2787 [Geraldum?]
1709 2719 1824 2783 epi-

237 2791 461 2857 scopum
512 2782 931 2857 Caturcensem._
967 2813 1037 2821 —
1079 2782 1307 2838 Mandat‘
1344 2788 1420 2851 ut,
1454 2782 1678 2857 expulso
1719 2782 1823 2843 Hu-

235 2851 462 2974 ηὲἀιάοᾶε
477 2851 879 2922 Αηδᾳιιίιίηαγη
910 2854 967 2907 in
997 2857 1395 2911 monasterium
1431 2851 1823 2916 Mo'issiacense

237 2935 268 2971 r
335 2934 405 2974 uc
438 2942 439 2945 η
469 2960 482 2973 .

663 3028 849 3096 (Circa
880 3045 1100 3086 annum
1135 3030 1268 3086 1094
1280 3033 1319 3104 .)

449 3141 682 3211 [ΒΑιυΖ.
714 3142 909 3200 Missel.
943 3145 1106 3215 edit.,
1137 3144 1233 3203 luc
1253 3147 1324 3216 II,
1347 3147 1491 3217 481.]
1845 3183 1888 3251 α

233 3277 511 3337 Unum
539 3282 873 3357 episcopus,
906 3301 1109 3343 servus
1159 3305 1460 3346 servorum
1492 3291 1617 3361 Dei,
1658 3293 1810 3351 Guil.

160 3383 369 3440 nam,
391 3368 731 3429 Caturcensi
751 3373 1045 3447 episcopo,
1069 3374 1321 3434 salutem
1344 3382 1403 3434 et
1431 3368 1811 3452 apostolicam

157 3458 648 3516 benedictionem.

226 3547 509 3611 Quamvis
557 3565 738 3621 supra
784 3554 1033 3608 matrem
1076 3570 1245 3610 suam
1296 3558 1353 3610 et
1416 3556 1810 3615 Ecclesiarum

156 3635 426 3690 omnium
450 3636 773 3695 Romanam
796 3639 1115 3697 Ecclesiam
1138 3642 1474 3700 calcaneum
1507 3646 1815 3703 elevaverit

155 3721 464 3779 Hnnaldus
494 3742 563 3781 ex
591 3729 946 3785 monasterio
981 3729 1416 3803 Moyssiacensi,
1449 3735 1548 3806 qui
1580 3736 1638 3791 in
1682 3736 1811 3809 ipso

153 3813 415 3869 cinnobio
448 3813 630 3871 abbas
658 3814 848 3874 factus
878 3823 1080 3875 contra
1110 3820 1387 3878 Romanae
1416 3822 1682 3879 Ecclesia:
1720 3841 1814 3881 vo-

150 3899 437 3959 luutatem
467 3905 845 3977 Ansquilinm
870 3907 1061 3979 ejecit,
1084 3912 1282 3965 tamen
1306 3925 1373 3966 ex
1400 3911 1557 3967 sedis
1577 3917 1813 3986 aposto-

152 3987 271 4045 licae
300 3989 669 4065 benignitate
712 4011 777 4050 ac
808 3993 1089 4067 patientia
1118 3999 1471 4054 sententiam
1503 4001 1810 4072 suspendi-

153 4082 545 4135 musettantaa
581 4082 878 4153 parcimus
913 4088 1377 4159 praesumptioni.
1414 4087 1707 4147 Jubemus
1735 4108 1809 4147 au

152 4170 267 4221 tem
280 4171 347 4222 ut
359 4167 694 4225 Hunaldum
708 4172 782 4227 ab
795 4172 998 4228 eodem
1013 4176 1367 4232 monasterio
1384 4177 1632 4250 repellas
1643 4180 1810 4235 etfra-

154 4256 300 4309 trem
331 4261 601 4313 nostrum
632 4260 1022 4316 venerabilem
1069 4260 1261 4318 virum
1314 4264 1691 4336 Asquilinum
1750 4267 1828 4323 in-

157 4343 359 4399 eodem
392 4344 516 4401 loco
548 4347 824 4404 restituas
851 4349 909 4404 in
942 4350 1237 4418 abbatem,
1269 4358 1327 4408 et
1355 4353 1463 4408 hoc
1495 4354 1646 4411 infra
1667 4372 1810 4428 qua-

156 4430 426 4504 draginta
460 4434 588 4491 dies
618 4440 930 4508 postquam
962 4437 1192 4495 litteras
1239 4444 1469 4497 nostras
1517 4445 1808 4516 acceperis

1428 311 1837 377 EPISTOLE
1880 312 1981 380 ET
2024 315 2501 386 PBIVILEGIA.

2699 462 2893 517 CXXll

1979 524 2186 580 Urbani
2223 528 2275 582 II
2318 530 2540 606 epistola
2590 531 2661 588 ad
2709 532 3055 606 Godefridum
3102 536 3387 594 Lucanum
3428 539 3627 606 episco-

2037 613 2193 667 pum.
2226 631 2294 639 ——
2328 602 2477 684 Quod
2524 619 2633 684 non
2678 606 2792 684 sint
2822 602 3118 684 homicida?
3147 602 3500 684 εττὶδιίθηαηᾶί
3530 612 3629 684 qui

2042 675 2505 729 excmmum'catos
2531 675 2644 731 zelo
2673 676 2926 734 Ecclesiae
2955 678 3266 735 occiderint.

2475 761 2663 831 (Intra
2693 781 2786 820 an.
2823 765 3108 835 1088-95.)

2395 853 2625 927 [Massa
2663 852 2865 911 Concil.
2900 858 3025 924 XX,
3056 856 3206 927 713,]

2038 940 2688 998 Excommunicatorum
2710 942 3372 1018 interfectoribusprout
3395 961 3618 1005 morem

1966 1027 2238 1086 Romanae
2264 1030 2528 1088 Ecclesiae
2560 1031 2711 1105 nosti
2745 1032 3065 1088 secundum
3123 1033 3389 1105 ipsorum
3427 1035 3618 1093 inten-

1964 1117 2179 1175 tionem
2205 1121 2444 1176 inodum
2466 1138 2736 1194 congruae
2758 1120 3173 1177 satisfactionis
3197 1122 3458 1197 injunge.
3486 1124 3615 1183 Non

1962 1208 2118 1263 enim
2169 1226 2267 1265 eos
2316 1209 2641 1266 homicidas
2691 1210 3067 1278 arbitramur,
3117 1212 3274 1282 quod
3333 1213 3614 1271 adversus

1961 1299 2497 1355 excommunicatos
2550 1298 2671 1355 zelo
2711 1297 3008 1355 catholicae
3051 1299 3257 1356 matris
3316 1301 3609 1373 ardentes,

1962 1399 2163 1441 eorum
2192 1386 2485 1458 quoslibet
2531 1387 2856 1444 trucidasse
2901 1387 3227 1462 contigerit.
3279 1389 3361 1455 Ne
3411 1392 3609 1447 tamen

1960 1473 2224 1544 ejusdem
2247 1475 2510 1533 Ecclesiae
2534 1476 2741 1532 matris
2762 1475 3073 1548 disciplina
3091 1477 3383 1545 desaeviat,
3410 1480 3610 1535 tenore

1960 1578 2133 1632 quem
2166 1563 2444 1631 diximus,
2478 1564 2879 1637 paenitentiam
2911 1565 2995 1621 eis
3021 1564 3262 1622 indicito
3283 1582 3609 1640 congruen-

1957 1655 2096 1721 tem,
2131 1668 2248 1724 qua
2278 1652 2485 1708 divinae
2526 1653 2922 1726 simplicitatis
2970 1653 3170 1710 oculos
3221 1656 3497 1711 adversus
3545 1670 3609 1712 se

1959 1741 2318 1814 complecere
2340 1741 2693 1814 pervaleant,
2716 1741 2766 1798 si
2788 1742 2934 1798 forte
2958 1742 3097 1815 quid
3120 1740 3480 1816 duplicitatis
3497 1760 3605 1816 pro

1939 1828 1973 1884 h
1985 1847 2016 1885 u
2028 1847 2202 1887 mana
2216 1830 2527 1905 fragilitate
2539 1831 2598 1887 in
2613 1832 2814 1888 eodem
2830 1830 3601 1905 flagitiocontraxerunt(27).

1947 1998 2155 2054 Urbani
2174 2000 2219 2055 Il
2239 2000 2469 2072 epistola
2488 1999 2559 2055 ad
2578 2000 2902 2073 Cyriacum,
2917 2003 3228 2073 episcopum
3247 2002 3593 2073 Januensem.

2011 2099 2081 2111 —
2112 2072 2220 2138 Qui
2231 2074 2362 2143 jure
2379 2071 2622 2143 jurando
2636 2071 3330 2142 propinquitatemﬁnnare
3347 2071 3591 2138 debeant.

2456 2160 2638 2232 (Intra
2669 2176 2763 2215 an.
2799 2158 3084 2231 1090-95.)

2143 2248 2438 2316 [Gnarum
2474 2253 2681 2305 Decret.
2714 2249 2776 2304 C.
2807 2263 2977 2317 xxxv,
3009 2264 3107 2320 qu.
3139 2249 3193 2316 6,
3227 2264 3278 2303 c.
3308 2249 3383 2316 3.]

2008 2335 2392 2392 Notificamus
2418 2337 2547 2404 tibi,
2581 2339 2646 2391 ut
2675 2341 2990 2408 postquam
3021 2338 3163 2403 tres,
3204 2338 3307 2391 aut
3353 2336 3470 2392 duo
3518 2350 3586 2393 ex

1936 2424 2455 2497 prepinquioribus
2474 2425 2598 2496 jam
2623 2425 2907 2481 defunctae
2930 2424 3127 2480 uxoris
3141 2424 3291 2496 ejus,
3308 2423 3585 2496 quiaccu-

1935 2517 2118 2581 satur,
2154 2512 2243 2569 vel
2274 2514 2434 2579 vivae,
2467 2514 2619 2569 hanc
2656 2513 3155 2586 propinquitatem
3198 2512 3585 2585 jurejurando

1933 2602 2310 2669 ﬁrmaverint,
2342 2602 2431 2659 vel
2464 2606 2601 2669 tres,
2633 2606 2735 2658 aut
2761 2603 2875 2658 duo
2905 2617 2974 2656 ex
3020 2600 3451 2673 antiquioribus
3484 2600 3587 2658 Go-

1930 2691 2252 2748 nuensibus
2284 2692 2500 2763 quibus
2546 2691 2668 2747 haec
2721 2690 3127 2764 propinquitas
3177 2693 3316 2747 nota
3344 2694 3453 2760 est,
3482 2687 3586 2763 qui

1932 2780 2093 2835 bonae
2125 2780 2290 2836 fama:
2310 2786 2366 2836 et
2387 2781 2608 2836 veracis
2628 2779 2949 2837 testimonii
2972 2779 3340 2848 sint,remoto
3362 2794 3581 2836 amore.

1929 2869 2157 2937 timore,
2182 2870 2365 2941 pretio
2387 2873 2444 2926 et
2464 2869 2622 2925 omni
2644 2868 2799 2926 malo
2822 2866 3040 2935 studio,
3054 2865 3392 2940 supradicto
3409 2867 3582 2924 modo

1927 2958 2496 3030 consanguinitatem
2531 2958 2909 3027 ﬁrmaverint,
2935 2957 3059 3014 sine
3079 2954 3240 3013 omni
3262 2972 3426 3013 mora
3440 2970 3583 3012 con-

1917 3046 2091 3119 jugia
2118 3046 2533 3103 dissolvantur.
2562 3048 2725 3112 Quod
2758 3046 2809 3103 si
2837 3045 3173 3119 propinqui,
3198 3048 3300 3100 aut
3321 3038 3581 3100 extranei

1926 3136 2117 3192 verbis
2130 3142 2228 3192 tan
2236 3141 2359 3193 tum
2374 3137 2870 3209 propinquitatem
2881 3139 3172 3191 testantur
3183 3134 3265 3205 etj
3273 3134 3577 3189 uramento

1928 3225 2195 3297 probare,
2226 3224 2316 3281 vel
2348 3224 2663 3291 noluerint,
2692 3223 2783 3280 vel
2810 3222 3197 3295 nequiverint,
3231 3219 3573 3292 coniugium

1924 3312 2259 3369 nullatenus
2288 3314 2671 3370 dissolvatur:
2697 3314 2799 3369 sed
2821 3314 3155 3383 competens
3177 3308 3261 3365 eis
3290 3306 3574 3381 paeniten-

1921 3404 2003 3457 tia
2032 3406 2268 3474 propter
2295 3401 2622 3470 infamiam,
2653 3400 2741 3458 vel
2774 3399 2993 3473 peccati
3016 3396 3307 3454 maculam
3330 3395 3403 3469 (si
3424 3395 3575 3451 forte

1906 3489 1979 3545 vin
2012 3490 2120 3546 hac
2150 3508 2210 3547 re
2240 3491 2635 3548 contraxerint
2662 3489 2942 3562 aliquam)
2971 3487 3331 3561 injungatur.

2633 3576 2864 3636 CXXIV.

1924 3660 2128 3740 Urbani
2156 3660 2204 3740 ll
2233 3660 2460 3740 epistola
2506 3659 2579 3740 ad
2625 3659 2928 3740 Rogeriufn.
2960 3656 3240 3740 ducent‘et
3287 3655 3565 3740 pomariu-

1988 3732 2121 3787 dum
2148 3725 2368 3803 fratres.
2405 3759 2466 3778 =
2498 3725 2780 3788 Monaclios
2809 3729 2877 3785 ab
2906 3730 3253 3786 invasoribus
3270 3725 3528 3798 defendit.

2373 3821 2555 3893 (Intra
2584 3836 2806 3877 annum
2840 3817 3118 3887 1094-95.)

2349 3911 2581 3981 [MANSI,
2613 3909 2816 3966 Concil.
2840 3907 2960 3976 XX,
2988 3906 3138 3975 647.]

1994 3995 2262 4053 Uasnus
2279 3997 2607 4069 episcopus,
2627 4012 2830 4053 servus
2851 4007 3154 4050 servorum
3175 3990 3296 4059 Dei,
3312 3991 3567 4048 Roesmo

1919 4086 2054 4142 duci
2083 4092 2140 4141 et
2168 4087 2489 4141 Boauunno
2519 4086 2683 4141 fratri
2713 4086 2862 4155 ejus,
2896 4081 3145 4138 salutem
3186 4084 3245 4135 et
3289 4078 3566 4151 apostoli-

1919 4191 2049 4231 cam
2080 4173 2563 4230 benedictionem.

1990 4262 2510 4319 Proclamationem
2541 4266 2674 4317 ante
2705 4264 2967 4317 nostram
3017 4256 3386 4332 praesentiam
3430 4254 3566 4313 fecit

1920 4352 2064 4408 Urso
2093 4352 2380 4407 Bantinus
2407 4352 2589 4407 abbas
2619 4351 2690 4407 de
2737 4348 3093 4422 quibusdam
3147 4345 3462 4404 comitibus
3512 4348 3570 4401 et

1920 4441 2256 4510 baronibns,
2290 4440 2391 4512 qui
2421 4439 2633 4496 callida
2663 4437 2950 4494 invidiosa
2979 4431 3568 4511 [invidiosaque]epi-

155 4534 189 4572 a
228 4520 418 4577 nobis.
471 4524 633 4589 Quod
683 4524 797 4581 nisi
846 4525 999 4582 infra
1045 4529 1450 4601 praescriptum
1498 4532 1811 4603 perfeceris
1840 4549 1888 4616 D
1918 4545 2229 4602 scoporum
2260 4527 2686 4584 machinatione
2716 4525 2963 4591 seducti,
2995 4524 3193 4596 ipsum
3213 4525 3271 4580 et
3286 4522 3416 4616 ⁸39⁵
3442 4535 3569 4616 1130·

154 4609 495 4684 terminum,
528 4613 704 4671 etiam
733 4614 985 4671 invitum
1017 4617 1090 4672 ab
1119 4618 1278 4674 omni
1296 4623 1349 4675 te
1375 4623 1810 4693 suspendemus
1840 4607 1881 4616 ”
1921 4619 2243 4676 nasterium
2275 4617 2492 4673 nostris
2518 4616 2790 4673 manibus
2811 4616 3215 4670 consecratum
3235 4610 3408 4667 modo
3435 4607 3570 4683 plus

153 4696 364 4753 officio.
395 4699 458 4755 Ut
482 4706 680 4758 autem
703 4703 942 4761 omnino
963 4710 1223 4778 satagas,
1250 4708 1480 4764 noveris
1504 4712 1559 4765 te
1581 4710 1813 4768 Domini

1923 4709 2296 4765 conturbant.
2318 4706 2502 4776 Unde,
2525 4704 2663 4778 quia
2679 4703 3021 4777 praedictum
3040 4698 3463 4757 monasterium
3494 4694 3569 4752 ad

156 4786 945 4849 nostriorisbenedictionem
961 4797 1172 4850 nostra:
1190 4810 1403 4852 manus
1423 4797 1812 4871 dispositione
1912 4798 2015 4870 jus
2044 4798 2108 4853 B.
2141 4796 2291 4852 Petri
2322 4797 2611 4868 pertinere
2641 4797 2897 4850 vestram
2927 4807 3043 4847 non
3085 4789 3227 4845 latet
3277 4785 3568 4844 notitiam.

152 4880 580 4933 assecuturum.
614 4880 675 4935 Si
704 4896 841 4954 ergo
886 4882 1104 4938 nostris
1153 4884 1441 4942 obedieris
1485 4890 1808 4962 praeceptis,

156 4962 307 5034 apud
342 4979 448 5019 nos
472 4966 620 5022 bene
640 4968 1025 5039 judicaberis.
1058 4972 1159 5028 Sin
1220 4979 1442 5039 autem,
1492 4981 1549 5030 te
1601 4976 1811 5048 iaculis

154 5052 372 5109 nostris
402 5053 699 5115 feriemus.
734 5059 972 5125 Qualem
1004 5077 1140 5135 ergo
1174 5065 1230 5118 te
1250 5062 1604 5137 exhibueris,
1632 5065 1807 5124 talem

157 5156 261 5197 nos
293 5140 558 5200 habebis.

238 5515 333 5586 27)
364 5516 608 5574 Histoire
634 5516 727 5576 de:
780 5529 984 5578 comtes
1010 5522 1083 5580 de
1109 5521 1388 5581 Toulouse.
1423 5541 1556 5601 pag.
1590 5526 1716 5586 125.

218 5515 337 5671 E57)
367 5591 507 5647 Haec
535 5589 665 5667 ipsa
692 5592 868 5651 verba
894 5609 964 5652 ex
989 5594 1163 5671 epist.
1184 5594 1401 5656 Urbani
1427 5598 1500 5657 ad
1524 5599 1716 5662 Sancii

476 5713 745 5787 Parant.
785 5715 934 5789 GLI.

1920 4902 1989 4941 ex
2014 4886 2356 4942 auctoritate
2387 4884 2449 4938 B.
2495 4883 2641 4939 Petri
2687 4886 2744 4938 et
2793 4884 2994 4937 nostra
3044 4875 3465 4934 monasterium
3511 4872 3570 4926 et

1919 4974 2190 5029 abbatem
2202 4971 2365 5028 vobis
2382 4955 3565 5056 commendamus,quatenus-cu_stodiatis,

1919 5063 2228 5134 adjuvetis,
2261 5065 2318 5117 et
2347 5078 2381 5115 a
2411 5058 2585 5115 malis
2613 5055 2976 5124 hominibus,
2995 5053 3150 5109 sicut
3170 5050 3235 5105 B.
3257 5049 3409 5104 Petri
3439 5060 3568 5118 pro~

1916 5152 2245 5226 prietatem,
2274 5149 2519 5207 ﬁdeliter
2556 5146 2883 5204 defendatis
2928 5148 2986 5199 et
3031 5154 3220 5212 neque
3270 5134 3566 5210 depraeda-

1914 5242 2124 5310 tiones,
2158 5256 2344 5313 neque
2397 5239 2655 5311 aliquam
2698 5235 2790 5292 sui
2827 5232 2982 5307 juris
3023 5227 3476 5288 diminutionem
3531 5240 3569 5285 tt

1915 5347 2268 5407 quocunque
2298 5329 2424 5387 ﬁeri
2454 5326 2780 5404 patiamini.

245 5588 337 5667 57)
367 5591 507 5647 Haec
535 5589 665 5667 ipsa
692 5592 868 5651 verba
894 5609 964 5652 ex
989 5594 1163 5674 epist.
1184 5594 1401 5656 Urbani
1423 5588 1804 5663 ‘adVSancium
1845 5602 2137 5683 decerpsit
2165 5600 2478 5665 Gratianus
2499 5599 2589 5673 32,
2621 5612 2679 5675 q.
2710 5597 2770 5671 2,
2795 5608 2923 5655 can.
2954 5592 3031 5653 De
3048 5593 3244 5668 neptis.

3164 5712 3241 5785 £3
