3988 6164
401 322 528 386 395

1706 317 1771 378 Β.
1819 308 2116 378 URBANI
2161 307 2216 370 ΙΙ
2259 308 2512 372 ΡΑΡᾹΞ.

3697 299 3828 364 396

480 459 721 530 Semper
737 449 2053 526 recordantes,quiain[fortcet]consecratione
2080 445 2138 512 Α
2167 462 2267 498 vos
2301 444 2561 500 Ecclesiae
2595 445 2813 530 hostes,
2841 441 3049 499 validis
3096 439 3406 495 verborum
3449 438 3664 510 jaculis
3705 439 3826 494 im—

327 603 330 606 ,
409 536 672 609 ejusdem
704 536 1044 594 monasterii
1077 537 1370 599 abbatem,
1403 539 1460 588 et
1491 532 1684 603 ipsum
1735 531 1794 584 in
1845 547 2058 586 manus

409 631 632 682 vestras
665 625 994 698 specialiter
1013 620 1574 678 commendavimus.
1599 619 1796 691 Itaque
1818 637 1848 674 e
1869 620 2059 692 priore

411 714 942 778 commendatione,
975 716 1032 768 et
1064 711 1273 766 harum
1306 709 1631 764 litterarum
1673 708 1939 779 jussione
1988 709 2060 764 ab

410 804 686 860 omnibus
716 801 1137 858 monasterium
1159 803 1446 865 nostrum,
1473 804 1528 854 et
1551 799 1838 871 praecipue
1859 815 1892 852 a
1926 799 2059 852 an-

411 893 593 963 fredo,
622 891 805 946 Amici
837 889 1068 946 comitis
1100 888 1237 954 ﬁlio,
1271 887 1425 944 sicut
1456 885 1656 943 ﬁdeles
1687 887 1748 942 B.
1785 887 1930 941 Petri
1967 887 2063 940 de-

414 981 650 1038 fendite.
676 980 779 1044 Qui
803 979 1020 1046 abbati,
1045 978 1222 1034 etiam
1248 994 1350 1048 pro
1373 976 1710 1032 defensione
1735 993 1850 1030 sum
1866 991 2060 1029 rerum

411 1069 676 1126 Ecclesiae
707 1071 902 1140 partes
950 1065 1276 1122 maritimas
1315 1063 1653 1130 conterenti,
1705 1063 2065 1135 constipatus

411 1157 738 1214 latronibus
769 1173 898 1212 sese
927 1155 1155 1212 obviam
1185 1153 1464 1210 contulit:
1500 1157 1674 1224 atque
1721 1153 1793 1208 ab
1841 1169 1906 1207 eo
1955 1153 2064 1207 sub

415 1251 570 1301 recto
601 1247 760 1316 [forte
791 1245 1067 1315 subrepto
1090 1242 1342 1314 pretioso
1376 1242 1674 1314 privilegio
1709 1246 1925 1308 nostro,
1970 1257 2068 1294 ve-

416 1335 553 1392 stris
584 1332 1113 1406 supplicationibus
1144 1332 1483 1399 constituto,
1531 1336 1587 1384 et
1636 1329 1766 1384 aliis
1811 1329 2068 1400 scriptis,

417 1424 603 1496 spolia
620 1425 746 1493 ejus
768 1422 1070 1493 diripiens,
1088 1437 1218 1474 cum
1241 1420 1365 1474 suis
1383 1420 1776 1473 confratribus
1791 1420 2066 1473 satiatum

417 1511 746 1585 opprobriis
778 1527 912 1565 cum
946 1509 1197 1581 peditem
1222 1507 1530 1578 dereliquit
1554 1523 1648 1561 :ac
1673 1506 1804 1560 inde
1825 1523 2070 1578 quisque

409 1602 536 1672 jam
569 1617 602 1654 a
631 1605 791 1670 patre
823 1615 928 1652 suo
961 1597 1171 1652 comite
1219 1596 1406 1650 eidem
1458 1594 1808 1649 monasterio
1863 1595 2068 1650 debita!-

417 1687 861 1743 restaurationis
892 1687 1085 1757 gratia
1115 1685 1460 1751 rondonata,
1486 1685 1554 1736 ad
1579 1701 1715 1737 suas
1742 1700 1950 1738 manus
1973 1700 2069 1736 sa-

419 1777 666 1847 crilegas
697 1775 961 1846 nequiter
993 1775 1296 1829 revocavit.
1334 1772 1495 1836 Quod
1531 1773 1584 1826 si
1618 1772 1985 1843 privilegium
2016 1775 2072 1826 et

421 1881 665 1938 quisque
695 1864 922 1935 direpta
952 1861 1270 1933 sacrilegus
1302 1861 1397 1916 ille
1429 1861 1682 1916 renuerit
1712 1861 1968 1924 reddere,
2015 1864 2072 1916 et

420 1953 732 2011 abbatibus
755 1969 819 2008 ac
845 1951 1120 2006 fratribus
1141 1949 1485 2022 dignissime
1507 1948 2068 2020 satisfacere,przeci-

421 2043 618 2116 pimus
650 2046 712 2097 ut
751 2041 989 2113 cogatis.
1039 2038 1310 2110 Alioquin
1360 2039 1483 2110 ipse
1533 2044 1590 2094 et
1640 2039 1892 2093 fautores
1941 2039 2072 2110 ejus

425 2130 782 2187 anathemati
815 2129 1158 2184 subdentur.

1027 2273 1032 2278 ρ
1136 2234 1349 2289 CXXV.

426 2327 668 2398 Epistola
703 2326 910 2398 Urbani
939 2326 988 2379 II
1015 2324 1083 2398 ad
1107 2325 1490 2398 Berz‘ngcrum
1533 2324 1778 2398 abbatem
1828 2323 1903 2398 S.
1934 2324 2073 2376 Lau-

496 2399 666 2452 rentii
694 2396 1021 2460 Leodiensis,
1051 2396 1488 2450 Simom’acorum
1535 2403 1584 2449 θι
1643 2395 2072 2449 ινίὺθι·1ι’.ςιανωη

496 2471 893 2535 insectatorem,
943 2467 1009 2522 ab
1061 2467 1352 2535 "[ez'nrico]
1406 2468 1729 2534 imperatore
1775 2474 1825 2519 et
1885 2466 2073 2520 Oberto

495 2542 743 2611 episcopo
772 2539 1084 2610 expulsum.

879 2643 1058 2712 (Intra
1087 2658 1306 2696 annum
1334 2641 1618 2711 1094-95.)

855 2731 1087 2802 [MANSI,
1118 2732 1322 2785 Concil.
1351 2735 1472 2800 XX,
1497 2731 1646 2801 915.]

497 2838 774 2895 URBANUS
801 2837 1109 2909 episcopus
1131 2853 1334 2892 servus
1365 2853 1666 2891 servorum
1701 2837 1818 2901 Dei,
1861 2837 2072 2892 dilecto

428 2929 487 2984 in
517 2927 744 2982 Christo
776 2926 939 2982 fratri
973 2926 1302 2980 Bsamsano
1333 2927 1444 2998 (28)
1477 2926 1670 2981 abbati
1722 2926 1970 2981 salutem
2015 2931 2073 2980 et

425 3014 802 3089 apostolicam
838 3013 1320 3070 benedictionem.

494 3103 724 3160 Gratias
753 3103 986 3175 agimus
1017 3103 1130 3158 Deo
1163 3119 1265 3174 pro
1297 3102 1461 3157 vobis
1492 3102 1550 3156 in
1582 3102 1772 3174 gratia
1803 3103 1902 3158 Dei
1943 3120 2070 3175 quas

2169 539 2383 605 petere.
2412 539 2468 589 et
2494 523 2798 589 nutantem
2831 531 3070 588 rationis
3113 545 3314 587 eorum
3365 544 3601 584 murum
3640 526 3832 582 ariete

2171 623 2300 676 ﬁdei
2337 622 2589 695 pulsare,
2621 629 2680 678 et
2709 620 2960 676 athletas
2989 619 3112 687 Dei,
3137 618 3237 691 qui
3259 617 3316 672 in
3335 618 3457 674 acie
3477 616 3832 671 Christianas

2171 710 2468 782 religionis
2498 711 2847 778 defecerant,
2880 708 3225 764 confortare.
3272 705 3438 760 Nunc
3481 721 3619 777 ergo
3659 704 3838 759 devo-

2171 801 2386 855 tionem
2417 804 2669 854 vestram
2703 799 2887 870 pietas
2909 796 3104 852 divina
3146 794 3418 866 inspexit,
3481 799 3540 849 et
3583 793 3832 848 tandem

2172 891 2452 957 maiestas
2482 888 2710 943 excelsa
2741 887 3019 959 dignatur
3048 889 3113 940 ut
3145 900 3246 957 pro
3273 899 3338 940 eo
3373 881 3700 954 patiamini,
3726 881 3838 953 qui

2173 995 2275 1049 pro
2307 981 2497 1030 vestra
2526 975 2711 1047 gloria
2741 975 2932 1030 crucis
2963 972 3353 1046 ignominiam
3387 972 3536 1026 ferre
3553 988 3669 1026 non
3692 988 3835 1026 eru-

2173 1065 2320 1122 buit.
2355 1065 2498 1120 Huic
2523 1071 2683 1120 tanto
2715 1063 2966 1120 ccelestis
2997 1062 3194 1136 gratiae
3217 1061 3495 1117 beneﬁcio
3515 1060 3840 1132 prudentia

2174 1159 2367 1210 vestra
2397 1155 2567 1210 debet
2597 1154 2949 1225 respondere
2975 1151 3220 1222 aliquid,
3253 1155 3310 1205 et
3354 1149 3533 1206 calice
3582 1147 3839 1205 salutari

2177 1249 2474 1316 gratanter
2503 1248 2736 1314 accepto
2766 1242 3014 1315 gloriam
3045 1244 3101 1296 et
3131 1240 3411 1295 honorem
3441 1238 3638 1294 aeterni
3671 1239 3839 1311 regis

2178 1349 2453 1405 quaerere,
2489 1337 2544 1387 et
2575 1333 2633 1386 in
2666 1331 2826 1386 omni
2854 1330 2981 1385 vitae
3008 1334 3213 1385 vestrae
3245 1331 3400 1384 statu
3433 1343 3648 1383 nomen
3673 1329 3837 1398 ejus,

2178 1422 2273 1492 qui
2327 1422 2488 1474 vobis
2537 1421 2744 1475 tribuit
2793 1418 3178 1482 intellectum,
3229 1417 3514 1482 invocare,
3569 1417 3838 1484 laudare,

2177 1510 2517 1564 benedicere
2549 1515 2606 1564 et
2636 1508 3032 1581 magniﬁcare.
3070 1507 3181 1561 Nec
3213 1507 3429 1560 damna
3460 1521 3652 1561 rerum
3684 1511 3840 1560 tem-

2179 1598 2464 1670 poralium
2495 1615 2597 1652 vos
2627 1598 2840 1651 debent
2871 1611 3118 1658 movere,
3155 1612 3343 1666 neque
3375 1594 3530 1665 quod
3565 1594 3630 1648 Η.
3667 1596 3840 1664 (ὃδΓ,

2180 1687 2353 1742 homo
2416 1687 2757 1740 Christiana:
2825 1685 2985 1758 pacis
3053 1700 3284 1740 eversor
3331 1687 3388 1737 et
3453 1682 3842 1738 ecclesiarum

2178 1775 2496 1847 sacrilegus
2521 1775 2802 1838 venditor,
2833 1773 3075 1829 Romani
3099 1773 3325 1845 imperii
3346 1773 3691 1836 destructor,
3715 1771 3842 1827 he-

2179 1866 2489 1920 reticorum
2512 1870 2714 1918 auctor
2737 1869 2794 1918 et
2817 1863 3105 1930 defensor,
3127 1878 3228 1916 vos
3252 1862 3323 1916 de
3345 1859 3600 1916 Ecclesia
3641 1867 3844 1916 vestra

2179 1971 2282 2025 per
2311 1953 2616 2009 satellitem
2670 1969 2843 2008 suum
2888 1951 3166 2007 Obertum
3215 1950 3328 2021 (29)
3370 1948 3707 2021 episcopum
3733 1966 3844 2004 ex-

2180 2043 2349 2114 pulit,
2397 2059 2617 2096 curare.
2671 2041 2814 2096 Nam
2862 2039 2911 2096 si
2973 2038 3458 2095 Patremfamilias
3513 2037 3841 2093 Beelzebub

2181 2130 2464 2186 invocavit
2495 2132 2646 2200 ['leg.,
2681 2130 2942 2199 vocavit],
2977 2132 3195 2200 quanto
3240 2127 3429 2200 magis
3474 2127 3842 2182 domesticos

2181 2220 2356 2291 ejus?
2387 2244 2412 2268 ››
2445 2219 2627 2290 (Matii.
2662 2237 2715 2283 χ,
2750 2220 2864 2283 25.)
2890 2217 2950 2271 Si
2981 2218 3255 2271 Romanis
3287 2219 3499 2271 sanctae
3521 2219 3579 2270 et
3608 2221 3851 2286 aposto-

2181 2309 2303 2364 licae
2337 2308 2600 2363 Ecclesia:
2633 2310 2892 2362 funestas
2926 2322 3136 2360 manus
3164 2304 3382 2375 intulit,
3415 2303 3630 2359 mirum
3671 2304 3853 2360 vobis

2180 2397 2427 2462 videtur,
2483 2397 2532 2451 si
2585 2412 2770 2467 usque
2802 2395 2870 2449 ad
2906 2411 3007 2449 vos
3037 2393 3270 2466 gladius
3298 2393 3540 2448 insaniae
3563 2394 3693 2463 ejus
3715 2410 3854 2466 per-

2181 2486 2357 2540 venit.
2409 2485 2467 2539 Si
2517 2486 2875 2540 sacerdotem
2923 2498 3259 2548 summum,
3315 2481 3407 2536 cui
3465 2482 3854 2553 omnipotens

2182 2575 2465 2630 Dominus
2490 2589 2588 2644 per
2609 2573 2841 2627 Petrum
2856 2571 3140 2644 singulari
3158 2569 3457 2643 privilegio
3489 2575 3850 2642 potestatem

2183 2662 2476 2733 aperiendi
2499 2660 2872 2715 etrlaudendi
2893 2660 3109 2731 quibus
3140 2659 3385 2714 voluerit
3409 2660 3628 2729 januas
3664 2659 3850 2715 caile-

2181 2751 2288 2810 stis
2319 2751 2477 2821 regni
2513 2750 2663 2803 dono
2690 2749 2870 2816 dedit,
2903 2748 2974 2804 de
3003 2746 3279 2802 cathedra
3301 2746 3620 2817 pontiﬁcali
3650 2755 3851 2820 tyran-

2182 2840 2310 2894 nice
2339 2837 2684 2905 exturbavit,
2717 2843 2773 2892 et
2806 2853 2907 2908 pro
2936 2853 3003 2892 eo
3026 2840 3282 2892 statuam
3313 2853 3551 2891 auream
3595 2837 3654 2890 in
3705 2836 3846 2893 loco

2182 2933 2380 2983 sancto
2411 2927 2611 2994 erexit,
2661 2931 2717 2981 et
2765 2927 2836 2980 ad
2889 2925 3253 2980 adorandum
3301 2940 3400 2979 eos
3440 2940 3588 2996 quos
3637 2930 3844 2996 potest

2179 3017 2353 3089 cogit,
2386 3013 2706 3070 turbamini
2739 3013 2894 3085 quod
2925 3030 3029 3068 vos
3059 3012 3340 3068 violenter
3376 3012 3619 3085 expulit,
3663 3017 3721 3068 et
3771 3014 3840 3068 in

2183 3105 2306 3161 loco
2336 3109 2526 3159 vestro
2558 3103 2733 3158 ﬁctile
2766 3107 2820 3157 et
2851 3101 3142 3157 conﬂatile
3168 3100 3389 3156 idolum
3413 3101 3842 3158 abomiationis

427 3193 565 3250 data
584 3197 674 3249 est
694 3192 879 3261 vobis,
904 3192 1003 3263 qui
1026 3191 1083 3246 in
1107 3191 1215 3246 hoc
1239 3191 1390 3247 malo
1413 3196 1694 3263 tempore,
1719 3208 1853 3246 cum
1875 3192 2068 3248 omnis
2099 3177 2142 3244 C
2181 3193 2448 3250 collocari
2480 3191 2630 3248 fecit.
2668 3195 2789 3247 Imo
2821 3191 3014 3263 potius
3045 3190 3311 3263 gaudete,
3338 3191 3477 3262 quia
3495 3190 3649 3246 Deus
3669 3189 3844 3245 labo-

426 3298 574 3353 pene
605 3279 792 3338 Gallia
820 3280 1033 3336 erroris
1063 3279 1310 3352 caligine
1337 3281 1494 3351 jacet
1524 3280 1819 3347 immersa,
1871 3280 2070 3336 oculos

425 3369 640 3428 mentis
669 3373 874 3425 vestra:
903 3369 976 3425 ad
1007 3367 1399 3441 cognitionem
1432 3369 1690 3424 veritatis
1719 3368 2072 3424 illuminavit

422 3464 488 3514 ut
519 3458 590 3514 ad
622 3474 878 3514 amorem
903 3457 1170 3528 justitiae,
1202 3463 1259 3512 et
1288 3457 1583 3512 catholicae
1615 3457 1748 3512 ﬁdei
1781 3457 2069 3514 defensio-

422 3561 576 3612 ne,
606 3546 740 3618 igne
771 3546 861 3600 sui
889 3545 1130 3617 spiritus
1159 3561 1257 3599 cor
1286 3550 1542 3600 vestrum
1574 3546 1868 3601 accendat.
1927 3546 2066 3602 Gra-

419 3635 533 3689 tias
563 3633 647 3688 illi
680 3634 781 3705 qui
802 3650 903 3690 vos
924 3632 1197 3705 praeclaro
1221 3633 1397 3688 calice
1423 3635 1621 3705 gratize
1653 3651 1770 3689 suis
1817 3634 2066 3690 inebria-

416 3723 520 3787 vit,
553 3727 609 3777 et
640 3721 924 3794 Spiritum
957 3721 1189 3777 Domini
1223 3722 1281 3776 in
1337 3722 1558 3778 ratione
1607 3728 1802 3778 vestra
1849 3724 2068 3778 ferven-

418 3814 537 3866 tem
559 3809 628 3866 ad
653 3809 1022 3866 tolerantiam
1046 3808 1386 3881 multiplicis
1409 3810 1636 3881 injuriae
1659 3816 1926 3883 paratum
1942 3812 2067 3868 red-

417 3899 585 3965 didit,
619 3903 676 3954 et
707 3899 778 3954 ad
810 3899 1184 3970 perferendos
1215 3898 1444 3954 labores
1477 3905 1532 3954 et
1564 3900 1822 3970 pericula
1855 3902 2065 3973 prode-

414 3988 676 4044 fensione
697 3987 958 4044 veritatis
973 3988 1262 4044 excitavit.
1283 3989 1443 4052 Quod
1461 3988 1559 4043 Dei
1579 4006 1796 4044 munus
1815 3990 2064 4063 speciale

415 4093 544 4134 esse
567 4094 681 4133 non
703 4078 1068 4143 dubitamus,
1092 4078 1188 4148 qui
1215 4077 1926 4150 providadispensationis
1943 4097 2062 4135 suis

411 4167 602 4239 gratia
630 4166 841 4222 electos
871 4183 1011 4221 suos
1063 4167 1485 4237 persecutionis
1534 4170 1793 4239 tempore
1845 4168 2064 4224 utiliter

417 4255 626 4325 probat
655 4258 711 4308 et
741 4254 1013 4320 discutit;
1046 4254 1146 4310 sed
1180 4271 1250 4309 ne
1283 4253 1516 4325 penitus
1545 4255 1948 4321 aberrent,aut
1983 4255 2064 4310 la-

410 4343 684 4397 hefactati
713 4342 980 4397 funditus
1013 4341 1380 4413 dejiciantur,
1405 4343 1660 4413 potentia
1683 4344 1915 4399 virtutis
1942 4361 2060 4399 suae

410 4433 722 4496 sustentat,
754 4434 817 4483 ut
847 4431 918 4484 ad
953 4429 1150 4484 omnia
1183 4435 1418 4501 propter
1440 4446 1500 4484 se
1522 4430 1866 4486 sustinenda
1892 4450 2057 4504 para-

2177 3299 2308 3339 rum
2339 3285 2674 3337 sanctorum
2707 3296 2948 3335 suorum
2978 3283 3308 3334 consortem
3328 3295 3429 3334 vos
3459 3277 3581 3334 vult
3602 3294 3752 3334 esse.
3773 3279 3840 3334 Si

2180 3371 2445 3444 rapinam
2477 3371 2763 3425 bonorum
2795 3367 3207 3440 temporalium
3246 3384 3350 3439 pro
3399 3367 3634 3423 Christo
3685 3367 3846 3424 ferre

2179 3477 2292 3516 non
2323 3459 2524 3524 vultis,
2555 3458 2848 3530 quomodo
2872 3455 3076 3513 mortis
3107 3456 3483 3528 asperitatem
3527 3473 3630 3528 pro
3665 3455 3846 3511 Chri-

2177 3550 2368 3605 stiana
2395 3547 2635 3603 veritate
2679 3546 2968 3602 sustinere
3011 3545 3388 3619 gauderetis?
3433 3544 3614 3600 Credo
3673 3545 3838 3616 quod

2175 3637 2444 3694 voluntas
2473 3636 2572 3692 Dei
2604 3639 2711 3703 est,
2745 3635 2862 3690 imo
2893 3634 3099 3689 divinae
3121 3632 3551 3706 propitiationis
3569 3650 3740 3705 opus,
3765 3639 3838 3689 ut

2173 3727 2374 3799 aliqua
2403 3727 2489 3781 vis
2519 3725 2776 3780 humana
2807 3725 3026 3780 fossam
3078 3722 3240 3779 illam
3287 3722 3715 3778 maledictionis
3769 3728 3838 3778 et

2175 3815 2445 3888 nequitia:
2473 3831 2573 3869 vos
2603 3812 2913 3884 compellat
2943 3812 3117 3877 exire,
3153 3829 3224 3868 ne
3246 3812 3449 3882 justus
3476 3815 3580 3867 Lot
3628 3816 3837 3883 pereat

2173 3921 2306 3960 cum
2339 3903 2598 3969 iniustis,
2633 3918 2704 3956 ne
2721 3901 3049 3956 sanctitatis
3068 3906 3272 3956 vestrae
3285 3899 3596 3972 speculum
3621 3900 3835 3954 admit-

2171 3997 2255 4048 tat
2286 3993 2606 4064 quidquam
2639 3989 3003 4062 contagionis
3033 4006 3102 4045 ex
3133 3988 3565 4045 cohabitatione
3587 3987 3832 4044 malitia:

2169 4080 2627 4137 circumstantis.
2653 4079 2793 4143 Quis
2810 4077 2967 4134 enim
2986 4095 3192 4133 murus
3206 4082 3388 4132 staret
3406 4077 3826 4140 inconcussus,

2171 4188 2298 4243 qua:
2331 4186 2496 4224 mens
2527 4168 2850 4223 immobilis
2876 4167 2933 4221 in
2967 4184 3074 4222 sua
3097 4166 3373 4222 ﬁrmitate
3426 4171 3823 4238 permaneret,

2171 4260 2269 4314 ubi
2301 4258 2481 4314 crassi
2514 4273 2651 4312 sues
2681 4256 3029 4329 grunnirent
3060 4255 3318 4321 assidue,
3355 4254 3453 4310 ubi
3478 4254 3827 4310 innocentia:

2167 4353 2368 4403 vestra:
2401 4345 2836 4418 simplicitatem
2862 4345 3033 4399 turba
3081 4343 3537 4416 malignantium
3586 4343 3828 4399 obside-

2169 4437 2294 4492 ret?
2325 4436 2595 4501 Obertus,
2628 4433 2970 4489 Antichristi
3004 4433 3269 4504 signifer,
3314 4436 3541 4488 Satanaa
3583 4433 3830 4502 jumen-

409 4517 588 4572 tiores
619 4515 778 4581 ﬁant,
805 4517 1080 4606 fortiores
1109 4518 1340 4606 excitat,
1371 4517 1614 4606 antehac
1646 4523 1711 4573 ut
1754 4537 1853 4591 pro
1902 4527 2057 4578 certo
2091 4541 2136 4606 Β
2167 4529 2315 4590 tum,
2351 4521 2605 4594 perﬁdiae
2637 4521 2894 4576 Simonis
2918 4521 3268 4576 manifestus
3289 4524 3560 4587 sectator,
3591 4526 3829 4592 aposto-

407 4607 771 4675 compertum
805 4602 1111 4671 habemus,
1131 4604 1264 4660 aliis
1285 4621 1388 4675 pro
1429 4605 1764 4663 defensione
1796 4609 2054 4666 veritatis

405 4697 463 4748 et
483 4691 725 4763 justitia:
754 4691 1175 4762 laborantibus,
1200 4710 1334 4750 cum
1353 4695 1513 4750 omni
1535 4695 1726 4750 ofﬁcio
1747 4696 2050 4755 charitatis

404 4781 714 4838 subvenire
747 4781 1022 4836 solebatis
1045 4787 1254 4838 etcum
1279 4800 1492 4856 magna
1517 4785 1710 4841 cordis
1732 4783 1950 4852 laetitia,
1993 4792 2048 4842 et

400 4870 599 4927 vultus
630 4869 941 4938 hilaritate,
973 4876 1311 4928 sanctorum
1345 4873 1673 4929 necessitati
1705 4890 1882 4945 supra
1897 4875 2046 4932 vires

398 4964 623 5016 vestras
652 4960 1008 5016 ministrare.
1035 4960 1417 5028 Simoniacos,
1440 4967 1496 5016 et
1516 4961 1910 5030 Wibertistas,
1946 4981 2045 5018 no-

467 5085 582 5156 (28)
615 5083 964 5156 Beringerus
993 5102 1060 5140 ex
1078 5085 1269 5156 priore
1293 5085 1721 5156 Andaginensis
1758 5099 2042 5144 monaste-

395 5151 572 5228 riiS.
621 5151 875 5228 Auberti
911 5151 1095 5228 factus
1151 5157 1377 5228 primus
1429 5151 1588 5228 p‘rior
1640 5158 1697 5212 S.
1753 5159 2046 5214 Laurentii

395 5225 756 5291 Leodiensis,
790 5227 999 5282 deinde
1029 5225 1210 5282 abbas
1240 5225 1471 5282 creatus
1514 5229 1572 5282 in
1621 5228 1813 5285 locum
1845 5230 2051 5286 Volbo-

393 5297 563 5371 donis
594 5298 822 5371 abbatis
845 5298 1182 5371 adHenrico
1207 5299 1479 5370 episcopo
1505 5299 1754 5371 depositi
1777 5303 2048 5359 omnium

393 5366 642 5422 fratrum
675 5368 972 5440 suffragiis
1003 5366 1284 5426 suffectus
1334 5366 1423 5425 est
1471 5366 1626 5426 ann—0
1678 5371 1838 5429 1075.
1893 5373 2050 5429 MAR-

394 5453 559 5492 TENE.

467 5506 605 5586 (2_8')
635 5507 1041 5586 Henricu_s__IV,
1073 5512 1618 5586 rex_R_omonarum_,
1652 5511 1833 5586 hujus
1853 5515 2048 5586 nomi-

394 5577 486 5642 nis
517 5577 850 5655 imperator,
878 5579 973 5650 III,
1003 5581 1102 5658 qui
1118 5582 1378 5662 schisma
1394 5584 1453 5646 in
1467 5577 2048 5652 Ecclesia'susoitavit

2164 4612 2408 4667 licorum
2435 4610 2797 4680 judiciorum
2829 4614 3213 4682 contemptor,
3238 4608 3507 4664 Ecclesiae
3531 4613 3822 4680 quantum

2158 4703 2216 4756 in
2249 4702 2376 4772 ipso
2408 4705 2499 4755 est
2529 4697 2925 4764 conculcator,
2958 4697 3341 4754 ecclesiarum
3367 4714 3514 4769 quas
3557 4696 3615 4751 in
3651 4713 3825 4753 suam

2157 4789 2542 4861 perditionem
2577 4789 2922 4843 temerarius
2971 4791 3201 4858 emptor
3241 4785 3473 4852 invasit,
3525 4785 3718 4857 prside
3767 4801 3826 4851 et

2156 4880 2484 4934 destructor
2513 4881 2570 4932 et
2599 4877 2876 4948 profanus
2905 4876 3171 4931 venditor
3196 4892 3353 4932 nunc
3375 4873 3552 4930 minis
3592 4875 3827 4930 intona-

2155 4973 2260 5033 ret,
2297 4982 2452 5022 nunc
2473 4964 2779 5021 diabolicis
2809 4964 3227 5020 blandimentis
3258 4964 3490 5020 astutiae
3521 4969 3822 5035 caputve-

2160 5090 2220 5144 in
2253 5090 2447 5144 sedem
2485 5089 2668 5144 sancti
2705 5089 2855 5144 Petri
2887 5088 3202 5144 sublimato
3228 5089 3512 5156 Wiberto,
3545 5092 3602 5144 et
3629 5091 3822 5144 extur-

2162 5162 2296 5216 bato
2327 5161 2602 5216 Gregorio
2635 5161 2728 5214 VII
2760 5160 3154 5216 sanctissimo.
3193 5160 3271 5216 In.

2230 5233 2342 5302 (29)
2391 5229 2666 5286 Othertus
2717 5231 3052 5303 Leodiensis
3097 5232 3156 5286 S.
3203 5231 3402 5287 Crucis
3434 5229 3812 5303 praepositus,

2159 5304 2470 5359 defunctus
2501 5319 2652 5358 anno
2687 5304 2842 5371 1090,
2879 5301 3122 5358 Henrico
3147 5301 3451 5374 episcopo,
3491 5301 3571 5374 ad
3611 5302 3820 5357 Henri-

2157 5391 2290 5430 cum
2315 5390 2507 5444 regem
2531 5374 2808 5445 confugit,
2834 5379 2890 5430 et
2911 5391 3124 5445 magna
3146 5372 3391 5444 pecunia
3412 5372 3820 5445 episcopatum

2157 5447 2229 5500 ab
2262 5444 2837 5517 encomparavit’qui
2873 5444 3069 5500 statim
3121 5444 3499 5517 Beringerum
3533 5444 3814 5517 abbatem

2155 5514 2395 5589 expulit,
2418 5521 2478 5589 e_t_
2492 5514 2922 5574 Wolbodonem
2947 5515 3224 5589 restituit,
3253 5514 3337 5574 uti
3369 5515 3573 5578 scribit
3605 5520 3817 5586 auctor

2155 5586 2384 5652 coaevus
2415 5586 2680 5654 Historia
2709 5593 2766 5650 Β.
2801 5587 3063 5672 Huberti.
3099 5587 3184 5652 In.
