4004 6162
184 322 300 384 397

184 458 289 513 stri
323 457 531 532 rigoris
583 457 885 514 incurvare
930 461 1324 517 contenderet.
1374 462 1555 525 Quem
1608 478 1713 515 nos
1763 478 1826 514 ex
1859 463 1913 528 Α

180 548 414 604 decreto
445 546 678 603 concilii
709 565 742 603 a
774 548 944 605 nobis
976 567 1161 622 nuper
1190 550 1304 606 acti
1335 551 1680 606 damnatum
1729 567 1832 605 au-

180 637 449 692 ctoritate
480 635 579 691 Dei
609 639 666 691 et
696 635 761 691 B.
793 636 966 704 Petri,
1000 643 1056 693 et
1086 644 1295 694 sancta
1328 640 1601 694 Romana
1643 636 1832 693 Eccle-

178 725 301 794 sia,
332 724 426 779 cui
458 726 696 797 auspice
717 724 833 781 Deo
857 726 1138 795 deservio,
1155 728 1280 798 jam
1306 723 1832 783 excbmmunicavi-

177 828 334 881 mus,
367 818 426 869 et
454 830 590 869 cum
622 830 729 869 suo
760 813 1044 881 Wiberto,
1077 816 1267 871 bestia
1296 815 1543 872 terribili
1567 820 1624 871 et
1652 814 1830 879 varia,

176 918 306 974 qua
339 902 601 957 ascendit
632 902 701 958 de
732 902 902 967 mari,
933 907 991 958 et
1022 902 1157 958 facit
1188 903 1407 959 bellum
1432 920 1562 959 cum
1589 904 1828 970 sanctis,

176 1007 354 1062 quam
384 990 632 1047 adorant
656 1008 909 1062 quorum
941 1008 1054 1047 non
1087 997 1226 1048 sunt
1253 992 1492 1048 nomina
1524 991 1741 1063 scripta
1770 990 1831 1046 in

177 1078 329 1134 libro
351 1078 481 1134 vita
513 1084 569 1134 et
600 1079 755 1151 agni,
790 1080 1113 1151 portionem
1144 1080 1571 1136 maledictionis
1603 1080 1650 1135 ei
1676 1080 1833 1135 dedi-

176 1185 311 1225 mus
340 1185 445 1241 pro
475 1184 542 1224 eo
574 1169 729 1240 quod
763 1168 1135 1225 Simoniacus
1167 1174 1273 1235 est,
1325 1173 1379 1225 et
1427 1169 1828 1241 episcOpatum

175 1258 313 1313 data
345 1256 593 1329 pecunia
620 1256 946 1329 usurpavit,
980 1261 1035 1313 et
1067 1258 1205 1330 quia
1231 1274 1333 1311 vos
1363 1257 1580 1329 injuste
1609 1259 1679 1312 de
1705 1256 1829 1313 loco

171 1350 363 1402 vestro
395 1362 464 1400 ex
494 1350 784 1417 praeepto
812 1344 905 1399 sui
948 1346 1102 1418 regis
1151 1345 1391 1419 expulit,
1445 1351 1502 1401 et
1542 1363 1674 1401 eum
1727 1347 1827 1418 qui

173 1439 411 1507 propter
442 1434 872 1489 contumaciam
906 1439 962 1488 et
995 1434 1450 1490 inobedientiam
1482 1434 1830 1506 publicoju-

172 1525 325 1579 dicio
356 1523 735 1594 adjudicatus
766 1526 823 1577 et
853 1524 1275 1578 condemnatus
1307 1527 1447 1591 erat,
1481 1527 1715 1596 accepta
1757 1524 1828 1579 ab

168 1631 235 1668 eo
265 1611 520 1685 pecunia
552 1611 885 1683 supposuit,
920 1615 976 1666 et
1002 1612 1142 1684 quia
1173 1612 1405 1667 cuidam
1439 1612 1597 1683 Lupo
1629 1614 1739 1683 (30)
1775 1616 1831 1666 et

168 1702 505 1757 Simoniaca
536 1700 762 1764 haresi,
787 1704 841 1754 et
868 1700 998 1755 aliis
1021 1700 1369 1772 capitalibus
1392 1700 1579 1772 culpis
1604 1700 1830 1773 publice

169 1794 224 1845 et
244 1792 412 1861 juste
426 1790 705 1844 damnato
728 1805 938 1844 manus
959 1788 1259 1861 imposuit.
1283 1789 1563 1846 Similiter
1585 1794 1640 1845 et
1661 1789 1826 1845 illum

170 1877 440 1934 Ecclesia
501 1877 811 1949 profanum
867 1894 1233 1949 pervaserem
1292 1879 1723 1947 damnavimus,
1771 1882 1829 1934 et

168 1966 813 2023 excommunicavimus
843 1965 1294 2032 Wolbodonem,
1329 1967 1466 2039 quia
1494 1967 1826 2023 Simoniace

169 2072 233 2111 ac
264 2052 571 2128 tyrannica
600 2058 888 2126 potestate
922 2071 1023 2126 per
1054 2053 1206 2111 male
1251 2055 1601 2127 acquisitam
1652 2072 1823 2128 pecu-

168 2145 329 2199 niam
353 2143 653 2198 abbatiam
675 2148 955 2208 vestram,
978 2149 1034 2198 et
1058 2142 1251 2199 locum
1280 2145 1435 2199 unde
1453 2144 1823 2216 perinsolen-

167 2235 310 2289 tiam
372 2248 566 2297 suam,
626 2231 782 2286 sicut
831 2231 1102 2287 diabolus
1168 2233 1239 2287 de
1304 2231 1444 2287 ccelo
1511 2234 1823 2301 deciderat,

165 2322 382 2377 invasit
416 2322 530 2392 (3t)
563 2325 619 2375 et
648 2337 782 2376 cum
813 2337 879 2376 eo
910 2338 1115 2377 omnes
1140 2321 1361 2376 militia
1382 2322 1510 2391 ejus
1530 2324 1826 2393 adjutores

164 2418 220 2466 et
250 2410 529 2466 fautores.
561 2408 777 2465 Omnes
807 2426 1041 2483 quoque
1082 2411 1299 2482 quibus
1348 2411 1473 2483 ipse
1502 2410 1825 2468 oblationes

168 2500 433 2556 ﬁdelium
476 2516 568 2554 res
617 2498 895 2567 ecclesiae,
930 2505 986 2555 et.
1033 2500 1308 2571 pradicta
1354 2500 1567 2555 divinis
1619 2500 1826 2557 usibus

167 2588 384 2644 tradita
408 2586 497 2643 vel
529 2587 787 2643 vendidit
824 2587 911 2643 vel
963 2587 1143 2654 dedit,
1195 2588 1413 2660 pariter
1459 2605 1594 2644 cum
1646 2589 1745 2644 illo
1793 2607 1827 2646 a

170 2677 394 2751 gremio
426 2681 641 2733 sancta
674 2676 942 2733 Ecclesia
976 2677 1295 2749 apostolica
1320 2676 1661 2734 auctoritate
1702 2678 1823 2751 pel-

172 2768 375 2833 limus,
404 2765 994 2832 anathematizamus,
1026 2766 1399 2833 damnamus,
1434 2773 1490 2822 et
1513 2767 1826 2840 sacrilegos

164 2856 533 2929 judicamus,
557 2871 744 2926 usque
766 2855 908 2909 dum
934 2871 1041 2909 sua
1062 2854 1329 2909 Ecclesia
1355 2857 1682 2911 restituant.
1713 2860 1825 2912 Vos

169 2948 390 3011 autem,
424 2944 601 2999 frater
631 2943 1001 3010 charissime,
1034 2945 1305 3016 gaudete,
1341 2944 1477 3015 quia
1510 2960 1605 2998 rex
1652 2943 1825 3000 Israel

170 3033 362 3090 ﬁlium
393 3050 569 3088 suum
598 3031 723 3087 vult
754 3048 932 3104 super
952 3031 1197 3087 flumina
1219 3030 1531 3105 Babylonis
1550 3033 1749 3089 sedere
1771 3037 1822 3089 et

173 3124 333 3191 flere,
363 3128 419 3179 et
449 3122 519 3178 ad
550 3121 801 3177 reditum
832 3120 889 3176 in
927 3128 1138 3177 terram
1194 3121 1601 3192 promissionis
1643 3121 1823 3179 libero

171 3212 373 3267 cordis
399 3210 610 3266 affectu
642 3209 959 3283 suspirare,
992 3227 1108 3265 non
1143 3210 1198 3265 in
1225 3209 1369 3281 ipsis
1400 3210 1747 3266 fluminibus
1768 3216 1824 3267 et

171 3299 390 3356 studiis
438 3297 817 3355 sacularibus
865 3297 1216 3370 implicitum
1267 3298 1522 3354 interire.
1580 3303 1825 3355 Summa

174 3393 388 3444 nostra
424 3387 743 3444 voluntatis
790 3391 879 3442 est
923 3391 990 3443 ut
1036 3391 1231 3442 teneat
1279 3388 1590 3459 prudentia
1633 3393 1827 3444 vestra

174 3477 331 3549 quod
380 3477 527 3532 ratio
577 3476 910 3548 persuadet,
963 3476 1267 3548 Scriptura
1313 3475 1510 3532 divina
1556 3480 1824 3543 testatur,

175 3570 396 3621 sancta
426 3564 727 3638 religionis
758 3565 900 3622 ordo
930 3565 1195 3637 requirit,
1231 3570 1552 3637 martyrum
1586 3564 1829 3637 sanguis

177 3654 463 3721 insinuat,
514 3657 701 3709 mater
749 3658 970 3719 nostra,
1023 3657 1225 3709 sancta
1282 3652 1504 3709 scilicet
1550 3652 1827 3723 Ecclesia,

176 3743 443 3816 praecipit
463 3748 521 3797 et
541 3743 934 3797 commendat.
962 3741 1189 3798 Veritas
1210 3740 1338 3815 ipsa
1356 3747 1420 3796 ut
1440 3743 1513 3797 ad
1532 3743 1831 3799 veritatem

179 3849 290 3888 nos
314 3834 674 3887 converteret
703 3830 850 3885 mori
888 3829 1092 3899 voluit,
1144 3830 1407 3903 nihilque
1454 3831 1682 3887 animas
1731 3848 1833 3887 no-

179 3928 358 3990 stras,
388 3920 500 3976 nisi
532 3919 657 3976 sola
692 3920 920 3975 Veritas
950 3937 985 3974 a
1033 3924 1318 3992 potestate
1365 3919 1583 3975 diaboli
1625 3920 1836 3977 libera-

180 4012 289 4067 bit.
323 4009 596 4065 Salutant
623 4025 724 4064 vos
750 4008 809 4063 in
840 4008 1069 4064 Christo
1109 4013 1166 4063 et
1195 4009 1295 4080 qui
1339 4008 1643 4065 vobiscum
1699 4014 1840 4065 sunt

183 4100 396 4154 fratres
441 4101 665 4153 vestros
713 4097 768 4153 in
820 4097 1089 4169 prasenti
1142 4097 1447 4153 nobiscum
1505 4098 1841 4171 congregati

184 4186 465 4259 episcopi,
501 4185 718 4253 clerici,
750 4186 994 4241 abbates
1016 4191 1073 4241 et
1094 4185 1385 4253 monachi,
1413 4189 1478 4240 ut
1498 4186 1841 4242 memoriam

185 4276 374 4331 nostri
408 4276 465 4330 in
499 4275 708 4330 vestris
760 4275 980 4330 sanctis
1034 4274 1398 4329 orationibus
1449 4274 1734 4342 habeatis,
1782 4278 1849 4329 ut.

185 4381 295 4437 pro
326 4380 465 4437 pace
493 4368 694 4418 nostra
724 4368 780 4418 et
810 4366 1023 4418 sancta
1054 4361 1324 4418 Ecclesia
1356 4378 1491 4417 eum
1526 4363 1625 4435 qui
1676 4367 1848 4420 natus

186 4469 395 4526 pacem
426 4452 598 4508 terris
623 4451 839 4517 attulit,
875 4452 1096 4524 quique
1126 4469 1232 4507 suo
1260 4452 1551 4523 sanguine
1576 4468 1703 4507 eam
1737 4452 1853 4507 sibi

1356 326 1766 389 EPISTOLIE
1807 324 1912 388 ET
1953 328 2426 395 PRIVILEGIA.

3467 328 3591 398 398

2012 538 2176 594 Bulla
2206 540 2409 614 Urbani
2435 556 2589 614 papa
2621 472 2826 614 lilii?
2843 471 3178 598 iiwnasterz'o
3221 540 3279 597 S.
3324 541 3478 598 Petri
3523 544 3588 598 αθ

2356 612 2597 667 Puteolis
2627 612 2867 671 Lucana:
2903 613 3166 671 diacesis.

2560 703 2746 770 (Anno
2782 702 2962 774 1095.)

2122 769 2512 839 “Humana,
2546 769 2743 829 Annal.
2794 769 3097 831 Camaldul.
3130 778 3273 831 tom.
3307 775 3407 841 III,

2483 860 2771 932 Append.,
2807 879 2861 934 p.
2900 863 3044 933 114.]

2011 949 2292 1001 Uasauus
2322 948 2653 1020 episcopus,
2685 967 2887 1006 servus
2911 967 3209 1007 servorum
3231 950 3352 1018 Dei,
3375 950 3586 1008 dilecto

1940 1033 2061 1089 tilio
2092 1035 2358 1090 Maa'ruvo
2386 1036 2558 1108 priori
2594 1040 2933 1094 monasterii
2984 1040 3041 1095 S.
3094 1039 3270 1105 Petri,
3322 1040 3478 1112 quod
3523 1039 3585 1096 in

1941 1121 2185 1177 Lucana
2217 1123 2485 1179 Ecclesia
2515 1125 2787 1197 parochia
2812 1126 2991 1182 situm
3023 1131 3133 1195 est,
3163 1126 3289 1183 loco
3319 1128 3475 1199 quod
3496 1144 3591 1184 vo-

1938 1216 2105 1266 catur
2152 1212 2427 1279 Puteolis,
2480 1215 2724 1287 ejusque
2782 1215 3218 1272 successoribus
3268 1216 3329 1272 in
3380 1232 3582 1289 perpe-

1938 1304 2126 1353 tuum.

2011 1388 2373 1444 Desiderium
2407 1390 2560 1461 quod
2609 1391 2679 1445 ad
2729 1390 3066 1464 religiosum
3114 1392 3479 1464 propositum
3527 1396 3586 1449 et

1939 1477 2269 1532 animarum
2304 1479 2553 1533 salutem
2585 1479 2875 1551 pertinere
2917 1484 3299 1549 monstratur,
3348 1486 3584 1537 auctore

1939 1564 2208 1630 Domino,
2243 1565 2367 1621 sine
2398 1566 2596 1638 aliqua
2626 1572 2717 1623 est
2745 1567 3024 1625 dilatione
3045 1568 3480 1640 complendum.
3504 1570 3587 1624 Ea

1940 1658 2195 1725 propter,
2230 1654 2310 1709 fili
2346 1655 2401 1709 in
2428 1654 2654 1711 Christo
2677 1655 3040 1723 charissima,
3068 1656 3184 1712 tuis
3205 1656 3586 1729 petitionibus

1938 1745 2282 1807 annuentes,
2317 1743 2739 1798 monasterium
2769 1745 2963 1799 Sancti
2989 1744 3160 1812 Petri,
3194 1745 3287 1800 cui
3338 1744 3585 1800 Domino

1858 1831 1903 1895 Β
1935 1834 2170 1885 auctore
2199 1831 2498 1903 praesides,
2530 1832 2835 1904 prasentis
2856 1832 3074 1889 decreti
3100 1832 3441 1889 auctoritate
3464 1850 3590 1889 mu-

1936 1920 2157 1975 nimus.
2189 1920 2515 1976 Statuimus
2546 1921 2703 1977 enim
2735 1926 2797 1976 ut
2831 1938 3193 1994 quacunque
3223 1921 3397 1977 hodie
3427 1922 3586 1979 idem

1935 2008 2446 2076 canobiumjuste
2480 2010 2757 2081 possidet,
2790 2009 2908 2066 sive
2959 2011 3017 2065 in
3066 2010 3390 2067 crastinum
3440 2027 3589 2067 con-

1935 2097 2198 2153 cessione
2254 2098 2619 2168 pontificum,
2681 2097 3029 2154 liberalitate
3081 2098 3435 2171 principum,
3494 2097 3584 2155 vel

1936 2185 2229 2243 oblatione
2250 2184 2534 2255 ﬁdelium,
2550 2187 2712 2257 juste
2735 2191 2909 2259 atque
2931 2188 3206 2242 canonice
3226 2187 3439 2258 poterit
3457 2187 3582 2242 adi-

1935 2273 2104 2347 pisci,
2138 2275 2308 2328 firma
2335 2272 2442 2327 tibi
2484 2275 2718 2346 tuisque
2766 2276 3203 2331 successoribus
3251 2280 3309 2331 et
3356 2274 3583 2332 illibata

1936 2366 2337 2434 permaneant.
2375 2362 2814 2418 Possessionum
2840 2364 3040 2429 etiam,
3065 2380 3191 2435 qua
3212 2363 3272 2417 in
3294 2368 3583 2419 monaste-

1936 2449 2003 2505 rii
2031 2449 2379 2522 proprietate
2402 2450 2791 2520 continentur,
2816 2452 3074 2508 decimas
3095 2453 3316 2525 absque
3337 2451 3459 2508 ulla
3478 2468 3580 2507 vos

1935 2537 2204 2594 molestia
2233 2539 2531 2610 possidere
2561 2544 2839 2613 perpetuo
2867 2540 3159 2597 volumus.
3207 2540 3581 2614 Sepulturam

1935 2643 2167 2699 quoque
2197 2628 2461 2698 ejusdem
2493 2628 2604 2685 loci
2630 2630 2869 2685 omnino
2898 2629 3143 2685 liberam
3163 2628 3365 2689 haberi
3390 2627 3581 2685 sanci-

1935 2732 2089 2783 mus,
2144 2721 2207 2770 ut
2252 2732 2451 2771 eorum
2502 2718 2603 2788 qui
2656 2716 2773 2772 illic
2823 2717 3055 2790 sepeliri
3112 2717 3580 2784 deliberaverint,

1935 2804 2222 2861 devotioni
2251 2809 2307 2859 et
2338 2810 2607 2860 extrema
2628 2804 2911 2862 voluntati
2936 2805 3134 2862 nullus
3155 2805 3402 2863 obsistat
3422 2806 3581 2862 salvo

1936 2893 2298 2966 parochiana
2337 2893 2593 2950 ecclesia
2647 2894 2859 2951 debito.
2910 2894 3287 2951 Decernimus
3332 2911 3470 2968 ergo
3518 2899 3585 2951 ut

1935 2982 2077 3038 nulli
2094 2984 2332 3038 omnino
2348 2982 2657 3038 hominum
2672 2982 3008 3040 liceatidem
3022 2982 3350 3040 canobium
3366 2988 3583 3040 temere

1935 3073 2274 3145 perturbare
2297 3074 2397 3126 aut
2421 3070 2472 3126 ei
2496 3070 2766 3127 subditas
2786 3072 3187 3143 possessiones
3211 3071 3460 3144 auferre,
3491 3071 3580 3128 vel

1854 3190 1898 3259 α
1938 3161 2133 3217 oblata
2161 3160 2429 3227 retinere,
2462 3160 2747 3227 minuere,
2778 3160 2867 3215 vel
2896 3161 3221 3217 temerariis
3262 3160 3583 3217 venationi-

1935 3251 2047 3306 bus
2066 3248 2325 3319 l‘atigare,
2350 3248 2451 3303 sed
2476 3249 2674 3303 omnia
2693 3248 2919 3320 integra
2938 3253 3355 3305 conserventur
3372 3265 3577 3305 eorum

1932 3356 2035 3411 pro
2058 3355 2308 3410 quorum
2332 3338 2755 3393 sustentatione
2776 3353 2843 3391 ac
2864 3336 3284 3409 gubernatione
3301 3352 3576 3394 concessa

1934 3431 2091 3495 sunt,
2125 3425 2330 3481 usibus
2361 3424 2716 3482 omnimodis
2752 3425 3079 3498 profutura,
3131 3423 3290 3482 salva
3331 3425 3574 3482 Lucana

1934 3515 2188 3572 ecclesiae
2219 3514 2414 3570 debita
2443 3518 2501 3569 et
2528 3515 2808 3571 canonica
2828 3515 3168 3571 reverentia.
3189 3514 3342 3571 Sane
3359 3514 3413 3571 si
3436 3514 3571 3588 quis

1936 3606 1996 3660 in
2019 3604 2342 3661 crastinum
2362 3602 2833 3677 archiepiscopus
2853 3607 2956 3661 aut
2975 3604 3305 3678 episcopus,
3330 3605 3577 3679 impera-

1940 3699 2031 3750 tor
2055 3698 2158 3749 aut
2188 3709 2303 3760 rex,
2338 3708 2532 3748 comes
2563 3697 2664 3749 aut
2679 3692 3018 3763 vicecomes,
3040 3694 3224 3765 judex
3243 3698 3347 3751 aut
3367 3693 3581 3752 castal-

1944 3783 2060 3849 dio,
2096 3786 2197 3837 aut
2227 3798 2476 3853 persona
2502 3780 2775 3853 qualibet
2806 3799 3022 3856 magna
3049 3783 3135 3840 vel
3183 3800 3362 3855 parva
3406 3784 3587 3856 hujus

1947 3870 2128 3926 nostri
2161 3868 2445 3943 privilegii
2476 3870 2753 3942 paginam
2780 3871 2972 3927 sciens
3002 3876 3205 3927 contra
3225 3888 3355 3928 eam
3376 3876 3595 3929 temere

1946 3957 2143 4014 venire
2172 3958 2499 4023 tentaverit,
2534 3958 2789 4014 secundo
2820 3959 3061 4015 tertiove
3090 3960 3506 4028 commonitus,
3542 3959 3595 4015 si

1950 4064 2065 4102 non
2094 4044 2490 4101 satisfactione
2521 4062 2779 4118 congrua
2826 4047 3238 4116 emendaverit,
3289 4047 3596 4120 potestatis

1952 4134 2309 4205 honorisque
2360 4133 2644 4205 dignitate
2691 4140 2902 4202 careat,
2960 4152 3242 4208 reumque
3298 4152 3360 4193 se
3403 4136 3599 4193 divino

1946 4221 2170 4295 judicio
2200 4220 2444 4276 existere
2475 4220 2545 4277 de
2574 4225 2905 4293 perpetrata
2934 4223 3244 4295 iniquitate
3263 4227 3601 4296 cognoscat,

1956 4320 2013 4368 et
2045 4328 2078 4366 a
2108 4309 2504 4365 sacratissimo
2534 4325 2773 4382 corpore
2803 4310 2904 4366 Dei
2927 4315 2984 4367 et
3007 4310 3234 4367 Domini
3260 4312 3606 4385 Redempto-

1961 4402 2041 4456 ris
2072 4398 2254 4454 nostri
2285 4398 2423 4453 Jesu
2472 4397 2684 4454 Christi
2737 4398 2964 4456 alienus
3013 4401 3135 4468 fiat,
3181 4406 3356 4474 atque
3402 4401 3460 4457 in
3505 4418 3605 4457 exs

1961 4494 2145 4545 tremo
2192 4485 2458 4543 examine
2497 4486 2776 4543 districta
2824 4487 3030 4545 ultioni
3079 4489 3400 4561 subjaceat.
3448 4488 3604 4545 Cun-

185 4542 592 4614 desponsavit,
609 4541 827 4612 rogetis
848 4539 1195 4612 anppliciter
1220 4557 1547 4596 exoramus.
1574 4540 1854 4596 Charissi-
1885 4555 1933 4621 D
1964 4539 2235 4646 ags—’13,;

191 4647 328 4686 mus
381 4630 538 4685 filius
600 4633 798 4685 noster
853 4629 1190 4695 Gerbertus,
1252 4629 1463 4684 harum
1525 4628 1851 4685 litterarum

190 4718 460 4793 gerulus,
497 4719 756 4791 quando,
791 4717 919 4788 ubi,
965 4718 1279 4789 quomodo,
1332 4734 1465 4773 cum
1520 4717 1735 4790 quibus
1783 4720 1854 4774 ad

194 4824 308 4864 nos
366 4807 494 4862 sine
552 4806 969 4878 impedimento
1039 4806 1266 4862 Satana
1332 4805 1531 4862 venire
1588 4805 1853 4879 possitis,

191 4899 426 4953 secreto
453 4895 735 4952 indicabit
764 4895 949 4952 vobis.
986 4894 1137 4952 Bene
1168 4894 1373 4951 valete.

275 5309 394 5381 (30)
421 5307 551 5381 Sive
582 5307 815 5381 Luponi‘
839 5306 1036 5365 abbati
1065 5303 1428 5381 Trudonensi
1462 5303 1565 5381 qui
1597 5305 1667 5363 ab
1713 5309 1862 5381 Hen-

200 5377 325 5436 rico
365 5377 688 5452 Leodiensif
722 5378 928 5452 pulsus
975 5377 1410 5452 sua_dignitate
1460 5378 1666 5434 fuerat.
1720 5380 1863 5437 Vide

199 5451 637 5524 Cnronafl‘rud,
671 5450 944 5524 Spicileg.
975 5456 1017 5506 t.
1046 5450 1167 5505 VII.
1196 5450 1280 5504 In.
1410 5476 1429 5524 _A

272 5524 393 5593 (31)
424 5522 572 5580 Hinc
605 5522 676 5578 de
706 5518 772 5580 eo
825 5518 947 5579 an'ti
995 5539 1106 5578 uus
1157 5524 1362 5577 auctor
1410 5518 1675 5576 Historia
1704 5521 1763 5578 S.
1798 5521 1861 5580 L.

272 5595 509 5655 iurentii
540 5611 576 5655 a
607 5594 777 5655 nobis
806 5540 1069 5655 edengus
1100 5590 1309 5655 (edidit
1330 5594 1375 5652 t.
1399 5591 1474 5651 ιγ
1502 5592 1861 5655 VetMonum.)

203 5590 509 5656 Laurentii
540 5611 576 5655 a
607 5594 777 5655 nobis
806 5590 1069 5656 edendas
1100 5590 1309 5665 (edidit
1330 5594 1375 5652 t.
1399 5591 1474 5651 ιγ
1502 5592 1864 5676 VetMonum.)

2036 4667 2395 4721 BENEDIC’I‘US
2426 4664 2586 4721 Deus
2617 4681 2684 4719 ET
2712 4665 2899 4721 PATER
2918 4666 3135 4724 Dorum:
3160 4682 3364 4725 nos'rm
3391 4667 3534 4723 Jasu

2548 4738 2624 4790 CH
2633 4752 2797 4791 RISTI.
2830 4739 3019 4794 AMEN.

2037 4826 2249 4881 Datum
2302 4822 2609 4879 Florentia
2660 4841 2765 4897 per
2812 4843 3056 4882 manum
3103 4825 3349 4882 Joannis
3397 4828 3611 4882 sancta

1968 4914 2240 4969 Romana
2264 4910 2528 4967 Ecclesia
2551 4911 2782 4969 diaconi
2805 4912 3141 4979 cardinalis,
3163 4912 3290 4970 Kal.
3315 4911 3615 4970 Februarii

1968 4999 2285 5057 indictione
2314 5016 2397 5068 Ill,
2433 5016 2583 5055 anno
2616 5000 2933 5058 Dominica
2974 5000 3402 5057 Incarnationis
3452 4999 3613 5070 $995,

1968 5089 2345 5163 pontiﬁcatus
2389 5105 2522 5144 vero
2572 5088 2772 5145 domni
2822 5089 3037 5146 Urbani
3081 5088 3321 5145 secundi
3378 5104 3475 5161 pp.
3525 5103 3618 5146 se-

1970 5178 2178 5252 ptimo.

1973 5344 2000 5371 ‹‹
2035 5318 2369 5383 Pecuniam,
2401 5316 2614 5391 inquit,
2649 5318 2894 5376 multam
2928 5336 2961 5377 a
2991 5319 3414 5392 mercatoribus
3439 5318 3621 5392 hujus

1975 5393 2173 5465 patria
2207 5397 2413 5466 mutuo
2445 5390 2685 5463 accepit,
2711 5409 2889 5464 quam
2910 5393 2982 5449 de
3001 5391 3248 5466 ecclesia
3269 5392 3386 5466 ista
3405 5390 3625 5466 persol-

1973 5463 2158 5519 veret:
2196 5463 2349 5519 unde
2370 5464 2496 5536 ipse
2519 5479 2617 5518 rex
2638 5463 2925 5536 trecentas
2946 5480 3175 5521 marcas
3195 5463 3423 5536 habuit:
3444 5463 3625 5523 Ober-

1974 5539 2073 5594 tus
2104 5540 2301 5594 autem
2333 5534 2449 5592 non
2480 5550 2720 5612 parvam
2742 5534 2877 5592 inde
2894 5541 3121 5612 partem
3144 5535 3386 5614 accepit.
3413 5558 3441 5589 ››
3464 5537 3550 5599 ID.
