4004 6162
418 310 541 389 399

1108 463 1367 521 CXXVII.

422 550 629 607 Urbani
656 553 708 607 II
736 551 908 611 bullae
935 571 1036 622 pro
1066 554 1394 610 monastm'io
1423 552 1613 607 Sancti
1659 550 1886 622 /Egidii,
1937 568 2068 607 con-

753 625 992 695 ﬁrniatae
1022 628 1082 680 in
1113 626 1344 681 concilio
1376 625 1700 678 Placentino

1039 715 1223 785 (Anno
1255 710 1440 783 4095.)

649 803 904 872 [BALUZ.,
935 802 1163 858 Μίδεινίι.
1198 801 1337 858 edit.
1373 801 1540 869 Luc.,
1575 802 1642 869 II,
1679 800 1826 871 177.]

492 907 768 962 URBANUS
797 906 1129 980 episcopus,
1153 923 1356 964 servus
1378 916 1676 965 servorum
1700 907 1822 976 Dei,
1847 907 2071 964 univcr-

422 994 504 1051 sis
536 1010 638 1066 per
666 995 971 1051 Gothicam
1003 996 1360 1069 provinciam
1392 994 1663 1053 fidelibus
1712 995 1964 1053 salutem
2012 1001 2071 1051 et

423 1082 804 1156 apostolicam
834 1085 1321 1142 benedictionem.

493 1171 706 1228 Notum
726 1174 1001 1230 Omnibus
1018 1175 1181 1231 vobis
1194 1174 1463 1230 volumus
1485 1175 1623 1247 quia
1644 1174 1892 1231 dilectus
1915 1172 2071 1229 filius

424 1267 623 1317 noster
654 1262 1049 1330 Raimundus,
1076 1263 1402 1319 Tolosanus
1436 1280 1654 1331 comes,
1701 1269 1820 1319 tam
1856 1263 2073 1319 nostris

424 1367 600 1423 quam
632 1350 881 1408 aliorum
915 1351 1321 1425 religiosorum
1356 1354 1611 1409 virorum
1646 1353 1886 1410 monitis
1919 1352 2071 1408 exci-

422 1444 650 1497 tatuset
661 1442 821 1501 omni
827 1442 1183 1513 potentisDei
1201 1443 1408 1498 timore
1423 1460 1632 1515 compu
1644 1449 1809 1497 nctus
1824 1446 2071 1514 partem,

421 1528 540 1583 imo
573 1529 837 1601 rapinam
872 1547 1047 1603 quam
1081 1547 1147 1585 ex
1168 1536 1477 1604 parentum
1505 1548 1743 1586 suorum
1777 1531 2075 1586 invasione

423 1617 481 1671 in
514 1618 682 1673 altari
714 1620 910 1675 Sancti
942 1620 1153 1692 .Egidii
1182 1625 1239 1676 et
1268 1620 1510 1691 reliquis
1542 1620 1730 1692 ipsius
1760 1620 1962 1675 altaris
1989 1637 2079 1675 ec-

422 1705 610 1761 clesiaa
642 1706 925 1762 altaribus
958 1709 1170 1765 habere
1201 1709 1409 1765 solitus
1440 1713 1582 1775 erat,
1616 1709 1730 1764 Deo
1761 1724 1827 1764 ac
1860 1712 2075 1763 sancta!

424 1795 809 1851 DeiGenitrici
829 1796 1020 1852 Mariis
1038 1798 1375 1870 sanctisque
1392 1797 1787 1871 apostolorum
1806 1798 2081 1870 principia

427 1885 539 1940 bus
569 1885 734 1940 Petro
766 1902 832 1941 ac
865 1886 1040 1941 Paulo
1072 1892 1129 1943 et
1157 1888 1325 1943 beato
1358 1887 1672 1942 confessori
1695 1887 1920 1957 IEgidio
1944 1888 2073 1942 red-

427 1974 594 2029 didit.
629 1977 763 2041 Quze
796 1976 1039 2032 redditio
1071 1977 1189 2032 sive
1232 1976 1497 2032 dimissio
1546 1975 1604 2031 in
1652 1976 1935 2033 Tolosana
1979 1993 2071 2048 sy-

429 2064 580 2120 nodo
614 2064 766 2121 facta
793 2070 885 2121 est
912 2082 1107 2121 coram
1138 2065 1328 2138 legato
1361 2071 1559 2121 nostro
1602 2065 1916 2132 Bernardo,
1965 2069 2075 2121 To-

424 2152 619 2209 letano
633 2153 1086 2227 archiepiscopo,
1103 2158 1159 2210 et
1171 2153 1442 2227 pluribus
1457 2159 1577 2209 tam
1588 2154 1878 2227 episcopis
1893 2171 2072 2227 quam

426 2241 756 2298 abbatibus.
793 2246 935 2299 Item
965 2242 1024 2298 in
1057 2242 1367 2299 festivitate
1410 2243 1592 2299 sancti
1628 2242 1834 2315 ngidii
1877 2260 2072 2299 coram

423 2329 627 2384 eodem
640 2329 829 2401 legato
842 2334 1041 2386 nostro
1054 2331 1300 2402 aliisque
1316 2330 1595 2402 quamplu
1606 2330 1774 2385 rimis
1785 2330 2073 2404 episcopis

420 2418 507 2473 vel
540 2418 853 2474 abbatibus
882 2420 1150 2475 eamdem
1186 2420 1571 2475 redditionem
1597 2436 1731 2473 cum
1757 2436 1931 2475 uxore
1966 2437 2076 2476 sua

421 2508 661 2563 Bervira
689 2510 746 2562 et
776 2508 896 2562 [llic
927 2508 1244 2563 Bertranno
1276 2526 1453 2580 super
1482 2507 1664 2563 altare
1696 2508 1844 2563 beati
1864 2510 2072 2581 .IEgidii

423 2596 1048 2661 eonﬁrmavit,duobus
1064 2596 1180 2651 illic
1194 2596 1456 2652 nummis
1468 2596 1818 2670 {Egidiensis
1832 2603 2075 2654 monetis

426 2685 653 2757 positis.
674 2684 860 2757 Igitur
879 2687 985 2740 nos
1007 2686 1332 2741 secundum
1355 2685 1545 2758 ipsius
1565 2686 1797 2742 comitis
1821 2687 2077 2758 postula-

427 2774 647 2829 tionem
680 2789 782 2845 pro
812 2789 923 2828 sua
952 2778 1010 2829 et
1036 2779 1349 2846 parentum
1379 2789 1620 2830 suorum
1647 2774 1833 2831 salute
1854 2778 2072 2832 factum

428 2862 539 2918 hoc
569 2861 909 2918 auctoritate
940 2862 1262 2935 apostolica
1280 2862 1701 2919 confirmamus
1724 2868 1784 2920 et
1805 2865 2073 2938 omnipo-

427 2950 605 3008 tentis
629 2950 729 3007 Dei
748 2950 1208 3007 misericordiam
1222 2953 1607 3024 deprecamur
1618 2958 1907 3026 quatenus
1917 2971 1950 3026 q
1960 2956 2074 3010 uod

427 3039 499 3096 de
521 3055 717 3096 rerum
739 3039 1266 3097 ecclesiasticarum
1291 3040 1669 3113 usurpatione
1682 3041 1969 3100 hactenus
1980 3043 2075 3099 ad-

1723 326 1790 388 B.
1841 322 2137 392 URBANI
2178 325 2227 389 ll
2272 323 2522 388 ΡΑΡᾸΞ.

3704 318 3831 383 400

2089 465 2142 531 Α
2246 462 2362 533 Ego
2386 463 2577 516 Bonus
2604 461 2800 515 senior
2826 459 3125 532 presbyter
3145 455 3461 514 cardinalis
3477 456 3825 531 subscripsi.

2248 550 2365 623 Ego
2397 549 2587 604 Teuzo
2619 548 2922 621 presbyter
2947 546 3265 604 cardinalis
3298 542 3644 618 subscripsi.

2250 639 2364 709 Ego
2396 637 2714 711 Gregorius
2745 637 3028 694 diaconus
3057 634 3374 692 cardinalis
3405 633 3750 707 subscripsi.

2251 728 2364 798 ligo
2387 726 2688 782 Daibertus
2710 727 2958 783 Pisanus
2981 725 3456 798 archiepiscopus
3478 724 3825 798 subscripsi.

2250 817 2366 886 Ego
2398 814 2745 889 Rodulphus
2768 816 3128 872 Turonensis
3159 814 3633 888 archiepiscOpus
3680 814 3828 872 sub-

2178 904 2411 977 scripsi.

2251 993 2415 1067 Hugo
2445 994 2761 1050 cardinalis
2803 993 3087 1051 diaconus
3136 999 3349 1052 sanctae
3401 993 3674 1051 Romana
3722 993 3828 1049 Ec-

2179 1083 2365 1139 clesia:
2396 1084 2740 1157 subscripsi.

2250 1173 2641 1229 Hcrimannus
2669 1173 3004 1229 cardinalis.

2251 1262 2368 1335 Ego
2400 1260 2704 1335 Philippus
2736 1262 3026 1319 Lunensis
3056 1261 3368 1335 episcopus
3408 1259 3752 1336 subscripsi.

2254 1351 2368 1423 Ego
2399 1351 2801 1407 Aurasicensis
2832 1352 3143 1425 episcopus
3172 1349 3457 1407 Gilelmus
3483 1351 3829 1425 subscripsi.

2253 1441 2370 1508 Ego
2399 1440 2681 1507 Rogerius
2709 1447 2924 1497 sanctae
2960 1441 3232 1496 Romanae
3257 1438 3522 1499 Ecclesiae
3546 1440 3835 1498 diaconus

2183 1529 2525 1602 subscripsi.

2256 1619 2372 1689 Ego
2391 1618 2645 1674 Joannes
2667 1617 3003 1681 Portuensis
3025 1618 3338 1675 cardinalis
3359 1618 3668 1692 cpiscopus
3689 1614 3828 1675 sub-

2184 1707 2413 1777 scripsi.

2257 1797 2369 1868 ligo
2407 1795 2742 1852 Willolmus
2787 1797 3122 1853 Ausciensis
3171 1796 3643 1871 archiepiscopus
3691 1806 3837 1865 cum

2184 1888 2330 1941 mois
2362 1887 2770 1955 suifraganeis,
2814 1886 3036 1942 scilicet
3083 1888 3244 1943 Dodo
3293 1887 3675 1965 Bigorritano.
3703 1888 3827 1960 epi-

2182 1990 2378 2046 scopo,
2397 1976 2604 2029 Sancio
2630 1974 2999 2031 Lascurrensi
3020 1975 3315 2049 episcopo,
3336 1975 3540 2032 Ottone
3555 1974 3831 2031 Olorense

2180 2064 2474 2137 episcopo,
2499 2062 2794 2119 Willclmo
2816 2063 3148 2120 Consorano
3168 2064 3459 2137 episcopo,
3484 2062 3829 2137 subscripsi.

2254 2154 2370 2225 Ego
2403 2151 2709 2207 lmolcnsis
2738 2152 3047 2226 episcopus
3076 2152 3207 2209 Otto
3238 2151 3581 2226 subscripsi.

2253 2242 2370 2313 Ego
2402 2241 2521 2296 Rud
2532 2240 2621 2296 ulf
2621 2259 2687 2297 us
2709 2240 2965 2314 Reginus
2983 2240 3457 2314 archiepiscopus
3481 2242 3829 2315 subscripsi.

2253 2331 2459 2385 Petrus
2484 2329 2736 2384 Venetus
2760 2329 3108 2401 patriarcha,
3135 2330 3339 2385 Petrus
3354 2329 3832 2402 archiepiscopus

2183 2418 2652 2484 Mediolancnsis,
2684 2417 3017 2474 Gotafridus
3039 2417 3349 2491 episcopus
3372 2417 3831 2491 Magalonensis,

2186 2508 2567 2578 Berengarius
2588 2506 2895 2578 episcopus
2922 2506 3357 2577 Forojuliensis,
3380 2508 3623 2563 Amatus
3644 2508 3833 2564 archi-

2180 2597 2491 2669 episcopus
2510 2595 2976 2668 Burdegalensis,
2990 2594 3337 2650 Aldebertus
3354 2594 3839 2670 archiepiscopus

2183 2684 2584 2752 Bituricensis,
2604 2684 2808 2740 Petrus
2825 2682 3300 2756 archiepiscopus
3320 2683 3629 2757 Aquensis,
3657 2684 3832 2742 Fuleo

2183 2773 2547 2829 Belvacensis
2579 2773 2890 2845 episcopus
2922 2771 3333 2827 interfuerunt.
3622 2770 3628 2779 ’

2252 2860 2569 2919 Tetbaldus
2599 2860 2980 2917 Bercellensis
3025 2859 3206 2917 abbas
3251 2861 3529 2918 laudavit.
3583 2860 3835 2919 Peneius

2183 2952 2365 3008 abbas
2394 2953 2550 3007 Casae
2576 2950 2698 3017 Dei,
2733 2950 3051 3006 Frotardus
3083 2950 3265 3005 abbas
3294 2950 3493 3007 Sancti
3523 2952 3733 3010 Pontii.

2254 3040 2355 3097 Isti
2375 3045 2432 3097 et
2461 3055 2666 3096 omnes
2695 3037 3144 3112 archiepiscopi,
3183 3038 3440 3113 episcopi
3485 3044 3542 3097 et
3588 3041 3832 3100 abbates

425 3130 955 3197 miserunt,suaeis
974 3130 2071 3203 propitiationeindulgeatetasuorum
2183 3130 2242 3186 in
2269 3129 2607 3186 Placentina
2635 3128 2856 3201 synodo
2903 3128 3222 3184 residentes
3271 3127 3424 3184 hanc
3464 3129 3833 3187 dimissionis

424 3217 772 3275 delictorum
801 3218 1051 3275 vinculis
1082 3233 1185 3292 per
1210 3224 1547 3275 sanctorum
1580 3219 1978 3291 apostolorum
2012 3225 2072 3278 et
2098 3203 2141 3272 C
2182 3220 2446 3275 chartam
2478 3222 2762 3291 praecepto
2792 3216 3012 3272 domini
3037 3232 3200 3289 papa:
3221 3216 3605 3279 laudaverunt
3622 3222 3676 3274 et
3697 3235 3834 3275 con-

423 3308 610 3364 sancti
642 3308 849 3382 Egidii
874 3310 1083 3364 merita
1113 3315 1170 3364 et
1199 3325 1397 3381 preces
1427 3307 1707 3365 absolvat.
1739 3309 1913 3367 Porro
1948 3316 2070 3368 tam

422 3397 617 3469 ipsum
644 3412 821 3470 quam
838 3398 966 3469 ejus
982 3402 1246 3470 posteros
1264 3398 1587 3467 universos,
1607 3400 1657 3454 si
1680 3398 1952 3456 altarium
1977 3402 2073 3457 ob-

420 3484 701 3542 lationem
732 3485 981 3541 ulterius
1014 3487 1285 3542 invadere
1313 3487 1683 3556 tentaverint,
1712 3489 2071 3546 anathemati

424 3574 777 3645 subjicimus
808 3578 864 3630 et
884 3575 956 3630 ab
982 3574 1251 3630 universo
1272 3574 1538 3631 Ecclesiae
1562 3577 1854 3632 consortio
1877 3593 2071 3651 segre-

424 3674 655 3734 gamus.
685 3661 1029 3734 Quicunque
1058 3663 1233 3718 etiam
1267 3662 1348 3718 vel
1385 3664 1458 3719 ab
1490 3664 1617 3737 ipso
1648 3665 1858 3722 comite
1877 3666 1966 3723 vel
1998 3667 2072 3723 ab

425 3749 621 3823 aliquo
654 3750 919 3822 quolibet
947 3751 1020 3807 de
1049 3750 1446 3807 oblationibus
1484 3752 1598 3809 illis
1622 3754 1861 3811 feudum
1894 3761 2069 3821 tenet,

424 3838 605 3912 hujus
634 3839 846 3896 decreti
879 3844 1077 3897 tenore
1106 3841 1339 3913 cognito
1368 3840 1477 3897 nisi
1523 3842 1763 3898 omnino
1806 3843 2071 3900 Ecclesia;

421 3929 762 3998 reddiderit,
784 3928 974 3986 eidem
998 3930 1353 3986 anathemati
1381 3931 1701 4002 subjaceat.
1728 3932 1875 4005 Ipsis
1896 3934 2071 3989 etiam

421 4018 729 4076 monachis
759 4018 868 4075 sub
900 4018 1271 4075 anathemate
1303 4019 1711 4077 interdicimus
1736 4038 1805 4077 ne
1827 4022 1945 4077 ullo
1972 4038 2075 4077 un-

421 4122 601 4179 quam
632 4110 893 4180 tempore
922 4107 1207 4165 laicorum
1240 4109 1514 4181 cuiquam
1543 4109 1599 4164 in
1632 4109 1777 4182 ipsis
1799 4110 2071 4167 altarium

419 4196 817 4251 oblationibus
845 4201 1070 4268 partem
1103 4197 1315 4253 habere
1339 4198 1699 4269 permittant.
1726 4199 1995 4271 Alioquin
2017 4205 2075 4255 et

416 4284 522 4355 qui
554 4284 777 4339 dederit
807 4286 864 4339 et
886 4285 987 4357 qui
1007 4286 1291 4358 receperit
1312 4286 1670 4343 anathemati
1691 4289 1845 4360 quod
1869 4305 2075 4360 propo-

420 4372 652 4429 suimus
681 4374 1028 4444 suhjacebit.

493 4454 643 4516 Data
667 4477 770 4533 per
800 4478 1038 4516 manum
1073 4460 1338 4530 Joannis,
1380 4468 1591 4519 sancta:
1642 4464 1916 4520 Romanis
1964 4465 2069 4522 Ec-

2183 3308 2578 3373 tirmaverunt,
2604 3324 2670 3363 ac
2691 3307 2870 3379 hujus
2899 3305 3263 3363 dimissionis
3294 3305 3568 3380 deinceps
3600 3307 3833 3365 invaso-

2181 3416 2304 3454 rem
2332 3396 2419 3453 vel
2443 3397 2844 3469 subreptorem
2867 3399 3145 3468 perpetuo
3170 3394 3527 3452 anathemati
3553 3396 3832 3455 subdide-

2181 3492 2339 3553 runt,
2370 3491 2425 3543 et
2458 3484 2881 3541 monasterium
2912 3500 3105 3549 omne,
3139 3484 3187 3541 si
3242 3482 3556 3558 aliquando
3606 3486 3833 3543 invasio

2180 3576 2487 3643 accideret,
2521 3576 2592 3630 ab
2620 3573 2778 3629 omni
2807 3572 3000 3628 divino
3033 3573 3223 3630 ofﬁcio
3254 3573 3651 3631 interdicendo
3698 3593 3834 3633 ces-

2180 3681 2311 3722 sare
2332 3666 2661 3736 jusserunt.

2854 3749 3142 3808 CXXVIII.

2184 3834 2432 3899 Urbanus
2498 3840 2545 3895 11
2600 3842 2851 3913 pontifex
2915 3842 3289 3897 monasteriun
3356 3842 3425 3896 ι).
3487 3839 3704 3911 Georgii
3769 3844 3835 3897 in

2250 3914 2419 3984 Nigra
2476 3912 2625 3968 Silva
2656 3914 2731 3986 in
2758 3912 2937 3967 suam
2979 3914 3365 3986 pretationem
3433 3914 3621 3985 recipit
3671 3919 3837 3986 atque

2254 3986 2499 4055 insignes
2527 3986 2582 4041 ci
2601 3984 2876 4041 libertates
2905 3984 3166 4040 concedit.

2797 4090 2983 4162 (Anno
3024 4091 3207 4163 4095.)
3259 4114 3274 4127 -

2344 4179 2754 4248 [8οιιοιειη-ιιιη.⁷
2786 4179 2954 4235 Alsat.
2976 4178 3137 4251 dipl.,
3170 4183 3314 4235 tom.
3348 4180 3393 4246 Ι,
3427 4196 3485 4252 p.
3517 4180 3667 4252 177.]

2252 4285 2528 4342 Uneanus
2557 4285 2887 4359 episcopus,
2921 4303 3123 4343 servus
3143 4302 3443 4344 servorum
3472 4286 3592 4355 Dei,
3614 4286 3831 4344 dilecto

2181 4373 2300 4431 filio
2344 4376 2640 4431 Tnocsmo
2687 4375 2886 4431 abbati
2935 4375 3276 4432 monasterii
3326 4375 3525 4434 Sancti
3573 4377 3833 4450 Georgii,

2180 4464 2335 4536 quod
2370 4464 2551 4520 situm
2578 4463 2750 4520 estin
2781 4462 2937 4521 Silva
2965 4464 3161 4538 Nigra,
3187 4464 3360 4536 juxta
3389 4465 3605 4521 ﬂumen
3632 4464 3832 4539 Briga-

423 4547 614 4605 clesiaa
645 4548 874 4605 diaconi
921 4550 1257 4619 cardinalis,
1307 4556 1598 4608 Cremonaa
1652 4570 1728 4609 xu
1781 4553 2071 4611 Kalendas
2102 4556 2149 4639 Ι)
2180 4570 2337 4619 nam,
2359 4555 2606 4626 ejusque
2630 4552 3069 4611 successoribus
3091 4552 3436 4627 regulariter
3465 4553 3835 4612 substituen-

423 4637 639 4706 Martii,
670 4638 990 4695 indictione
1017 4657 1101 4707 ιιι,
1137 4657 1290 4697 anno
1320 4641 1392 4696 ab
1417 4641 1820 4699 Incarnatione
1841 4644 2073 4701 Domini
2104 4637 2132 4639 ⁷
2184 4643 2275 4699 dis
2307 4642 2364 4698 in
2399 4648 2765 4715 perpetuum.

424 4728 584 4795 1095,
638 4727 1010 4800 pontiﬁcatus
1057 4746 1193 4786 vero
1243 4729 1445 4786 domni
1498 4730 1716 4787 Urbani
1759 4748 1922 4805 papae
1979 4749 2072 4790 se-

464 4821 629 4872 timo.

422 4833 459 4891 Ρ
493 4905 605 4978 (32)
633 4905 867 4962 Relecta
895 4922 1029 4962 vero
1060 4910 1115 4962 et
1138 4907 1482 4964 confirmata
1514 4908 1571 4962 in
1622 4909 1867 4965 concilio
1917 4913 2070 4983 quod

420 4993 577 5049 idem
606 5012 755 5068 papa
785 4994 1089 5051 Placentiae
1121 4996 1451 5053 celebravit.

495 5085 609 5156 Ego
625 5085 881 5142 Joannes
906 5084 1150 5142 Portuen
1164 5086 1244 5140 sis
1271 5086 1582 5159 episcopus
1603 5087 1915 5144 cardinalis
1938 5088 2072 5144 sub-

422 5188 533 5227 scri
582 5190 654 5229 sx.

494 5190 611 5333 Ego
640 5261 912 5319 Albertus
946 5263 1262 5320 cardinalis
1294 5263 1645 5337 subscripsi.

492 5349 612 5420 Ego
644 5349 969 5407 Richardus
1001 5354 1302 5426 presbyter
1330 5352 1649 5411 cardinalis
1695 5360 1908 5411 sanctas
1957 5355 2068 5413 R0-

422 5452 609 5493 manas
640 5435 905 5495 Ecclesiae
936 5447 993 5497 et
1016 5440 1402 5498 Massiliensis
1431 5442 1615 5499 abbas
1650 5443 1992 5519 subscripsi.

490 5616 603 5707 (32)
633 5616 947 5699 Sequentia
970 5621 1170 5683 addita
1197 5624 1403 5707 postea
1433 5626 1597 5688 sunt.

2254 4732 2618 4788 Desiderium
2645 4731 2800 4803 quod
2852 4732 2924 4788 ad
2974 4731 3312 4805 religiosum
3357 4731 3727 4805 propositum
3776 4735 3837 4789 et

2182 4820 2512 4876 animarum
2542 4819 2789 4876 salutem
2831 4817 3120 4892 pertinere
3170 4823 3549 4891 monstratur,
3595 4824 3835 4877 auctore

2180 4908 2316 4973 Deo,
2348 4908 2475 4964 sine
2503 4907 2697 4981 aliqua
2726 4911 2815 4963 est
2859 4907 3150 4965 delatione
3200 4908 3636 4983 complendum.
3685 4908 3835 4975 Quia

2181 4996 2360 5067 igitur
2392 4996 2613 5052 nobiles
2642 4996 2744 5050 viri
2800 4997 2991 5051 tlerilo
3038 5003 3098 5053 et
3147 4998 3328 5055 Hesso
3380 4998 3439 5053 in
3486 4999 3828 5072 episcopatu

2180 5085 2632 5152 Gcnstantiensi,
2665 5086 2725 5139 in
2757 5101 2905 5158 pago
2938 5086 3175 5142 nomine
3221 5087 3389 5154 Bura,
3443 5087 3501 5142 in
3548 5087 3829 5145 comitatu

2177 5173 2472 5241 Ascheim,
2491 5173 2548 5229 in
2570 5173 2717 5229 silva
2733 5190 2911 5246 quam
2929 5175 3134 5232 dicunt
3150 5176 3412 5248 Nigram,
3429 5175 3597 5247 juxta
3610 5175 3831 5233 ﬂumen

2178 5262 2511 5335 Briganam,
2542 5263 2598 5317 in
2627 5263 2845 5319 honore
2875 5265 3060 5318 sancti
3101 5263 3333 5337 Georgii
3380 5263 3657 5337 martyris
3705 5278 3834 5320 mo-

2179 5349 2503 5406 nasterium
2530 5350 2981 5419 zediticaverunt,
3031 5356 3091 5408 et
3138 5352 3305 5410 beato
3352 5352 3518 5409 Petro
3570 5351 3835 5426 apostoto

2175 5439 2236 5497 id
2266 5439 2461 5515 ipsum
2500 5456 2635 5498 cum
2669 5440 2958 5499 universis
2979 5458 3107 5517 quaa
3141 5441 3257 5499 illic
3294 5441 3628 5502 obtulerant
3674 5440 3838 5500 deon
