4004 6162
202 335 337 411 161

1394 342 1801 415 EPISTQLJE
1841 345 1943 417 ET
1978 343 2455 415 PRIVILEGIA.

3505 352 3624 432 403

217 478 528 559 gaverunt,
547 491 653 541 nos
682 477 1007 541 secundum
1039 494 1240 540 eorum
1272 479 1636 541 devotionem
1668 479 1871 554 praefa-
1899 479 1956 559 Α
1984 494 2110 538 cem
2140 481 2382 556 praemia
2410 486 2636 543 mternm
2665 483 3159 560 pacisinveniant,
3188 485 3393 560 Amen,
3429 501 3624 562 amen,

216 571 351 627 tum
381 564 575 624 locum
607 568 719 626 sub
748 568 1078 644 apostolicae
1120 570 1278 628 sedis
1310 570 1493 627 tutela
1544 569 1872 645 specialiter

215 656 647 717 confovendum
675 659 1052 734 suscipimus.
1074 660 1181 718 Per
1211 659 1518 734 praesentis
1546 659 1726 734 igitur
1748 660 1870 733 pri-

217 744 416 820 vilegii
451 747 730 821 paginam
779 749 1098 821 apostolica
1154 750 1497 808 auctoritate
1553 748 1869 806 statuimus

217 839 285 890 ut
309 852 672 909 quacunque
697 838 914 911 praedia
940 839 1061 895 sive
1090 839 1491 913 possessiones
1520 838 1740 912 praefati
1763 835 1870 895 viri

215 923 309 982 vel
340 924 439 982 alii
472 925 721 999 quilibet
773 943 843 983 ex
890 944 997 985 suo
1047 930 1182 1001 jure
1213 928 1548 1003 supradicto
1603 927 1867 986 coenobio

215 1013 577 1083 obtulerunt,
616 1030 1027 1089 quemcunque
1074 1017 1134 1075 in
1179 1018 1444 1075 futurum
1493 1017 1869 1074 concessione

212 1104 585 1177 pontiﬁcum,
616 1103 965 1171 liberalitate
1022 1106 1375 1182 principum,
1425 1124 1530 1165 seu
1578 1105 1867 1165 oblatione

210 1193 654 1268 ﬁdeliumjuste
682 1199 856 1269 atque
871 1197 1146 1254 canonice
1178 1197 1389 1271 poterit
1403 1196 1669 1270 adipisci,
1702 1196 1870 1252 ﬁrma

214 1284 323 1340 tibi
356 1285 594 1356 tuisque
623 1285 1061 1353 successoribus
1099 1289 1155 1343 et
1183 1284 1409 1344 illibata
1464 1288 1863 1359 permaneant.

215 1372 375 1429 Nulli
437 1378 713 1448 praeterea
771 1375 1164 1443 sacerdotum,
1248 1392 1451 1447 regum
1509 1374 1597 1430 vel
1651 1375 1865 1430 ducum

213 1467 318 1519 aut
346 1463 650 1530 comitum,
681 1480 784 1520 seu
809 1463 1203 1537 quarumlibet
1218 1480 1600 1537 personarum
1624 1462 1792 1518 liceat
1805 1460 1866 1518 in

211 1568 280 1611 eo
310 1550 439 1610 loco
469 1552 695 1625 aliquas
727 1552 839 1610 sibi
887 1552 1261 1628 proprietatis
1309 1552 1693 1619 conditiones,
1745 1568 1860 1608 non

210 1641 769 1713 hereditariijuris,
809 1659 923 1697 non
984 1642 1316 1710 advocatiaa,
1380 1660 1492 1698 non
1551 1641 1867 1713 cujuslibet

209 1729 522 1803 potestatis
554 1730 1018 1803 usurpationem,
1051 1748 1178 1805 quae
1222 1730 1477 1788 libertati
1525 1731 1864 1787 monasterii

1982 587 2175 628 amen.

2053 659 2268 717 Datum
2298 661 2602 719 Placentiae
2659 680 2762 736 per
2813 682 3056 723 manum
3112 664 3357 725 Joannis
3410 671 3624 731 sanctas

1978 747 2252 805 Romanis
2273 750 2540 808 Ecclesiae
2571 753 2799 808 diaconi
2828 754 3162 821 cardinalis,
3193 774 3291 811 vm
3322 756 3455 814 Idus
3474 758 3624 815 Mar-

1977 837 2066 905 tii,
2098 837 2299 895 indict.
2333 858 2415 908 In,
2442 858 2592 897 anno
2622 842 2933 899 Dominicaa
2968 848 3254 903 lncarnat.
3297 845 3438 902 1095
3485 847 3623 920 (33),

1978 927 2355 1000 pontiﬁcatus
2386 935 2583 986 autem
2635 931 2837 988 domni
2894 931 3111 989 Urbani
3168 934 3411 991 secundi
3460 953 3623 1010 papae

1976 1016 2247 1088 septimo.

2684 1110 2911 1168 CXXIX.

1975 1198 2360 1273 Monasteriam
2438 1201 2824 1273 Hirsaugiense
2887 1200 3160 1273 Spirensis
3228 1202 3475 1273 diecesis
3529 1204 3625 1259 sub

2043 1271 2372 1348 protection}:
2437 1272 2597 1348 sedis‘
2641 1271 2948 1343 apostolicm
3023 1271 3304 1345 recipitur,
3383 1276 3628 1348 bonaque

2045 1344 2231 1397 omnia
2258 1341 2436 1399 eidem
2461 1341 2873 1413 conﬁrniantur.

2596 1450 2783 1520 (Anno
2817 1450 2999 1522 1095.)

2202 1536 2638 1610 [COCQUELINES,
2672 1540 2885 1595 Bullar.
2918 1540 3148 1608 βοηθοίη
3182 1540 3253 1609 ΙΙ,
3285 1541 3399 1614 80.]

2047 1644 2325 1701 URBANUS
2356 1645 2686 1718 episcopus,
2720 1663 2921 1702 servus
2939 1663 3238 1702 servorum
3274 1647 3391 1714 Dei,
3415 1647 3625 1705 dilecto

1977 1732 2095 1789 ﬁlio
2125 1733 2489 1802 Gsesmnoo,
2534 1734 2872 1797 monasterii
2922 1733 3355 1808 Hirsaugiensis
3405 1735 3623 1805 abbati,

209 1824 439 1887 noceat,
482 1820 799 1889 vindicare,
858 1822 1215 1876 Advocatum
1272 1820 1386 1877 sibi
1445 1820 1860 1892 constituendi,
1894 1856 1943 1923 Β
1975 1823 2221 1896 ejusque
2253 1823 2689 1881 successoribus
2722 1823 3065 1898 regulariter
3095 1824 3542 1893 substituendis,
3564 1825 3625 1885 in

210 1925 387 1982 quem
417 1907 729 1977 voluerint,
762 1909 945 1965 abbas
976 1924 1111 1965 cum
1139 1909 1263 1965 suis
1294 1909 1575 1965 fratribus
1619 1909 1866 1965 liberam

210 1997 468 2054 habeant
496 2001 864 2071 potestatem.
888 1999 955 2054 Et
970 1998 1018 2054 si
1044 1998 1095 2054 is
1112 1999 1487 2071 postmodum
1506 1998 1866 2055 monasterio

209 2088 443 2145 inutilis
471 2088 663 2155 fuerit,
692 2093 913 2146 remoto
926 2106 994 2146 eo
1007 2088 1122 2145 aliu
1132 2107 1186 2145 m
1202 2090 1453 2145 constitu
1463 2092 1580 2145 ant.
1603 2088 1867 2145 Obeunte

210 2182 269 2235 te
300 2195 461 2235 nunc
488 2178 617 2250 ejus
640 2177 753 2234 loci
783 2178 992 2236 abbate
1020 2178 1110 2235 vel
1154 2183 1389 2235 tuorum
1438 2177 1701 2253 quolibet
1730 2195 1866 2234 suc-

210 2284 541 2331 cessorum,
576 2266 779 2323 nullus
810 2267 890 2323 ibi
919 2267 1179 2340 qualibet
1208 2267 1604 2340 subreptionis
1651 2266 1869 2323 astutia

211 2355 298 2413 vel
328 2356 611 2413 violentia
639 2360 1032 2430 praeponatur,
1065 2356 1179 2414 nisi
1229 2373 1404 2430 quem
1458 2357 1669 2413 fratres
1700 2372 1865 2412 com-

213 2444 382 2501 muni
413 2461 707 2502 consensu
737 2445 826 2501 vel
858 2446 1106 2502 fratrum
1160 2463 1296 2519 pars
1325 2445 1554 2502 consilii
1614 2445 1866 2502 sanioris
1905 2455 1913 2461 '

211 2535 544 2592 secundum
575 2535 673 2591 Dei
705 2535 977 2592 timorem
1010 2539 1068 2591 et
1097 2534 1359 2610 regulam
1387 2536 1541 2592 beati
1572 2533 1866 2591 Benedicti

210 2622 513 2698 elegerint.
548 2622 621 2680 Ut
648 2628 846 2680 autem
890 2623 1099 2680 fratres
1127 2624 1188 2680 in
1233 2624 1435 2680 eodem
1464 2623 1592 2680 loco
1641 2622 1865 2679 collecti

210 2712 638 2786 omnipotentis
653 2712 756 2769 Dei
784 2712 1034 2768 servitiis
1055 2710 1536 2769 liberiusvaleant
1564 2711 1862 2778 insudare,

209 2802 585 2860 decernimus
614 2805 679 2858 ut
708 2800 853 2858 nulli
885 2802 1125 2859 omnino
1156 2802 1462 2858 hominum
1497 2801 1667 2858 liceat
1707 2801 1864 2857 idem

192 2892 546 2950 coenobium
575 2894 795 2959 temere
826 2890 1166 2965 perturbare
1221 2895 1323 2948 aut
1354 2890 1625 2948 subditas
1648 2891 1699 2947 ei
1729 2907 1863 2963 pos-

210 2976 511 3038 sessiones
541 2981 791 3047 auferre,
822 2980 1088 3037 minuere
1114 2979 1202 3036 vel
1241 2979 1569 3036 temerariis
1611 2979 1862 3036 vexatio-

208 3068 388 3125 nibus
416 3070 681 3142 fatigare,
733 3070 833 3126 sed
888 3069 1088 3126 omnia
1141 3068 1371 3141 integra
1427 3072 1864 3135 conserventur,

210 3175 416 3216 eorum
447 3175 553 3233 pro
583 3175 836 3231 quorum
870 3158 1296 3216 sustentatione
1345 3175 1412 3215 ac
1442 3156 1865 3231 gubernatione

210 3264 497 3305 concessa
529 3251 669 3303 sunt
698 3247 906 3304 usibus
951 3247 1308 3304 omnimodis
1363 3247 1689 3320 profutura.
1746 3245 1863 3301 Vos
1893 3225 1936 3293 (ἶ

208 3353 368 3405 vero,
402 3335 508 3392 ﬁlii
531 3336 591 3391 in
620 3335 852 3393 Christo
900 3335 1255 3404 charissimi,
1300 3339 1527 3407 oportet
1580 3333 1864 3408 regularis

210 3424 535 3497 disciplinas
569 3424 1670 3497 institutionibusdiligenterinsistere,
1704 3426 1760 3478 et
1785 3426 1866 3478 to-

207 3516 329 3571 tius
360 3515 570 3570 animae
599 3530 665 3569 ac
698 3514 910 3569 mentis
938 3514 1257 3569 virtutibus
1307 3511 1603 3578 anhelare,
1650 3515 1715 3566 ut
1764 3527 1866 3583 per

208 3607 434 3659 arctam
456 3603 613 3658 viam
646 3601 979 3675 gradientes
1009 3601 1393 3675 omnipotenti
1428 3604 1539 3656 Deo
1572 3599 1867 3672 placereet

207 3692 282 3747 ad
320 3707 639 3764 supernam
670 3690 1092 3747 beatitudinem
1138 3690 1437 3762 pervenire
1485 3687 1744 3744 valeatis.
1776 3688 1862 3744 Ad

204 3779 493 3835 indicium
527 3784 722 3836 autem
754 3782 1036 3852 percepta
1067 3777 1248 3850 hujus
1267 3778 1581 3834 aRomana
1608 3776 1866 3833 Ecclesia

203 3868 494 3925 libertatis
524 3885 629 3941 per
658 3885 844 3924 annos
876 3867 1141 3941 singulos
1155 3883 1396 3923 aureum
1418 3864 1742 3922 Bizantium
1764 3867 1867 3922 La-

182 3956 501 4014 teranensi
532 3955 752 4030 palatio
784 3956 1142 4030 persolvetis.
1175 3959 1324 4011 Sane
1344 3955 1389 4011 si
1415 3955 1549 4027 quis
1580 3954 1635 4010 in
1658 3954 1864 4011 crasti-

202 4064 350 4105 num
378 4046 856 4121 archiepiscopus
886 4049 990 4102 aut
1029 4044 1361 4120 episcopus,
1409 4044 1730 4116 imperator
1757 4047 1862 4099 aut

204 4154 329 4202 rex,
363 4135 480 4197 dux
509 4140 610 4192 aut
641 4135 926 4201 marchio,
986 4152 1180 4191 comes
1212 4138 1315 4189 aut
1363 4133 1708 4199 vicecomes,
1764 4136 1868 4188 aut

205 4241 462 4299 persona
492 4224 766 4298 qualibet
794 4223 1189 4281 ecclesiastica
1215 4221 1303 4280 vel
1335 4221 1633 4280 saecularis
1683 4221 1864 4294 hujus

214 4319 425 4370 nostrae
455 4313 893 4370 constitutionis
941 4314 1216 4386 paginam
1264 4311 1457 4367 sciens
1508 4315 1709 4367 contra
1736 4326 1865 4367 eam

209 4407 430 4459 temere
454 4402 648 4459 venire
678 4401 1008 4470 tentaverit,
1043 4402 1298 4457 secundo
1326 4399 1564 4456 tertiove
1606 4416 1863 4456 commo-

211 4490 394 4558 nitus,
426 4491 476 4547 si
531 4507 645 4546 non
687 4489 1087 4547 satisfactione
1141 4504 1401 4562 congrua
1447 4488 1860 4556 emendaverit,

1974 1917 2347 1986 perpetuum.

2047 2001 2193 2057 Cum
2222 2001 2511 2059 universis
2538 2007 2750 2058 sanctae
2779 2002 3047 2059 Ecclesia:
3079 2001 3214 2058 ﬁliis
3244 2018 3348 2075 pro
3395 2006 3625 2076 aposto-

1977 2090 2098 2145 licae
2159 2092 2315 2147 sedis
2374 2091 2719 2148 auctoritate
2774 2108 2841 2147 ac
2895 2089 3298 2149 benevolentia
3335 2092 3626 2149 debitores

1975 2180 2316 2249 existamus,
2350 2180 2468 2237 illis
2500 2183 2716 2250 tamen,
2749 2179 2892 2237 locis
2926 2197 2993 2237 ac
3021 2180 3308 2253 personis,
3345 2197 3472 2255 quae
3495 2198 3626 2255 spe-

1976 2268 2181 2326 cialius
2214 2273 2272 2325 et
2301 2269 2649 2325 familiarius
2678 2269 2953 2326 Romanae
3005 2269 3307 2327 adhaerent
3333 2269 3625 2337 Ecclesiae,

1978 2375 2221 2431 quaeque
2253 2358 2523 2431 ampliori
2581 2357 2881 2430 religionis
2938 2359 3128 2431 gratia
3183 2357 3462 2426 eminent,
3492 2375 3625 2432 pro-

1977 2446 2233 2519 pensiori
2263 2464 2369 2503 nos
2401 2448 2673 2505 convenit
2718 2446 3022 2511 charitatis
3064 2446 3258 2503 studio
3292 2445 3622 2505 imminere.

1974 2534 2137 2592 Unde
2188 2552 2317 2604 nos,
2368 2535 2532 2592 bonae
2591 2536 2885 2603 memoria:
2936 2535 3382 2608 praedecessoris
3442 2535 3626 2592 nostri

1975 2624 2235 2697 Gregorii
2268 2625 2517 2681 formam
2550 2627 2887 2696 sequentes,
2917 2624 3120 2680 eadem
3151 2623 3257 2679 tibi
3286 2623 3522 2696 tuisque
3544 2623 3625 2682 le-

1975 2712 2197 2787 gitimis
2221 2713 2597 2769 concedimus
2624 2711 3219 2783 successoribus,quze
3247 2710 3371 2784 ipse
3403 2712 3624 2784 praede-

1974 2802 2191 2859 cessori
2222 2806 2322 2859 tuo
2354 2800 2650 2858 Willelmo
2680 2804 2737 2856 et
2765 2801 3031 2873 ejusdem
3053 2800 3408 2858 monasterio
3439 2801 3623 2873 preci-

1973 2891 2084 2949 bus
2122 2890 2418 2947 Adalberti
2467 2890 2718 2957 comitis,
2779 2889 3070 2945 concessit
3110 2893 3167 2946 et
3218 2889 3622 2961 conﬁrmavit;

1974 2981 2074 3053 qui
2105 2984 2329 3037 aeternae
2361 2977 2765 3036 retributionis
2779 2994 2978 3037 amore
3000 2977 3391 3045 succensusin
3406 2978 3623 3052 praedio

1973 3087 2081 3125 suo
2111 3069 2265 3141 quod
2298 3069 2511 3123 dicitur
2542 3066 2870 3140 Hirsaugia,
2918 3067 3338 3123 monasterium
3366 3084 3404 3122 a
3431 3084 3635 3142 proge-

1974 3158 2265 3216 nitoribus
2297 3156 2421 3212 suis
2443 3156 2708 3229 antiquis
2729 3159 3160 3222 constructum,
3194 3172 3380 3229 nuper
3409 3156 3633 3213 amissa

1975 3246 2293 3304 restituens
2325 3248 2567 3301 venuste
2599 3244 2907 3315 reparavit,
2943 3247 3002 3299 et
3062 3244 3122 3298 in
3179 3261 3324 3299 usus
3355 3243 3630 3311 .fratrum

1973 3335 2117 3391 inibi
2140 3335 2257 3390 Deo
2289 3332 2667 3390 servientium
2723 3330 2994 3404 pluribus
3039 3331 3535 3403 possessionibus,
3568 3336 3628 3388 et

1973 3423 2300 3481 redditibus
2325 3421 2646 3496 ampliavit.
2667 3421 2851 3485 Quam
2879 3436 2997 3476 sum
3016 3418 3630 3477 liberalitatisinstitu-

1971 3513 2190 3569 tionem
2224 3528 2296 3568 ne
2326 3510 2447 3567 ulla
2474 3510 2534 3566 in
2566 3513 2865 3583 posterum
2882 3525 3285 3582 perversorum
3315 3507 3626 3566 hominum

1974 3601 2219 3659 audacia
2249 3599 2511 3662 minuere
2543 3603 2646 3656 aut
2672 3596 2885 3654 violare
2929 3602 3271 3672 praesumat.
3296 3596 3626 3673 apostolica:

1973 3688 2336 3746 auctoritatis
2369 3686 2669 3760 privilegio
2702 3686 2944 3757 muniri,
2977 3691 3035 3743 et
3064 3692 3279 3753 sanctae
3329 3687 3627 3759 Romanis,

1972 3778 2241 3836 Ecclesiae
2272 3776 2517 3834 tuitione
2548 3776 2806 3833 roborari
2838 3776 3175 3849 postulavit.
3210 3776 3625 3849 Quamobrem,

1973 3867 2280 3942 praefatum
2312 3865 2734 3922 monasterium
2767 3865 2877 3921 sub
2906 3865 3237 3937 apostolica
3285 3865 3443 3921 sedis
3490 3882 3625 3938 pro-

1971 3956 2219 4013 tectione
2248 3972 2315 4010 ac
2346 3954 2529 4011 tutela
2558 3953 2885 4027 specialiter
2902 3952 3342 4025 amplectentes,
3370 3968 3626 4024 praesen-

1973 4045 2049 4101 tis
2082 4043 2365 4116 privilegii
2398 4043 2611 4114 pagina
2638 4041 2976 4108 statuimus,
3010 4044 3077 4095 ut
3106 4057 3233 4112 quae
3264 4038 3438 4095 hodie
3469 4040 3625 4096 idem

1975 4133 2307 4190 ccenobium
2330 4131 2495 4202 juste
2531 4129 2809 4202 possidet,
2843 4128 2961 4184 sive
2992 4127 3051 4183 in
3079 4128 3345 4184 futurum
3388 4143 3626 4185 conces-

1975 4224 2139 4279 sione
2155 4219 2803 4293 pontiiicum,libertate
2834 4215 3189 4290 principum,
3211 4215 3301 4272 vel
3331 4215 3627 4274 oblatione

1974 4310 2259 4373 ﬁdelium,
2286 4310 2447 4382 juste
2479 4311 2535 4363 et
2566 4305 2840 4362 canonice
2886 4304 3099 4378 poterit
3148 4304 3414 4377 adipisci,
3458 4305 3631 4363 ﬁrma

1974 4400 2103 4470 tibi,
2135 4398 2371 4471 tuisque
2402 4395 2864 4463 successoribus,
2886 4400 2942 4450 et
2970 4394 3197 4451 illibata
3226 4401 3627 4468 permaneant.

1976 4491 2039 4546 In
2072 4488 2290 4561 quibus
2322 4487 2443 4542 haec
2486 4481 2831 4541 nominatim
2884 4483 3252 4557 designanda
3306 4485 3623 4541 duximus:

208 4578 515 4653 potestatis
544 4578 900 4651 honorisque
931 4578 1022 4635 sui
1040 4577 1323 4651 dignitate
1336 4579 1549 4642 careat,
1582 4592 1864 4648 reumque
1896 4592 1943 4656 ι)
1971 4578 2213 4634 cellulas
2240 4580 2296 4631 S.
2343 4574 2594 4647 Georgii,
2649 4590 2779 4645 quae
2832 4572 3046 4629 dicitur
3092 4573 3445 4641 Richenbac,
3479 4578 3537 4631 et
3567 4575 3628 4633 S.

208 4684 273 4725 se
303 4667 499 4725 divino
521 4667 747 4740 judicio
777 4667 1023 4725 existere
1061 4668 1134 4724 de
1177 4669 1504 4739 perpetrata
1554 4663 1864 4737 iniquitate

206 4760 541 4829 cognoscat,
574 4760 751 4828 atque
776 4773 810 4812 a
842 4756 1243 4813 sacratissimo
1272 4766 1512 4826 corpore
1541 4754 1642 4810 Dei
1675 4771 1740 4809 ac
1766 4755 1866 4811 Do-

208 4844 353 4902 mini
387 4845 794 4918 Redemptoris
824 4844 1009 4901 nostri
1036 4845 1176 4902 Jesu
1207 4843 1423 4901 Christi
1457 4842 1687 4899 alienus
1737 4843 1858 4911 ﬁat,

206 4941 269 4991 et
299 4934 357 4991 in
388 4939 645 4993 extremo
673 4935 940 4991 examine
970 4934 1247 4991 districta:
1292 4932 1499 4991 ultioni
1534 4933 1857 5005 subjaccat.

210 5024 450 5081 Cunctis
479 5027 677 5081 autem
708 5024 900 5081 eidem
932 5024 1056 5080 loco
1080 5025 1247 5096 justa
1275 5022 1643 5079 servantibus
1664 5021 1865 5095 sit;an

213 5112 446 5171 Domini
476 5111 1062 5179 nostriJesuChristi,
1095 5117 1387 5186 quatenus
1419 5110 1586 5167 ethic
1607 5111 1863 5166 fructum

212 5204 378 5259 bonae
407 5201 652 5259 actionis
682 5201 1009 5276 percipiant
1038 5206 1097 5259 et
1127 5201 1282 5274 apud
1330 5201 1659 5257 districtum
1702 5198 1865 5271 judi-

288 5363 407 5436 (33)
426 5362 639 5445 Errant
667 5363 769 5445 qui
803 5363 1139 5445 Eugenium
1297 5360 1560 5443 omnium
1585 5376 1867 5445 primum

212 5430 394 5506 arani
426 5430 851 5506 Incarnationis
898 5430 960 5491 i'n
1008 5433 1309 5506 rescriptis
1357 5433 1499 5506 suis
1531 5430 1871 5506 adhibuisse

212 5504 739 5579 sibi‘persuadent‘,
771 5510 944 5579 atque
975 5506 1118 5579 adeo
1149 5502 1353 5579 omnes
1385 5502 1574 5579 bullas
1600 5507 1733 5559 ante
1756 5503 1869 5579 Eu-

210 5572 459 5653 genium
491 5576 769 5653 1Y_annis
801 5572 1222 5653 ln'carnationis
1268 5578 1522 5653 notatas
1552 5572 1869 5653 interpola-

212 5644 396 5706 tionis
451 5647 704 5705 reddunt
755 5653 1078 5723 suspectas.
1139 5645 1449 5704 Pontifices
1497 5644 1626 5716 jam
1672 5644 1872 5705 a‘Leo-

1974 4666 2229 4734 Martini,
2255 4662 2610 4737 quaadicitur
2628 4661 3042 4733 Vischbahajo,
3074 4666 3131 4719 et
3161 4663 3447 4735 praadium
3469 4665 3626 4735 quod

1973 4755 2186 4811 dicitur
2215 4752 2482 4818 Gilstein,
2515 4751 2671 4823 quod
2703 4751 2907 4807 datum
2934 4756 3025 4809 est
3055 4768 3158 4824 pro
3189 4751 3334 4809 cella
3362 4756 3419 4807 Β.
3452 4751 3624 4821 Petri;

1971 4844 2411 4907 constituentes,
2446 4839 2631 4919 nc‘vel
2657 4844 2740 4907 tu,
2777 4839 2859 4895 ﬁli
2890 4839 3238 4897 charissima
3269 4839 3625 4907 Gcheharde,

1970 4933 2058 4990 vel
2091 4931 2334 5005 quilibet
2364 4935 2602 4986 tuorum
2635 4944 3065 4997 successorum,
3094 4926 3364 5000 praefatae
3385 4925 3627 4982 cellulas

1973 5023 2294 5087 destruere,
2327 5018 2414 5075 vel
2442 5036 2532 5083 ea,
2564 5035 2692 5091 quae
2722 5017 2838 5074 illis
2869 5034 3149 5074 concessa
3176 5019 3316 5072 sunt
3344 5031 3448 5071 seu
3485 5031 3624 5071 con-

1974 5112 2272 5178 cedentur,
2304 5114 2521 5165 temere
2549 5106 2918 5180 praesumatis
2944 5104 3312 5161 imminuere.
3348 5103 3630 5161 Praeterea

1976 5198 2367 5265 decernimus,
2400 5201 2465 5252 ut
2494 5195 2639 5253 nulli
2670 5195 2909 5253 omnino
2939 5192 3245 5250 hominum
3276 5192 3448 5249 liceat
3474 5193 3630 5251 idem

1978 5359 2070 5417 nis
2100 5360 2171 5416 IX
2196 5361 2361 5415 aetate
2391 5374 2505 5413 aera
2526 5354 2945 5413 Incarnationis
2967 5351 3343 5427 subindeusi
3370 5353 3629 5427 fuerunt,

1979 5436 2070 5488 ast
2098 5432 2207 5488 sub
2239 5429 2493 5502 Eugenio
2525 5429 2599 5484 1V
2621 5428 2864 5502 ejusque
2896 5423 3337 5502 successqribus
3369 5423 3632 5502 ususillé

1979 5507 2257 5558 constans
2304 5498 2434 5557 esse
2486 5498 2681 5573 coepit.
2742 5498 3089 5573 (Manimos.
3125 5498 3221 5573 De
3277 5514 3337 5554 re
3366 5499 3629 5573 Diplom.,

1981 5573 2078 5630 lib.
2145 5591 2204 5639 ιι,
2264 5590 2392 5645 cap.
2445 5572 2535 5639 25;
2590 5570 2725 5625 PAGI
2800 5571 2932 5627 Vita!
2974 5570 3300 5643 pontiﬁcum
3354 5574 3496 5629 tom.
3559 5570 3628 5643 II,

1982 5662 2115 5722 pag.
2148 5646 2301 5716 356.)
