3988 6164
191 346 318 417 408

1372 352 1780 420 EPISTOLE
1821 351 1922 419 ET
1962 352 2436 419 PRIVILEGIA.

3485 349 3614 417 ιω
3664 375 3666 377 ,

265 486 634 546 Desiderium
649 489 803 563 quod
817 487 1236 564 adreligiosum
1255 491 1620 564 propositum
1642 496 1700 548 et
1718 491 1846 548 ani-
1875 491 1931 559 Α
1960 493 2160 550 indict.
2194 511 2278 562 ιιι,
2311 511 2464 550 anno
2495 493 2806 552 Dominicae
2847 495 3132 555 lncarnat.
3187 497 3344 568 1094,
3377 500 3608 574 pontiﬁ'

191 594 428 636 marum
459 577 712 636 salutem
742 580 1032 652 pertinere
1080 586 1458 648 monstratur,
1493 587 1694 637 auctor
1733 583 1850 638 Deo

191 670 318 724 sine
369 667 572 740 aliqua
620 675 711 724 est
762 669 1040 725 dilatione
1070 670 1507 743 complendum.
1542 672 1687 738 Quia
1718 689 1849 742 ergo

187 759 438 832 egregiae
471 757 798 836 nobilitatis
827 758 914 814 vir
943 755 1293 815 Bertholdus
1323 761 1440 816 dux
1471 761 1530 816 in
1572 761 1850 817 comitatu

190 847 598 919 Brisaquensi,
631 847 690 902 in
721 849 1150 904 Constantiensi
1195 849 1560 922 episcopatu,
1593 849 1653 906 in
1703 851 1853 906 Silva

188 953 319 1009 quae
352 936 574 991 dicitur
602 936 775 1006 Nigra
803 937 874 992 ad
907 936 1188 993 honorem
1222 939 1408 994 sancti
1440 939 1593 994 Petri
1628 943 1854 1011 aposto-

189 1023 386 1080 lorum
419 1023 704 1097 principis
723 1024 1144 1080 monasterium
1165 1026 1690 1099 tedificavitjpsum
1713 1044 1856 1099 quo-

187 1129 303 1185 que
335 1113 624 1168 allodium
671 1113 942 1168 Romanae
994 1113 1259 1170 Ecclesia:
1301 1115 1422 1186 juri
1476 1115 1850 1187 mancipavit.

186 1202 307 1258 Nos
337 1203 473 1273 ejus
503 1201 866 1258 devotionem
907 1207 1110 1258 nostra
1158 1205 1504 1259 auctoritate
1551 1206 1854 1261 firmantes

185 1290 388 1348 locum
419 1291 616 1364 ipsum
639 1291 750 1346 sub
773 1291 1105 1363 apostolicae
1135 1292 1292 1347 sedis
1317 1292 1501 1348 tutela
1524 1293 1856 1365 Specialiter

184 1379 509 1436 fovendum
540 1379 931 1452 suscepimus.
964 1380 1071 1436 Per
1101 1382 1407 1452 praesentis
1453 1381 1631 1452 igitur
1678 1380 1854 1453 privi-

184 1467 327 1542 legii
363 1469 640 1541 paginam
673 1467 992 1540 apostolica
1031 1469 1375 1526 auctoritate
1427 1471 1762 1537 statuimus,
1791 1475 1857 1525 ut

185 1573 563 1630 quaecunque
591 1557 809 1629 praedia
839 1555 956 1612 sive
987 1558 1391 1629 possessiones
1418 1559 1691 1628 przetatus
1713 1560 1851 1626 dux,

183 1646 277 1703 vel
310 1646 414 1702 alii
437 1647 544 1701 viri
577 1664 647 1702 ex
677 1663 784 1702 suo
806 1647 940 1716 jure
981 1652 1171 1702 vestro
1224 1649 1578 1704 monasterio
1628 1649 1850 1703 obtule-

186 1735 330 1803 rint,
367 1735 488 1790 sive
517 1734 578 1790 in
603 1735 867 1790 futurum
901 1736 1277 1791 concessione
1306 1738 1672 1808 pontiﬁcum,
1708 1736 1851 1791 libe-

187 1824 426 1880 ralitate
439 1823 905 1895 principum,seu
919 1823 1213 1880 oblatione
1229 1825 1663 1896 fideliumjuste
1676 1829 1853 1896 atque

187 1913 477 1969 canonice
508 1911 772 1985 poteritis
800 1913 1068 1985 adipisci,
1101 1914 1273 1968 ﬁrma
1317 1913 1482 1970 vobis
1528 1914 1853 1986 vestrisque

189 2002 642 2058 successoribus
673 2005 731 2056 et
759 2000 1001 2066 illibata,
1044 2007 1440 2073 permaneant.
1476 2003 1855 2059 Deeernimus

191 2107 335 2163 ergo
355 2095 422 2146 ut
439 2089 586 2145 nulli
600 2090 838 2146 omnino
856 2089 1160 2146 hominum
1177 2091 1345 2148 liceat
1359 2093 1512 2148 idem
1526 2093 1852 2147 cmnobium

190 2184 419 2235 temere
454 2177 902 2249 perturbare,vel
933 2178 985 2235 ei
1019 2180 1290 2236 subditas
1324 2181 1728 2253 possessiones
1751 2197 1852 2236 au-

191 2269 371 2333 ferre,
424 2267 707 2333 minuere,
759 2267 845 2322 vel
896 2269 1223 2324 temerariis
1281 2270 1684 2325 vexationibus
1723 2269 1852 2324 fati-

192 2373 358 2430 gare,
405 2356 508 2411 sed
581 2355 780 2411 omnia
843 2356 1068 2429 integre
1122 2363 1556 2427 conserventur,
1625 2357 1853 2426 vestris,

191 2451 650 2516 vestrorumque
682 2460 1088 2501 successorum
1119 2447 1323 2502 usibus
1345 2447 1698 2502 omnimodis
1732 2464 1856 2519 pro-

197 2535 418 2589 futura.
453 2533 715 2589 Obeunte
744 2550 810 2590 eo
841 2533 940 2605 qui
995 2533 1055 2588 in
1108 2534 1272 2590 vobis
1318 2536 1548 2591 abbatis
1596 2535 1858 2608 fungitur

197 2622 554 2692 ministerio,
589 2621 786 2678 nullus
840 2623 920 2678 ibi
978 2625 1088 2679 sub
1147 2625 1410 2696 qualibet
1458 2625 1856 2697 subreptionis

199 2714 426 2770 astutia
453 2712 541 2769 vel
585 2711 858 2768 violentia
895 2715 1401 2784 prazponaturmisi
1455 2731 1628 2786 quem
1679 2713 1856 2769 vestri

200 2802 430 2876 collegii
463 2799 926 2868 universitas,vel
960 2802 1211 2857 sanioris
1242 2803 1468 2858 consilii
1494 2821 1626 2876 pars
1649 2819 1856 2859 secun-

205 2892 351 2948 dum
383 2891 655 2946 timorem
687 2889 875 2955 Dei,et
904 2889 965 2944 B.
991 2891 1286 2946 Benedicti
1314 2893 1574 2964 regulam
1597 2892 1854 2965 elegerit.

205 2983 560 3046 Advocatus,
593 2995 769 3052 quem
800 2979 1008 3035 vestris
1037 2981 1272 3051 juribus
1304 2981 1694 3046 decreveritis,
1729 2980 1858 3035 nul-

202 3071 324 3127 lam
355 3070 416 3126 in
449 3067 804 3125 monasterio
852 3073 1042 3125 vestro
1094 3069 1318 3141 aliquid
1362 3071 1711 3142 disponendi
1755 3071 1858 3126 ha-

200 3161 336 3216 beat
365 3162 713 3231 potestatem
748 3174 760 3212 :
794 3155 941 3213 nulli
972 3158 1146 3213 etiam
1198 3159 1458 3215 saeculari
1507 3177 1765 3232 persona:
1797 3158 1857 3214 in

201 3249 406 3306 eodem
437 3246 563 3304 loco
595 3246 765 3303 liceat
795 3246 1080 3302 habitare.

271 3337 391 3394 Vos
421 3335 754 3403 autem,filii
785 3335 844 3390 in
876 3335 1102 3392 Christo
1132 3336 1486 3404 charissimi,
1511 3341 1738 3409 oportet
1766 3355 1853 3393 re-

202 3426 428 3501 gularis
488 3424 805 3497 disciplina:
862 3424 1329 3480 institutionibus
1396 3425 1704 3497 diligenter
1769 3427 1854 3480 in-

201 3517 432 3584 sistere,
475 3519 532 3569 et
558 3513 741 3569 totius
772 3512 980 3567 animae
1024 3529 1091 3568 ac
1123 3514 1338 3568 mentis
1388 3514 1704 3569 virtutibus
1754 3532 1857 3569 an-

201 3604 421 3669 helare,
456 3607 520 3658 ut
549 3619 653 3675 per
681 3607 901 3657 arctam
933 3602 1084 3656 viam
1114 3602 1445 3674 gradientes
1489 3603 1857 3675 omnipoten-

203 3693 249 3748 ti
283 3694 393 3748 Deo
421 3690 669 3764 placere,
702 3696 758 3746 et
813 3691 885 3746 ad
939 3707 1254 3761 supernam
1302 3690 1669 3747 latitudinem
1732 3710 1858 3764 per-

202 3781 399 3837 venire
429 3779 689 3835 valeatis.
726 3780 802 3834 Ad
856 3779 1139 3834 indicium
1189 3783 1383 3836 autem
1439 3785 1720 3853 perceptis
1752 3781 1859 3836 hu-

195 3871 302 3942 jus
349 3887 383 3926 a
416 3869 680 3926 Romana
723 3867 983 3924 Ecclesia
1028 3867 1315 3924 libertatis
1357 3886 1599 3925 aureum
1648 3871 1859 3941 bysan-

203 3949 356 4015 tium
386 3974 490 4031 per
515 3955 779 4030 singulos
811 3973 996 4012 annos
1043 3957 1418 4014 Lateranensi
1466 3958 1679 4030 palatio
1733 3976 1860 4030 per-

205 4047 466 4104 solvetis.

283 4139 439 4194 Sane
485 4137 532 4191 si
583 4135 716 4206 quis
764 4134 823 4190 in
868 4135 1190 4190 crastinum
1242 4135 1710 4208 archiepiscopus
1763 4141 1866 4192 aut

211 4225 869 4298 episeop‘usﬁmperator
888 4228 989 4279 aut
1002 4223 1398 4296 rex,princeps
1416 4226 1866 4291 autdux,comes

211 4319 312 4370 aut
340 4315 682 4379 vicecomes,
730 4313 914 4382 judex
943 4318 1045 4368 aut
1077 4330 1324 4384 persona
1355 4313 1628 4384 quaelibet
1653 4332 1868 4386 magna

137 4459 140 4462 .
210 4402 296 4457 vel
329 4419 526 4474 parva,
558 4400 854 4456 szecularis
884 4401 972 4456 vel
1004 4400 1398 4457 ecclesiastica
1430 4402 1606 4472 huius
1656 4409 1865 4458 nOSll‘i-B

211 4488 652 4548 constitutionis
684 4490 959 4562 paginam
992 4491 1183 4546 sciens
1224 4495 1426 4545 contra
1474 4507 1601 4546 eam
1653 4496 1869 4547 temere

213 4580 412 4635 venire
468 4578 798 4642 tentaverit,
849 4579 1104 4634 secundo
1163 4578 1400 4635 tertiove
1453 4579 1866 4646 commonitus,
1901 4597 1946 4660 Ι)

165 4727 168 4729 Α
212 4669 266 4723 si
315 4683 433 4723 non
484 4666 882 4722 satisfactione
929 4683 1186 4740 congrua
1233 4668 1647 4738 emendaverit,
1709 4673 1867 4741 pote-

215 4756 388 4813 statis
417 4754 774 4827 honorisque
805 4755 897 4812 sui
927 4755 1210 4827 dignitate
1248 4760 1458 4824 careat,
1493 4773 1776 4829 reumque
1807 4775 1868 4814 se

215 4843 413 4901 divino
434 4843 660 4914 judicio
690 4843 954 4915 existere,
972 4849 1035 4900 ut
1066 4862 1100 4900 a
1131 4845 1531 4902 sacratissimo
1557 4863 1796 4919 corpore
1816 4852 1872 4902 et

216 4931 505 5004 sanguine
532 4932 633 4990 Dei
681 4949 748 4988 ac
797 4933 1030 4989 Domini
1079 4934 1486 5006 Redemptoris
1516 4936 1700 4991 nostri
1731 4935 1870 4992 Jesu

215 5019 432 5077 Christi
466 5019 695 5076 alienus
733 5023 854 5088 liat,
907 5027 1083 5094 atque
1113 5022 1173 5077 in
1205 5028 1462 5080 extremo
1487 5024 1753 5080 examine
1785 5025 1873 5080 di-

217 5109 436 5167 strictis
468 5108 672 5164 ultioni
707 5111 1269 5181 subjaceat.Cunctis
1302 5115 1495 5166 autem
1529 5113 1715 5167 eidem
1749 5113 1873 5168 loco

211 5200 387 5271 juxta
417 5198 788 5254 servantibus
819 5199 897 5254 sit
923 5217 1032 5272 pax
1061 5199 1295 5255 Domini
1319 5201 1500 5256 nostri
1521 5202 1661 5256 Jesu
1683 5202 1874 5259 Chris-

221 5287 290 5354 ti,
338 5289 632 5358 quatenus
671 5289 728 5342 et
756 5287 851 5343 hic
883 5287 1138 5344 fructum
1187 5288 1349 5345 bona:
1393 5290 1638 5346 actionis
1687 5291 1876 5363 perci-

225 5375 410 5449 piant,
443 5378 502 5430 et
529 5375 686 5447 apud
717 5376 1048 5432 districtum
1080 5377 1332 5449 iudicem
1384 5380 1623 5451 praemia
1652 5384 1877 5436 aeterna:

228 5464 391 5538 pacis
421 5463 738 5520 inveniant.
773 5468 974 5522 Amen.

305 5554 515 5609 Datum
538 5553 842 5610 Placentiae
866 5572 967 5627 per
987 5573 1228 5612 manum
1247 5557 1508 5624 Joannis,
1532 5563 1745 5614 sanctae
1781 5561 1883 5614 lto-

231 5657 419 5698 mane
451 5641 717 5698 Ecclesia
750 5644 977 5701 diaconi
1008 5644 1342 5712 cardinalis,
1375 5663 1429 5702 v1
1483 5646 1618 5702 Idus
1669 5647 1881 5715 Martii,

1886 3230 1930 3296 α
2041 3199 2226 3256 laedat.

1957 588 2125 640 catus
2156 588 2350 640 autem
2379 585 2576 640 domni
2611 585 2822 640 Urbani
2850 587 2897 642 II
2925 605 3088 659 papa:
3114 605 3212 644 vn.

2655 693 2908 749 CXXXII.

1965 783 2170 839 Urbani
2189 782 2240 836 Il
2267 782 2494 850 cpistola
2545 782 2614 836 ad
2663 783 2973 838 Ilotbertum
3003 784 3422 841 Flandrensium
3437 789 3605 842 comi-

2030 856 2156 916 tem,
2189 857 2240 906 et
2269 854 2385 924 ejus
2411 855 2708 922 optimates.
2738 886 2806 892 —
2837 856 3098 908 Hortatur
3135 864 3196 910 ut
3245 859 3607 925 Lambertum,

2030 925 2802 998 episcopum/trebatensem,
2838 928 2897 980 iu
2944 929 3331 998 recuperandis
3362 929 3610 987 Ecclesiae

2026 996 2458 1066 possessionibus
2487 996 2726 1067 adjuvet.

2593 1086 2779 1156 (Anno
2812 1087 2993 1154 1095.)

2391 1174 2621 1244 [MANSI,
2657 1174 2860 1230 Concil.
2887 1175 2999 1243 XX,
3031 1177 3180 1250 675.]

2035 1263 2310 1318 URBANUS
2339 1261 2668 1333 episcopus,
2703 1280 2905 1319 servus
2935 1281 3234 1321 servorum
3267 1267 3610 1333 Dei,dileeto

1963 1349 2082 1406 filio
2115 1351 2435 1418 Rorssn'ro,
2473 1351 2920 1408 Flandrensium
2970 1355 3188 1421 comiti,
3222 1359 3278 1410 et
3321 1354 3614 1426 optimati-

1961 1440 2076 1495 bus
2107 1439 2254 1507 suis,
2275 1439 2526 1495 salutem
2557 1445 2614 1495 et
2643 1440 3020 1512 apostolicam
3051 1442 3536 1500 benedictionem.

2034 1528 2142 1583 Pro
2171 1528 2516 1584 charissimo
2562 1529 2736 1584 fratre
2786 1535 2983 1586 nostro
3015 1531 3344 1600 Lamberto,
3379 1535 3614 1589 Atreba-

1963 1617 2112 1672 tensi
2142 1618 2435 1689 episcopo,
2469 1619 2726 1690 repetitis
2755 1635 2857 1675 vos
2885 1619 3092 1676 litteris
3141 1621 3517 1677 exhortamur
3557 1625 3614 1678 et

1963 1723 2222 1772 oramus,
2252 1712 2316 1761 ut
2343 1707 2393 1760 ei
2427 1708 2496 1762 ad
2542 1709 2925 1778 reparandam
2955 1709 3213 1763 renovati
3242 1711 3613 1782 episcopatus

1963 1794 2308 1866 dignitatem
2331 1795 2551 1850 consilii
2570 1801 2625 1851 et
2645 1795 2842 1851 auxilii
2862 1797 3037 1852 vestri
3057 1815 3267 1854 manus
3279 1799 3612 1871 porrigatis,

1961 1889 2016 1938 et
2045 1883 2447 1954 possessiones
2485 1886 2749 1955 ejusdem
2789 1885 3162 1958 episcopatus
3182 1905 3216 1942 a
3237 1887 3613 1944 Cameracen-

1965 1971 2129 2027 sibus
2178 1972 2489 2044 epiSCOpis,
2523 1973 2738 2044 quibus
2783 1973 3028 2030 ecclesia
3065 1976 3266 2032 eadem
3296 1977 3615 2032 commissa

1962 2061 2168 2128 fuerat,
2203 2060 2352 2117 male
2383 2061 2712 2128 distractae,
2747 2063 2817 2118 de
2848 2063 3120 2119 manibus
3152 2065 3476 2120 tenentium
3509 2065 3616 2120 eri-

1963 2165 2118 2220 pere,
2153 2154 2212 2205 et
2258 2149 2447 2205 eidem
2505 2150 2761 2206 ecclesia:
2814 2151 3118 2207 restituere
3148 2169 3250 2223 pro
3289 2157 3612 2210 vestrorum

1965 2243 2333 2309 peccatorum
2367 2238 2710 2294 remissione
2741 2239 3016 2294 omnibus
3077 2239 3268 2296 modis
3315 2240 3610 2298 laboretis.

1964 2326 2251 2382 Volumus
2283 2343 2577 2398 praeterea,
2624 2332 2680 2381 et
2723 2327 3042 2398 apostolica
3077 2328 3417 2385 auctoritate
3439 2330 3611 2400 jube-

1967 2420 2192 2482 mus,ut
2222 2415 2382 2470 nullo
2400 2415 2674 2487 deinceps
2695 2421 2952 2488 tempore
2975 2418 3273 2489 praefatam
3295 2417 3611 2474 Ecclesiam

1966 2503 2137 2560 alicui
2169 2504 2438 2560 Ecclesiae
2480 2505 2690 2576 subjici
2741 2504 2827 2560 vel
2860 2504 3122 2562 infestari
3155 2505 3476 2578 patiamini,
3511 2507 3613 2562 sed

1963 2592 2156 2665 ipsam
2178 2598 2459 2666 tanquam
2493 2599 2734 2649 matrem
2766 2598 3018 2650 vestram
3040 2598 3097 2650 et
3125 2595 3612 2663 dominam,salvo

1967 2683 2272 2739 Remensis
2301 2682 2566 2738 Ecclesia:
2588 2684 2722 2753 jure
2752 2683 3058 2750 honorare,
3092 2684 3163 2739 ab
3195 2683 3430 2756 injuriis
3461 2685 3613 2741 tueri

1965 2775 2023 2826 et
2051 2771 2358 2827 defendere
2388 2776 2712 2844 procurate.

2037 2861 2182 2916 Data
2211 2861 2514 2918 Placentia:
2545 2880 2579 2916 v
2609 2862 2746 2917 ldus
2780 2861 2992 2917 Martii.

2661 2967 2915 3023 CXXXII.

1972 3058 2177 3113 Urbani
2205 3059 2254 3112 ll
2280 3057 2508 3126 epistola
2552 3057 2622 3110 ad
2675 3056 3036 3112 Gualcherum
3076 3058 3385 3182 episcopum
3426 3058 3614 3114 Came-

2037 3144 2412 3182 racensemr—
2441 3129 2701 3182 Hortatur
2729 3144 2798 3182 ne
2825 3129 3080 3182 Ecclesiae
3107 3129 3235 3182 Atre
3272 3131 3472 3182 atensis
3496 3130 3614 3182 iure

2037 3144 2412 3201 mc_ensem.-—
2441 3129 2701 3182 Hortatur
2729 3144 2798 3182 ne
2825 3129 3080 3185 Ecclesia
3107 3129 3472 3184 Atrebatensis
3485 3130 3616 3201 jure

2591 3269 2778 3336 (Anno
2810 3269 2964 3322 1095.

2393 3339 2624 3410 [ΜΑΝ81,
2659 3339 2863 3394 Concil.
2896 3339 3008 3405 XX,
3037 3339 3186 3409 675.]

2037 3429 2314 3484 Uasmus
2347 3427 2675 3499 episcopus,
2711 3443 2912 3482 servus
2943 3443 3242 3483 servorum
3275 3427 3370 3482 Dei
3402 3427 3614 3483 dilecto

1968 3517 2087 3572 filio
2134 3517 2501 3580 (inanem-mo,
2549 3516 2955 3571 Cameracensi
3014 3515 3218 3587 electo,
3267 3515 3514 3572 salutem
3561 3520 3618 3573 et

1968 3604 2347 3678 apostolicam
2371 3604 2854 3662 benedictionem.

2042 3694 2377 3750 Meminisse
2392 3698 2445 3748 te
2459 3693 2728 3749 convenit
2751 3695 2905 3766 quod
2931 3695 3318 3766 jurejurando
3345 3695 3621 3768 promise-

1969 3782 2051 3838 ris
2081 3782 2409 3855 apostolicaa
2432 3783 2588 3838 sedis
2620 3785 2852 3838 decreta
2873 3783 3120 3839 fideliter
3147 3785 3616 3840 observaturum.

1971 3872 2130 3936 Quod
2166 3872 2346 3943 igitur
2373 3873 2445 3926 de
2473 3871 2836 3928 Atrebatensi
2866 3871 3122 3927 Ecclesia
3152 3873 3319 3928 sedes
3351 3872 3622 3944 apostoli-

1971 3978 2038 4015 ca
2070 3961 2438 4024 statuit,cave
2455 3976 2526 4015 ne
2547 3964 2732 4015 tentes
2755 3959 3013 4032 qualibet
3029 3960 3332 4016 occasione
3361 3962 3618 4016 turbare.

1973 4050 2095 4104 Imo
2127 4048 2398 4104 volumus
2449 4053 2624 4119 atque
2670 4048 3041 4120 praecipimus
3073 4053 3136 4103 ut
3165 4065 3232 4103 ea
3263 4049 3462 4104 omnia
3493 4065 3620 4120 quae

1974 4139 2044 4193 ad
2069 4138 2170 4208 jus
2199 4136 2359 4192 illius
2393 4136 2654 4191 Ecclesiae
2695 4137 3020 4192 secundum
3069 4137 3434 4210 privilegium
3485 4155 3622 4194 nos-

1975 4233 2130 4282 trum
2165 4225 2451 4298 pertinere
2483 4226 2808 4297 cognoscis,
2838 4226 3030 4298 quiete
3057 4226 3130 4282 ab
3160 4243 3227 4283 ea
3251 4225 3538 4298 possideri
3568 4231 3626 4283 et

1976 4314 2319 4372 inconvulsa
2350 4331 2581 4369 manere
2613 4315 2938 4386 permittas.

2659 4421 2948 4478 CXXXIV.

2017 4514 2223 4570 Urbani
2252 4513 2300 4567 11
2327 4513 2553 4584 epistola.
2585 4512 2653 4566 art
2695 4511 2992 4594 Quidonem
3027 4515 3381 4569 Viennensem
3409 4513 3590 4568 archi-

2636 4598 2963 4655 episcopum.

2610 4672 2797 4743 (Anno
2825 4673 3009 4744 1095.)

2258 4761 2344 4831 [D.
2383 4761 2668 4827 Rumm'r,
2705 4763 2833 4817 Vitae
2861 4763 3088 4830 Urbani,
3115 4781 3171 4835 p.
3202 4763 3356 4834 363.]

2052 4849 2328 4904 URBANUS
2359 4849 2897 4921 episcopus,servus
2919 4867 3222 4907 servorum
3239 4851 3629 4919 Dei,Gmoom,

1978 4937 2402 4994 Viennensium
2453 4937 2912 5012 archiepiscopo,
2962 4939 3212 4995 salutem
3262 4944 3318 4995 et
3364 4939 3635 5010 apostoli-

1983 5045 2110 5084 cam
2142 5027 2625 5082 benedictionem.

2055 5116 2395 5171 Nccessitati
2463 5121 2522 5170 et
2586 5115 2823 5170 utilitati
2853 5114 3121 5171 Ecclesiae
3153 5113 3542 5187 providentes,
3573 5114 3632 5168 in

1984 5205 2350 5278 promotione
2401 5209 2502 5260 tua
2550 5204 2704 5277 quod
2756 5204 2909 5260 aitati
2961 5205 3177 5270 deerat,
3218 5201 3632 5268 toleravimus;

1987 5297 2190 5350 contra
2219 5291 2486 5348 Ecclesia;
2511 5297 2718 5349 nostra:
2743 5290 3222 5358 morem,absenti
3252 5289 3358 5346 tibi
3391 5289 3628 5362 pallium

1988 5381 2438 5447 contribuimus,
2473 5381 2837 5454 privilegium
2869 5396 3101 5453 quoque
3123 5380 3544 5447 concessimus,
3579 5380 3614 5434 ii

1989 5488 2105 5543 quo
2135 5475 2331 5526 tamen
2364 5470 2591 5543 legatus
2619 5475 2757 5526 tuus
2787 5470 2844 5524 id
2878 5486 2980 5543 per
3027 5469 3465 5542 subreptionem
3508 5469 3612 5525 feci

1991 5560 2202 5616 ascribi
2235 5561 2386 5632 quod
2423 5576 2610 5631 usque
2638 5559 2707 5613 ad
2734 5564 2834 5614 tua
2862 5563 3127 5632 tempora
3153 5558 3613 5632 Gratianopolita

1993 5667 2108 5706 nus
2134 5647 2444 5722 episcopus
2457 5647 3073 5722 possederat,quemin
3094 5649 3357 5708 Romana
3384 5646 3637 5704 Ecclesia
