4004 6162
395 284 514 360 401

1687 286 1759 352 Β.
1804 287 2104 353 U‘R‘BA‘NI
2145 285 2201 354 ῙῙ
2246 288 2495 355 ΡΑΡΕ.

3677 297 3818 364 ιω

394 419 718 494 plurimum
763 435 966 478 earum
1017 420 1324 480 habemus.
1355 423 1476 486 Qua
1506 421 1576 478 de
1625 439 1685 478 re
1724 439 2040 495 cumsaepe
2066 423 2124 492 Α
2152 439 2279 494 quae
2309 441 2412 497 per
2441 424 2858 483 catholicorum
2889 426 3219 501 principum
3251 431 3601 488 testamenta
3649 435 3814 489 Bur-

396 511 550 582 apud
584 527 690 566 nos
710 513 769 567 et
796 513 951 584 apud
976 511 1232 584 legatum
1254 515 1517 566 nostrum
1540 512 1886 568 venerabilis
1907 529 2043 567 con-

395 598 573 655 frater
601 603 796 655 noster
815 600 1190 672 supradictus
1211 601 1518 670 episcopus
1543 606 1900 671 conquestus
1923 601 2042 656 fue-

395 687 514 757 rit,
551 692 632 754 tu,
685 693 980 744 tantorum
1029 687 1443 744 beneficiorum
1493 689 1821 759 immemor,
1859 707 2044 763 neque

396 779 632 844 nostris,
676 794 864 849 neque
912 777 1087 849 legati
1133 777 1314 832 nostri
1365 777 1576 834 litteris
1620 779 1704 835 vel
1763 784 2045 852 praecepto

394 866 662 923 obedisti.
688 867 881 937 Nuper
908 870 1103 920 autem
1135 867 1206 921 ad
1240 867 1550 923 concilium
1576 869 1727 940 quod
1753 873 2046 925 annuente

396 957 512 1011 Deo
533 953 824 1010 Placentia
844 954 1443 1024 celebravimus,idem
1466 958 1774 1029 episcopus
1787 957 2044 1025 veniens,

398 1045 468 1099 de
499 1042 701 1098 eadem
732 1058 812 1108 re,
846 1043 915 1098 de
963 1043 1411 1099 Salmoriacensi
1463 1063 1609 1117 pago
1657 1047 1940 1113 videlicet,
1988 1046 2046 1101 in

402 1130 703 1188 communi
753 1130 1052 1186 audientia
1101 1137 1460 1203 conquestus
1508 1138 1616 1201 est,
1658 1133 2046 1204 plurimorum

391 1220 575 1275 etiam
599 1221 1023 1275 assertionibus
1039 1222 1224 1292 patuit
1244 1238 1457 1294 pagum
1480 1222 1646 1278 illum
1670 1223 1780 1278 sub
1805 1222 2050 1278 nonnul-

398 1308 472 1365 lis
503 1309 792 1381 episcopis
846 1308 1441 1381 Gratianopolitanam
1504 1310 1816 1366 Ecclesiam
1849 1328 2048 1383 posse-

400 1399 577 1454 disse.
612 1397 774 1453 Illam
808 1399 988 1470 igitur
1017 1399 1583 1471 subreptionem.pcr
1611 1417 1788 1471 quam
1823 1418 1912 1456 res
1940 1401 2049 1456 sub

397 1486 769 1559 querimonia
799 1487 1018 1557 positas
1049 1487 1216 1558 quasi
1241 1504 1342 1559 per
1368 1489 1735 1560 privilegium
1766 1490 2048 1556 vindicas,

401 1575 746 1632 nosirritam
759 1581 972 1642 esse,et
993 1576 1141 1630 vires
1169 1576 1360 1632 nullas
1376 1577 1635 1632 obtinere
1658 1578 2048 1633 decernimus.

402 1664 565 1720 Unde
593 1663 858 1736 synodali
888 1665 1108 1735 judicio
1158 1681 1291 1719 eum
1324 1666 1394 1721 de
1424 1682 1573 1738 pago
1605 1665 1722 1732 illo,
1752 1667 1911 1721 salva
1940 1672 2050 1721 tuae

400 1752 664 1809 Ecclesiae
687 1753 1434 1824 justitia,reinvestivimus,
1465 1759 1519 1810 et
1543 1755 1647 1810 tibi
1679 1756 2051 1826 prmsentium

403 1841 728 1898 litterarum
761 1842 1102 1898 auctoritate
1129 1843 1502 1915 praecipimus
1525 1849 1588 1898 ut
1608 1845 1872 1900 eamdem
1893 1843 2048 1900 inve-

401 1933 676 1988 stituram
692 1931 1017 2004 adimpleas
1043 1937 1098 1987 et
1123 1949 1256 1987 cum
1279 1933 1470 2003 quiete
1482 1932 1780 2004 possidere
1810 1934 2047 2006 permit-

401 2024 513 2088 tas,
548 2022 732 2076 donec
757 2025 859 2076 aut
888 2025 1021 2075 ante
1054 2025 1300 2088 nos,aut
1329 2025 1461 2077 ante
1490 2020 1747 2093 legatum
1783 2027 2049 2078 nostrum

403 2109 682 2166 canonico
727 2109 946 2179 judicio
979 2109 1306 2178 decidatur;
1340 2111 1492 2181 quod
1527 2111 1573 2164 si
1607 2112 2048 2182 contempseris,

394 2199 658 2272 profecto
691 2198 917 2254 noveris
947 2199 1096 2254 beati
1131 2199 1282 2254 Petri
1313 2217 1379 2255 ac
1410 2203 1671 2256 nostram
1717 2205 1770 2256 te
1801 2201 2050 2272 gratiam

403 2287 786 2343 amissurum.

474 2376 621 2433 Data
647 2375 952 2433 Placentia:
983 2379 1190 2448 quarto
1222 2377 1358 2434 Idus
1394 2377 1604 2433 Martii.

1098 2483 1352 2540 CXXXV.

408 2576 656 2635 Urbanus
686 2591 829 2646 papa
860 2575 910 2629 11
936 2575 1354 2646 translationem
1402 2577 1666 2629 Aucensz’s
1714 2577 2052 2646 episcopatus

471 2645 965 2719 parochiafumque
1010 2645 1335 2702 diuisionem
1375 2646 1434 2700 in
1484 2645 1780 2703 FasellenSi
1824 2645 2052 2703 concilio

473 2718 696 2790 factam,
714 2718 1018 2787 conﬁrmat.

1025 2808 1212 2874 (Anno
1247 2806 1425 2877 1095.)

637 2897 904 2968 [FLUREX,
937 2897 1153 2967 Εδραῆα
1176 2895 1436 2966 sagrada,
1468 2895 1650 2962 XXVI,
1684 2898 1828 2968 463.]

403 3039 411 3046 -
480 3004 752 3062 URBANUS
783 3001 1114 3074 episcopus,
1147 3019 1347 3058 servus
1378 3018 1676 3058 servorum
1706 3003 2052 3066 Dei.dilecto

404 3092 572 3149 fratri
595 3091 1211 3164 Gonsanoﬁurgensi
1243 3091 1786 3163 episcopo,ejusque
1816 3110 2054 3149 succes-

408 3182 640 3238 soribus
671 3180 943 3237 canonice
975 3181 1401 3237 substituendis
1432 3183 1491 3236 in
1524 3187 1889 3253 perpetuum.

479 3269 768 3326 Claruisse
780 3269 1063 3342 plurimas
1076 3271 1374 3342 quondam
1404 3269 1461 3324 in
1494 3269 1773 3341 Hispania
1792 3271 2056 3327 civitates

410 3360 755 3418 Christianae
787 3358 1086 3431 religionis
1113 3358 1296 3431 gloria
1317 3363 1372 3413 et
1393 3358 1740 3430 episcopalis
1766 3359 2053 3415 cathedrae

405 3449 775 3521 dignitate,et
796 3452 1132 3503 sanctorum
1157 3451 1477 3518 martyrum
1503 3463 1604 3501 seu
1629 3447 2050 3513 confessorum,

404 3536 767 3594 monimenta
789 3533 1106 3599 declarant,
1138 3540 1194 3588 et
1231 3533 1641 3588 Toletanorum
1674 3535 2049 3592 conciliorum

403 3621 731 3695 frequentia
752 3637 1066 3676 numerosa
1087 3621 1484 3692 signiﬁcat.Ex
1502 3621 1717 3692 quibus
1735 3623 2049 3679 nonnullas

397 3728 628 3768 eversas
659 3724 789 3765 esse
819 3708 1628 3780 cognoscimus.Miseratione
1650 3715 1841 3766 tamen
1866 3711 2048 3767 omni-

394 3800 648 3874 potentis
678 3797 906 3856 Domini
951 3796 1147 3852 multae
1180 3798 1554 3869 postmodum
1599 3799 1657 3852 in
1690 3797 2044 3856 Christiano-

391 3909 522 3947 rum
538 3891 640 3962 jus
662 3887 1220 3959 revocatae,pristinze
1245 3887 1552 3961 dignitatis
1572 3889 1788 3944 infulas
1811 3906 2042 3962 recepe-

2151 513 2316 584 gensi
2347 513 2598 570 ecclesiae
2627 515 2834 573 collata
2864 519 3516 592 noscuntur,semperin
3541 521 3818 587 tua,cha-

2153 601 2385 658 rissime
2417 603 2612 670 frater,
2633 610 2688 659 et.
2714 610 2947 662 tuorum
2981 623 3390 664 successorum
3421 608 3821 682 dispositione

2154 706 2219 744 ac
2251 693 2619 761 possessione
2645 700 3041 764 permaneant.
3076 696 3367 769 Quidquid
3394 697 3569 753 etiam
3614 699 3674 754 in
3713 700 3822 754 fu-

2155 782 2351 832 turum
2385 780 2588 835 eadem
2615 782 2928 854 Burgensis
2957 782 3202 840 ecclesia
3222 785 3386 855 juste
3411 790 3469 840 et
3505 788 3818 856 canonice,

2154 866 2274 922 sive
2313 866 2659 925 liberalitate
2684 870 3149 943 principum,seu
3198 873 3491 930 oblatione
3541 875 3820 934 ﬁdelium

2147 955 2367 1027 poterit
2386 957 2658 1029 adipiscit
2679 964 2957 1032 perpetuo
2971 961 3020 1017 ei
3031 962 3166 1033 jure
3190 962 3544 1035 possidenda
3560 981 3824 1037 presen-

2157 1043 2231 1099 tis
2261 1046 2475 1100 decreti
2505 1049 2850 1104 auctoritate
2889 1051 3283 1123 praecipimus.
3315 1053 3467 1109 Sane
3498 1053 3549 1109 si
3578 1055 3716 1126 quis
3751 1056 3816 1112 in

2155 1134 2475 1190 crastinum
2508 1137 2982 1211 arehiepiscopus
3012 1144 3113 1196 aut
3141 1141 3824 1215 episcopus,imperator

2157 1228 2260 1278 aut
2308 1241 2426 1288 rex,
2461 1225 2730 1296 princeps
2760 1235 2861 1283 aut
2891 1229 3028 1294 dux,
3064 1246 3260 1285 comes
3314 1235 3417 1285 aut
3463 1230 3819 1299 vioecomes,

2150 1312 2331 1383 judex
2364 1317 2464 1367 aut
2494 1331 2740 1385 persona
2773 1316 3042 1388 quaelibet
3064 1317 3824 1387 Saecularis,auteccclesia—

2157 1400 2326 1465 stica,
2362 1401 2538 1472 hujus
2567 1404 2749 1459 nostri
2783 1405 2998 1461 decreti
3032 1407 3308 1479 paginam
3360 1409 3575 1478 sciens,
3606 1415 3824 1466 contra

2160 1506 2287 1544 eam
2339 1496 2556 1546 temere
2615 1493 2809 1548 venire
2871 1497 3196 1563 tentaverit,
3257 1498 3512 1553 secundo
3572 1500 3825 1557 tertiove

2161 1579 2638 1647 commonitus,si
2673 1599 2787 1638 non
2821 1583 3220 1641 satisfactione
3249 1602 3508 1658 congrua
3534 1589 3820 1645 emenda-

2161 1669 2324 1736 verit,
2359 1671 2662 1740 potestatis
2714 1671 3071 1744 honorisque
3124 1675 3212 1730 sui
3265 1675 3548 1747 dignitate
3595 1683 3817 1742 careat,

2081 1794 2130 1860 Β
2162 1773 2445 1856 reumque
2493 1775 2554 1814 se
2597 1759 2794 1816 divino
2837 1761 3066 1832 judicio
3109 1762 3355 1820 existere
3383 1765 3456 1820 de
3485 1769 3824 1838 perpetrata

2160 1845 2468 1918 iniquitate
2500 1851 2831 1920 cognoscat,
2863 1853 2920 1904 et
2969 1867 3002 1905 a
3048 1849 3446 1907 sacratissimo
3476 1868 3717 1924 corpore
3751 1870 3823 1910 ac

2161 1935 2449 2007 sanguine
2499 1937 2595 1990 Dei
2647 1943 2704 1991 et
2750 1937 2978 1993 Domini
3014 1939 3420 2012 Redemptoris
3455 1941 3643 1997 nostri
3672 1942 3820 1999 Jesu

2159 2024 2371 2079 Christi
2401 2024 2629 2081 alienus
2658 2026 2778 2092 ﬁat,
2815 2031 2990 2098 atque
3019 2027 3079 2082 in
3111 2031 3366 2084 extremo
3415 2030 3686 2088 examine
3727 2030 3820 2086 di~

2161 2114 2372 2168 strictae
2403 2113 2611 2169 ultioni
2641 2116 2959 2185 subjaceat.
2993 2114 3199 2171 Cuncti
3233 2123 3428 2173 autem
3467 2117 3656 2174 eidem
3689 2119 3823 2176 loco

2151 2203 2317 2273 justa
2335 2204 2700 2259 servantibus
2723 2203 2798 2258 sit
2817 2219 2928 2275 pax
2949 2204 3178 2260 Domini
3210 2205 3392 2263 nostri
3413 2205 3552 2262 Jesu
3575 2206 3816 2276 Christi,

2162 2296 2453 2361 quatenus
2482 2297 2540 2346 et
2582 2291 2675 2346 bic
2707 2293 2959 2347 fructum
2994 2293 3157 2348 bona
3187 2293 3434 2349 actionis
3468 2293 3823 2367 percipiant,

2162 2384 2218 2434 et
2247 2380 2398 2451 apud
2432 2380 2763 2436 districtum
2789 2380 3052 2452 judicem
3109 2381 3333 2455 premia
3379 2387 3605 2440 aeterna:
3654 2385 3824 2456 pacis

2162 2468 2478 2526 inveniant.

2233 2558 2443 2613 Datum
2477 2557 2780 2614 Placentiae
2828 2574 2933 2631 per
2978 2575 3220 2616 manum
3252 2559 3518 2628 Joannis,
3548 2561 3607 2617 S.
3642 2562 3710 2618 R.
3744 2562 3814 2618 E.

2162 2647 2392 2702 diaconi
2424 2647 2756 2716 cardinalis,
2789 2649 2976 2721 pridie
3006 2649 3143 2705 ldus
3175 2649 3709 2718 Martii,indictione
3729 2668 3816 2718 ιιι,

2147 2752 2316 2790 anno
2342 2735 2660 2790 Dominicaa
2689 2737 3113 2795 lncarnationis
3145 2740 3816 2810 1095,pontificatus-au-

2163 2827 2282 2881 tem
2313 2824 2535 2880 domini
2567 2825 2784 2882 Urbani
2817 2826 3057 2883 secundi
3088 2843 3251 2899 papae
3283 2844 3437 2884 anno
3468 2832 3690 2885 octavo.

2848 2931 3124 2987 CXXXVI.

2164 3021 2325 3075 Bulla
2353 3020 2557 3077 Urbani
2585 3022 2632 3075 II
2656 3036 2756 3090 pro
2803 3023 3215 3091 conﬁrmatione
3251 3023 3382 3079 vita
3427 3029 3702 3079 canonica
3755 3025 3818 3078 in

2517 3093 2754 3147 Ecclesia
2781 3093 3151 3163 Magalonensi
3171 3095 3453 3150 institutae.

2785 3181 2974 3250 (Anno
3008 3182 3190 3251 1095.)

2467 3269 2635 3342 [Gn-ll.
2667 3269 2865 3326 Christ.
2895 3287 3020 3326 nov.
3055 3274 3097 3326 t.
3134 3273 3231 3337 Vl,
3267 3287 3322 3342 p.
3354 3272 3504 3342 352.]

2236 3357 2505 3414 Uaeaaus
2533 3359 2866 3431 episcopus,
2890 3376 3092 3416 servus
3124 3376 3422 3416 servorum
3456 3359 3814 3428 Dei,dilectis

2161 3445 2219 3500 in
2253 3446 2480 3504 Christo
2511 3447 2649 3503 ﬁliis
2681 3448 2937 3504 ansmo
2955 3447 3696 3528 archidiaconoﬁmamnno
3726 3467 3815 3506 sa-

2161 3536 2398 3602 cerdoti,
2434 3541 2491 3590 et
2519 3537 2778 3592 Daona'ro
2811 3529 3189 3602 subdiacono,
3219 3536 3558 3607 casterisque
3594 3537 3654 3594 in
3686 3539 3810 3594 Ma-

2153 3622 2742 3694 galonensiecclesia
2771 3625 3111 3679 canonicam
3162 3624 3336 3680 vitam
3381 3627 3682 3695 professis,
3715 3644 3809 3682 eo-

2158 3728 2406 3783 rumque
2436 3713 2879 3770 successoribus
2913 3713 2971 3766 in
2999 3713 3201 3768 eadem
3252 3712 3533 3784 religione
3567 3714 3808 3773 victuris

2154 3799 2212 3854 in
2244 3805 2612 3872 perpetuum.
3775 3854 3778 3856 γ

2226 3888 2334 3943 Piaa
2365 3889 2682 3944 voluntatis
2714 3889 2956 3945 atl‘ectus
2989 3893 3377 3961 prosequente
3407 3890 3582 3946 debet
3606 3891 3799 3947 studio

390 3979 813 4036 runt.Aliarum
836 3993 964 4048 quae
985 3976 1286 4033 solotenus
1303 3993 1514 4032 eversa:
1532 3977 2042 4051 fuerant,dignitas

389 4069 449 4124 in
480 4069 656 4125 urbes
703 4066 1000 4140 proximas
1049 4069 1137 4121 est
1175 4065 1575 4122 translata.lta
1599 4066 1877 4123 nimirum
1905 4084 2039 4124 cum

389 4164 551 4216 Auca
571 4157 776 4214 civitas
797 4155 1148 4229 episc0palis
1183 4156 1481 4227 quondam
1505 4156 1830 4221 defecisset,
1865 4173 1936 4211 ne
1966 4158 2037 4211 ad

389 4265 517 4302 eam
541 4246 838 4318 pertinens
859 4244 1125 4299 dioecesis
1153 4244 1422 4300 universa
1446 4244 1698 4315 pastoris
1720 4244 1932 4316 proprii
1951 4263 2039 4300 so-

2151 3977 2462 4040 confoveri,
2496 3982 2563 4032 ut
2591 3975 2986 4033 ecclesiastica
3013 3977 3234 4034 utilitas
3281 3978 3607 4050 apostolicae
3648 3980 3803 4036 sedis

2150 4066 2372 4121 favores
2398 4065 2548 4121 vires
2579 4066 2913 4138 accipiat,et
2938 4067 3656 4139 accrescat.0mnipotenti
3689 4068 3802 4123 Do-

2149 4154 2328 4221 mino,
2360 4157 2528 4225 cuius
2560 4153 2768 4210 melior
2813 4160 2903 4210 est
2955 4154 3358 4212 misericordia
3407 4172 3583 4228 super
3633 4156 3796 4218 vitas,

2145 4243 2365 4316 gratias
2394 4244 2646 4316 agimus,
2680 4243 2819 4314 quia
2838 4260 2939 4299 vos
2971 4244 3135 4309 estis,
3171 4243 3271 4315 qui
3321 4248 3658 4300 sanctorum
3693 4245 3800 4300 Pa»

388 4335 529 4390 latio
551 4337 899 4404 careret,per
919 4332 1283 4388 Christianos
1304 4332 1575 4403 princeps
1604 4333 1809 4404 Burgis
1832 4335 2036 4391 civitas
2146 4339 2301 4387 trum
2333 4333 2510 4387 vitam
2564 4332 2927 4404 probabilem
2977 4349 3252 4389 renovare
3300 4333 3712 4404 proposuistis,
3743 4339 3799 4388 et

386 4425 555 4479 Aucaa
579 4427 668 4480 est
686 4419 1630 4478 vicariainstituta:ubividelicet
1648 4421 2034 4478 charissimus
2142 4421 2474 4493 apostolicae
2500 4420 2771 4477 instituta
2823 4421 3100 4477 doctrinae
3147 4421 3478 4493 primordia
3525 4418 3787 4476 Ecclesiae

387 4516 585 4568 noster
615 4509 770 4566 {ilius
794 4509 1121 4564 lldefonsus
1163 4525 1260 4563 rex
1307 4507 1698 4580 episcopalem
1727 4510 2032 4567 ecclesiam
2062 4527 2108 4590 D
2142 4515 2354 4566 sanctae
2402 4510 2656 4577 insolita,
2693 4511 2793 4565 sed
2846 4515 3142 4566 crescente
3185 4509 3444 4566 Ecclesia
3476 4510 3604 4579 jam
3650 4524 3794 4582 pene

385 4600 512 4658 suis
541 4599 876 4672 sumptibus
909 4597 1232 4652 aedificavit.
1267 4599 1450 4663 Quam
1498 4598 1925 4654 institutionem
1970 4606 2033 4656 ut
2141 4597 2346 4665 deleta,
2379 4599 2664 4654 instinctu
2694 4598 2881 4654 sancti
2911 4598 3167 4670 Spiritus
3197 4598 3794 4655 suscitatis.Vestrum

383 4690 441 4746 id
471 4692 820 4762 perpetuum
850 4688 1116 4758 patrante
1149 4686 1392 4741 Domino
1433 4685 1662 4742 stabilis
1689 4695 2031 4759 perseveret,
2140 4703 2276 4759 ergo
2307 4692 2524 4754 votum,
2558 4691 2816 4743 vestrum
2837 4687 3205 4759 propositum
3233 4686 3416 4742 nostri
3450 4687 3792 4743 auctoritate

379 4796 490 4836 nos
521 4776 821 4851 praesentis
851 4773 1064 4830 decreti
1095 4775 1308 4846 pagina
1337 4773 1679 4830 auctoritate
1715 4777 2032 4848 apostolica
2136 4775 2309 4834 ofﬁcii
2339 4777 2778 4840 confirmamus,
2807 4780 2864 4830 et
2893 4776 3094 4831 ﬁrmos
3122 4791 3224 4830 vos
3254 4775 3312 4830 in
3345 4791 3445 4830 eos
3475 4775 3781 4846 persistere

381 4867 821 4923 confirmamus.
2138 4865 2539 4933 adhortamur,
2573 4867 2629 4918 et
2676 4867 2956 4934 tanquam
3005 4864 3122 4920 Deo
3173 4863 3516 4920 exhortante
3537 4879 3649 4934 .per
3684 4879 3790 4919 nos

451 4956 866 5012 Parochiarum
897 4954 1076 5009 etiam
1105 4952 1577 5024 divisiones,quze
1598 4952 1748 5008 inter
1767 4955 2030 5026 Burgen-
2139 4955 2534 5009 obsecramus.
2597 4953 2985 5016 Quamobrem
3046 4951 3322 5011 omnibus
3351 4951 3410 5007 in
3443 4955 3632 5009 vestro
3685 4969 3789 5007 cce-

380 5061 507 5100 sem
537 5050 594 5100 et
623 5045 1008 5100 Oxomensem
1040 5040 1343 5097 ecclesiam
1375 5057 1568 5096 coram
1602 5041 1758 5097 sedis
1801 5050 2030 5114 aposto-
2141 5041 2312 5095 nobio
2343 5042 2521 5095 vitam
2553 5040 2895 5096 canonicam
2927 5041 3254 5096 secundum
3287 5039 3439 5095 beati
3476 5040 3784 5112 Augustini

380 5132 502 5186 licae
533 5132 722 5204 legato
757 5131 1045 5187 Richardo
1073 5129 1352 5186 cardinali
1387 5131 1743 5202 presbytero,
1771 5138 1828 5187 et
1870 5132 2029 5187 Man-
2140 5128 2402 5201 regulam
2433 5130 2864 5200 proﬁtentibus,
2896 5134 2952 5185 et
2996 5129 3055 5184 in
3107 5146 3176 5186 ea
3206 5129 3516 5201 adjuvante
3549 5130 3786 5186 Domino

383 5217 608 5275 siliensi
640 5220 868 5287 abbate,
904 5220 962 5274 in
1013 5219 1233 5292 synodo
1284 5218 1438 5289 apud
1489 5220 1911 5276 monasterium
1960 5221 2031 5276 de
2140 5216 2637 5287 permanentibus,
2663 5233 2769 5272 nos
2801 5217 2937 5274 licet
2965 5217 3194 5290 indigni
3226 5216 3624 5291 apostolorum
3646 5215 3787 5274 vica-

385 5305 634 5362 Fusellis
665 5309 991 5363 constitutae
1021 5313 1178 5372 sunt,
1207 5307 1358 5362 sicut
1389 5323 1457 5361 ex
1495 5307 1759 5377 ejusdem
1805 5309 2030 5364 contra-
2140 5305 2437 5374 rii,eorum
2461 5321 2526 5359 ac
2548 5309 2806 5360 nostram
2823 5307 3290 5363 benedictionem
3308 5312 3787 5379 peccatorumque

383 5395 492 5450 tris
543 5395 724 5450 nostri
774 5397 1096 5452 assertione
1145 5395 1480 5462 didicimus,
1523 5394 1638 5449 vim
1689 5402 2031 5467 perpetuam
2141 5393 2566 5450 absolutionem
2601 5398 2886 5466 potestate
2915 5394 3345 5452 illisaDomino
3375 5393 3645 5450 indubita
3665 5410 3789 5450 con-

383 5482 644 5537 obtinere
671 5485 1040 5539 mandamus.
1093 5488 1376 5540 Praeterea
1435 5483 1753 5540 statuimus
1805 5489 1870 5539 ut
1909 5490 2030 5540 tam
2142 5483 2430 5552 cedimus,
2461 5484 2888 5540 constituentes
2919 5499 2990 5540 ne
3035 5486 3308 5557 cuiquam
3353 5483 3594 5539 omnino
3624 5480 3789 5538 liceat

383 5569 828 5627 Valcranicense
860 5589 1038 5642 quam
1070 5577 1273 5628 caetera
1304 5573 1676 5640 monasteria,
1708 5590 1811 5630 seu
1861 5573 2026 5642 villae,
2147 5572 2300 5628 hunc
2327 5571 2502 5627 vestri
2535 5575 2756 5628 statum
2787 5571 3008 5630 ordinis
3036 5577 3420 5638 commutare,
3465 5568 3784 5628 Statili-mus
