3988 6164
141 274 286 347 σοι
375 242 378 244 ⁷
1329 271 1740 342 emerem
1779 270 1838 339 ιιι

1948 269 2397 340 PRIVILEGIA.
3447 272 3576 340 ιη

145 413 338 471 etiam
367 429 442 472 ne
462 411 842 487 professionis
863 409 1153 471 canonice
1173 410 1489 486 quispiam,
1497 416 1810 485 postquam
1838 407 1895 478 Α
1922 407 2359 468 successoribus
2390 406 2990 476 noceat,aadiflcare.Si
3019 407 3228 484 quisin
3242 408 3565 474 crastinum

147 502 368 560 deiﬁce
399 519 580 575 super
602 508 782 576 caput
809 503 922 560 sibi
954 501 1816 576 hominemimposuerit,alicu-

141 593 253 664 jus
297 591 562 650 levitatis
608 590 915 662 instinctu,
954 591 1045 649 vel
1099 591 1470 649 districtioris
1519 589 1815 664 religionis

149 681 408 738 obtentu
457 696 526 736 ex
556 682 761 738 eodem
813 681 1068 738 claustro
1097 681 1310 736 audeat
1352 681 1480 736 sine
1525 681 1816 752 praepositi

151 771 467 842 totiusque
509 770 984 843 congregationis
1042 770 1430 842 permissione
1472 770 1814 827 discedere:

141 859 568 916 discedentem
585 875 718 914 vero
739 857 942 914 nullus
967 857 1374 926 abbatum,ve1
1387 857 1818 930 episcoporum,

145 953 212 1006 et
249 946 463 1004 nullus
503 947 928 1004 monachorum
977 947 1102 1004 sine
1149 947 1444 1004 communi
1490 946 1819 1005 litterarum

152 1037 442 1094 cautione
471 1037 758 1110 suscipiat
788 1054 801 1092 :
837 1036 1213 1109 praepositum
1246 1042 1462 1102 autem,
1494 1036 1584 1092 vel
1627 1037 1820 1094 archi-

153 1127 618 1194 diaconum,seu
643 1125 958 1196 cujuslibet
984 1126 1438 1199 dispensationis
1469 1124 1820 1183 ecclesiasti-

155 1233 240 1272 ca
267 1214 766 1283 ministmm,nisi
789 1231 964 1286 quem
997 1232 1116 1271 suae
1146 1215 1529 1287 professionis
1557 1233 1818 1272 commu-

143 1306 258 1363 nis
289 1304 549 1362 fratrum
581 1303 786 1360 electio
818 1303 1484 1376 regulariterviventium
1499 1306 1823 1362 secundum

155 1395 359 1452 Deum
393 1393 830 1466 elegerit,vobis
857 1393 1117 1466 praeferri
1138 1393 1482 1451 auctoritate
1509 1395 1827 1467 apostolica

149 1483 580 1558 prohibemus.
623 1483 770 1548 Quia
816 1499 948 1538 vero
993 1482 1261 1540 nonnulli
1312 1484 1370 1538 in
1421 1484 1582 1540 vobis
1635 1484 1825 1540 adhuc

149 1576 314 1630 sunt
347 1571 453 1644 qui
483 1572 736 1628 necdum
767 1571 1007 1643 quidem
1055 1572 1235 1627 vitam
1266 1573 1606 1630 canonicam
1637 1573 1824 1646 elege-

162 1666 338 1728 runt,
372 1661 478 1717 sed
503 1660 618 1732 ipsi
649 1677 750 1716 vos
781 1664 1062 1732 tanquam
1102 1661 1255 1716 inter
1304 1661 1544 1718 ultimos
1572 1663 1827 1718 fraterna

1924 499 2401 571 archiepiscopus
2432 501 2534 554 aut
2571 498 2901 572 episcopus,
2935 501 3253 574 imperator
3297 506 3400 559 aut
3446 521 3567 572 rex,

1924 588 2196 661 princeps
2225 592 2326 644 aut
2355 589 2493 654 dux,
2527 604 2721 646 comes
2749 596 2853 646 aut
2891 590 3232 658 vicecomes,
3257 593 3440 663 judex
3469 597 3571 652 aut

1925 694 2176 751 persona
2204 676 2491 748 quaelibet,
2523 675 2820 734 saecularis
2848 678 2938 734 vel
2967 680 3361 740 ecclesiastica
3390 683 3570 756 hujus

1927 767 2110 823 nostri
2143 767 2359 823 decreti
2392 766 2669 839 paginam
2699 769 2892 824 sciens
2923 774 3128 826 contra
3174 787 3303 828 eam
3353 776 3572 831 temere

1928 856 2124 912 venire
2169 855 2500 923 tentaverit,
2533 857 2787 914 secundo
2841 857 3078 914 tertiove
3127 859 3485 931 admonitus,
3521 863 3572 919 si

1929 963 2045 1003 non
2076 945 2472 1004 satisfactione
2501 945 2794 1020 condigna
2822 949 3235 1016 emendaverit,
3269 952 3574 1021 potestatis

1926 1036 2286 1107 honorisque
2317 1035 2409 1092 sui
2440 1034 2722 1107 dignitate
2753 1040 3256 1110 careat,reumque
3281 1055 3350 1100 se
3377 1040 3573 1097 divino

1922 1125 2146 1196 judicio
2179 1125 2426 1180 existere
2458 1126 2527 1181 de
2559 1129 2886 1197 perpetrata
2923 1126 3231 1198 iniquitate
3261 1135 3577 1202 cognoscat

1925 1218 1988 1269 et
2009 1215 2450 1272 asacratissimo
2467 1231 2705 1286 corpore
2738 1219 2792 1271 st
2819 1215 3105 1288 sanguine
3135 1217 3235 1274 Dei
3257 1234 3324 1274 ac
3347 1218 3575 1280 Domini

1933 1303 2321 1375 redemptoris
2350 1303 2533 1360 nostri
2563 1304 2702 1360 Jesu
2734 1303 2945 1378 Christi
2976 1303 3203 1362 alienus
3235 1307 3374 1375 fiat;
3401 1311 3578 1380 atque

1933 1391 1992 1448 in
2031 1395 2288 1448 extremo
2335 1393 2601 1450 examine
2647 1392 2927 1450 districta:
2976 1393 3182 1452 ultioni
3235 1396 3575 1467 subjaceat;

1933 1481 2163 1538 cunctis
2210 1487 2406 1538 autem
2431 1483 2596 1553 justa
2644 1482 3014 1540 servantibus
3061 1484 3139 1542 sit
3190 1502 3301 1558 pax
3345 1485 3580 1544 Domini

1935 1569 2117 1626 nostri
2163 1571 2304 1627 Jesu
2353 1570 2591 1638 Christi,
2623 1576 2913 1644 quatenus
2942 1577 2998 1628 et
3026 1572 3122 1628 hic
3153 1573 3580 1632 fructum'boui

1933 1657 2129 1730 operis
2157 1659 2456 1730 percipiat,
2491 1663 2548 1713 et
2575 1661 2732 1730 apud
2782 1661 3119 1720 districtum
3142 1661 3404 1733 judicem
3437 1679 3580 1736 prae-

163 1749 479 1807 sustinent
509 1748 816 1817 charitate,
850 1749 1008 1821 ipsos
1061 1749 1297 1820 quidem
1345 1751 1418 1806 ad
1459 1751 1825 1825 propositum
1859 1779 1907 1844 B
1937 1746 2057 1801 mia
2086 1751 2311 1804 aeternae
2343 1747 2504 1819 pacis
2535 1748 2808 1817 inveniat,
2843 1765 3036 1820 amen,
3069 1767 3261 1818 amen,
3295 1767 3487 1809 amen.

149 1842 443 1895 vestrum
474 1838 726 1893 transire
751 1854 866 1893 non
893 1837 1180 1910 cogimus,
1208 1839 1308 1895 sed
1342 1838 1458 1894 illis
1496 1844 1598 1895 aut
1638 1841 1709 1895 ad
1743 1857 1829 1895 re-

149 1926 449 2000 gularem
480 1925 658 1981 vitam
692 1925 1008 1990 conversis,
1031 1931 1132 1981 aut
1163 1927 1372 1982 saeculo
1404 1929 1830 2000 emigrantibus

165 2033 383 2074 eorum
405 2015 659 2072 honores
686 2014 804 2070 sive
833 2016 1238 2087 possessiones
1255 2015 1676 2073 ecclesiasticas
1699 2035 1831 2074 cum

171 2106 304 2163 suis
348 2104 689 2178 augmentis
720 2103 842 2159 sive
872 2104 1338 2171 meliorantibus,
1372 2109 1429 2160 et
1473 2110 1660 2161 terras
1705 2124 1831 2179 quae

171 2194 463 2266 deinceps
483 2197 685 2250 vestrae
697 2192 968 2250 Ecclesiae
985 2194 1122 2250 data
1139 2193 1375 2268 fuerint,
1398 2193 1455 2250 in
1475 2195 1830 2268 regularium

169 2264 434 2340 fratrum
465 2281 898 2354 possessionem
937 2282 1141 2338 cedere
1170 2264 1458 2354 .praasenti
1489 2264 1834 2340 adctoritate

175 2375 582 2440 censemus,et
612 2370 850 2427 nullum
871 2371 1145 2444 deinceps
1177 2371 1397 2427 ibidem
1423 2372 1544 2428 ﬁeri
1574 2373 1663 2429 vel
1683 2373 1834 2430 ordi-

173 2462 308 2519 nari
337 2459 831 2524 canonicum,nisi
865 2461 964 2532 qui
995 2477 1058 2517 se
1087 2461 1365 2517 canonice
1393 2461 1685 2518 victurum
1709 2480 1836 2534 pro-

179 2551 377 2608 fessus
413 2550 604 2606 fuerit.
639 2550 935 2622 Quidquid
977 2554 1254 2622 praeterea
1303 2551 1593 2606 confrater
1639 2557 1836 2608 noster

181 2637 539 2697 Godefridus
564 2642 756 2694 vester
785 2639 1098 2710 episcOpus
1129 2637 1189 2692 in
1221 2655 1396 2694 usum
1441 2640 1618 2710 dedit,
1652 2639 1834 2696 eccle-

185 2731 306 2784 sias
335 2726 612 2784 videlicet
647 2727 720 2784 de
746 2727 1068 2795 Villanova,
1102 2728 1174 2783 de
1203 2728 1730 2800 Montepessulano,
1764 2730 1837 2786 de

185 2818 472 2890 Gigeano,
503 2833 639 2873 cum
667 2816 1052 2872 decimatione
1079 2815 1230 2872 villa;
1261 2817 1529 2884 Paderni,
1563 2818 1836 2876 ecclesias

189 2907 249 2963 S.
281 2905 524 2962 Eulalia;
561 2909 622 2960 et
668 2905 958 2960 Leocadiis
1006 2906 1079 2960 de
1106 2905 1292 2974 Valle,
1323 2907 1382 2961 S.
1419 2907 1717 2965 Michaelis
1765 2910 1837 2965 de

190 2993 514 3062 Monteilio,
555 2994 616 3049 S.
647 2994 895 3050 Joannis
941 2994 1013 3048 de
1059 2995 1312 3060 Cucone,
1361 2995 1419 3050 S.
1467 2995 1723 3053 Marcelli
1767 2998 1838 3053 de

189 3083 805 3151 fratribus,S.Andreae
832 3083 903 3139 de
934 3083 1302 3149 Maurone,S.
1327 3085 1478 3140 Petri
1511 3085 1583 3140 de
1615 3087 1837 3142 Monte-

187 3171 516 3239 Arbedone,
564 3172 622 3228 S.
658 3171 860 3228 Hilarii
911 3173 982 3227 de
1030 3171 1426 3245 Centranegis,
1466 3174 1523 3229 S.
1557 3174 1838 3246 Stephani

187 3263 260 3318 de
311 3259 628 3328 Bezanicis,
663 3262 723 3317 S.
754 3259 1000 3316 Joannis
1049 3261 1120 3316 de
1156 3261 1402 3330 Vedace,
1439 3263 1478 3318 S
1534 3262 1738 3318 Felicis
1766 3264 1838 3319 de

187 3350 442 3418 Verona,
472 3350 533 3405 S.
583 3349 864 3421 Stephani
912 3350 984 3404 de
1032 3350 1312 3421 Pignano,
1365 3350 1422 3405 S.
1471 3351 1717 3406 Joannis
1768 3352 1839 3408 de

191 3439 356 3505 Buia,
385 3442 444 3495 et
473 3439 528 3496 S.
559 3439 820 3504 Andreae,
844 3443 902 3495 et
929 3439 988 3494 S.
1011 3439 1272 3511 Dionysii
1305 3439 1374 3494 de
1405 3439 1837 3496 Monte-Pistel-

189 3527 394 3591 lereto,
424 3527 483 3582 S.
517 3527 750 3583 Martini
785 3528 860 3582 de
887 3527 1158 3592 Pruneto,
1177 3543 1382 3583 omnes
1411 3544 1544 3582 cum
1576 3528 1836 3600 capellis,

189 3632 328 3672 cum
359 3614 603 3672 decimis
633 3619 691 3670 et
717 3613 1439 3683 oblationibus,etallodiis
1458 3616 1669 3684 suis,et
1684 3633 1840 3688 quaa-

189 3720 424 3776 cunque
454 3703 729 3774 deinceps
757 3702 1114 3769 dederit,nos
1138 3703 1301 3758 vobis
1331 3704 1498 3759 firme
1527 3707 1585 3759 et
1615 3705 1840 3776 integre

189 3807 532 3864 permanere
561 3791 1341 3863 concedimus.Prsccipimus
1372 3793 1548 3847 etiam
1579 3809 1652 3848 ne
1682 3793 1840 3848 dein-

190 3898 328 3953 ceps
357 3879 815 3952 episcopoliceat
830 3880 957 3936 sine
971 3885 1163 3936 vestro
1181 3880 1424 3937 consilio
1443 3881 1663 3954 aliquid
1684 3883 1838 3954 quod

189 3972 261 4026 ad
289 3972 396 4042 jus
426 3970 632 4025 matris
661 3969 927 4026 Ecclesiae
961 3970 1560 4042 pertineat,cuiquam
1589 3971 1677 4028 vel
1709 3989 1840 4028 mo-

194 4059 540 4125 nachorum,
571 4058 660 4114 vel
689 4059 1104 4115 canonicorum
1150 4060 1206 4114 in
1240 4060 1670 4131 possessionem
1701 4079 1864 4120 con-.

191 4149 416 4215 cedere,
471 4147 642 4204 aliter
684 4164 818 4203 vero
879 4153 1186 4219 acceptum
1237 4147 1468 4203 irritum
1535 4149 1837 4206 habeatur.

192 4237 519 4294 Decedente
566 4236 859 4309 episcopo,
893 4253 1257 4308 quaecunque
1287 4237 1416 4308 ejus
1443 4242 1580 4294 sunt
1606 4241 1716 4294 sub
1747 4256 1839 4296 ve-

192 4332 312 4383 stra
343 4326 671 4398 provisione
701 4327 1288 4398 permaneant,donec
1313 4325 1456 4382 alter
1482 4326 1542 4382 in
1565 4329 1693 4398 ejus
1717 4327 1840 4384 loco

191 4413 468 4471 canonice
499 4415 868 4487 subrogetur,
903 4431 1079 4487 quam
1129 4415 1605 4486 subrogationem
1651 4422 1843 4472 vestra

2013 1836 2222 1892 Datum
2272 1835 2578 1894 Placentiae
2628 1853 2732 1908 per
2778 1854 3020 1896 manum
3067 1839 3330 1905 Joannis.
3368 1845 3581 1900 sanctte

1941 1924 2213 1979 Romanae
2243 1923 2510 1980 Ecclesia;
2542 1923 2878 1994 cardinalis,
2914 1926 3099 1998 pridie
3138 1928 3274 1984 Idus
3307 1928 3464 1995 Maii,
3493 1929 3579 1984 in-

1939 2011 2076 2068 dict.
2121 2031 2204 2082 m,
2237 2028 2391 2068 anno
2440 2013 2753 2069 Dominicae
2803 2015 3090 2072 Incarnat.
3135 2017 3314 2083 1095';
3348 2019 3580 2090 pontiﬁ-

1940 2105 2106 2158 catus
2136 2104 2330 2156 autem
2361 2101 2562 2158 domni
2596 2101 2810 2160 Urbani
2841 2104 3081 2162 secundi
3105 2105 3400 2176 pontiﬁcis
3427 2123 3582 2164 anno

1941 2206 2061 2249 VIII.

2607 2279 2915 2336 CXXXVII.

2144 2369 2509 2439 Privitegium
2531 2383 2634 2440 pro
2661 2372 2990 2426 monasterio
3021 2369 3385 2428 Cluniacensi.

2563 2458 2750 2528 (Anno
2782 2458 2962 2528 1095).

2236 2547 2594 2617 [Bibliotheca
2627 2547 3016 2614 Cluniarensis,
3051 2566 3108 2621 p.
3139 2549 3290 2621 516.]

2016 2636 2294 2714 Uasarzus
2320 2635 2660 2708 episcopus,
2683 2653 2884 2694 servus
2928 2654 3226 2696 servorum
3277 2638 3398 2706 Dei,
3427 2653 3587 2696 reve-

1945 2725 2285 2782 rentissimo
2315 2725 2476 2781 fratri
2523 2727 2770 2793 Huoom,
2806 2727 3144 2784 monasterii
3173 2727 3588 2785 .Gluniacensis

1945 2815 2162 2880 abbati,
2195 2815 2442 2886 ejusque
2485 2815 2926 2873 successoribus
2975 2817 3322 2891 regulariter
3367 2817 3586 2876 substi-

1944 2903 2180 2960 tuendis
2213 2904 2270 2958 in
2303 2908 2669 2975 perpetuum.

2017 2991 2161 3046 Cum
2212 2992 2487 3048 omnibus
2537 2997 2752 3048 sancta:
2801 2991 3064 3050 Ecclesiae
3123 2993 3260 3049 {iliis
3303 3010 3375 3050 ex
3431 2994 3588 3052 sedis

1948 3079 2277 3152 apostolicae
2335 3080 2679 3136 auctoritate
2741 3098 2807 3136 ac
2852 3081 3251 3140 benevolentia
3295 3083 3588 3141 debitores

1869 3144 1911 3210 (ἶ
1948 3169 2290 3238 existamus,
2354 3167 2784 3225 venerabilibus
2833 3175 3028 3225 tamen
3087 3171 3353 3242 personis
3414 3176 3589 3243 atque
3692 3168 3704 3179 ”

1945 3257 2108 3326 locis,
2143 3257 2395 3313 maxime
2425 3274 2552 3328 quea
2582 3256 2914 3329 apostolica:
2943 3257 3067 3314 sedi
3099 3275 3332 3332 semper
3366 3260 3590 3332 specia-

1948 3345 2064 3402 lius
2095 3364 2161 3403 ac
2192 3346 2459 3402 devotius
2489 3346 3132 3419 adhaeserunt,quaaque
3161 3346 3431 3420 ampliori
3449 3348 3593 3405 .reli-

1948 3436 2140 3509 gionis
2183 3434 2369 3508 gloria
2419 3435 2703 3504 eminent,
2753 3437 3116 3509 propensicri
3168 3455 3275 3494 nos
3327 3438 3594 3494 convenit

1948 3525 2254 3581 charitatis
2287 3525 2482 3582 studio
2514 3525 2882 3583 imminuere.
2907 3527 3036 3582 Tibi
3067 3543 3226 3600 ergo,
3247 3527 3591 3585 reverentis-

1949 3615 2096 3670 sime
2125 3631 2195 3669 ac
2219 3613 2598 3671 dilectissime
2629 3615 2826 3682 frater,
2859 3621 2978 3672 tam
3023 3633 3093 3670 ex
3143 3617 3389 3689 antiqua
3435 3617 3593 3674 sedis

1948 3703 2280 3776 apostolicae
2311 3701 2730 3771 familiaritate,
2765 3720 2942 3776 quam
2973 3721 3042 3760 ex
3071 3704 3444 3762 nobilissima
3479 3709 3592 3762 tute

1949 3793 2154 3864 tuique
2185 3791 2432 3847 cmnobii
2476 3791 2776 3865 religionis
2825 3793 3164 3859 reverentia,
3193 3793 3514 3866 singularis
3559 3811 3595 3850 a

1948 3881 2118 3937 nobis
2164 3881 2408 3937 debetur
2464 3881 2841 3953 prwrogativa
2895 3880 3244 3937 dilectionis.
3296 3881 3593 3953 Quidquid

1949 3971 2130 4042 igitur
2179 3967 2487 4034 libertatis,
2519 3969 2808 4040 quidquid
2858 3969 3268 4036 immunitatis,
3300 3969 3592 4041 quidquid

1949 4057 2267 4114 auctoritas
2295 4056 2402 4112 tibi
2451 4057 2689 4128 tuisque
2737 4056 3197 4121 successoribus,
3229 4061 3447 4130 tuoque
3477 4073 3590 4114 cce-

1949 4146 2262 4218 nobio,per
2288 4150 2725 4202 antecessorum
2759 4150 3091 4202 nostrorum
3123 4145 3424 4220 privilegia
3449 4163 3592 4204 con-

1950 4252 2182 4293 cessum
2231 4235 2411 4291 fuisse
2459 4237 2708 4301 constat,
2749 4251 2854 4290 nos
2904 4251 3136 4307 quoque
3184 4235 3364 4306 hujus
3408 4236 3594 4294 nostri

1951 4325 2166 4382 decreti
2199 4325 2416 4398 pagina
2443 4322 2819 4391 conferimus,
2837 4324 3591 4390 tradimus,conﬁrmamus.

1949 4415 2030 4470 Ea
2060 4420 2294 4486 propter
2325 4431 2430 4468 nos
2463 4411 2692 4484 capellae
2723 4411 2806 4467 illi
2838 4430 3015 4485 quam
3063 4412 3122 4469 in
3157 4413 3374 4471 honore
3401 4420 3461 4471 et
3489 4432 3591 4472 no-

192 4502 568 4576 potissimum
599 4503 872 4560 volumus
904 4503 1181 4559 electione
1211 4503 1508 4559 constitui.
1545 4503 1616 4558 Ut
1647 4509 1842 4561 autem
1871 4515 1920 4580 D
1951 4503 2110 4558 mine
2141 4503 2199 4558 S.
2233 4501 2450 4558 Odonis
2489 4505 2591 4556 tua
2638 4502 2954 4558 strenuitas
3001 4509 3163 4558 extra
3205 4503 3486 4577 burgum,
3518 4505 3590 4560 ad

190 4591 514 4664 cpitulante
542 4592 790 4648 Domino
811 4592 1184 4664 propositum
1214 4591 1342 4647 vita:
1365 4593 1839 4665 canonice,quod

192 4679 447 4753 cepistis,
500 4684 936 4753 perseveranter
999 4685 1056 4736 et
1112 4678 1524 4736 inviolabiliter
1569 4682 1836 4751 teneatis,

191 4786 298 4826 nos
330 4785 563 4826 omnem
593 4769 1028 4826 immunitatem
1047 4787 1081 4824 a
1098 4769 1321 4825 sanctis
1351 4769 1676 4826 canonibus
1695 4775 1752 4826 et
1768 4769 1843 4826 le-

191 4858 366 4933 gibus
391 4857 739 4931 generaliter
765 4857 1028 4914 ecclesiis
1059 4859 1377 4924 decretum,
1411 4875 1644 4914 omnem
1672 4858 1842 4932 liber-

191 4951 374 5004 tatem
399 4945 825 5004 eatholicorum
859 4946 1210 5020 principum,
1245 4950 1302 5002 et
1333 4947 1618 5020 praecipue
1649 4948 1839 5005 Ludo-

190 5035 300 5091 vici
323 5035 698 5107 imperatoris
717 5035 1018 5109 praeceptis
1033 5037 1105 5092 ad
1123 5036 1478 5109 Argimirum
1499 5037 1840 5108 episcopum

193 5125 346 5181 datis
377 5128 580 5181 vestrae
611 5124 882 5182 Ecclesiae
915 5124 1293 5198 singulariter
1322 5126 1650 5197 impensam
1677 5127 1841 5182 vobis

189 5212 515 5285 vestrisque
539 5214 982 5271 successoribus
1010 5213 1068 5268 in
1101 5213 1388 5268 canonica:
1412 5215 1540 5268 vitae
1567 5215 1839 5271 observa-

187 5302 350 5359 tione
379 5302 679 5360 mansuris
710 5303 1013 5376 praesentis
1045 5301 1260 5358 decreti
1289 5302 1842 5360 auctoritateﬁrma-

190 5391 458 5447 mus.Ad'
474 5390 600 5447 hac
623 5393 943 5464 .adjicimus
973 5393 1224 5463 utjuxta
1252 5390 1463 5447 Villam
1488 5408 1694 5448 novam
1713 5411 1838 5465 quae

187 5485 390 5536 vestra:
425 5480 718 5538 facultatis
735 5480 1302 5552 est,inflcxisinsula2
1325 5481 1544 5536 nemini
1576 5498 1839 5552 unquam

199 5569 368 5627 liceat
397 5570 784 5629 munitionem
827 5571 1107 5644 aliquam,
1142 5587 1268 5642 quae
1311 5569 1473 5626 vobis
1519 5569 1841 5644 vestrisque

1950 4590 2289 4648 orientalem
2322 4595 2544 4663 partem
2588 4590 2912 4659 aediﬁcavit,
2935 4608 3063 4648 eam
3095 4593 3336 4649 omnino
3357 4592 3592 4649 liberta-

1943 4685 2222 4749 ~tem,eam
2241 4679 2674 4736 immunitatem
2690 4681 2995 4752 prasentis
3016 4681 3230 4738 decreti
3249 4681 3594 4738 auctoritate

1951 4769 2350 4834 concedimus,
2387 4785 2564 4840 quam
2596 4768 2924 4841 apostolica;
2953 4771 3245 4826 memoria;
3275 4771 3594 4842 predeces-

1949 4876 2051 4915 sor
2078 4863 2276 4914 noster
2305 4857 2617 4930 Gregorius
2647 4857 2888 4930 capellis
2904 4860 3126 4916 caeteris
3146 4857 3593 4930 ejusdem'burgi

1951 4964 2062 5004 suo
2089 4945 2395 5020 privilegio
2425 4947 2809 5004 conﬁrmavit.

2019 5038 2104 5092 Ad
2135 5036 2258 5092 haec
2288 5034 2600 5107 adjicimus
2631 5041 2698 5092 ut
2729 5036 3151 5092 monasterium
3184 5036 3242 5089 S.
3277 5032 3591 5089 Stremonii

1951 5126 2020 5181 de
2051 5126 2341 5192 Mauzaca,
2376 5125 2434 5180 S.
2474 5124 2663 5180 Mariae
2711 5126 2782 5180 de
2829 5125 3097 5180 Verziaco
3148 5120 3496 5193 [Vizeliaco],
3529 5121 3590 5176 S.

1953 5213 2104 5269 Petri
2165 5214 2235 5269 de
2297 5212 2642 5280 Alta-Petra,
2693 5213 3114 5270 monasterium
3159 5210 3320 5282 quod
3377 5209 3600 5266 dicitur

1951 5301 2446 5374 Sales,nunquam
2478 5305 2591 5357 tua:
2617 5306 2970 5372 tuorumque
3001 5315 3408 5356 successorum
3433 5299 3595 5355 ordi-

1949 5391 2174 5448 nationi
2221 5396 2280 5447 et
2337 5389 2607 5463 regimini
2655 5388 3062 5446 subtrahatur.
3113 5388 3231 5446 Hoc
3281 5388 3476 5462 ipsum
3522 5389 3599 5446 de

1951 5479 2238 5536 universis
2285 5497 2411 5552 quis
2456 5477 2702 5534 inferius
2761 5477 2979 5549 scripta
3025 5482 3164 5535 sunt
3221 5477 3599 5534 monasteriis

1953 5568 2286 5628 ecclesiisve
2317 5566 2658 5634 statuimus,
2682 5565 3038 5625 videlicetzln
3070 5568 3408 5642 episcopatu
3441 5567 3598 5642 Lug-
