4004 6162
431 302 547 370 ω

1731 303 1804 372 Β.
1850 305 2145 374 URBANI
2187 305 2242 373 ῙῙ
2283 303 2534 376 ΡΑΡᾹΞ.

3710 315 3838 384 412

433 439 706 516 dunensi,
737 445 982 507 ecclesia
1011 449 1070 507 8.
1099 447 1275 518 Justi,
1307 447 1363 505 S.
1386 444 1666 504 Desiderii
1691 464 1704 516 ;
1725 443 1970 504 ecclesia
1999 445 2072 502 de
2101 441 2158 512 Α
2188 445 2383 502 Sancti
2415 444 2709 504 Laurentii
2740 445 2810 505 de
2857 439 3214 506 cuminiaco.
3248 448 3310 506 In
3355 448 3667 519 Laudensi,
3703 467 3837 509 mo-

435 540 836 608 Frontenaico,
864 541 935 598 de
967 538 1246 597 Rorterio.
1275 543 1337 594 In
1371 536 1806 602 Matisconensi,
1829 539 2075 595 ecclesia

433 631 504 686 de
536 630 763 697 Meleto,
795 631 866 685 de
897 631 1126 703 Otgers,
1177 630 1247 684 de
1277 628 1598 692 Saviniaco,
1631 629 1702 684 de
1751 628 2070 696 Seniciaco,

432 721 504 776 de
561 719 865 786 Berziaco;
925 719 1168 776 ecclesia
1215 719 1272 774 S.
1328 716 1642 790 Hippolyti,
1693 721 1747 771 S.
1814 718 2070 783 Martini,

431 813 650 865 Sanctae
675 809 868 864 Mariae
903 809 972 863 de
1004 806 1336 863 Casellis.ln
1365 805 1865 875 Augustudinensi
1884 805 2071 861 eccle-

432 900 520 954 sia
566 899 639 954 de
689 897 1013 964 Monrisalt,
1045 897 1117 952 de
1165 895 1452 968 Pulignio,
1485 895 1556 950 de
1602 893 1972 961 Blanchiaco,
2001 896 2073 950 de

429 988 622 1044 Monte
669 991 724 1041 S.
774 986 1039 1051 Joannis,
1089 986 1162 1041 de
1215 985 1480 1050 Luciaco,
1529 985 1599 1039 de
1646 983 1952 1056 Crupellis,
2001 984 2071 1040 de

431 1077 676 1149 Milpont
699 1092 711 1130 :
737 1075 984 1131 ecclesia
1013 1077 1071 1132 S.
1098 1074 1449 1135 Mammelis,
1469 1074 1525 1128 S.
1562 1072 1985 1144 ChristOphori.
2005 1077 2070 1128 In

430 1164 804 1238 Lingonensi,
860 1164 1104 1220 ecclesia
1164 1164 1220 1219 S.
1273 1161 1529 1229 Eulaliae,
1582 1166 1638 1216 8.
1688 1161 1930 1217 Joannis
2001 1162 2072 1216 de

431 1256 644 1320 Laona,
677 1255 750 1309 de
778 1248 1004 1317 Trualt,
1037 1253 1109 1307 de
1140 1256 1316 1318 Arcu,
1349 1251 1420 1306 de
1460 1250 1786 1312 Vandovra,
1819 1251 1892 1306 de
1921 1251 2070 1306 Mar—

431 1343 749 1410 maissa,de
773 1341 1056 1398 Altars.1n
1090 1339 1316 1396 Basila‘
1341 1339 1584 1395 ecclesia
1614 1339 1810 1394 Sancti
1841 1338 2067 1394 Albani.

429 1433 494 1488 In
524 1412 1171 1496 Cabilonensi,ecclesia
1201 1429 1271 1484 de
1302 1427 1582 1484 Viniules.
1605 1429 1665 1483 In
1699 1428 2069 1494 Arvernensi,

427 1521 674 1576 ecclesia
717 1525 773 1574 S.
823 1519 1095 1583 Amandi,
1147 1519 1206 1574 S.
1256 1516 1517 1590 Sepulcri
1569 1517 1638 1572 de
1689 1518 1976 1582 Lavenna,
2009 1517 2068 1572 8.

427 1609 617 1666 Maria:
661 1609 734 1663 de
761 1606 1032 1672 Castello,
1082 1607 1152 1662 de
1199 1605 1483 1671 Canariis,
1533 1606 1605 1660 de
1649 1605 1962 1670 Montanis,
2001 1605 2072 1660 de

427 1696 904 1770 Nigro-Stapulo,
940 1696 1009 1750 de
1043 1695 1344 1767 Angerolis
1391 1695 1462 1749 de
1491 1697 1770 1749 Arumna.
1802 1695 1862 1748 In
1897 1693 2071 1748 Vien-

426 1785 615 1880 nensi,
649 1783 895 1880 ecclesia
924 1785 1225 1880 de_Artaz,
1260 1783 1786 1880 Moram-Mantum,
1828 1783 2067 1880 Loteng,
2101 1814 2148 1880 B

426 1874 953 1930 Monte-Casaneto.
1010 1873 1072 1928 In
1125 1871 1678 1944 Gratianopolitano,
1726 1870 1972 1927 ecclesia
2000 1872 2072 1926 de

424 1963 678 2028 Alavart,
731 1963 803 2017 de
851 1961 1092 2028 Avalun,
1143 1961 1214 2015 de
1267 1961 1458 2026 Teies,
1509 1961 1581 2016 de
1638 1961 1948 2027 Valbones,
1999 1961 2072 2015 de

426 2052 650 2109 Visilia.
697 2053 761 2106 In
807 2049 1248 2117 Valentiniensi,
1297 2049 1544 2105 ecclesia
1591 2050 1662 2104 de
1704 2048 1964 2114 Cabetul,
1999 2049 2070 2104 de

423 2139 711 2207 Castellis,
736 2139 808 2194 de
838 2139 992 2203 Ales,
1021 2140 1093 2194 de
1125 2138 1251 2194 Urz.
1281 2138 1341 2192 In
1376 2138 1573 2194 Diensi
1604 2137 1847 2194 ecclesia
1875 2136 2072 2192 Sancti

422 2227 772 2295 Sebastiani,
843 2228 1066 2282 Sancta:
1139 2225 1438 2292 Eufemiaa,
1516 2226 1713 2282 Sancti
1790 2226 1938 2281 Petri
1995 2226 2068 2281 de

422 2319 666 2384 Trefort,
744 2317 815 2371 de
878 2319 1059 2381 Arun,
1135 2317 1207 2370 de
1281 2315 1474 2381 Aurel,
1537 2315 1609 2370 de
1675 2314 1933 2382 Calciun,
1999 2315 2072 2370 de

421 2404 953 2464 Castello-Novo.ln
987 2403 1502 2473 Tulensi,ecclesia
1528 2405 1600 2460 de
1629 2405 1847 2460 domna
1864 2404 2069 2473 Maria,

421 2496 493 2551 de
524 2494 848 2551 Frondonis
871 2493 1026 2549 villa.
1063 2495 1124 2550 In
1170 2494 1433 2559 Metensi,
1465 2493 1712 2549 ecclesia
1751 2493 1822 2548 de
1852 2493 2071 2547 Tihen-

421 2587 568 2640 c-urt.
604 2585 667 2638 In
721 2583 1138 2650 Lemovicensi,
1173 2581 1593 2638 monasterium
1647 2582 1801 2654 quod
1855 2580 2071 2637 dicitur

423 2674 613 2730 Boort.
646 2673 710 2727 In
741 2671 1097 2738 Belvacensi,
1129 2671 1377 2728 ecclesia
1420 2671 1614 2726 Sancti
1668 2670 1835 2742 Lupi,
1872 2669 2068 2726 Sancti

421 2760 843 2832 Christophori.
875 2761 937 2815 In
983 2759 1283 2827 Meldensi,
1313 2759 1558 2815 ecclesia
1607 2762 1827 2814 Sanctae
1878 2757 2068 2813 Maria

421 2850 492 2906 de
522 2848 810 2906 Nantolio.
847 2851 908 2904 In
940 2848 1274 2915 Parisiensi,
1313 2847 1557 2904 ecclesia
1603 2851 1826 2902 Sanctae
1877 2845 2069 2902 Mariae

421 2941 494 2995 de
526 2939 920 3011 Longoponte,
955 2939 1026 2994 de
1054 2936 1248 2992 Alnes.
1283 2937 1346 2993 In
1381 2935 1785 3000 Ambianensi,
1829 2935 2072 2991 ecclesia

421 3026 618 3084 Sancti
669 3026 821 3083 Petri
878 3027 949 3083 de
1017 3026 1239 3082 Lehu-n.
1303 3027 1366 3083 In
1427 3025 1765 3094 Morinensi,
1825 3023 2071 3080 ecclesia

421 3116 618 3173 Sancti
661 3115 980 3172 Michaelis.
1013 3114 1072 3171 In
1122 3115 1550 3182 Suessionensi,
1599 3113 1842 3170 ecclesia
1871 3113 2068 3169 Sancti

422 3205 573 3262 Petri
632 3205 703 3261 de
757 3205 1020 3262 Cusiaco.
1083 3205 1147 3261 In
1213 3179 1646 3277 Longobardia,
1713 3202 2065 3260 monasterio
2096 3179 2139 3247 (ἶ

419 3293 615 3350 Sancti
642 3293 931 3350 Valeriani
963 3295 1034 3350 de
1063 3293 1308 3350 Castello
1343 3292 1848 3361 Rothobio,Sancti
1872 3290 2067 3363 Majoli

422 3384 494 3438 de
525 3382 1092 3454 Papia,S.Michaelis
1123 3383 1193 3438 de
1224 3381 1618 3447 Mucharione,
1642 3380 1838 3436 Sancti
1871 3379 2069 3451 Majoli

424 3471 496 3526 de
553 3470 898 3535 Castemola,
950 3471 1174 3526 Sanctae
1240 3470 1435 3526 Mariae
1502 3471 1572 3526 de
1631 3469 1879 3537 Fer-aria,
1933 3486 2068 3524 cum

425 3557 704 3614 omnibus
734 3575 861 3629 quae
894 3559 951 3612 in
987 3558 1243 3613 Lomello
1273 3563 1331 3614 et
1362 3557 1683 3614 Lomellina
1704 3559 2069 3614 Gonteranus

425 3645 621 3701 dedit:
655 3645 899 3701 ecclesia
943 3647 1166 3701 Sanctae
1196 3646 1386 3702 Mariae
1418 3647 1490 3702 de
1522 3648 1695 3702 Lacu.
1732 3647 1792 3701 In
1841 3646 2066 3702 Vercel-

425 3733 573 3790 lensi
604 3733 1330 3806 episcOpatu,monasterio
1363 3735 1558 3790 Sancti
1589 3733 1742 3789 Petri
1763 3735 1834 3790 de
1856 3734 2071 3789 Castel-

426 3822 573 3894 litio,
604 3822 800 3880 Sancti
843 3822 1086 3879 Joannis
1117 3823 1189 3880 de
1220 3822 1417 3889 Baina,
1451 3823 1797 3878 Sanctorum
1826 3822 2069 3878 Joannis

427 3917 485 3970 et
511 3911 676 3969 Pauli
710 3912 780 3968 de
811 3911 1184 3977 Sandaliano,
1233 3916 1289 3966 8.
1337 3911 1569 3966 Martini
1617 3910 1689 3966 de
1737 3909 2069 3976 Salamone,

427 4003 651 4058 Sanctae
704 3999 896 4056 Mariae
945 3999 1350 4056 Ferminiana:
1402 3998 1647 4055 ecclesia
1695 4000 1766 4055 de
1805 3999 2068 4064 Parione,

429 4092 500 4147 de
536 4087 830 4157 Calvallio,
858 4089 1052 4145 Sancti
1085 4089 1237 4145 Petri
1273 4089 1342 4146 de
1372 4089 1542 4146 Sade.
1578 4089 1642 4144 In
1676 4088 2068 4161 Pergamensi,

430 4178 784 4234 monasterio
834 4178 1029 4234 Sancti
1083 4178 1287 4233 Jacobi
1337 4179 1409 4232 de
1457 4177 1734 4241 Pontia-la,
1787 4193 1918 4232 cum
1979 4176 2071 4232 his

431 4264 798 4332 obedientiis,
833 4266 1106 4331 Presiate,
1158 4266 1495 4336 Mediolaco,
1531 4265 1871 4330 Portiziana,
1910 4265 2070 4321 Mau-

431 4354 619 4426 ringo,
652 4353 926 4422 Glariola,
948 4353 1291 4420 Verziliano,
1318 4353 1528 4425 Maglo,
1552 4353 1706 4422 Sala,
1729 4353 2031 4410 Vultulina
2056 4371 2069 4409 :

431 4441 624 4497 Sancti
658 4440 815 4496 Pauli
850 4458 982 4496 cum
1016 4441 1106 4496 his
1136 4441 1503 4508 obedientiis,
1527 4445 1748 4497 Sanctae
1779 4442 1973 4497 Mariae
2003 4443 2074 4498 de

432 4529 746 4598 Sarneeho,
777 4534 834 4585 S.
868 4531 1022 4586 Petri
1053 4530 1124 4586 de
1154 4530 1489 4598 Umbriano,
1514 4531 1735 4586 Sanctae
1767 4531 2075 4587 Trinitatis
2107 4547 2153 4612 D

433 4621 507 4676 de
553 4617 845 4686 Cremina,
887 4619 1078 4674 Sancti
1135 4617 1285 4674 Petri
1332 4619 1403 4674 de
1446 4618 1842 4692 Madegniaco,
1877 4619 2074 4675 Sancti

435 4706 736 4765 Michaelis
762 4707 834 4764 de
861 4707 1341 4775 Sencino,Sancti
1372 4707 1606 4764 Martini
1639 4708 1710 4763 de
1741 4707 2074 4776 Rudiliano,

433 4801 655 4853 Sancta:
682 4795 852 4852 Julia;
883 4798 954 4851 de
983 4797 1258 4864 Cazacho,
1281 4801 1337 4852 S.
1363 4797 1599 4853 Thomas
1635 4797 1704 4852 de
1741 4797 2077 4866 Quintiano,

433 4885 627 4943 Sancti
669 4885 985 4942 Salvatoris
1027 4886 1099 4941 de
1128 4885 1274 4942 valle
1315 4885 1687 4950 Camonicha,
1733 4887 1928 4942 Sancti
1957 4889 2079 4942 An-

435 4977 586 5032 drea
636 4974 970 5049 Brigniano,
1026 4979 1246 5030 Sancta:
1302 4976 1494 5032 Mariae
1570 4976 1642 5031 de
1697 4975 1960 5041 Canturi,
2017 4976 2076 5032 S.

436 5063 646 5137 )Egidii
695 5065 766 5120 de
813 5063 1170 5136 Vergesima.
1204 5064 1554 5120 Monasterio
1587 5064 1645 5119 S.
1682 5065 1828 5119 Petri
1865 5065 1936 5121 de
1969 5066 2078 5120 Ilo-

436 5151 635 5222 dingo,
680 5151 874 5208 Sancti
922 5152 1072 5207 Petri
1121 5152 1191 5207 de
1246 5152 1506 5208 Provallo
1555 5167 1690 5207 cum
1745 5153 1837 5208 his
1886 5153 2078 5220 cellis,

439 5238 717 5310 Trigulis,
747 5239 1072 5310 Alﬁanello,
1101 5247 1157 5296 8.
1191 5239 1482 5296 Gabrielis
1511 5239 1582 5295 de
1611 5239 1897 5296 Cremona
1943 5257 2078 5296 cum

439 5327 602 5383 cellis
641 5329 764 5385 suis
815 5347 942 5401 quae
993 5331 1115 5387 sitae
1165 5333 1306 5386 sunt
1355 5329 1411 5383 in
1458 5332 1650 5384 castro
1705 5329 2076 5396 Fontanellzn,

440 5414 701 5487 Trigulo,
761 5417 1076 5485 Grumello,
1136 5417 1530 5484 Scandolario,
1594 5416 1861 5473 Brixiana
1909 5419 2082 5489 juxta

441 5503 720 5560 Virolam.
749 5507 806 5561 In
842 5507 1150 5576 Placentia,
1190 5505 1539 5564 monasterio
1567 5505 1766 5562 Sancti
1797 5507 2078 5578 Gregorii,

442 5611 576 5652 cum
609 5593 700 5652 his
727 5593 910 5660 cellis,
933 5597 1178 5654 ecclesia
1206 5596 1404 5654 Sancti
1437 5594 1644 5653 Leonis
1674 5597 1744 5652 de
1777 5595 2078 5666 Miradolo,

2185 537 2438 592 nasterio
2472 536 2668 593 Sancti
2707 537 2906 606 Marci,
2939 556 3074 596 cum
3123 538 3215 596 his
3265 538 3445 608 cellis,
3479 540 3836 598 Sanctorum

2183 625 2355 680 Firmi
2391 630 2446 681 et
2478 626 2698 682 Rustici
2746 629 2816 683 de
2847 628 3062 697 Fratta,
3097 630 3322 684 Sancta;
3368 629 3571 684 Crucis
3616 631 3687 686 de
3734 629 3840 685 Vi-

2182 715 2454 784 codardo,
2473 716 2698 771 Sanctae
2731 716 2924 772 Mariae
2951 718 3022 774 de
3045 717 3440 774 Calventiano.
3475 718 3839 776 Monasterio

2181 803 2377 859 Sancti
2407 804 2653 859 Joannis
2683 805 2753 861 de
2786 808 3136 862 Vertumade
3184 824 3317 862 cum
3373 807 3497 862 suis
3546 807 3835 876 ecclesiis,

2180 893 2524 948 Sanctorum
2559 899 2882 966 martyrum
2916 894 3180 950 Cassiani
3212 899 3270 950 et
3308 895 3603 969 Hippolyti
3632 897 3704 952 de
3737 896 3840 953 Ul-

2181 981 2339 1048 zade,
2374 982 2596 1038 Sancta:
2629 982 2820 1037 Mariae
2873 984 2944 1039 de
2995 983 3241 1051 Laveno,
3276 988 3333 1039 et
3378 986 3603 1040 Sancta:
3656 984 3838 1040 Helia:

2181 1069 2252 1125 de
2301 1071 2492 1126 Monte
2541 1070 2804 1144 Veglimo
2854 1088 2987 1127 cum
3034 1072 3323 1128 universis
3373 1074 3735 1146 appendiciis
3775 1079 3839 1130 et

2183 1159 2546 1231 pertinentiis
2577 1160 2720 1216 suis.

2253 1250 2382 1304 Haec
2412 1249 2630 1317 omnia,
2661 1249 2747 1304 vel
2783 1267 2909 1322 qua:
2942 1251 3016 1305 in‘
3052 1251 3340 1316 futurum,
3374 1251 3620 1309 Domino
3667 1255 3840 1325 adju-

2179 1343 2368 1408 vante,
2394 1339 2554 1410 juste
2585 1338 2849 1410 poteritis
2880 1338 3145 1412 adipisci,
3173 1340 3280 1396 tibi
3327 1341 3564 1414 tuisque
3604 1359 3839 1399 succes-

2181 1427 2413 1483 soribus
2445 1428 2525 1482 ita
2557 1432 2834 1500 perpetuo
2868 1428 3511 1501 regenda,disponenda
3538 1447 3605 1486 ac
3637 1432 3834 1504 possi-

2182 1517 2371 1572 denda
2422 1518 2747 1584 ﬁrmamus,
2781 1522 2846 1571 ut
2875 1517 3091 1573 nemini
3123 1535 3380 1590 unquam
3413 1517 3584 1575 liceat
3618 1536 3833 1575 eorum

2180 1604 2399 1677 aliquid
2431 1624 2466 1661 a
2495 1605 2741 1661 caznobii
2774 1605 3172 1663 Cluniacensis
3203 1607 3425 1662 unitate
3454 1607 3830 1665 subtrahere.

2182 1695 2354 1750 Porro
2385 1695 2539 1750 sicut
2585 1713 2618 1751 a
2662 1695 2842 1750 beatas
2897 1696 3189 1751 memoriae
3233 1713 3396 1769 papa
3441 1696 3715 1769 Gregorio
3763 1697 3831 1752 in

2181 1783 2442 1840 Romana
2473 1785 2714 1857 synodo,
2747 1789 2804 1839 et
2848 1801 2882 1839 a
2930 1783 3101 1840 nobis
3153 1802 3340 1858 nuper
3386 1785 3446 1840 in
3489 1785 3836 1842 Placentina

2181 1875 2465 1928 statutum
2498 1879 2606 1938 est,
2631 1872 2934 1945 praesentis
2969 1871 3251 1945 privilegii
3277 1874 3620 1930 auctoritate
3635 1874 3834 1930 decer-

2181 1961 2398 2031 nimus,
2432 1965 2497 2017 ut
2542 1960 2687 2016 nulli
2733 1961 2809 2016 sit
2841 1961 3300 2034 archiepiscopo,
3335 1961 3478 2017 nulli
3527 1963 3834 2035 episcopo,

2180 2049 2326 2104 nulli
2381 2051 2712 2122 apostolicae
2759 2050 2918 2106 sedis
2964 2049 3152 2122 legato
3188 2049 3455 2119 facultas,
3490 2051 3616 2107 sine
3672 2057 3833 2108 certo

2182 2139 2426 2194 Romani
2489 2138 2780 2210 pontiﬁcis
2841 2143 3144 2210 praecepto,
3197 2139 3507 2194 adversum
3565 2157 3666 2196 vos
3725 2145 3835 2196 aut

2178 2233 2437 2283 vestrum
2471 2226 2800 2282 coenobium
2819 2227 3444 2284 excommunicationis
3464 2233 3567 2284 aut
3588 2229 3836 2285 interdi-

2179 2315 2389 2371 ctionis
2436 2316 2690 2387 proferre
2742 2315 3114 2382 sententiam,
3169 2332 3358 2388 neque
3405 2320 3618 2383 vestra,
3663 2317 3834 2374 vobis

2179 2404 2398 2470 invitis,
2421 2403 2648 2473 judicia
2688 2403 2984 2460 ventilare.
3019 2403 3373 2472 Dalmaticae,
3406 2421 3836 2478 compagorum

2178 2493 2617 2560 (sandaliorum),
2668 2491 3109 2564 chyrotecarum
3167 2496 3226 2548 et
3287 2493 3471 2549 mitrae
3532 2511 3707 2550 usum
3767 2494 3830 2550 in

2181 2580 2594 2638 festivitatibus
2623 2585 2751 2636 octo
2782 2580 3114 2654 precipuis,
3151 2581 3303 2637 sicut
3359 2581 3464 2638 tibi
3515 2583 3835 2640 cencessus

2177 2673 2285 2736 est,
2321 2670 2401 2724 ita
2430 2669 2548 2724 tuis
2580 2685 2814 2740 quoque
2845 2670 3302 2736 successoribus,
3331 2687 3436 2742 pro
3459 2675 3570 2727 tua
3602 2671 3836 2743 religio-

2179 2758 2270 2812 nis
2301 2755 2570 2828 ampliori
2609 2755 2935 2824 dilectione,
2980 2757 3376 2814 concedimus.
3427 2758 3486 2815 Si
3532 2776 3648 2831 qua
3694 2777 3834 2817 vero

2177 2843 2570 2901 ecclesiastica
2601 2843 2964 2900 saecularisve
3011 2861 3260 2917 persona
3307 2844 3486 2916 hujus
3536 2846 3831 2921 privilegii

2178 2934 2452 3006 paginam
2485 2934 2698 2999 sciens,
2717 2937 2918 2989 contra
2943 2950 3071 2989 eam
3104 2937 3320 2990 temere
3344 2933 3540 2989 venire
3566 2938 3831 2992 tentave-

2177 3022 2272 3091 rit,
2301 3022 2559 3078 secundo
2608 3021 2847 3078 tertiove
2891 3021 3270 3091 commonita,
3323 3021 3375 3078 si
3424 3039 3540 3078 non
3590 3023 3829 3080 satisfa-

2175 3111 2366 3166 ctione
2396 3128 2657 3184 congrua
2684 3111 3096 3180 emendaverit,
3131 3110 3436 3182 potestatis
3468 3111 3829 3185 honorisque

2176 3200 2267 3256 sui
2318 3199 2602 3273 dignitate
2655 3203 2868 3264 careat,
2917 3215 3194 3272 reamque
3243 3217 3306 3256 se
3362 3199 3558 3256 divino
3596 3201 3827 3272 judicio

2177 3289 2423 3346 existere
2471 3289 2543 3346 de
2589 3294 2918 3362 perpetrata
2965 3287 3272 3360 iniquitate
3321 3294 3658 3362 cognoscat,
3687 3294 3745 3347 et
3793 3307 3829 3346 a

2177 3378 2576 3434 sacratissimo
2607 3393 2846 3450 corpore
2877 3394 2944 3434 ac
2992 3378 3278 3451 sanguine
3331 3377 3431 3433 Dei
3480 3382 3539 3434 et
3591 3378 3827 3435 Domini

2178 3466 2362 3524 nostri
2391 3468 2532 3524 Jesu
2572 3465 2787 3524 Christi
2838 3466 3027 3523 aliena
3078 3468 3202 3532 fiat,
3235 3471 3411 3538 atque
3458 3467 3518 3521 in
3567 3472 3826 3523 extremo

2177 3557 2442 3612 examine
2471 3555 2748 3612 districta:
2781 3554 2991 3611 ultioni
3024 3556 3342 3627 subjaceat.
3358 3553 3593 3610 Cunctis
3624 3559 3822 3612 autem

2177 3646 2366 3701 eidem
2392 3644 2516 3700 loco
2541 3645 2710 3715 justa
2739 3643 3108 3700 servantibus
3140 3646 3216 3700 sit
3244 3662 3354 3717 pax
3370 3643 3603 3700 Domini
3636 3645 3822 3701 nostri

2174 3734 2315 3789 Jesu
2349 3732 2585 3788 Christi.
2612 3735 2815 3788 Amen.

2249 3821 2459 3876 Datum
2511 3819 2812 3876 Placentiae
2865 3837 2967 3892 per
3015 3837 3257 3877 manum
3300 3820 3565 3888 Joannis,
3608 3826 3821 3877 sancta:

2180 3909 2452 3964 Romanae
2487 3907 2749 3964 Ecclesia:
2781 3907 3011 3965 diaconi
3050 3909 3386 3975 cardinalis,
3434 3927 3548 3965 xvu
3580 3909 3819 3966 Kalend.

2176 3995 2383 4069 April.,
2419 3997 2791 4069 pontificatus
2834 4001 3031 4054 autem
3063 3997 3262 4054 domni
3311 3997 3527 4054 Urbani
3578 3998 3818 4054 secundi

2178 4101 2341 4158 papa:
2373 4103 2525 4142 anno
2557 4103 2676 4141 vm.

2831 4211 3163 4268 CXXXVIII.

2179 4300 2540 4368 Privilegium
2573 4301 2779 4358 Urbani
2803 4317 2959 4373 papae
3003 4303 3052 4356 11
3077 4317 3192 4426 ιρνο
3223 4301 3447 4356 ecclesia
3495 4300 3550 4355 S.
3583 4300 3734 4356 Petri
3762 4300 3826 4357 de

2848 4371 3072 4426 Guastal
3097 4390 3149 4426 a.

2848 4371 3149 4428 Guastalla.

2807 4488 2991 4559 (Anno
3024 4487 3207 4558 1095.)

2294 4602 2486 4673 [ΑΗ-ο,
2521 4604 2717 4658 Istort'a
2742 4602 2888 4658 deus
2908 4604 3039 4658 cz’tta
3067 4619 3094 4657 ε
3113 4602 3304 4658 ducalo
3333 4601 3390 4656 di
3416 4600 3720 4666 Guastalla,

2453 4673 2753 4730 Guastalla
2778 4675 2938 4742 1785,
2971 4673 3132 4740 ίΠ-4θ,
3165 4677 3205 4729 t.
3251 4674 3293 4739 l,
3322 4690 3379 4746 p.
3415 4673 3564 4742 325.]

2260 4797 2535 4854 Unamus
2565 4797 3108 4869 episcOpus,scrvus
3140 4814 3440 4854 servorum
3461 4795 3582 4863 Dei,
3601 4794 3827 4851 dilectis

2188 4887 2325 4942 filiis
2355 4889 2628 4952 ANDREA-Z,
2663 4884 3163 4958 archipresbytero
3188 4885 3455 4942 Ecclesiae
3484 4885 3645 4941 Beati
3680 4882 3827 4940 Petri

2143 4975 2153 4983 ’
2187 4992 2314 5047 quae
2345 4975 2403 5030 in
2437 4973 2830 5030 Guastallensi
2862 4992 3010 5047 pago
3041 4974 3154 5031 sita
3176 4975 3536 5046 est,ejusque
3556 4971 3828 5029 fratribus

2186 5067 2305 5118 tam
2359 5063 2746 5135 praesentibus
2797 5080 2972 5135 quam
3025 5065 3239 5120 futuris
3287 5063 3564 5120 canonice
3611 5061 3827 5119 substi-

2188 5153 2422 5208 tuendis
2447 5151 2506 5206 in
2539 5156 2907 5223 perpetuum.

2255 5241 2286 5295 J
2297 5239 2446 5295 ustis
2477 5239 2626 5295 votis
2658 5256 2968 5296 assensum
2999 5241 3303 5312 perhibere
3323 5240 3624 5313 justisque
3646 5239 3826 5310 petio-

2187 5327 2361 5384 nibus
2392 5344 2563 5384 aures
2592 5329 3033 5385 accommodare
3064 5347 3171 5386 nos
3214 5329 3505 5397 convenit,
3539 5327 3666 5400 qui,
3697 5325 3830 5382 licet

2188 5417 2681 5490 indigniJustitize
2696 5417 2966 5473 custodes
2991 5421 3167 5490 atque
3186 5434 3482 5490 praecones
3500 5418 3558 5472 in
3578 5415 3832 5473 Ecclesia

2189 5505 2585 5579 apostolorum
2617 5505 2949 5579 principum
2979 5507 3129 5564 Petri
3153 5511 3210 5562 et
3240 5506 3400 5563 Pauli
3451 5505 3690 5578 specula
3729 5505 3832 5560 Do-

2191 5595 2350 5653 mino
2381 5594 2728 5667 disponente
2756 5595 3022 5654 videmur
3049 5595 3314 5652 existere.
3347 5596 3736 5667 Quapropter,
3750 5592 3830 5650 fili
