3988 6164
175 271 303 353 443

1362 285 1770 354 EPISTOL/E
1811 285 1912 354 ET
1957 285 2424 353 PRIVILEGIA.

3474 274 3597 358 4th

178 421 241 482 in
272 424 507 482 Christo
539 421 883 480 charissima
912 420 1160 492 Andrea,
1195 420 1519 479 devotionis
1551 428 1660 479 tua
1709 441 1836 497 pre-
1866 425 1921 493 Α
1951 423 2516 494 subjaceat.Cunctis
2548 427 2742 482 autem
2773 422 3284 496 eidemloco,justa
3315 416 3596 483 servanti-

180 515 354 571 cibus
385 517 732 580 annuentes,
762 510 917 568 beati
959 511 1109 567 Petri
1152 511 1418 584 apostoli,
1448 513 1540 568 cui
1593 514 1836 568 Domino

181 610 426 661 auctore
459 602 735 676 prasides
755 600 1059 657 ecclesiam
1083 600 1290 672 quain
1319 601 1621 658 Guastalla
1645 603 1700 658 in
1731 619 1837 657 suo

180 692 404 767 pradio
447 691 763 747 constituta
812 707 844 746 a
887 689 1274 746 dilectissima
1320 690 1470 746 beati
1520 691 1668 747 Petri
1717 692 1837 747 lilio

182 782 587 854 Ermengarda
607 780 808 852 regina
828 784 884 834 et
910 797 940 833 a
973 779 1212 834 domino
1234 780 1544 834 Garimano
1575 781 1838 852 ejusdem

183 869 445 928 ecclesia
479 869 784 924 fundatore
836 868 949 923 Deo
981 885 1046 922 ac
1077 869 1243 922 beato
1299 869 1463 923 Petro
1505 868 1699 924 oblata
1729 875 1838 938 est,

183 966 241 1015 et
299 975 336 1014 a
381 958 810 1030 praedecessore
857 961 1052 1011 nostro
1102 955 1288 1012 felicis
1347 958 1639 1013 memoria
1691 975 1842 1030 papa

186 1046 472 1120 Gregorio
503 1046 710 1118 quinto
761 1045 818 1100 in
849 1045 1080 1116 plebem
1131 1046 1202 1100 de
1247 1046 1467 1118 capella
1514 1053 1838 1120 promotam

185 1141 241 1193 et
289 1139 698 1193 consecratam
746 1135 856 1189 sub
908 1133 1237 1207 apostolica
1289 1135 1444 1192 sedis
1488 1137 1842 1209 protertione

185 1224 528 1299 specialiter
577 1223 996 1280 confovendam
1047 1223 1426 1296 suscipimus,
1456 1231 1513 1282 et
1559 1226 1663 1281 tibi
1712 1243 1840 1282 eam

181 1316 433 1387 tuisque
462 1312 903 1370 successoribus
943 1312 1220 1369 canonice
1250 1315 1682 1371 substituendis
1705 1317 1844 1387 jure

183 1407 476 1478 perpetuo
507 1402 883 1458 concedimus
926 1407 1100 1474 atque
1132 1403 1437 1459 ﬁrmamus
1489 1421 1622 1460 cum
1653 1405 1844 1460 tribus

183 1489 456 1566 capellis,
511 1489 776 1546 videlicet
823 1491 880 1546 8.
929 1490 1356 1560 Bartholomai,
1412 1493 1469 1549 8.
1512 1492 1741 1565 Georgii
1790 1498 1846 1548 et

179 1581 247 1638 ’8.
285 1579 553 1648 Martini,
589 1584 646 1634 et
695 1596 828 1635 eum
877 1580 1152 1635 omnibus
1201 1581 1326 1636 suis
1375 1582 1846 1654 possessionibus

185 1688 293 1728 seu
326 1669 580 1726 decimis
606 1669 676 1724 ad
703 1669 861 1741 ipsas
884 1669 1769 1740 pertinentibus.Constituimus
1785 1677 1848 1726 ut

185 1759 396 1816 nullus
445 1758 601 1814 infra
628 1757 910 1814 terminos
955 1763 1155 1813 vestrae
1207 1759 1492 1830 parochia
1540 1760 1845 1817 ecclesiam

188 1849 486 1905 aedificare
517 1851 835 1918 prasumat
865 1846 977 1901 nisi
1025 1863 1127 1918 per
1178 1853 1426 1904 vestram
1476 1849 1767 1906 licentiam
1795 1855 1851 1905 et

188 1955 320 2010 qua
372 1935 542 1992 vobis
603 1936 812 1991 debeat
860 1951 989 1991 esse
1041 1936 1322 2006 subjecta.
1377 1938 1440 1992 Et
1490 1956 1850 2014 quacunque

175 2025 646 2101 praesentialiter
701 2029 896 2080 vestra
955 2024 1201 2080 ecclesia
1255 2028 1413 2096 juste
1469 2045 1534 2082 ac
1588 2027 1852 2100 legaliter

191 2114 486 2188 possidet,
518 2113 636 2169 sive
665 2111 723 2166 in
765 2112 1033 2168 futurum
1083 2113 1454 2171 concessione
1487 2116 1848 2188 pontiﬁcum,

187 2203 554 2259 liberalitate
597 2217 800 2274 regum
848 2200 936 2256 vel
994 2202 1349 2274 principum,
1401 2221 1504 2260 seu
1563 2203 1853 2260 oblatione

178 2291 466 2348 ﬁdelium
505 2291 666 2363 juste
710 2293 768 2344 et
811 2289 1087 2344 canonice
1136 2291 1352 2362 poteris
1385 2292 1650 2365 adipisci,
1685 2295 1854 2349 ﬁrma

190 2382 365 2438 vobis
383 2379 712 2451 vestrisque
742 2379 1182 2434 successoribus
1199 2397 1537 2451 permanere
1549 2383 1854 2454 prasentis

194 2468 496 2544 privilegii
537 2467 884 2524 auctoritate
934 2468 1256 2523 sancimus.
1294 2470 1671 2527 Decernimus
1719 2489 1854 2544 ergo

195 2567 265 2616 ut
295 2557 452 2614 nulli
473 2557 715 2614 omnino
741 2556 1048 2612 hominum
1067 2556 1515 2614 liceateamdem
1540 2560 1854 2616 Ecclesiam

203 2655 426 2704 temere
461 2646 802 2718 perturbare
835 2650 936 2700 aut
964 2646 1015 2700 ei
1049 2647 1314 2702 subditas
1343 2649 1744 2718 possessiones
1763 2668 1858 2704 au-

204 2739 360 2794 ferre
411 2735 502 2791 vel
536 2733 762 2791 ablatas
791 2735 1058 2802 retinere,
1093 2736 1376 2802 minuere,
1407 2737 1494 2793 vel
1532 2739 1857 2794 temerariis

197 2825 616 2882 vexationibus
659 2823 921 2895 fatigare,
956 2824 1056 2878 sed
1101 2825 1300 2880 omnia
1347 2826 1569 2896 integra
1623 2813 1876 2883 conser-i

199 2920 418 2970 ventur
450 2929 651 2970 eorum
685 2929 790 2985 pro
822 2929 1072 2986 quorum
1106 2915 1529 2972 sustentatione
1561 2921 1617 2972 et
1646 2919 1856 2990 guber-

205 3003 454 3060 natione
482 3015 758 3058 concessa
787 3001 1511 3060 suntusibusomnimodis
1532 3007 1856 3076 profutura.

207 3094 478 3149 Obeunte
527 3097 722 3146 autem
767 3095 824 3146 te
871 3108 1029 3145 nunc
1067 3093 1196 3162 ejus
1254 3091 1360 3147 loci
1411 3095 1720 3166 praposito
1773 3094 1858 3150 vel

1949 513 2061 568 bus
2094 513 2170 568 sit
2193 531 2302 586 pax
2321 513 2552 569 Domini
2576 513 2760 570 nostri
2775 515 3179 588 Redemptoris
3191 515 3330 572 Jesu
3347 515 3591 585 Christi,

1949 606 2239 673 quatenus
2269 608 2326 658 et
2359 603 2450 657 hic
2483 603 2736 659 fructum
2770 605 2934 660 bona
2983 605 3228 661 actionis
3271 606 3597 680 percipiant

1947 695 2006 746 et
2036 693 2191 762 apud
2222 691 2551 746 districtum
2575 691 2837 762 judicem
2879 694 3118 763 pramia
3165 698 3388 750 aterna
3436 695 3595 768 pacis

1949 779 2265 836 inveniant.
2297 783 2503 850 Amen,
2538 797 2729 845 amen,
2762 797 2954 835 amen.

2019 869 2137 940 Ego
2168 869 2434 925 Urbanus
2466 869 2758 925 catholica
2787 868 3054 925 Ecclesia
3085 870 3414 943 episcopus.

2021 957 2232 1012 Datum
2292 957 2596 1012 Placentia
2655 974 2758 1030 per
2815 975 3024 1014 manus
3081 958 3324 1015 Joannis
3380 966 3593 1016 sancta

1952 1047 2225 1102 Romana
2259 1047 2524 1102 Ecclesia
2558 1045 2892 1117 cardinalis,
2923 1047 3107 1119 pridie
3157 1047 3396 1104 Kalend.
3427 1051 3594 1121 Apri-

1951 1135 2044 1202 lis,
2082 1135 2282 1190 indict.
2317 1153 2400 1202 III,
2435 1153 2588 1192 anno
2630 1135 2944 1192 Dominica
2976 1137 3400 1193 Incarnationis
3431 1139 3591 1205 1096,

1951 1223 2325 1295 pontiﬁcatus
2359 1228 2552 1279 autem
2583 1226 2781 1280 domni
2834 1225 3049 1280 Urbani
3091 1226 3329 1281 secundi
3356 1227 3462 1282 PP.
3497 1244 3596 1282 oc-

1951 1317 2098 1369 tavo.

2636 1422 2914 1477 CXXXIX.

2057 1509 2263 1566 Urbani
2291 1512 2340 1565 II
2361 1525 2521 1579 papa:
2546 1510 2614 1564 ad
2637 1511 2970 1568 Richardum
2998 1519 3207 1568 sanctae
3239 1513 3499 1570 Romana

2329 1583 2578 1638 Ecclesia
2603 1583 2943 1638 cardinalc-m
2975 1584 3222 1655 epistola.
3558 1587 3566 1596 ’

2573 1672 2758 1740 (Λιιηο
2795 1672 2978 1742 1095.)

2047 1760 2377 1842 [Πυειιεδξω
2408 1760 2568 1884 (11%.),
2601 1761 2930 1843 Histoirede
2958 1769 3076 1816 lous
3105 1763 3180 1817 les
3213 1762 3521 1818 cardinum:

2103 1831 2383 1884 fruticare:
2439 1833 2597 1884 ’aris.
2634 1834 2789 1884 1660.
2833 1832 3046 1884 1n-l‘ol..
3080 1838 3122 1884 t.
3159 1833 3224 1884 ll.
3263 1851 3314 1884 ο.
3350 1835 3462 1884 4οᾸ

2099 1831 2383 1902 frangrais;
2416 1831 2597 1899 Paris,
2634 1834 2789 1898 1660,
2833 1831 3046 1898 in-fol.,
3080 1838 3122 1888 t.
3159 1833 3224 1899 Il,
3259 1851 3314 1904 p.
3350 1835 3462 1904 40.]

2033 1937 2308 1993 [insanus
2340 1938 2668 2010 episcopus.
2691 1955 2892 1994 servus
2927 1956 3226 1996 servorum
3259 1941 3605 2007 Dei,dilecto

1961 2026 2020 2081 in
2048 2027 2125 2081 Ch
2137 2026 2276 2081 risto
2295 2028 2456 2082 l‘ratri
2491 2033 2546 2082 et
2577 2029 3048 2100 compresbytero
3073 2023 3607 2098 R1cnaaoo,saucta

1965 2116 2235 2170 Romana
2268 2115 2535 2170 Ecclesia
2569 2116 2848 2170 cardinali
2891 2121 2945 2172 et
2993 2117 3342 2172 Massiliensi
3387 2118 3606 2183 abbati,

1963 2206 2208 2275 ejusque
2240 2203 2678 2260 successoribus
2710 2204 3055 2277 regulariter
3084 2206 3514 2263 substituendi‘s
3548 2206 3608 2261 in

1963 2299 2330 2365 perpetuum.

2038 2379 2070 2436 J
2083 2381 2232 2435 ustis
2261 2381 2409 2436 votis
2440 2397 2748 2437 assensum
2773 2383 3046 2454 praebere,
3067 2381 3366 2455 justisque
3390 2381 3614 2456 petitio-

1966 2470 2142 2524 nibus
2174 2487 2344 2524 aures
2375 2471 2748 2526 commodare
2779 2488 2883 2526 nos
2905 2469 3193 2536 convenit,
3227 2470 3323 2544 qui
3354 2470 3488 2526 licet
3517 2470 3610 2526 in-

1966 2559 2126 2631 digni
2151 2559 2396 2630 justitia
2427 2561 2699 2616 custodes
2747 2563 2920 2631 atque
2953 2577 3245 2632 pracones
3295 2560 3355 2614 in
3387 2559 3615 2616 excelsa

1966 2647 2362 2720 apostolorum
2395 2648 2726 2720 principum
2760 2649 2911 2704 Petri
2939 2655 2997 2704 et
3035 2647 3195 2704 Pauli
3229 2648 3468 2720 specula
3495 2648 3613 2704 Do-

1967 2736 2126 2791 mino
2158 2737 2502 2810 disponente
2540 2737 2808 2793 videmur
2839 2739 3104 2794 existere.
3137 2737 3284 2803 Quia
3327 2737 3526 2810 igitur,
3559 2740 3616 2792 et

1968 2829 2651 2882 antecessorumtuorum
2674 2832 2731 2882 et
2760 2827 2842 2882 tui
2875 2827 3192 2883 strenuitas
3221 2825 3279 2881 in
3295 2827 3616 2898 reparando

1968 2915 2358 2986 quorumdam
2394 2917 2790 2971 canobiorum
2821 2921 2975 2971 statu
3007 2921 3243 2970 strenue
3272 2931 3339 2970 ac
3369 2914 3618 2970 sollicite

1966 3003 2240 3075 vigilavit,
2287 3004 2551 3074 petitioni
2605 3005 2733 3060 dua
2780 3005 3057 3060 duximus
3088 3005 3468 3059 annuendum
3499 3020 3616 3059 non

1971 3091 2284 3157 immerito,
2333 3095 2396 3146 ut
2443 3093 2499 3146 in
2547 3092 2763 3147 eisdem
2799 3091 3169 3148 monasteriis
3217 3091 3618 3162 disponendis,

211 3187 452 3238 tuorum
499 3179 761 3252 quolibet
804 3196 1209 3236 successorum
1261 3164 1459 3238 nullus
1491 3164 1570 3238 ibi
1601 3183 1863 3255 qualibet
1893 3164 1935 3231 C
1973 3179 2251 3234 abbatum
2284 3179 2506 3236 scilicet
2533 3179 3000 3236 ordinationibus
3041 3186 3218 3251 atque
3248 3180 3616 3235 correctioni-

209 3268 624 3342 subreptionis-
646 3268 863 3324 astutia
893 3267 978 3322 vel
1025 3269 1300 3324 violentia
1343 3277 1703 3342 proponatur
1751 3272 1864 3327 nisi

215 3373 391 3432 quem
426 3358 637 3413 fratres
670 3358 968 3412 communi
1001 3375 1289 3414 consensu
1322 3359 1406 3414 vel
1452 3361 1697 3416 fratrum
1730 3378 1865 3432 pars

217 3446 449 3504 consilii
480 3446 730 3502 sanioris
760 3448 1084 3502 secundum
1107 3448 1210 3503 Dei
1242 3449 1508 3503 timorem
1527 3449 1867 3521 regulariter

212 3536 540 3610 elegerint;
593 3551 699 3590 nec
749 3535 894 3607 ipsis
937 3536 1120 3603 vobis,
1170 3553 1273 3592 nec
1323 3537 1496 3593 alicui
1545 3538 1652 3593 loci
1704 3538 1863 3595 illius

215 3625 492 3682 ministro
525 3623 773 3680 facultas
804 3623 882 3680 sit
910 3623 1165 3680 ecclesia
1187 3626 1340 3680 bona
1369 3625 1427 3680 in
1452 3627 1691 3682 feudum
1716 3626 1866 3682 mili-

207 3714 373 3770 tibus
405 3712 492 3769 vel
526 3711 824 3784 aliquibus
856 3714 1120 3786 personis
1153 3714 1530 3771 saeularibus
1554 3716 1860 3788 impertiri.

209 3803 330 3858 Hoc
361 3818 600 3875 quoque
622 3803 892 3873 prasenti
921 3802 1176 3874 capitulo
1199 3805 1618 3877 subjungimus
1649 3810 1712 3861 ut
1741 3807 1867 3877 ipsa

208 3890 460 3947 ecclesia
487 3895 546 3947 et
572 3890 761 3962 ipsius
793 3890 1058 3947 Ecclesia
1091 3892 1353 3947 canonici
1388 3894 1460 3948 ab
1491 3894 1650 3949 omni
1683 3911 1862 3949 sacu-

211 3979 355 4035 laris
385 3977 605 4035 servitii
637 3978 755 4034 sint
785 3977 1154 4035 infestatione
1199 3981 1388 4036 securi
1429 3983 1705 4054 omnique
1733 3999 1863 4056 gra-

203 4068 439 4124 vamine
485 4067 791 4123 mundana
839 4068 1245 4140 Oppressionis
1299 4071 1502 4124 remoti
1551 4070 1607 4124 in
1650 4075 1866 4126 sancta

204 4156 507 4229 religionis
553 4155 958 4212 observatione
1012 4157 1200 4212 seduli
1249 4164 1424 4230 atque
1473 4159 1674 4230 quieti,
1719 4160 1862 4214 nulli

201 4245 304 4301 alii
337 4245 450 4300 nisi
477 4245 753 4301 Romana
785 4251 842 4301 et
877 4246 1207 4318 apostolica
1241 4247 1364 4303 sedi
1399 4249 1569 4319 cujus
1593 4249 1746 4320 juris
1777 4255 1866 4306 est

203 4335 438 4406 aliaque
466 4337 780 4390 teneantur
810 4335 1114 4391 occasione
1140 4336 1688 4406 subjecti.Chrisma
1710 4355 1862 4404 vero,

203 4423 403 4479 oleum
434 4426 734 4489 sanctum,
769 4425 1232 4480 consecrationes
1276 4424 1676 4492 ecclesiarum,
1709 4427 1860 4482 ordi-

1972 3268 2084 3322 bus
2114 3274 2342 3324 nostras
2360 3269 2462 3323 tibi
2479 3268 2712 3338 tuisque
2727 3268 3005 3340 legitimis
3018 3267 3619 3324 successoribusvices

1973 3359 2337 3414 committere
2367 3357 2703 3424 debeamus,
2739 3357 2892 3412 sicut
2923 3357 3334 3430 praedecessori
3381 3360 3481 3412 tuo
3524 3373 3620 3412 ve-

1975 3447 2218 3502 nerabili
2280 3447 2400 3502 viro
2457 3447 2749 3501 Bernardo
2807 3447 2878 3501 ab
2939 3445 3267 3518 apostolica
3327 3445 3619 3502 memoria

1975 3535 2248 3609 Gregorio
2272 3536 2691 3608 praedecessore
2726 3541 2927 3592 nostro
2957 3538 3284 3591 commissa
3315 3540 3474 3603 sunt,
3506 3539 3564 3591 et
3588 3552 3622 3590 a

1974 3624 2262 3697 religiosis
2308 3625 2599 3697 episcopis
2647 3629 2700 3680 et
2733 3625 3101 3698 principibus
3149 3626 3525 3691 confirmata,
3561 3625 3618 3680 in

1973 3731 2225 3786 quorum
2257 3713 2548 3785 parochiis
2578 3713 2872 3769 habentur
2904 3713 3259 3770 monasteria
3292 3733 3304 3770 :
3343 3714 3624 3770 Videlicet

1973 3801 2397 3858 monasterium
2432 3804 2655 3858 Sancta
2689 3803 2879 3858 Maria
2911 3804 2982 3857 de
3034 3802 3280 3874 Riupoly
3305 3802 3362 3857 in
3394 3802 3620 3874 episco-

1977 3898 2119 3964 patu
2169 3890 2537 3946 Ausoniensi.
2590 3895 2653 3944 In
2705 3891 3055 3946 Girondensi
3105 3889 3526 3946 monasterium
3557 3890 3617 3945 S.

1975 3980 2254 4051 Stephani
2287 3980 2356 4034 de
2388 3979 2657 4046 Baleolis,
2689 3984 2745 4034 et
2778 3980 2836 4033 8.
2871 3979 3020 4034 Petri
3067 3979 3138 4032 de
3189 3977 3522 4032 Bisalduno.
3556 3978 3616 4032 In

1971 4069 2204 4124 Elnensi
2252 4067 2675 4122 monasterium
2729 4067 2788 4122 8.
2819 4066 3119 4124 Michaelis
3158 4068 3229 4122 de
3275 4067 3522 4122 Coxano.
3556 4065 3618 4121 In

1974 4157 2334 4231 Bigerritano
2369 4155 2791 4212 monasterium
2825 4158 2882 4212 8.
2911 4157 3106 4211 Savini
3139 4162 3196 4212 et
3227 4157 3287 4212 S.
3321 4155 3617 4212 Severi.ln

1972 4246 2231 4303 Albiensi
2265 4244 2685 4301 monasterium
2711 4246 2768 4301 S.
2805 4244 3096 4300 Benedicti
3137 4246 3207 4300 de
3238 4244 3482 4312 Castris,
3513 4243 3615 4299 ubi

1975 4336 2180 4390 beatus
2211 4334 2552 4390 Vincentius
2594 4333 2767 4389 levita
2805 4338 2862 4388 et
2910 4337 3130 4407 martyr
3181 4333 3517 4406 requiescit.
3553 4337 3619 4388 In

1973 4424 2263 4480 Tolosano
2294 4423 2631 4496 episcopatu
2651 4421 3071 4478 monasterium
3086 4423 3310 4479 Sancta
3323 4422 3524 4478 Maria
3549 4423 3621 4478 de

210 4511 488 4568 nationes
527 4510 893 4579 clericorum,
922 4518 978 4568 et
1009 4513 1122 4568 alia
1153 4512 1547 4569 ecclesiastica
1588 4515 1865 4586 mysteria
1895 4535 1940 4598 ι)
1973 4513 2255 4570 Soricino.
2295 4513 2353 4566 in
2386 4511 2742 4568 Rhutenensi
2795 4511 3216 4567 monasterium
3249 4511 3308 4567 8.
3341 4511 3617 4577 Amantii,

205 4616 242 4656 a
273 4615 627 4672 quocunque
657 4599 956 4657 volueritis
989 4601 1271 4657 catholico
1321 4601 1493 4657 libere
1525 4603 1860 4674 suscipiatis

204 4689 504 4760 episcopo.
540 4689 621 4744 De
652 4694 857 4745 catero
891 4691 1089 4746 nullus
1118 4691 1859 4763 archiepiscopus,episco-

203 4794 343 4851 pus,
390 4777 572 4832 abbas
619 4778 708 4834 vel
759 4779 1076 4845 abbatissa,
1123 4780 1260 4848 dux,
1311 4779 1591 4847 marchio,
1639 4795 1855 4848 comes,

198 4863 547 4932 vicecomes,
571 4865 774 4937 judex,
807 4867 1114 4939 gastaldio,
1148 4873 1248 4922 aut
1280 4866 1555 4939 qualibet
1595 4868 1858 4924 ecclesia-

204 4953 358 5010 stica
387 4953 804 5027 sacularisque
825 4973 1072 5028 persona
1088 4956 1264 5026 hujus
1283 4955 1562 5029 privilegii
1582 4957 1857 5029 paginam

205 5042 427 5109 sciens,
485 5047 690 5100 contra
747 5060 874 5100 eam
944 5045 1139 5101 venire
1209 5045 1541 5112 tentaverit,
1599 5048 1857 5102 secundo

203 5131 450 5188 tertiove
488 5133 881 5190 commonitus
911 5135 959 5189 si
1011 5151 1122 5188 non
1173 5134 1570 5189 satisfactione
1602 5151 1859 5206 congrua

201 5219 604 5276 emendaverit
660 5223 970 5294 potestatis
1026 5223 1379 5294 honorisque
1428 5223 1520 5278 sui
1570 5223 1857 5296 dignitate

201 5312 399 5364 careat
429 5325 714 5381 reumque
745 5328 806 5366 se
847 5312 1041 5368 divino
1083 5311 1307 5384 judicio
1362 5312 1703 5368 existentem
1753 5330 1856 5384 pro

197 5400 431 5470 patrata
457 5397 769 5470 iniquitate
802 5406 1208 5474 cognoscat,et
1240 5418 1274 5456 a
1303 5401 1700 5456 sacratissimo
1731 5418 1858 5457 cor-

201 5503 340 5559 pore
376 5490 437 5542 et
468 5487 763 5560 sanguine
795 5489 895 5546 Dei
927 5496 984 5547 et
1009 5491 1240 5546 Domini
1264 5490 1444 5546 nostri
1471 5490 1610 5544 Jesu
1645 5490 1858 5547 Christi

200 5573 437 5631 alienus
469 5576 568 5632 ﬂat
606 5583 781 5650 atque
811 5578 1344 5635 extremoexamine
1375 5577 1621 5633 districti
1645 5579 1857 5649 judieii

1972 4608 2030 4658 et
2051 4601 2436 4658 Vabrense.ln
2456 4599 2925 4656 Carcassionensi
2950 4601 3372 4657 monasterium
3397 4601 3620 4656 Sancta

1970 4690 2162 4746 Maria
2194 4691 2267 4745 de
2295 4690 2526 4744 Crassa.
2560 4689 2622 4744 In
2671 4689 3056 4746 Nemausensi
3103 4689 3524 4746 monasterium
3557 4688 3616 4743 8.

1968 4779 2120 4835 Petri
2173 4779 2243 4834 de
2306 4777 2659 4833 Psalmodio.
2713 4779 2776 4833 In
2827 4779 3173 4844 Arelatensi,
3237 4779 3296 4833 S.
3348 4777 3499 4831 Petri
3549 4775 3620 4830 de

1969 4869 2161 4924 Monte
2192 4866 2415 4937 Majori.
2437 4866 2499 4921 In
2530 4865 2748 4937 quibus
2777 4867 3053 4922 omnibus
3085 4867 3354 4921 defuncto
3385 4863 3616 4929 abbate,

1966 4956 2072 5012 tibi
2105 4956 2342 5027 tuisque
2374 4955 2812 5032 successoribus
2844 4973 2986 5011 cura
3017 4954 3112 5021 sit,
3149 4951 3448 5008 communi
3483 4949 3617 5004 reli-

1967 5048 2266 5118 giosorum
2301 5045 2546 5098 fratrum
2579 5043 2843 5111 consilio,
2877 5045 2948 5098 de
2995 5043 3255 5114 ipsorum
3307 5053 3618 5112 congrega-

1969 5137 2124 5190 tione
2155 5131 2498 5204 regulariter
2527 5131 2738 5203 eligere
2769 5127 3356 5194 successorem.Quod
3377 5125 3430 5181 si
3463 5126 3615 5182 inter

1966 5223 2126 5296 ipsos
2157 5221 2292 5278 huic
2323 5219 2592 5292 regimini
2625 5219 2950 5290 nequiverit
2979 5217 3230 5274 idoneus
3263 5213 3613 5282 inveniri,de

1964 5310 2240 5378 vestra,id
2262 5314 2352 5365 est
2369 5307 2721 5364 Massiliensi
2738 5305 3182 5379 congregatione
3208 5305 3320 5361 sibi
3339 5304 3614 5360 abbatem

1967 5404 2294 5466 assumant,
2326 5397 2481 5453 unde
2513 5395 2898 5452 institutionis
2947 5413 3065 5452 sua
3097 5413 3164 5452 ac
3196 5392 3502 5468 religionis
3531 5393 3614 5448 vi-

1969 5492 2180 5548 dentur
2222 5485 2550 5560 sumpsisse
2591 5483 2899 5556 principia.
2933 5486 2992 5542 Si
3045 5502 3197 5553 vero,
3231 5484 3387 5558 quod
3437 5481 3612 5549 absit,

1973 5579 2278 5637 ordinatus
2296 5577 2475 5632 abbas
2506 5591 2538 5628 a
2555 5573 2645 5628 sui
2666 5573 2890 5631 ordinis
2909 5574 3259 5632 rectitudine
3283 5571 3613 5639 deviavcrit,
