4004 6162
449 318 577 400 MS

1747 322 1824 392 Β.
1861 323 2169 404 ’ΠΒΒΑΝῙ
2209 321 2264 406 il
2305 324 2554 396 ΡΑΡΕ.

3736 328 3871 410 ,416

458 466 651 524 vestra
678 461 963 524 interierit
985 479 1119 530 eum
1161 459 1493 538 parochiani
1541 460 1802 537 epiocopi
1855 460 2100 522 consilio
2129 465 2179 532 Α
2281 463 2489 522 Actum
2545 460 2845 522 Placentiae
2883 477 2994 538 per
3035 479 3278 523 manum
3327 462 3594 534 Joannis,
3647 469 3864 532 sancta

459 557 688 620 abbatis
718 555 906 629 ipsius
934 555 1145 612 delicta
1159 553 1407 628 regulari
1435 553 1777 610 austeritate
1793 553 2098 627 corrigere.

2218 552 2489 610 Romanae
2523 551 2786 610 Ecclesia:
2816 553 3044 611 diaconi
3075 554 3414 623 cardinalis,
3448 554 3634 628 pridie
3665 556 3862 618 Nonas

455 648 582 713 Qua
607 647 667 705 in
698 664 758 704 re
788 645 1076 719 episcopis
1116 644 1262 716 ipsis
1312 660 1428 700 non
1480 641 1650 700 liceat
1687 643 1852 700 vobis
1906 642 2104 714 aliqua
2213 641 2448 714 Aprilis,
2483 641 2799 710 indictione
2829 661 2911 712 nx,
2944 661 3097 702 anno
3143 645 3458 702 Dominicis
3498 646 3858 706 Incarnatio-

460 738 739 810 pravitate
771 736 1060 794 resistere.
1097 734 1271 789 Porro
1302 749 1370 789 ea
1400 749 1526 805 quae
1559 749 1663 805 per
1691 733 2100 805 episcoporum

2214 731 2305 786 nis
2336 734 2492 798 1096,
2524 732 2899 805 pontiﬁcatus
2940 739 3138 791 autem
3169 734 3369 792 domni
3424 735 3640 791 Urbani
3673 736 3721 791 lt
3754 752 3858 809 pa-

459 827 914 890 concessionem,
933 841 1034 896 per
1062 822 1396 896 principum
1425 822 1856 890 liberalitatem,
1887 821 1971 878 vel
2000 839 2103 895 per
2207 837 2294 894 pas
2325 836 2446 877 vm.

457 915 809 974 oblationem
842 911 1103 970 ﬁdelium
1135 916 1239 972 tua
1280 912 1598 970 strenuitas
1627 911 1960 984 acquisivit,
1993 929 2100 968 nos

454 1003 558 1060 tibi
587 1003 825 1074 tuisque
855 1001 1298 1058 successoribus
1313 1003 1384 1056 ad
1418 1019 1588 1060 usum
1607 1003 1852 1058 fratrum
1885 1007 2100 1058 vestro-

444 1108 585 1148 rum
620 1095 896 1164 perpetuo
931 1091 1282 1163 possidenda
1296 1091 1595 1162 praesentis
1617 1091 1829 1146 decreti
1855 1091 2098 1147 auctori-

450 1184 570 1237 tate
601 1179 1093 1250 ﬁrmamus,salva
1108 1180 1512 1252 episcoporum
1541 1179 1818 1235 canonica
1841 1197 2098 1236 reveren-

442 1269 552 1326 tia.
607 1268 886 1327 Videlicet
935 1270 1105 1340 juxta
1172 1270 1526 1326 Avenionem
1593 1269 1884 1326 civitatem
1952 1269 2097 1325 cella

451 1359 645 1415 Sancti
707 1358 1030 1414 Saturnini.
1085 1360 1147 1413 In
1207 1359 1540 1430 episcopatu
1603 1358 1830 1414 Uzetico
1898 1359 2093 1414 Sancti

451 1449 783 1506 Mammetis
805 1447 1011 1504 cellam
1037 1447 1288 1504 LurseJn
1312 1447 1812 1520 arehiepiscopatu
1836 1448 2091 1519 Aqucnsi

451 1537 840 1610 parochialem
889 1535 1194 1593 ecclesiam
1229 1537 1300 1593 de
1332 1536 1535 1600 Cretis,
1569 1540 1625 1591 et
1655 1536 1989 1608 parochiam
2022 1537 2092 1593 de

447 1627 716 1693 Aﬁ‘uel,et
745 1625 1080 1698 parochiam
1109 1627 1181 1680 de
1204 1626 1354 1682 Boch
1383 1630 1438 1681 et
1467 1626 1538 1681 de
1570 1624 1938 1698 Caudalonga
1957 1643 2090 1681 cum

447 1715 652 1770 eodem
684 1718 896 1778 castro,
931 1713 1267 1783 parochiam
1294 1715 1364 1770 de
1396 1714 1635 1779 Roseth,
1666 1713 1971 1769 ecclesiam
1995 1731 2091 1785 pa-

448 1801 760 1858 rochialem
792 1803 862 1857 de
907 1803 1113 1874 Spero,
1143 1807 1204 1857 et
1232 1802 1445 1875 Arhga.
1478 1804 1746 1860 Castrum
1791 1803 1863 1858 de
1915 1803 2090 1875 Papia

437 1892 610 1963 juxta
641 1891 1024 1948 Marimanam
1069 1908 1201 1946 cum
1236 1895 1404 1964 portu
1451 1893 1522 1948 de
1572 1893 1884 1963 Bagneras,
1919 1907 2086 1964 paro-

445 1980 636 2040 chiam
671 1981 742 2035 de
767 1980 987 2036 Cofors.
1027 1981 1087 2035 In
1135 1980 1514 2050 Forojuliensi
1561 1980 1864 2036 ecclesiam
1917 1997 2089 2052 paro-

444 2069 693 2132 chialem
724 2069 795 2125 de
824 2067 1064 2137 Grimal,
1099 2070 1431 2142 parochiam
1481 2071 1551 2126 de
1571 2071 1676 2126 Aix
1703 2075 1761 2125 et
1790 2071 1860 2126 de
1893 2069 2088 2142 Flayo-

425 2175 561 2228 ,seo,
593 2158 898 2216 ecclesiam
932 2159 1127 2214 Sancti
1162 2157 1309 2214 Petri
1340 2175 1470 2214 cum
1506 2157 1821 2230 parochiali
1845 2157 2090 2215 ecclesia

441 2247 512 2305 de
542 2246 1145 2312 Salernis,eccle_siam
1177 2247 1400 2303 Sancte
1431 2247 1624 2304 Marica
1656 2265 1789 2303 cum
1817 2247 1930 2303 alia
1949 2264 2084 2304 con-

440 2335 606 2408 tigua
633 2334 937 2392 ecclesiam
959 2337 1029 2392 de
1059 2335 1303 2402 Cabaza,
1336 2336 1674 2408 parochiam
1703 2338 1773 2392 de
1805 2335 1986 2392 Luch.
2021 2336 2083 2393 In

439 2423 942 2496 Carpenterasensi
975 2423 1314 2497 episcopatu
1346 2423 1652 2480 ecclesiam
1683 2427 1741 2481 S.
1761 2425 1985 2480 Felicis.
2020 2427 2082 2480 In

438 2512 835 2570 Ebredunensi
851 2513 1354 2586 archiepiscopatu
1379 2513 1712 2586 parochiam
1733 2515 1804 2570 de
1824 2514 2081 2571 Turries.

439 2602 502 2658 In
533 2600 840 2674 Vapicensi
871 2600 1176 2658 ecclesiam
1232 2603 1431 2658 Sancti
1481 2603 1658 2674 Erigii
1693 2603 1750 2657 in
1795 2608 1986 2659 castro
2012 2604 2084 2658 de

439 2689 686 2750 Medoilo
715 2690 870 2762 apud
902 2690 1490 2747 Zeniam.S.Victoris
1520 2691 1726 2747 cellam
1759 2692 1816 2746 in
1853 2693 2084 2765 proprio

437 2778 788 2838 Masiliensis
819 2779 1066 2835 cmnobii
1091 2779 1227 2850 jure
1256 2782 1756 2836 constructum.ln
1791 2781 2081 2848 Sardinia,

438 2869 497 2924 in
531 2867 859 2926 Gallurensi
886 2867 1226 2941 episcopatu
1259 2867 1565 2925 ecclesiam
1590 2870 1784 2925 Sancti
1801 2870 2082 2943 Stephani

441 2957 516 3014 de
531 2957 889 3024 Pausada,eu
900 2973 955 3014 m
973 2957 1195 3014 caeteris
1209 2956 1470 3015 ecclesiis
1481 2973 1628 3029 quas
1645 2961 1762 3013 tam
1776 2958 2084 3030 episcopus

439 3062 618 3118 quam
640 3046 822 3117 judex
872 3043 1170 3102 Mallielini
1201 3046 1556 3102 monasterio
1594 3045 1985 3104 contulerunt.
2019 3047 2082 3104 In

433 3133 765 3192 Calaril'ano
789 3133 1058 3206 judicatu
1103 3133 1406 3190 ecclesiam
1437 3134 1634 3191 Sancti
1666 3135 1912 3192 Luciferi
1945 3153 2079 3192 cum

2946 930 3101 986 CXL.

2209 1017 2418 1076 Urbani
2432 1033 2594 1090 papa
2612 1021 2665 1074 II
2689 1018 2960 1092 eiceretur);
2983 1036 3086 1092 quo
3115 1021 3308 1075 statuit
3334 1023 3393 1074 ut
3422 1020 3659 1079 Ecclesia
3686 1020 3858 1080 Arau-

2276 1091 2471 1166 sicana
2489 1102 2610 1166 post
2628 1091 2963 1166 Giuillclgzil
2982 1091 3221 1166 ἐρέεσθρί
3236 1099 3459 1147 mortem
3488 1093 3856 1166 conjungatur

2275 1179 2400 1216 cum
2434 1163 2818 1218 Trz'castincnsi
2845 1164 3103 1221 Ecclesia.

2829 1253 3014 1324 (Anno
3049 1253 3230 1322 1095.)

2622 1340 2855 1410 [ΜΑΝει.
2889 1341 3093 1397 Concil.
3131 1339 3242 1406 XX,
3281 1339 3431 1412 809.]

2276 1447 2573 1512 Usen-us,
2595 1447 2802 1502 etc.Ad
2835 1446 3210 1518 praesentium
3244 1445 3510 1505 notitiam
3541 1451 3599 1504 et
3621 1447 3848 1506 futuro-

2204 1553 2333 1590 rum
2369 1536 2711 1590 memoriam
2743 1552 2857 1591 non
2882 1533 3060 1591 latere
3091 1535 3361 1590 volumus
3393 1536 3670 1607 quoniam
3697 1537 3853 1596 inter

2201 1623 2558 1680 Tricastinos
2589 1629 2645 1679 et
2669 1623 2979 1680 Arausicos
3010 1623 3289 1679 diuturna
3322 1625 3614 1682 contentio
3648 1626 3849 1701 habita

2200 1717 2308 1768 est.
2334 1711 2680 1770 Tricastinis
2714 1712 2951 1784 quidem
2984 1713 3053 1770 de
3086 1713 3683 1780 unitione,Arausicis
3711 1733 3845 1776 vero

2117 1836 2166 1904 B
2203 1803 2274 1858 de
2301 1801 2707 1874 parochiarum
2739 1801 3121 1858 ecclesiarum
3152 1801 3436 1858 divisione
3463 1804 3844 1862 contestanti-

2197 1891 2328 1948 bus.
2361 1892 2430 1946 Et
2461 1889 2816 1947 concertatio
2865 1907 3000 1946 cum
3051 1890 3534 1949 reverendissimo
3578 1893 3841 1966 pontifici

2197 1980 2474 2052 Gregorio
2504 1979 2914 2052 prmdecessori
2958 1984 3223 2036 nostro...
3251 1979 3582 2038 Arausici...
3617 1981 3842 2040 litteras

2198 2068 2474 2142 dirigens,
2499 2069 2758 2141 legatum
2791 2085 2893 2141 pro
2925 2069 3105 2141 hujus
3133 2069 3211 2124 rei
3246 2069 3612 2128 discussione
3642 2072 3714 2128 ad
3743 2089 3843 2130 eos

2198 2175 2260 2214 se
2298 2159 2621 2214 missurum
2671 2157 2963 2229 pollicitus
2994 2163 3082 2215 est
3115 2175 3126 2212 :
3161 2159 3314 2231 quod
3343 2163 3539 2222 tamen
3571 2162 3841 2232 postea...

2196 2246 2474 2320 indagare
2501 2247 2971 2319 nequivimus.ln
3006 2246 3114 2302 hac
3134 2251 3327 2304 autem
3362 2248 3842 2320 suspensione....

2195 2336 2331 2393 G....
2383 2334 2688 2394 ecclesiam
2731 2335 3042 2408 episcopus
3089 2334 3308 2392 electus
3355 2339 3414 2392 et
3459 2343 3845 2400 consecratus

2194 2422 2680 2480 est.Tricastinus
2710 2439 2846 2495 ergo
2877 2424 3185 2496 episcopus
3215 2423 3456 2480 Pontius
3485 2425 3842 2483 Arausicen-

2193 2529 2318 2569 sem
2349 2509 2656 2569 ecclesiam
2688 2528 2956 2568 asserens
2988 2529 3090 2585 per
3144 2512 3359 2570 multos
3407 2531 3592 2572 annos
3636 2532 3673 2571 a
3714 2516 3842 2574 suis

2193 2602 2720 2676 predecessoribus
2753 2601 2932 2658 fuisse
2966 2618 3324 2674 possessam,
3354 2603 3656 2676 querelam
3688 2604 3841 2662 hanc

2193 2709 2327 2747 cum
2359 2692 2431 2747 ad
2466 2696 2697 2747 nostras
2719 2705 2891 2746 aures
2909 2707 3012 2763 pro
3044 2691 3247 2747 multis
3273 2691 3539 2748 Ecclesia:
3569 2694 3842 2752 Romanis

2192 2779 2700 2853 persecutionibus
2752 2780 3008 2851 proferre
3055 2797 3170 2835 non
3221 2784 3418 2852 posset
3464 2781 3524 2836 in
3569 2781 3840 2854 pluribus

2193 2869 2601 2940 Transalpinis
2629 2868 2891 2924 conciliis
2920 2870 3128 2940 exponi
3159 2869 3843 2942 procuravit.Novissime

2193 2975 2326 3015 cum
2359 2958 2430 3014 ad
2464 2962 2725 3014 nostram
2761 2956 3026 3014 notitiam
3059 2958 3436 3030 pervenisset,
3470 2976 3576 3018 nos
3605 2977 3840 3034 quoque

2192 3064 2320 3103 eam
2381 3047 2453 3102 ad
2503 3045 2729 3101 concilii
2781 3046 3044 3118 proxime
3101 3046 3430 3103 celebrandi
3477 3048 3839 3106 audientiam

2191 3134 2411 3192 differri
2441 3132 3090 3207 praecepimuanterim
3109 3135 3423 3192 venerabili
3444 3136 3604 3193 fratri
3638 3141 3840 3194 nostro

437 3222 719 3294 subjectis
750 3200 1030 3279 ecclesiis.
1065 3222 1378 3282 Ecclesium
1418 3224 1639 3280 Sancta:
1670 3223 1980 3292 Catellinaa,
2018 3227 2076 3284 in
2110 3200 2154 3268 Ο
2189 3200 2503 3282 Guillelmo
2528 3200 2896 3279 Arausicensi
2927 3222 3200 3296 episeopo
3249 3225 3581 3297 signiﬁcare
3608 3227 3838 3290 curavi-

437 3310 740 3382 Semellia;
771 3313 1189 3369 monasterium
1223 3329 1454 3386 quoque
1479 3313 1676 3370 Sancti
1703 3314 2002 3371 Saturnini
2024 3321 2081 3373 et

435 3401 634 3458 Sancti
667 3400 932 3457 Antiochi
965 3419 1000 3456 a
1027 3400 1354 3458 Caralitano
1401 3402 1678 3474 episcopo
1707 3403 1871 3460 vobis
1899 3405 2078 3461 tradi-

436 3493 562 3544 tum
596 3489 653 3543 in
705 3494 1051 3560 perpetuum
1099 3493 1289 3546 vestro
1331 3490 1590 3546 cmnobio
1639 3492 1965 3558 ﬁrmamus,
1998 3493 2080 3548 ita

434 3574 704 3636 videlicet
736 3579 802 3631 ut
846 3593 946 3646 pro
1002 3577 1231 3632 decreto
1273 3579 1426 3649 quod
1460 3595 1493 3633 a
1525 3577 1692 3634 nobis
1728 3579 2078 3636 venerabilis

435 3666 590 3726 idem
621 3665 799 3722 frater
828 3671 1025 3721 noster
1052 3671 1112 3722 et
1146 3667 1528 3739 coepiscopus
1566 3668 1729 3741 Hugo
1759 3670 2081 3740 promeruit

431 3771 617 3827 supra
645 3753 992 3828 episcopalis
1025 3753 1364 3813 obedientite
1396 3757 1499 3828 jus
1549 3756 1693 3813 nihil
1742 3757 1852 3814 sibi
1901 3757 1960 3814 in
1992 3760 2079 3816 eis

431 3843 741 3903 Catalitani
791 3843 1047 3916 episcopi
1107 3845 1356 3901 debeant
1413 3846 1723 3902 vindicare.
1780 3847 2078 3922 Episcopis

435 3936 630 3993 autem
675 3931 1044 3989 interdictam
1076 3931 1369 4001 volumus,
1402 3951 1473 3990 ne
1516 3933 1865 3992 inconsultis
1913 3937 2076 3994 vobis

431 4028 536 4081 aut
581 4022 842 4080 locorum
897 4023 1188 4095 przepositi
1248 4022 1375 4080 loca
1422 4028 1621 4081 nostra
1665 4023 1752 4081 vel
1801 4025 2077 4084 ecclesias

431 4111 939 4171 excommunicent
969 4117 1069 4167 aut
1099 4111 1464 4170 interdicent.
1498 4113 1674 4169 Porro
1715 4115 1772 4169 in
1815 4115 2076 4172 ecclesiis

432 4199 759 4258 interdictis
788 4199 952 4256 vobis
981 4199 1277 4257 licentiam
1307 4200 1708 4274 indulgemus,
1739 4220 1872 4259 cum
1907 4206 1980 4261 ad
2005 4221 2077 4261 ea

432 4287 557 4344 loca
602 4288 898 4355 veneritis,
956 4306 1221 4347 seorsum
1272 4289 1469 4347 divina
1521 4291 1712 4347 ofﬁcio
1762 4291 2069 4350 celebrare.

425 4375 580 4433 Sane
610 4375 660 4430 si
690 4375 826 4446 quis
855 4376 913 4430 in
946 4377 1273 4433 crastinum
1306 4378 1784 4452 archiepiscopus
1823 4385 1924 4436 aut
1952 4382 2074 4454 epi-

431 4468 727 4535 scopatus,
753 4464 1072 4536 imperator
1100 4470 1199 4522 aut
1227 4467 1622 4539 rex,princeps
1653 4473 1755 4524 aut
1783 4469 2077 4536 dux,mar-

2186 3331 2319 3370 mus
2348 3318 2414 3368 ut
2442 3313 2511 3368 ad
2545 3312 2834 3384 synodum
2863 3311 3124 3382 veniens,
3159 3329 3222 3369 se
3271 3313 3344 3370 ad
3395 3315 3827 3374 defendendum

2188 3401 2526 3474 bujusmodi
2559 3399 2858 3474 negotium
2889 3403 3408 3473 praepararetCum
3429 3407 3624 3462 autem
3647 3404 3835 3462 venis-

2188 3497 2296 3560 set,
2330 3490 2456 3562 ipse
2485 3489 2723 3562 quidem
2757 3487 3060 3547 divisionis
3090 3490 3261 3546 istius
3291 3491 3602 3548 canonicas
3622 3509 3834 3549 causas

2187 3579 2444 3653 proferre
2474 3594 2589 3633 non
2621 3577 2832 3649 potuit.
2866 3578 3203 3634 Tricasinus
3251 3594 3383 3634 vero
3432 3584 3565 3650 post
3604 3581 3832 3637 diutur-

2188 3685 2324 3724 nam
2354 3672 2410 3723 et
2441 3667 2754 3740 plusquam
2787 3665 3179 3722 centenariam
3207 3666 3643 3738 possessionem
3662 3686 3834 3730 vene-

2187 3756 2459 3814 rabilium
2507 3755 2850 3827 pontiﬁcum
2901 3755 3318 3821 Romanorum,
3352 3757 3410 3810 et
3451 3755 3738 3828 Gregorii,
3769 3762 3830 3814 et

2183 3843 2493 3901 Alexandri
2539 3841 2878 3916 privilegiis,
2911 3859 3096 3900 causae
3141 3860 3260 3900 suis
3303 3845 3496 3917 partes
3526 3844 3831 3904 tuebatur.

2186 3937 2375 4001 Quare
2420 3949 2527 3989 nos
2557 3932 2628 3988 de
2659 3932 2922 4005 Gregorii
2959 3932 3211 4000 decreto,
3255 3948 3372 4005 quo
3421 3933 3494 3988 ab
3541 3932 3671 4007 ipsa
3715 3934 3833 3990 fuit

2185 4020 2441 4081 Ecclesia
2497 4021 2767 4094 potitum,
2823 4021 3089 4094 quaedam
3145 4020 3298 4077 inter
3350 4020 3558 4080 fratres
3602 4026 3836 4080 nostros

2185 4111 2430 4184 quaestio
2458 4113 2584 4166 orta
2633 4114 2742 4178 est,
2794 4109 3017 4182 placuit
3063 4109 3245 4166 alium
3277 4109 3470 4166 adhuc
3516 4110 3834 4168 deﬁniendi

2183 4217 2369 4256 causa:
2402 4198 2719 4255 terminum
2750 4198 3039 4264 adhiberi,
3073 4199 3133 4255 in
3179 4217 3295 4273 quo
3344 4204 3400 4256 et
3428 4200 3833 4261 Arausicensis

2183 4289 2514 4362 episcopus,
2540 4287 2589 4343 si
2621 4304 2798 4359 quam
2831 4292 3048 4360 posset,
3077 4288 3475 4346 defensionem
3524 4287 3832 4346 nancisce-

2183 4382 2362 4446 retur,
2394 4381 2452 4434 et
2477 4375 2815 4433 Tricastinae
2847 4375 3117 4434 Ecclesia:
3149 4377 3342 4432 clerici
3376 4377 3448 4434 de
3472 4377 3831 4452 eodem‘pri-

2181 4467 2388 4540 vilegio
2438 4483 2544 4522 nos
2581 4466 2971 4537 jurejurando
3021 4465 3276 4522 facerent
3324 4466 3620 4528 certiores.
3653 4465 3832 4522 Cum-

429 4551 583 4619 cbio,
616 4568 832 4620 eomes,
864 4553 1209 4622 viceeomcs,
1246 4554 1429 4624 judex
1459 4561 1561 4610 aut
1585 4556 1864 4627 qualibet
1891 4558 2072 4614 eccle-
2105 4579 2153 4648 D
2183 4573 2386 4631 que....
2419 4555 2831 4611 convenissent
2861 4559 2917 4610 et
2944 4555 3235 4611 confrater
3263 4558 3461 4611 noster
3487 4554 3834 4612 Arausicen-

429 4640 667 4700 siastiea
697 4639 1060 4698 saecularisve
1089 4659 1336 4713 persona
1366 4641 1775 4713 hujusdecreti
1801 4647 2073 4720 paginam

402 4730 642 4798 .sciens,
674 4733 876 4787 contra
906 4747 1035 4786 eam
1066 4735 1284 4788 temere
1311 4732 1507 4788 venire
1536 4733 2076 4803 tentaverit,seeun-

428 4819 525 4878 dio
551 4823 610 4879 et
636 4821 809 4879 tertio
841 4819 1253 4888 commonitus,
1279 4821 1326 4877 si
1364 4838 1480 4878 non
1521 4824 1916 4882 satisfactione
1946 4843 2076 4884 con-

427 4926 575 4984 grua
601 4908 1016 4974 emendaverit,
1037 4909 1337 4980 potestatis
1367 4910 1725 4984 honorisque
1755 4915 1847 4968 sui
1881 4915 2073 4988 digni-

427 5003 545 5056 tate
571 5001 785 5068 careat,
819 5015 1100 5070 reumque
1131 5015 1193 5054 se
1223 4997 1418 5056 divino
1459 5001 1676 5069 judicio
1719 5001 1965 5061 existere
2003 5005 2075 5061 de

425 5091 758 5159 perpetrata
789 5085 1098 5159 iniquitate
1133 5092 1463 5159 cognoscat,
1493 5092 1551 5144 et
1597 5107 1631 5145 a
1675 5092 2074 5150 sacratissimo

427 5189 664 5247 corpore
711 5191 780 5232 ac
809 5177 1096 5248 sanguine
1148 5175 1247 5231 Dei
1301 5181 1358 5231 et
1410 5177 1638 5234 Domini
1689 5181 2074 5253 redemptoris

429 5263 611 5318 nostri
653 5264 790 5322 Jesu
823 5263 1037 5326 Christi
1095 5264 1323 5324 alienus
1353 5265 1475 5335 ﬁat,
1507 5267 1767 5340 atquein
1817 5275 2073 5328 extremo

407 5349 703 5406 districta:
742 5351 948 5414 ultioni
997 5353 1319 5424 subjaceat.
1352 5355 1588 5410 Cunctis
1638 5361 1836 5413 autem
1882 5364 2073 5416 vestro

429 5437 688 5494 cmnobio
711 5440 1294 5510 justaservantibus,
1325 5442 1404 5500 sit
1452 5459 1563 5514 pax
1607 5443 1837 5502 Domini
1889 5450 2071 5506 nostri

425 5526 566 5582 Jesu
599 5526 1128 5599 Christi,quatenus
1148 5536 1205 5586 et
1238 5530 1330 5587 hic
1360 5531 1612 5589 fructum
1635 5532 1797 5592 bona:
1827 5537 2072 5594 actionis

428 5613 774 5690 percipiant,
821 5621 880 5674 et
929 5620 1082 5689 apud
1133 5619 1465 5678 districtum
1518 5621 1782 5694 judicem
1834 5627 2074 5697 praemia

429 5709 654 5763 aeterna
678 5705 834 5779 pacis
866 5706 1180 5765 inveniant.
1211 5710 1414 5765 Amen.

2185 4645 2268 4702 sis
2317 4645 2648 4718 episcopus,
2695 4642 2848 4699 sicut
2893 4641 3242 4715 promiserat
3272 4659 3387 4699 non
3417 4642 3694 4714 venisset,
3728 4659 3832 4700 nec

2184 4735 2588 4792 excusationes
2636 4732 2866 4804 aliquas
2919 4731 3324 4803 praemisisset,
3374 4736 3431 4788 et
3480 4736 3618 4802 tunc
3667 4731 3834 4798 nobis

2183 4823 2407 4898 placuit
2451 4821 2668 4894 negotii
2720 4822 2895 4877 ﬁnem
2945 4819 3003 4874 in
3054 4824 3289 4893 tempus
3333 4819 3494 4878 aliud
3533 4819 3831 4893 protelari.

2182 4913 2466 4968 Caeterum
2497 4908 2721 4965 clericis
2768 4913 2825 4963 et
2862 4907 3088 4964 itineris
3117 4907 3516 4978 difﬁcultates,
3547 4913 3604 4966 et
3634 4926 3833 4966 rerum

2182 5001 2355 5074 longa
2369 4996 2678 5071 dispendia
2698 4996 3325 5069 prrctendentibus,nee
3355 4997 3650 5072 longiores
3659 5014 3836 5070 posse

2186 5107 2380 5146 moras
2411 5087 2528 5159 pati
2555 5084 2979 5142 instantissime
3006 5085 3730 5158 proclamantibus,visum
3743 5090 3835 5144 est

2184 5177 2464 5233 fratribus
2509 5174 2745 5242 nostris,
2779 5179 2900 5230 tam
2950 5175 3239 5248 episcOpis
3283 5193 3462 5249 quam
3499 5181 3570 5236 .et
3616 5178 3830 5244 nostra

2181 5263 2509 5339 apostolicae
2533 5263 2794 5322 Ecclesia:
2825 5262 3319 5333 cardinalibus,ut
3336 5264 3830 5334 Triscastinorum

2182 5353 2526 5411 clericorum
2587 5352 3044 5409 satisfactionem
3103 5353 3400 5427 suscipere
3445 5353 3830 5422 deberemus.

2182 5445 2325 5500 Tres
2358 5443 2554 5514 itaque
2573 5441 2909 5498 Tricastinae
2943 5440 3205 5500 Ecclesiae
3231 5441 3421 5499 clerici
3452 5458 3632 5515 super
3647 5442 3837 5510 Evan-

2181 5533 2333 5607 galia
2379 5536 2751 5588 sacrosancta
2789 5531 3071 5602 jurarunt
3130 5547 3192 5587 se
3242 5530 3457 5592 vidisse
3497 5536 3558 5587 et
3613 5531 3832 5604 legisse

2184 5620 2428 5680 Romani
2479 5619 2771 5693 pontiﬁcis
2811 5619 3070 5693 Gregorii
3113 5618 3406 5676 bullarum
3451 5618 3827 5693 privilegium

2184 5709 2477 5772 Bonifacio
2505 5709 2829 5768 Tricastino
2861 5709 3132 5782 episcopo
3163 5708 3642 5782 attributum,per
3671 5711 3829 5784 quod
