4004 6162
191 268 311 332 41⁸7

1371 271 1775 364 Episrot/E
1817 277 1916 338 ar
1962 271 2435 342 PRIVILEGIA.

3489 277 3607 342 418

192 408 480 480 praedictae
513 405 776 464 Ecclesia:
808 408 1038 464 fuerant
1069 408 1333 464 counitas.
1367 410 1547 480 Cujus
1578 409 1848 466 videlicet
1875 412 1929 478 Α
1958 417 2370 467 conserventur
2399 428 2600 468 eorum
2633 429 2735 484 pro
2765 427 3019 485 quorum
3069 411 3495 469 sustentatione
3539 431 3605 470 ac

190 495 478 569 privilegii
512 500 772 554 tenorem
790 503 1027 554 secutus
1039 503 1254 554 sanctae
1271 498 1565 554 memorize
1589 499 1846 570 pontifex

188 584 517 641 Alexander
546 585 594 642 Η
627 588 895 660 praefatae
926 587 1201 644 ecclesias
1243 592 1551 643 censuerat
1585 589 1696 643 sub
1728 605 1844 643 uno

188 690 426 748 semper
454 675 729 750 episcopo
760 691 1131 749 permanere:
1157 675 1292 732 Post
1313 677 1421 732 hoc
1441 677 1846 733 Arausicensis

189 762 503 838 episcOpus
535 781 670 821 cum
716 764 983 822 Ecclesiae
1020 782 1139 822 suze
1179 765 1404 822 clericis
1443 765 1704 832 veniens,
1746 781 1846 822 eas

189 869 340 925 quas
391 853 876 928 praesignavimus
932 853 1193 927 Gregorii
1253 869 1414 927 papae
1465 855 1563 910 VII
1596 855 1842 921 litteras,

190 941 439 1012 detulit;
473 943 589 1000 alia
617 959 850 1016 quoque
881 944 1220 1000 chartarum
1256 944 1617 1000 monimenta
1648 960 1844 1000 mons-

191 1031 388 1106 travit,
422 1030 638 1104 quibus
685 1038 742 1090 et
777 1050 972 1089 rerum
1019 1033 1232 1088 veritas
1281 1032 1496 1089 certius
1539 1032 1767 1097 claruit,
1791 1038 1849 1088 et

189 1119 658 1178 Tricastinorum
716 1121 920 1179 relatio
968 1121 1119 1177 vires
1166 1123 1408 1194 accepit.
1449 1120 1520 1176 Et
1563 1132 1670 1176 n‘os
1707 1137 1845 1194 ergo

190 1209 606 1266 instrumentis
661 1210 877 1267 talibus
926 1209 1181 1266 roborati
1221 1210 1548 1267 secundum
1598 1209 1846 1266 fratrum

188 1301 525 1354 nostrorum
552 1299 845 1371 judicium
880 1299 1146 1372 prmsenti
1181 1301 1411 1355 decreto
1433 1300 1734 1355 sancimus
1759 1303 1844 1365 ut,

184 1385 464 1444 defuncto
522 1387 698 1444 fratre
729 1393 928 1445 nostro
962 1386 1277 1444 venerabili
1329 1387 1600 1460 episcopo
1641 1388 1738 1460 qui
1774 1387 1846 1444 ad

183 1491 447 1550 praesens
497 1477 869 1533 Arausicensi
931 1476 1200 1532 Ecclesiae
1259 1477 1551 1548 praesidet,
1601 1481 1849 1548 utraque

183 1575 320 1624 mox
369 1563 630 1622 Ecclesia
660 1567 720 1620 in
766 1565 1076 1639 pristinam
1124 1566 1319 1621 redeat
1378 1566 1685 1632 unitatem,
1734 1565 1845 1620 nisi

185 1655 333 1710 forte
366 1660 498 1728 post
529 1655 852 1728 proximam
877 1672 1052 1727 quam
1089 1663 1447 1727 praeparante
1481 1655 1726 1710 Domino
1751 1671 1847 1710 ex-

1954 500 2374 572 gubernationc
2406 517 2683 558 concessa
2714 507 2853 558 sunt
2878 500 3085 558 usibus
3103 500 3458 558 omnimodis
3480 517 3605 576 pro-

1954 589 2151 644 futura
2173 589 2361 657 ;salva
2385 589 2654 646 Romana!
2673 591 2938 647 Ecclesia:
2962 592 3241 648 canonica
3260 592 3600 648 reverentia.

1953 677 2104 734 Sane
2131 680 2180 734 si
2212 679 2347 751 quis
2380 680 2435 733 in
2469 679 2814 746 crastinum,
2840 681 3322 755 archiepiscopus
3344 684 3455 737 'aut
3485 681 3606 754 epi-

1955 785 2192 840 scopus,
2225 768 2546 840 imperator
2574 773 2676 824 aut
2705 786 2824 834 rex,
2857 769 3129 842 princeps
3159 774 3259 826 aut
3290 770 3427 839 dux,
3462 783 3613 826 mar-

1954 857 2105 923 chio,
2139 874 2357 927 comes,
2401 858 2748 922 vicecomes,
2800 859 3007 930 judex,
3069 865 3170 914 aut
3215 859 3611 916 ecclesiastica

1954 945 2226 1018 quaelibet
2255 945 2623 1003 saecularisve
2650 963 2923 1020 persona,
2954 947 3133 1018 hujus
3182 946 3397 1004 decreti
3445 947 3609 1021 pagi-

1955 1052 2090 1091 nam
2125 1035 2338 1103 sciens,
2373 1039 2576 1091 contra
2605 1052 2734 1091 eam
2776 1042 2990 1091 temere
3041 1037 3236 1092 venire
3278 1038 3610 1107 tentaverit,

1957 1124 2212 1180 secundo
2243 1124 2484 1180 tertiove
2516 1126 2934 1192 commonitus,
2969 1126 3015 1182 si
3051 1141 3164 1181 non
3214 1123 3613 1182 satisfactione

1955 1229 2213 1286 congrua
2269 1213 2683 1279 emendaverit,
2745 1216 3051 1285 potestatis
3109 1214 3469 1287 honorisque
3513 1213 3607 1270 sui

1955 1303 2240 1374 dignitate
2272 1307 2485 1370 careat,
2521 1318 2803 1375 reumque
2853 1320 2914 1357 se
2961 1304 3153 1358 divino
3175 1303 3402 1376 judicio
3461 1305 3611 1359 exis-

1956 1396 2076 1446 tere
2103 1392 2172 1446 de
2199 1396 2530 1464 perpetrata
2563 1391 2870 1464 iniquitate
2894 1396 3223 1464 cognoscat,
3249 1396 3422 1466 atque
3455 1405 3490 1450 a’
3519 1407 3611 1450 sa-

1955 1480 2289 1535 cratissimo
2329 1497 2588 1552 corpore,
2633 1499 2698 1536 ac
2751 1482 3037 1553 sanguine
3098 1481 3196 1536 Dei
3256 1499 3324 1536 ac
3379 1481 3609 1537 Domini

1957 1568 2343 1640 redemptoris
2375 1568 2556 1623 nostri
2589 1569 2726 1624 Jesu
2780 1569 2992 1624 Christi
3045 1568 3271 1625 alienus
3307 1569 3429 1633 fiat,
3463 1573 3520 1625 et
3552 1569 3611 1624 in

1955 1664 2214 1711 extremo
2247 1657 2512 1711 examine
2543 1658 2820 1710 dish-ictae
2856 1658 3056 1712 ultioni
3083 1659 3402 1728 subjaceat.
3423 1662 3612 1712 Cunc-

188 1742 528 1816 Spectamu‘s
560 1741 936 1800 Peutecosten
963 1745 1110 1799 intra
1144 1744 1320 1798 unius
1346 1745 1483 1798 anni
1518 1745 1841 1816 spatium...
1880 1783 1923 1846 Β
1957 1747 2034 1802 tis
2064 1752 2257 1802 autem
2309 1746 2494 1802 eidem
2531 1745 2655 1799 loco
2696 1748 2858 1814 justa
2904 1746 3272 1802 servantibus
3333 1745 3410 1801 sit
3470 1753 3614 1819 pace

187 1834 525 1889 'constiterit
553 1849 652 1888 eas
684 1837 840 1889 certo
872 1833 1120 1888 Romani
1154 1833 1447 1905 pontificis
1479 1838 1762 1906 praecepto
1792 1839 1849 1888 et
1882 1833 1923 1846 "
1956 1835 2184 1891 Domini
2220 1835 2404 1890 nostri
2438 1835 2574 1890 Jesu
2619 1834 2867 1901 Christi,
2901 1840 3191 1904 quatenus
3241 1840 3297 1891 et
3330 1834 3424 1891 hic
3459 1835 3612 1890 fruc-

190 1923 429 1979 decreto
475 1923 658 1978 fuisse
709 1923 948 1977 divisas.
983 1921 1258 1993 Alioquin
1292 1921 1485 1977 omnis
1517 1923 1844 1994 sopiatur...

1957 1928 2082 1979 tum
2113 1925 2277 1978 bonis
2311 1924 2556 1978 actionis
2603 1924 2940 1996 percipiant,
2976 1931 3033 1978 et
3079 1924 3232 1996 apud
3278 1924 3610 1978 districtum

191 2015 255 2067 ut
293 2011 571 2068 defuncto
627 2011 916 2068 contraire
967 2015 1164 2067 nostro
1220 2010 1491 2083 superius
1549 2011 1846 2067 nominato
1949 2013 2211 2084 judieem
2262 2013 2496 2084 praemia
2539 2019 2763 2068 aeternis
2821 2014 2980 2084 pacis
3030 2012 3348 2068 inveniant.
3404 2015 3612 2084 Amen,

191 2103 467 2174 episcopo
518 2101 720 2156 eadem
779 2101 1029 2156 Ecclesia
1077 2102 1148 2155 ad
1210 2100 1384 2156 aliam
1435 2106 1712 2154 transeat.
1749 2099 1850 2155 llla

189 2207 324 2246 vero
356 2203 486 2264 Quae
516 2190 799 2247 hactenus
833 2189 1022 2262 prima
1059 2188 1259 2244 habita
1309 2192 1416 2254 est,
1463 2192 1519 2245 et
1576 2189 1848 2262 deinceps

190 2279 588 2352 principatum
623 2279 900 2334 obtineat.
941 2280 1023 2332 Ita
1054 2284 1247 2333 tamen
1291 2283 1356 2332 ut
1398 2279 1707 2349 episcopus
1750 2267 1850 2350 qui

191 2367 429 2440 utrique
461 2367 756 2440 praefuerit
786 2366 931 2422 nihil
983 2368 1054 2422 de
1103 2367 1579 2439 proventionibus
1613 2365 1844 2423 clerico-

192 2473 351 2530 rum,
384 2458 638 2524 redditu,
662 2462 893 2522 ornatu,
929 2456 1297 2520 ministeriis,
1329 2473 1460 2527 quas
1486 2455 1570 2510 vel
1605 2473 1849 2527 quomo-

195 2547 506 2618 docuuque
557 2548 614 2601 in
649 2546 888 2601 a'terius
937 2545 1304 2618 patrimoniis
1340 2547 1647 2612 habentur,
1679 2545 1852 2599 modo

196 2652 551 2708 quocunque
580 2635 665 2692 vel
699 2634 1003 2690 occasione
1033 2633 1426 2706 qualicunque
1457 2634 1714 2705 patiatur
1738 2633 1850 2688 im-

197 2725 409 2780 minui.
443 2725 501 2779 Si
536 2725 670 2796 quis
694 2739 827 2779 vero
859 2723 1008 2778 hanc
1037 2729 1248 2777 nostra:
1281 2721 1718 2778 constitutionis
1752 2739 1850 2794 pa-

198 2817 427 2890 ginam,
461 2817 570 2869 etc.

270 2908 484 2959 Actum
543 2900 836 2958 Cremonae
881 2918 993 2956 xvu
1042 2901 1162 2956 Kal.
1217 2901 1416 2957 Maii...

205 2993 500 3052 lncarnat.
536 2990 694 3046 1095.

1479 2917 1630 2956 anno
1685 2899 1850 2955 Dom.

940 3097 1119 3151 CXLI.

199 3188 567 3259 Privilegium
595 3187 953 3259 apostolicum
1003 3186 1210 3259 Urbani
1237 3187 1285 3240 11
1308 3200 1471 3257 papae
1499 3202 1599 3256 pro
1647 3202 1857 3242 monas-

628 3257 763 3314 terio
794 3259 850 3314 S.
883 3257 1127 3313 Abundii
1153 3257 1445 3313 Comensis.

827 3350 1016 3414 (Anno
1049 3347 1232 3415 1095.)

199 3439 418 3509 (Tum,
453 3436 656 3493 Annali
677 3437 824 3491 sacri
851 3435 993 3509 dc_l_la
1025 3437 1154 3490 ciltiz
1178 3435 1237 3509 di
1259 3437 1435 3509 Coma.
1467 3435 1665 3502 Como,
1693 3435 1713 3491 Ι
1725 3435 1852 3503 663,

728 3513 866 3563 tom.
904 3507 970 3574 Il,
1006 3522 1138 3578 pag.
1171 3507 1320 3577 86-4.]

272 3615 552 3672 [Insanus
583 3614 914 3687 episcopus,
962 3629 1164 3668 servus
1214 3629 1512 3668 servorum
1561 3612 1684 3679 Dei,
1737 3611 1854 3668 filio

195 3705 434 3771 Josspu,
470 3702 810 3760 monasterii
841 3703 900 3758 S.
946 3701 1200 3757 Abundii
1248 3700 1467 3768 abbati,
1511 3702 1662 3773 quod
1686 3703 1857 3772 juxta

196 3789 528 3849 Cumanum
560 3793 766 3848 urbem
800 3791 980 3846 situm
1002 3796 1116 3856 est,
1147 3791 1391 3862 ejusque
1414 3791 1854 3846 successoribus

200 3881 549 3954 regulariter
573 3879 1001 3936 substituendis
1030 3878 1090 3934 in
1117 3883 1486 3951 perpetuum.

272 3969 640 4026 Desiderium
681 3968 838 4040 quod
889 3969 960 4023 ad
1013 3967 1351 4040 religiosum
1405 3967 1766 4040 propositum
1800 3971 1858 4024 et

201 4059 538 4117 animarum
581 4056 832 4113 salutem
882 4056 1170 4130 pertinere
1202 4061 1586 4127 monstratur,
1623 4062 1857 4114 auctore

201 4147 344 4213 Deo,
371 4144 497 4202 sine
544 4145 741 4218 aliqua
773 4151 861 4202 est
911 4144 1190 4201 dilatione
1233 4144 1666 4218 complendum.
1711 4146 1858 4211 Quia

199 4236 386 4306 igitur
441 4233 674 4291 dilectio
714 4237 814 4290 tua
861 4233 1277 4307 protectionem
1322 4234 1478 4289 sedis
1527 4233 1856 4305 apostolica

201 4324 548 4397 {suppliciter
591 4323 883 4396 expetivit,
937 4340 1043 4378 nos
1093 4322 1212 4378 tuis
1249 4323 1430 4394 justis
1479 4323 1858 4395 petitionibus

200 4412 708 4480 annuentes,beati
738 4410 992 4466 Abundii
1024 4411 1382 4466 confessoris
1413 4412 1857 4478 monasterium,

1959 2117 2152 2166 amen,
2187 2117 2377 2157 amen.

2031 2191 2241 2246 Datum
2276 2189 2586 2245 Mediolani
2644 2207 2747 2262 per
2795 2207 3036 2246 manum
3090 2190 3354 2259 Joannis,
3400 2194 3613 2247 sancta!

1961 2280 2233 2334 Romanis
2294 2279 2562 2334 Ecclesizs
2619 2279 2847 2334 diaconi
2915 2278 3253 2342 cardinalis,
3312 2292 3426 2334 xvn
3486 2279 3612 2335 Kal.

1959 2368 2142 2434 Junii,
2200 2368 2402 2423 indict.
2453 2385 2538 2433 ιιι,
2601 2385 2753 2422 anno
2813 2368 3128 2422 Dominicae
3191 2367 3615 2424 incarnationis

1962 2458 2120 2519 1096,
2156 2458 2534 2528 pontificatus
2565 2463 2757 2511 autem
2783 2457 2980 2511 domni
3007 2455 3224 2512 Urbani
3248 2457 3488 2512 secundi
3508 2455 3612 2512 PP.

1961 2551 2180 2601 octavo.

2683 2651 2892 2707 CXLII.

1964 2743 2186 2800 Littera:
2233 2743 2546 2814 apostolica:
2601 2742 2808 2798 Urbani
2864 2742 2932 2808 II,
2992 2742 3186 2814 quibus
3245 2743 3616 2814 institutama

2033 2817 2191 2870 Petro
2250 2813 2670 2870 Carcassonensi
2719 2813 2962 2884 episcOpo
3003 2813 3344 2869 clericorum
3399 2813 3617 2882 regiuns

2034 2889 2184 2941 rium
2210 2901 2463 2941 normam
2495 2886 2554 2941 in
2584 2883 2812 2940 ecclesia
2841 2883 2907 2940 Sf
2929 2885 3156 2940 Nazarii
3182 2889 3236 2941 et
3263 2885 3396 2940 aliis
3425 2885 3618 2941 conﬁr-

2034 2965 2167 3012 mat.

2597 3047 2788 3114 (Anno
2820 3044 3001 3116 1095.)

2210 3151 2374 3225 [θαιι.
2397 3150 2586 3205 christ.
2621 3155 2661 3205 t.
2697 3150 2790 3216 Vl,
2823 3150 3124 3214 lnstrum.,
3159 3167 3214 3220 p.
3242 3150 3389 3218 431.]

2038 3257 2315 3314 Unsaaus
2346 3257 2678 3328 episcopus,
2714 3271 2915 3312 servus
2946 3269 3245 3310 servorum
3271 3253 3620 3321 Dei,dilecto

1966 3347 2128 3403 fratri
2182 3347 2388 3411 Pmno,
2433 3344 2882 3400 Carcassonensi
2915 3343 3207 3416 episcopo,
3263 3341 3513 3398 salutem
3562 3347 3618 3399 et

1964 3434 2340 3508 apostolicam
2374 3433 2859 3490 benedictionem.
3561 3424 3566 3428 ’

2037 3523 2336 3580 Petitionis
2375 3528 2486 3578 tuae
2511 3522 2806 3594 justitiam
2849 3525 3254 3594 agnoscentes,
3295 3519 3614 3576 institutio-

1964 3631 2098 3670 nem
2131 3612 2486 3686 regularium
2522 3611 2887 3675 clericorum,
2922 3624 3095 3682 quam
3148 3614 3261 3664 tuae
3292 3609 3615 3682 prudbntia:

1964 3702 2297 3759 sollicitudo
2327 3701 2480 3773 apud
2516 3699 2818 3756 matricem
2862 3699 3166 3756 ecclesiam
3201 3698 3260 3754 S.
3303 3699 3536 3755 Nazarii'
3560 3704 3617 3754 et

1965 3792 2119 3866 apud
2149 3789 2423 3846 ecclesias
2453 3791 2511 3844 S.
2546 3789 2760 3854 Mariae,
2811 3806 2911 3844 seu
2946 3789 3006 3842 Β.
3040 3788 3316 3860 Stephani
3367 3787 3613 3844 Domino

1965 3883 2310 3952 cooperante
2342 3878 2656 3951 disposuit,
2698 3877 3071 3950 praesentium
3123 3875 3452 3930 litterarum
3484 3889 3614 3931 auc-

1964 3970 2196 4026 toritate
2227 3967 2554 4031 ﬁrmamus,
2603 3969 2658 4022 et
2693 3983 2822 4021 eam
2869 3962 2977 4020 sub
3027 3963 3345 4036 apostolica
3393 3966 3618 4035 protec-

1963 4059 2119 4114 tioue
2145 4057 2526 4128 suscipimus.
2563 4054 2936 4126 Praecipimus
2962 4067 3118 4124 ergo,
3138 4055 3194 4106 et
3214 4068 3316 4123 per
3343 4051 3616 4107 virtutem

1963 4147 2022 4203 S.
2085 4145 2337 4218 Spiritus
2396 4141 2823 4212 interdicimus,
2885 4147 2948 4196 ut
3006 4139 3148 4195 nulli
3207 4155 3616 4196 successorum

1965 4241 2223 4302 tuorum,
2259 4232 2402 4289 nulli
2437 4230 2735 4288 saecularis
2757 4229 2845 4286 vel
2878 4229 3280 4286 ecclesiasticae
3311 4229 3618 4302 potestatis

1965 4325 2136 4380 liceat
2164 4323 2400 4378 easdem
2458 4321 2768 4377 canonicas
2825 4325 3100 4383 evertere,
3153 4324 3212 4374 et
3262 4333 3366 4392 per
3413 4322 3469 4375 te
3499 4317 3618 4375 iliic

1967 4412 2324 4485 dispositum
2343 4410 2608 4483 regulare
2632 4409 2994 4482 propositum
3019 4407 3620 4464 dimovere.Universa

197 4501 296 4556 cui
327 4498 614 4572 largiente
674 4497 923 4555 Domino
973 4499 1272 4572 praesides,
1313 4499 1616 4570 praesentis
1645 4500 1860 4558 decreti
1894 4517 1936 4580 ι)
1969 4503 2144 4558 etiam
2177 4517 2304 4572 ques
2335 4497 2632 4556 canonicis
2662 4498 2805 4569 ipsis
2827 4514 2894 4553 ex
2914 4502 3016 4552 tua
3036 4495 3385 4553 liberalitate
3406 4494 3621 4552 collata

201 4589 550 4645 auctoritate
584 4589 911 4644 munimus.
947 4589 1277 4643 Statuimus
1300 4588 1456 4642 enim
1491 4591 1556 4642 ut
1585 4605 1860 4660 quaecun-

201 4690 318 4750 que
341 4676 514 4732 hodie
539 4675 693 4732 idem
713 4676 1045 4732 ccenobium
1068 4675 1485 4732 catholicorum
1515 4677 1856 4749 pontificum

199 4766 607 4835 concessione,
635 4764 984 4821 liberalitate
1015 4765 1378 4838 principum,
1429 4765 1516 4821 vel
1567 4766 1858 4823 oblatione

204 4853 470 4916 fidelium
512 4854 792 4927 possidet,
826 4854 945 4910 sive
995 4855 1052 4909 in
1104 4854 1387 4920 futurum,
1419 4853 1665 4910 Domino
1698 4856 1858 4927 adju-

201 4948 400 5009 vante,
423 4942 588 5014 juste
626 4946 801 5014 atque
823 4942 1096 4997 canonice
1129 4941 1340 5014 poterit
1390 4942 1653 5016 adipisci,
1690 4945 1859 4999 ﬁrma

200 5031 336 5104 tibi,
369 5031 604 5102 tuisque
635 5031 1094 5097 successoribus,
1127 5037 1182 5086 et
1207 5029 1426 5087 illibata
1460 5039 1854 5104 permaneant.

207 5120 588 5177 Decernimus
618 5135 755 5194 ergo
798 5123 862 5176 ut
892 5119 1038 5176 nulli
1071 5120 1311 5176 omnino
1344 5120 1651 5176 hominum
1689 5121 1862 5178 liceat

202 5209 481 5267 eumdem
508 5207 702 5265 locum
734 5213 950 5266 temere
981 5201 1450 5282 perturbare,aut
1479 5210 1608 5281 ejus
1629 5226 1858 5282 posses-

201 5301 404 5357 siones
436 5296 686 5366 auferre,
729 5300 832 5354 aut
871 5295 1098 5354 ablatas
1140 5297 1405 5366 retinere,
1451 5299 1733 5367 minuere,
1771 5300 1859 5356 vel

202 5386 538 5447 temerariis
567 5386 974 5444 vexationibus
1003 5387 1388 5461 fatigare.Sed
1411 5388 1609 5446 omnia
1637 5388 1862 5467 integra

278 5565 396 5656 (30)
426 5507 578 5633 Picta
607 5566 889 5647 temporis
909 5565 1075 5630 falsa.
1107 5565 1303 5630 ἔλιπε.

1970 4595 2132 4658 sunt,
2165 4593 2266 4645 aut
2297 4589 2572 4660 deinceps
2604 4588 2996 4652 conferentur,
3029 4587 3149 4642 sive
3183 4602 3312 4659 quae
3341 4586 3618 4657 deinceps

1968 4679 2067 4735 alii
2099 4677 2345 4750 quilibet
2373 4675 2573 4731 ﬁdeles
2616 4690 2684 4731 ex
2713 4692 2819 4730 suo
2843 4677 2977 4747 jure
3024 4674 3397 4744 contulerint,
3451 4673 3622 4730 firma

1966 4784 2198 4840 semper
2225 4770 2281 4821 et
2306 4764 2532 4820 illibata
2565 4769 2966 4836 permaneant,
3001 4763 3345 4820 clericorum
3401 4762 3618 4818 ibidem

1969 4857 2078 4912 sub
2110 4853 2392 4927 regularis
2422 4853 2553 4907 vitae
2582 4853 2951 4908 observantia
2983 4852 3358 4908 servientium
3413 4850 3620 4907 usibus

1968 4943 2322 5000 omnimodis
2354 4941 2739 5014 profutura.8i
2771 4942 2904 5012 quis
2935 4957 3087 5007 vero,
3113 4940 3267 5010 quod
3301 4938 3483 4993 absit!
3508 4937 3617 4993 hu-

1960 5034 2062 5106 jus
2093 5031 2305 5087 decreti
2337 5030 2522 5086 nostri
2546 5031 2680 5102 jure
2708 5029 2937 5102 cognito
2969 5029 3196 5084 obviam
3230 5027 3312 5082 ire
3362 5029 3616 5081 tentave-

1969 5122 2063 5188 rit,
2087 5119 2590 5178 animadversione
2613 5116 2939 5191 spiritualis
2956 5115 3132 5191 gladii
3152 5113 3620 5172 feriatur.0bser-

1968 5210 2243 5266 vantibus
2271 5213 2466 5264 autem
2498 5208 2608 5264 hoc
2639 5224 2752 5280 pax
2777 5224 2810 5262 a
2842 5206 2957 5262 Deo
2989 5209 3046 5260 et
3067 5204 3465 5261 misericordia
3496 5220 3621 5276 per-

1969 5304 2146 5375 petua
2173 5302 2564 5354 conservetur.

2041 5389 2254 5448 Datum
2287 5385 2597 5447 Mediolani
2645 5402 2724 5447 xu
2755 5383 2879 5444 Kal.
2911 5383 3094 5456 Junii,
3127 5399 3282 5443 anno
3313 5383 3452 5446 {088
3483 5384 3617 5460 (36).
