3988 6164
424 278 542 340 419

1140 405 1373 461 CXLIII.

430 479 677 535 Urbanus
736 479 784 532 ll
839 476 1081 534 ecclesiae
1122 479 1176 532 δ.
1236 479 1391 532 Petri
1439 475 1985 538 Standalmontcnsis,
2038 491 2072 528 (ι

500 546 759 604 Mathz’ldc
787 549 1057 603 comitissa
1105 550 1162 603 Β.
1197 549 1354 604 Petro
1403 547 1640 611 traditas,
1689 547 2074 617 protectioncm

497 621 720 690 suscipit
751 624 804 674 et
835 621 978 673 bona
1007 622 1311 690 conﬁrmat,
1345 636 1408 672 ea
1460 619 1573 686 lege
1604 627 1662 672 ut
1703 619 1889 672 clerici
1918 621 2070 688 quot-

495 693 660 746 annis
701 690 990 745 denarium
1036 707 1287 753 aureum,
1319 693 1413 743 aut
1458 693 1652 760 quarto
1687 704 1898 760 quoque
1926 703 2071 743 anno

499 762 818 826 bisantium,
843 762 1053 832 palatio
1083 763 1438 816 La-tcranensz'
1453 761 1784 833 persolvant.

1043 850 1228 920 (Anno
1257 848 1441 920 l095.)

427 943 591 1012 [Dom
622 940 870 1004 Camer,
903 939 1042 994 Hist.
1073 939 1139 993 de
1183 939 1470 1004 Lorraine,
1514 938 1782 1002 Preuves,
1829 953 1885 1008 p.
1917 937 2067 1006 505.]

494 1028 772 1084 Unamus
801 1025 1132 1100 episcopus,
1166 1043 1368 1082 servus
1391 1042 1688 1082 servorum
1714 1024 2070 1090 Dei,dilectis

421 1116 478 1171 in
521 1116 753 1172 Christo
777 1115 916 1172 filiis
945 1121 1231 1171 Leuemco
1262 1119 1320 1170 et
1349 1115 1696 1180 Guacsuxo,
1729 1114 2068 1186 caeterisque

423 1205 520 1262 Dei
553 1205 756 1270 servis,
789 1209 910 1260 tam
943 1203 1168 1260 clericis
1219 1221 1396 1276 quam
1448 1221 1646 1260 secum
1695 1203 2069 1260 manentibus

418 1293 606 1360 laicis,
629 1294 689 1348 in
722 1293 846 1350 loco
869 1292 970 1365 qui
995 1292 1207 1348 dicitur
1227 1292 1704 1348 Standalmontin
1727 1293 2066 1364 episCOpatu

419 1384 682 1452 Metensi,
732 1397 1054 1454 eorumque
1093 1382 1531 1460 successoribus
1578 1381 1637 1436 in
1684 1382 1884 1437 eadem
1936 1381 2068 1437 reli-

423 1472 593 1543 gione
625 1472 1028 1543 permansuris
1051 1471 1106 1525 in
1143 1475 1508 1544 perpetuum.

490 1559 855 1616 Desiderium
898 1560 1049 1631 quod
1089 1561 1160 1616 ad
1217 1559 1551 1632 religiosum
1599 1561 1960 1632 propositum
2014 1565 2069 1616 et

419 1649 750 1704 animarum
805 1648 1052 1708 salutem
1103 1648 1390 1720 pertinere
1421 1652 1798 1716 monstratur,
1833 1654 2067 1705 auctore

418 1737 536 1792 Deo
563 1737 697 1800 sine,
720 1737 918 1808 aliqua
945 1737 1226 1792 dilatione
1255 1741 1343 1792 est
1371 1737 1806 1810 complendum.
1845 1739 2068 1795 Vestris

416 1823 575 1897 ergo,
599 1823 702 1879 ﬁlii
733 1824 794 1879 in
826 1824 1055 1880 Christo
1069 1826 1821 1899 venerabiles,precibns,et
1849 1827 2067 1883 charis-

418 1915 581 1969 simaa
611 1913 765 1969 beati
794 1914 943 1970 Petri
969 1914 1100 1968 tiliae
1125 1914 1423 1970 Mathildis
1449 1916 1762 1971 comitissae
1788 1916 2066 1972 interces-

415 2003 682 2058 sionibus
713 2003 998 2071 inclinati,
1040 2009 1243 2059 vestrae
1276 2004 1656 2060 habitationis
1705 2004 1920 2074 locum,
1965 2007 2065 2078 qui

417 2091 631 2146 dicitur
660 2091 1089 2158 Standalmont,
1151 2097 1208 2146 et
1266 2093 1615 2148 destinatam
1665 2093 2063 2166 apostolorum

417 2178 699 2251 principis
732 2180 950 2242 nomini
983 2179 1310 2246 ecclesiam,
1331 2181 1439 2235 sub
1462 2181 1598 2252 jure
1627 2186 1684 2237 et
1713 2182 2064 2253 protectione

415 2268 573 2324 sedis
604 2268 933 2340 apostolica:
975 2269 1304 2340 specialiter
1351 2271 1766 2326 confovendam
1818 2271 2062 2343 suscipi-

414 2374 568 2414 mus.
601 2359 782 2421 Quem
815 2357 1082 2413 videlicet
1098 2357 1289 2413 locum
1313 2359 1484 2414 certis
1502 2360 1767 2415 terminis
1781 2361 2064 2416 circums-

413 2445 690 2518 criptum,
723 2447 963 2518 praefata
1011 2447 1164 2501 beati
1217 2447 1366 2502 Petri
1401 2447 1522 2502 ﬁlia
1555 2447 1854 2504 Mathildis
1882 2450 2062 2504 comi-

414 2535 578 2600 tissa,
610 2539 812 2589 vestrae
865 2534 1128 2607 religioni
1163 2536 1232 2590 ad
1267 2537 1554 2608 agendam
1603 2553 1973 2592 communem
2007 2542 2064 2594 et

414 2623 756 2678 canonicam
786 2623 964 2677 vitam
997 2623 1258 2692 tradidit,
1284 2625 1393 2678 sub
1425 2641 1602 2680 censu
1652 2627 1872 2680 denarii
1901 2627 2060 2682 aurei

411 2727 607 2782 annuo
639 2711 1017 2766 Lateranensi
1041 2711 1252 2782 palatio
1275 2712 1787 2784 persolvendoIPer
1809 2731 2058 2786 prresen-

414 2798 490 2852 tis
519 2815 656 2870 ergo
697 2798 981 2870 privilegii
1033 2798 1305 2871 paginam
1347 2801 1665 2872 apostolica
1717 2803 2059 2860 auctoritate

415 2887 730 2942 statuimus
764 2891 828 2941 ut
857 2903 1101 2958 quaeque
1151 2888 1306 2943 dona
1353 2905 1616 2962 quasque
1657 2892 2056 2962 possessiones

414 2975 617 3030 eadem
659 2975 958 3031 comitissa
998 2981 1200 3031 vestrae
1247 2977 1492 3032 contulit
1537 2978 1814 3048 ecclesiae,
1863 2982 1948 3037 vel
1999 2983 2056 3040 in

413 3065 678 3119 futurum
741 3063 986 3120 Domino
1027 3065 1348 3137 inspirante
1405 3067 1732 3130 contulerit.
1766 3069 2053 3142 quidquid

413 3152 587 3208 etiam
621 3152 819 3208 ﬁdeles
844 3152 1092 3224 quilibet
1115 3130 1172 3208 in
1207 3171 1440 3227 quoque
1469 3130 1804 3228 episcopatti
1843 3130 2053 3216 de‘suo
2086 3130 2128 3196 θ

403 3243 539 3313 jure
569 3258 673 3314 pro
704 3258 946 3297 suarum
986 3243 1316 3304 animarum
1349 3242 1540 3301 salute
1587 3247 1859 3319 deinceps
1889 3249 2057 3304 obtu-

411 3330 605 3397 lerint,
633 3329 918 3403 quidquid
967 3335 1243 3404 praeterea
1281 3333 1650 3389 concessione
1693 3335 2057 3406 pontificum,

411 3418 759 3475 liberalitate
788 3419 1120 3491 principum
1145 3421 1306 3492 justo
1353 3421 1744 3493 canoniceque
1793 3425 2059 3495 poteritis

411 3507 680 3580 adipisci,
706 3507 876 3562 ﬁrma
903 3508 1066 3562 vobis
1087 3509 1412 3580 vestrisque
1433 3511 1874 3568 successoribus
1903 3517 1960 3568 et
1991 3513 2058 3568 il-

413 3596 594 3652 libata
623 3599 1024 3667 permaneant.

485 3681 864 3738 Decernimus
891 3698 1026 3752 ergo
1044 3682 1265 3738 utnulli
1302 3685 1539 3742 omnino
1562 3685 1871 3742 hominum
1891 3687 2062 3743 liceat

413 3772 686 3830 eumdem
713 3771 904 3827 locum
940 3775 1160 3842 temere
1192 3775 1661 3844 perturbare,aut
1682 3778 1810 3848 ejus
1831 3795 2060 3849 posses-

415 3862 608 3918 siones
633 3860 973 3928 auferre,vel
1007 3860 1232 3917 ablatas
1265 3862 1530 3932 retinere,
1567 3865 1948 3933 minuere,vel
1979 3871 2060 3923 te-

414 3949 680 4007 merariis
710 3949 1115 4006 vexationibus
1145 3951 1408 4024 tatigare,
1442 3953 1543 4008 sed
1594 3955 1793 4010 omnia
1838 3955 2063 4028 integra

412 4043 849 4108 conserventur,
876 4055 1078 4094 eorum
1106 4057 1210 4112 pro
1242 4057 1490 4111 quorum
1542 4045 1966 4101 sustentatione
1996 4063 2062 4102 ac

412 4130 832 4203 gubernatione
863 4129 1520 4196 concessasunt,usibus
1553 4131 1906 4188 omnimodis
1929 4151 2061 4206 pro-

416 4219 629 4274 futura.
663 4217 923 4273 Obeunte
969 4219 1438 4290 congregationis
1487 4225 1688 4276 vestrae
1733 4224 2060 4294 praeposito,

415 4305 613 4362 nullus
643 4306 722 4360 ibi
737 4306 999 4377 qualibet
1019 4307 1413 4378 subreptionis
1436 4309 1652 4364 astutia
1674 4309 1760 4362 vel
1793 4311 2064 4368 violentia

414 4398 807 4467 przeponatur,
843 4394 957 4448 nisi
983 4411 1156 4464 quem
1185 4395 1392 4450 fratres
1419 4397 1716 4452 communi
1748 4415 2059 4469 consensu,

1722 265 1792 332 B.
1841 261 2132 332 URBANI
2179 267 2230 329 ΙΙ
2276 267 2527 330 ΡΑΡΛΞ.

2113 405 2153 465 Α
2190 399 2484 455 volueritis
2517 398 2800 454 catholico
2828 396 3118 470 episcopo,
3153 414 3247 452 cas
3279 393 3536 468 accipere
3579 395 3846 450 liberum

3712 263 3853 324 420

2183 489 2278 544 sit.

2250 577 2334 632 Ad
2368 577 2474 632 hoc
2504 577 2816 648 adjicimus
2849 581 2913 631 ut
2943 576 3255 648 episcopus
3275 575 3467 631 locum
3491 575 3685 646 ipsum
3708 589 3857 646 gra-

2179 683 2314 720 vare
2348 682 2462 720 non
2496 667 2725 733 audeat,
2763 681 2866 720 nec
2898 664 3156 736 aliquam
3188 663 3674 720 consuetudinem
3707 680 3853 735 quae

2182 754 2539 826 rcgularium
2573 754 2818 810 fratrum
2863 753 3039 826 quieti
3075 756 3302 822 noceat,
3346 753 3625 826 irrogare.
3659 752 3850 807 Porro

2181 842 2240 898 in
2301 841 2561 898 ecclesiis
2620 859 2767 914 quas
2819 858 2921 914 per
2975 842 3235 898 diversos
3289 839 3662 914 episcopatus
3723 841 3849 895 sub

2172 933 2306 1003 jure
2335 931 2512 987 vestri
2555 931 2666 986 loci
2710 930 2958 997 habetis,
3012 931 3082 985 de
3128 929 3598 1002 congregationis
3627 933 3845 986 vestra:

2180 1020 2460 1076 fratribus
2508 1025 2761 1076 rectores
2793 1018 3138 1075 instituendi
3190 1018 3435 1074 liberam
3479 1018 3644 1074 vobis
3691 1034 3844 1074 con-

2178 1109 2446 1164 cedimus
2481 1108 2837 1176 facultatem,
2871 1107 3030 1164 salvo
3067 1109 3201 1177 jure
3251 1105 3522 1162 catholici
3571 1105 3845 1178 episcopi

2179 1199 2237 1252 in
2261 1200 2430 1268 cujus
2469 1198 2703 1253 dioecesi
2752 1195 3006 1252 ecclesiae
3051 1197 3174 1253 sita:
3225 1201 3382 1252 sunt.
3408 1196 3493 1250 Ad
3539 1195 3840 1251 indicium

2179 1292 2372 1342 autem
2408 1291 2688 1359 perceptae
2721 1285 2899 1356 hujus
2926 1303 2960 1339 a
2991 1287 3251 1340 Romana
3296 1284 3554 1346 Ecclesia
3591 1283 3849 1340 liberta-

2178 1377 2278 1438 tis,
2311 1374 2715 1447 supradictum
2748 1391 2989 1429 censum
3028 1391 3130 1446 per
3178 1391 3365 1430 annos
3413 1373 3698 1446 singulos,
3731 1377 3849 1429 aut

2178 1465 2236 1519 in
2269 1469 2475 1535 quarto
2509 1481 2659 1518 anno
2695 1463 3036 1529 bisantium,
3062 1462 3434 1518 Lateranensi
3459 1461 3676 1534 palatio
3707 1479 3848 1535 per-

2178 1553 2504 1608 solvetis.Si
2542 1570 2658 1624 qua
2690 1569 2829 1607 sane
2862 1553 2916 1606 in
2942 1552 3262 1607 crastinum
3294 1551 3694 1607 ecclesiastica
3725 1568 3842 1606 saa-

2177 1641 2461 1697 cularisve
2503 1658 2772 1714 persona,
2807 1641 2984 1711 hujus
3032 1639 3246 1695 decreti
3291 1640 3562 1712 paginam
3614 1640 3838 1705 sciens,

2176 1737 2379 1786 contra
2408 1748 2535 1786 eam
2571 1735 2787 1786 temere
2819 1730 3014 1785 venire
3062 1729 3396 1797 tentaverit,
3425 1729 3680 1784 secundo
3713 1732 3840 1786 ter-

2176 1820 2325 1875 tiove
2350 1818 2777 1880 commonita,si
2809 1835 2917 1873 non
2941 1817 3336 1874 satisfactione
3357 1832 3620 1890 congrua
3639 1834 3840 1873 emen-

2176 1908 2419 1974 daverit,
2452 1907 2756 1980 potestatis
2787 1907 3143 1979 honorisque
3174 1905 3264 1962 sui
3301 1905 3586 1978 dignitate
3611 1912 3831 1972 careat,

2176 2013 2454 2068 reamque
2485 2013 2546 2051 se
2589 1995 2784 2050 divino
2817 1995 3042 2066 judicio
3087 1994 3330 2050 existere
3375 1996 3446 2050 de
3496 1999 3836 2067 perpetrata

2176 2085 2484 2158 iniquitate
2504 2089 2837 2157 cognoscat,
2870 2089 3043 2156 atque
3069 2101 3105 2138 a
3151 2083 3548 2140 sacratissimo
3590 2099 3835 2155 corpore

2174 2181 2230 2228 et
2261 2174 2547 2246 sanguine
2578 2173 2676 2228 Dei
2706 2189 2770 2227 ac
2797 2173 3022 2228 Domini
3046 2171 3453 2246 Redemptoris
3480 2173 3668 2227 nostri
3688 2171 3834 2227 Jesu

2173 2261 2387 2318 Christi
2420 2262 2611 2317 aliena
2642 2263 2764 2328 fiat,
2796 2267 2853 2316 et
2883 2262 2942 2316 in
2975 2267 3232 2320 extremo
3263 2260 3526 2322 examine
3548 2261 3832 2316 districtis

2174 2352 2381 2406 ultioni
2416 2353 2736 2422 subjaceat,
2771 2351 2997 2406 cunctis
3045 2355 3239 2412 autem
3290 2351 3482 2408 eidem
3511 2348 3638 2406 loco
3659 2350 3836 2420 justa

2173 2441 2541 2496 servantibus
2587 2440 2664 2494 sit
2713 2457 2823 2511 pax
2871 2439 3105 2500 Domini
3155 2439 3336 2495 nostri
3393 2439 3534 2496 Jesn
3584 2438 3827 2504 Christi,

2172 2535 2463 2601 quatenus
2494 2534 2550 2584 ct
2581 2528 2674 2583 hic
2706 2529 2961 2583 fructum
2995 2528 3158 2584 bona:
3193 2527 3438 2583 actionis
3480 2526 3830 2599 percipiant,

2170 2625 2227 2674 et
2259 2620 2410 2689 apud
2445 2617 2774 2673 districtum
2801 2618 3063 2688 judicem
3115 2617 3352 2689 praemia
3397 2620 3620 2672 aeternae
3663 2616 3828 2688 pacis

2169 2708 2486 2763 inveniant.
2510 2709 2713 2762 Amen.

2239 2797 2449 2852 Datum
2484 2795 2792 2850 Mediolani
2828 2812 2928 2867 per
2975 2812 3217 2850 manum
3272 2795 3538 2873 Joannis,
3598 2799 3818 2850 sancta:

2170 2886 2440 2940 Romana:
2486 2885 2749 2940 Ecclesiae
2793 2884 3022 2940 diaconi
3075 2884 3408 2952 cardinalis,
3450 2901 3525 2940 v11
3575 2883 3812 2940 Kalend.

2163 2974 2346 3040 Junii,
2381 2975 2579 3028 indict.
2614 2991 2694 3037 In,
2725 2975 3099 3046 pontiﬁcatus
3131 2979 3324 3029 autem
3357 2974 3557 3030 domui
3590 2973 3812 3029 Urbani

2166 3062 2405 3118 secundi
2439 3080 2600 3135 papae
2631 3067 2851 3118 octavo.

2173 3285 2380 3342 Urbani
2433 3285 2484 3339 II
2545 3300 2700 3356 papa:
2746 3197 3103 3355 ερίρςίξῗιωιῖιέ
3170 3284 3648 3354 Salmoriacenses,
3703 3288 3818 3339 tam

2664 3357 2887 3410 clericos
2931 3372 3094 3427 quam
3131 3356 3318 3412 laicos.

2791 3472 2976 3550 (Auno
3009 3470 3194 3543 1095.)

2397 3569 2484 3639 [1).
2509 3569 2804 3634 Βουουετ,
2837 3570 3072 3638 Recuez'l,
3107 3576 3145 3624 t.
3180 3569 3320 3637 XIV,
3355 3586 3410 3642 p.
3442 3569 3595 3640 760.]

2242 3684 2882 3757 Uneanusepiscopus,
2917 3702 3118 3740 servus
3153 3702 3451 3742 servorum
3487 3685 3609 3752 Dei,
3646 3685 3822 3742 dilec-

2168 3774 2245 3828 tis
2277 3773 2414 3828 ﬁliis
2445 3777 2565 3828 tam
2615 3771 2840 3828 clericis
2889 3790 3066 3844 quam
3099 3773 3286 3840 laicis,
3331 3775 3386 3829 in
3421 3789 3568 3846 pago
3602 3773 3823 3830 Salmo-

2171 3861 2417 3918 riacensi
2467 3861 2990 3927 commorantibus,
3042 3861 3291 3918 salutem
3337 3867 3393 3918 et
3442 3861 3820 3934 apostolicam

2171 3949 2656 4007 benedictionem.

2241 4039 2524 4106 Quoniam
2559 4039 2735 4094 frater
2755 4038 3104 4096 Viennensis
3126 4039 3600 4112 archiepiscopus
3623 4045 3820 4096 nostro

2169 4133 2227 4185 et
2255 4127 2482 4184 concilii
2515 4128 2669 4198 quod
2723 4127 3001 4201 largiente
3039 4129 3284 4184 Domino
3333 4129 3630 4202 placentiae
3677 4129 3823 4186 cele-

2169 4219 2404 4273 bratum
2435 4215 2765 4287 estjudicio
2797 4217 3033 4272 obedire
3059 4218 3428 4290 contempsit,
3463 4222 3528 4272 ut
3557 4217 3824 4273 videlicet

2174 4297 2710 4377 Grationopolitano
2743 4305 3014 4377 episcopo
3064 4304 3588 4362 Salmoriacensem
3629 4307 3822 4362 &PChl-.

2173 4393 2506 4450 diaconiam
2537 4394 2888 4460 restitueret,
2921 4393 3072 4450 sicut
3097 4395 3168 4450 de
3190 4395 3472 4452 ea‘fuerat
3497 4395 3822 4464 investitus,

414 4482 502 4538 vel
535 4483 779 4537 fratrum
833 4499 968 4554 pars
999 4483 1222 4538 consilii
1275 4483 1550 4550 sanioris,
1600 4487 1925 4543 secundum
1966 4489 2069 4546 Dei
2097 4495 2143 4559 Β
2176 4500 2282 4538 nos
2314 4481 2478 4537 vobis
2508 4481 2884 4554 praesentium
2917 4481 3242 4538 litterarum
3269 4483 3612 4539 auctoritate
3633 4483 3827 4556 praeci-

415 4571 688 4626 timorem
721 4571 1269 4644 institutionemque
1316 4572 1656 4629 canonicam
1710 4576 2071 4646 providerint

411 4659 772 4733 eligendum.
806 4660 1134 4716 Statuimus
1183 4661 1359 4716 etiam
1405 4679 1476 4717 ne
1507 4661 1599 4717 cui
1631 4664 1904 4733 fratrum,
1939 4673 2074 4739 post

415 4748 836 4822 professionem
869 4748 1210 4817 exhibitam,
1247 4750 1419 4806 liceat
1478 4767 1545 4806 ex
1585 4753 1787 4808 eodem
1819 4754 2073 4812 claustro

415 4839 541 4894 sine
571 4837 867 4911 praepositi
887 4853 988 4893 seu
1003 4839 1474 4912 congregationis
1495 4841 1881 4911 permissione
1895 4844 2076 4900 disce-

415 4928 577 4985 dere:
611 4927 1006 4984 discedentem
1037 4945 1171 4982 vero
1198 4928 1398 4983 nullus
1421 4929 1702 4984 abbatum
1729 4931 1815 4986 vel
1849 4933 2070 5004 episco-

415 5033 647 5089 porum,
680 5016 882 5074 nullus
911 5017 1334 5072 monachorum
1368 5034 1470 5073 seu
1505 5019 1916 5076 canonicorum
1940 5021 2067 5077 sine

414 5105 816 5172 communium
849 5105 1118 5162 cautione
1147 5105 1474 5162 litterarum
1509 5107 1815 5180 suscipiat.
1850 5109 2063 5166 Conse-

417 5195 706 5251 crationes
733 5194 1135 5262 ecclesiarum,
1184 5195 1578 5252 ordinationes
1617 5195 1962 5254 clericorum
1993 5199 2064 5255 ab

417 5283 688 5354 episcopo
710 5284 767 5338 in
791 5284 962 5356 cujus
976 5283 1208 5340 dioecesi
1232 5283 1392 5353 estis,
1411 5285 1744 5358 accipietis;
1773 5285 2066 5359 siquidem

419 5369 736 5426 catholicus
768 5373 960 5441 fuerit,
994 5377 1051 5430 et
1080 5373 1130 5429 si
1179 5375 1427 5446 gratiam
1477 5378 1536 5428 et
1591 5376 2067 5444 communionem

417 5458 743 5531 apostolicae
783 5462 939 5517 sedis
981 5461 1273 5532 habuerit,
1308 5467 1365 5519 et
1395 5463 1444 5519 si
1493 5479 1591 5519 eas
1624 5464 1808 5537 gratis
1835 5464 2068 5539 impen-

417 5547 553 5610 dere
583 5563 649 5608 ac
679 5547 805 5607 sine
827 5550 1105 5624 pravitate
1133 5551 1383 5615 voluerit
1415 5568 1429 5614 :
1463 5551 1724 5633 alioquin
1755 5571 1790 5614 α
1822 5571 2059 5636 quoque

2183 4571 2378 4644 pimus
2409 4575 2493 4637 ut,
2527 4571 2793 4642 ejusdem
2825 4571 3174 4628 Viennensis
3223 4572 3646 4645 archiepiscopi
3689 4573 3824 4628 sub-

2175 4661 2431 4733 jectione
2463 4659 2796 4731 posthabita
2826 4676 3002 4732 quam
3035 4678 3069 4716 a
3093 4661 3256 4716 vobis
3287 4662 3518 4718 videtur
3547 4660 3827 4736 violenter

2183 4748 2429 4822 exigere,
2471 4747 3008 4820 Gratianopolitano
3056 4749 3334 4822 deinceps
3369 4754 3650 4822 tanquam
3702 4767 3828 4823 pro-

2182 4837 2308 4909 prio
2340 4836 2612 4908 episcopo
2642 4834 2951 4902 obediatis,
2990 4838 3173 4893 donec
3217 4838 3483 4910 utrisque
3530 4839 3828 4912 praesenti-

2183 4928 2292 4982 bus
2323 4926 2476 4981 idem
2509 4924 2806 4997 negotium
2838 4925 2898 4980 in
2931 4931 3129 4982 nostra
3175 4927 3264 4984 vel
3305 4929 3481 5002 legati
3513 4929 3696 4984 nostri
3729 4945 3826 4983 au-

2181 5014 2403 5070 dientla
2434 5013 2710 5081 canonico
2748 5013 2975 5084 judicio
3025 5017 3355 5074 deﬁniatur.
3390 5017 3451 5082 Si
3495 5034 3628 5074 vero
3655 5017 3826 5074 etiam

2174 5120 2332 5160 nunc
2363 5101 2714 5158 Viennensis
2746 5103 3219 5178 archiepiscopus
3251 5123 3439 5179 usque
3478 5108 3551 5163 ad
3598 5107 3830 5163 canoni-

2177 5209 2312 5248 cum
2363 5191 2649 5260 judicium
2701 5209 2878 5266 super
2935 5193 3304 5252 investitione
3355 5196 3465 5253 hac
3506 5195 3828 5269 inquietare

2177 5279 2642 5356 praesumpserit,
2678 5298 2784 5337 nos
2815 5282 3012 5354 ipsum
3068 5284 3304 5340 interim
3359 5287 3432 5341 ab
3481 5284 3641 5342 illius
3698 5285 3828 5343 obe-

2183 5370 2402 5427 dientia
2433 5369 2859 5426 subtrahimus.

2248 5460 2393 5517 Data
2409 5457 2732 5518 Mediolano
2765 5459 3012 5536 septimo
3035 5461 3162 5520 Kal.
3189 5462 3370 5523 Junii.
