4004 6162
419 295 539 354 493

1731 289 1798 351 Β.
1847 289 2146 352 URBANI
2193 292 2240 352 il
2290 289 2535 352 ΡΑΡᾹΞ.

3716 289 3844 352 428

488 428 628 482 'l‘uis
659 428 856 498 igitur,
893 423 1100 481 dilecta
1123 425 1242 481 filia
1272 425 1326 480 in
1361 426 1586 480 Christo
1615 425 2069 496 l’lorcnti:1.pro-
2103 432 2156 491 Α
2189 428 2256 479 dc
2291 429 2544 480 claustro
2578 426 2874 479 discedere
2908 426 3096 494 liccat,
3155 425 3579 492 interdicimus,
3631 431 3687 480 ct
3717 431 3839 480 tam

419 517 586 573 cibus
619 519 966 585 manentes,
1001 521 1062 570 Β.
1093 515 1241 571 Petri
1274 515 1345 570 de
1376 513 1617 570 Blazilia
1648 513 2070 569 monasterium

419 605 479 662 in
509 605 856 662 Arvernensi
887 605 1166 659 comitatu
1199 605 1399 669 situm,
1426 603 1517 658 cui
1542 602 1657 658 Deo
1681 607 1915 658 auctore
1936 619 2076 672 pra;-

420 695 598 762 sides,
631 695 704 749 ab
736 692 1135 765 Ermengarda
1183 692 1483 747 comitissa
1541 696 1967 756 constructum,
2016 697 2075 746 et

419 783 691 840 Romanis
721 781 976 837 ecclesiae
1005 781 1315 844 traditum,
1349 781 1458 837 sub
1479 782 1613 852 jure
1637 785 1692 836 et
1715 779 2072 853 protectione

418 871 574 928 sed-is
606 869 934 943 apostolicae
965 869 1851 942 sus‘oipimus,quemadmodum
1882 886 1914 924 a
1936 886 2074 941 prae-

417 960 824 1016 decessoribus
871 959 1088 1014 nostris
1147 963 1377 1015 constat
1396 975 1522 1015 esse
1572 963 1930 1030 susceptum.
1966 959 2073 1014 Per

411 1053 756 1120 praesentem
789 1047 987 1120 itaque
1010 1048 1297 1121 privilegii
1330 1049 1603 1120 paginam
1630 1047 1955 1120 apostolica
1975 1065 2073 1103 au-

413 1137 675 1192 ctoritate
707 1137 1050 1203 statuimus,
1083 1141 1140 1192 et
1170 1154 1532 1210 quaecunque
1565 1138 1715 1192 idem
1741 1136 2069 1193 coenobium

411 1223 754 1296 hodiejuste
777 1225 1145 1296 possidet,vel
1171 1226 1229 1280 in
1259 1227 1524 1282 futurum
1535 1227 1694 1295 juste
1717 1230 1772 1280 et
1794 1225 2070 1282 canonice

411 1313 818 1386 possidebit,et
850 1315 1060 1386 poterit
1092 1314 1358 1386 adipisci,
1391 1317 1450 1369 in
1483 1313 1734 1376 cellis.in
1772 1314 2064 1381 ecclesiis,

412 1402 470 1456 in
504 1402 678 1470 villis,
708 1407 766 1457 et
799 1403 855 1457 in
887 1403 1111 1458 caeteris
1143 1403 1318 1459 rebus
1347 1402 1664 1458 mobilibus
1695 1403 1815 1458 sive
1849 1402 2064 1457 immo—

410 1490 758 1560 bilibus,tibi
773 1492 1012 1564 tuisque
1033 1492 1335 1547 sororibus
1352 1495 1469 1548 tam
1488 1491 1870 1564 praesentibus
1886 1508 2062 1563 quam

410 1577 646 1648 futuris,
677 1580 1020 1651 regulariter
1040 1581 1302 1646 victuris,
1326 1581 1494 1636 firma
1518 1597 1750 1653 semper
1769 1585 1824 1635 et
1841 1579 2065 1635 illibata

411 1674 811 1740 permaneant.

483 1757 861 1812 Decernimus
888 1773 1044 1829 ergo,
1078 1762 1143 1812 ut
1183 1758 1327 1813 nulli
1360 1759 1598 1814 omnino
1649 1757 1955 1814 hominum
1991 1757 2058 1812 li-
2090 1793 2138 1859 Β

412 1850 556 1916 seat,
589 1846 743 1902 idem
777 1847 1106 1902 ccenobium
1139 1851 1356 1904 temere
1405 1848 1760 1920 perturbare,
1796 1851 1898 1902 aut
1932 1849 2060 1918 ejus

410 1935 813 2006 possessiones
845 1936 1090 2005 auferre,
1123 1935 1208 1991 vel
1243 1936 1468 1992 ablatas
1501 1937 1764 2003 retinere,
1798 1937 2061 1992 minuere

409 2023 496 2079 vel
528 2024 855 2080 temerariis
885 2024 1287 2081 vexationibus
1319 2025 1596 2097 fatigare;
1627 2025 1727 2080 sed
1759 2025 1957 2080 omnia
1980 2023 2062 2078 in-

409 2116 573 2184 tegra
603 2118 1021 2169 conserventur
1049 2130 1272 2182 earum,
1325 2131 1427 2186 pro
1481 2131 1732 2185 quarum
1764 2119 2058 2170 sustenta-

408 2199 563 2256 tione
593 2205 649 2256 et
677 2202 1098 2274 gubernatione
1129 2218 1405 2259 concessa
1435 2209 1592 2274 sunt,
1617 2203 1844 2258 nisibus
1868 2203 2056 2258 omni-

408 2288 600 2344 modis
631 2291 954 2361 profutura,
989 2291 1148 2346 salvo
1196 2292 1476 2347 canonico
1525 2292 1682 2347 sedis
1730 2291 2056 2363 apostolicae

399 2377 556 2448 jure.
586 2378 671 2432 Ad
705 2379 988 2434 indicium
1011 2385 1203 2436 autem
1237 2381 1414 2452 hujus
1436 2385 1766 2454 perceptzea
1797 2380 2058 2435 Romana

406 2466 662 2522 Ecclesia
690 2466 996 2536 libertatis,
1030 2486 1132 2541 per
1155 2469 1420 2542 singulos
1441 2486 1627 2526 annos
1657 2470 1915 2542 quinque
1937 2486 2058 2524 mo-

405 2560 551 2610 neta:
581 2560 785 2612 vestrae
810 2556 1028 2613 solidos
1051 2559 1424 2615 Lateranensi
1453 2557 1667 2630 palatio
1691 2557 2052 2630 persolvetis.

405 2643 465 2700 Si
495 2645 631 2717 quis
662 2662 801 2702 sane
832 2646 889 2702 in
923 2648 1246 2703 crastinum
1295 2647 1789 2719 archiepiscopus,
1823 2647 2053 2718 episco-

405 2749 535 2806 pus,
570 2734 888 2808 imperator
918 2741 1020 2791 aut
1049 2754 1166 2803 rex,
1200 2742 1302 2792 aut
1335 2738 1626 2809 princeps,
1662 2740 1763 2791 aut
1789 2736 1926 2803 dux,
1953 2740 2055 2790 aut

403 2839 621 2889 comes,
644 2828 746 2878 aut
775 2824 1046 2891 vicomes,
1075 2825 1276 2896 judex,
1318 2831 1419 2881 aut
1443 2825 1716 2897 quaelibet
1747 2823 2050 2880 ecclesias-
2083 2829 2088 2840 ’

403 2911 519 2968 tica
548 2911 636 2967 vel
690 2911 988 2969 saecularis
1017 2931 1287 2986 persona,
1323 2916 1512 2970 sciens
1542 2914 1722 2985 hujus
1765 2913 2048 2985 privilegii

401 2999 697 3072 paginam,
731 3007 932 3058 contra
961 3018 1089 3058 eam
1120 3004 1312 3060 venire
1346 3009 1560 3060 temere
1591 3001 1913 3070 tentaverit,
1961 3018 2051 3057 se-

400 3091 591 3144 cundo
640 3091 875 3146 tertiove
933 3093 1350 3160 commonitus,
1401 3093 1450 3149 si
1484 3107 1595 3147 non
1653 3091 2046 3148 satisfactione

2183 532 2282 571 vos
2315 530 2492 587 quam
2514 518 2708 570 vestra
2729 515 2927 570 omnia
2949 515 3105 572 sedis
3126 514 3458 588 apostolicae
3478 513 3839 586 protectione

2185 604 2505 659 munimus.
2540 603 2718 658 Vobis
2751 604 2966 676 itaque,
2989 605 3312 678 vestrisque
3342 603 3753 660 succesoribus
3777 601 3837 658 in

2183 693 2384 748 eadem
2417 691 2695 764 religione
2731 694 3151 764 permansuris,
3186 709 3254 749 ea
3305 692 3507 748 omnia
3554 697 3836 764 perpetuo

2182 781 2538 853 possidenda
2571 781 3022 854 sancimus,qum
3053 781 3402 838 venerabilis
3431 781 3607 838 frater
3637 785 3838 836 noster

2181 870 2452 926 Giraldus
2492 871 2864 927 Caturcensis
2920 871 3230 944 episcopus
3260 871 3334 926 ad
3391 869 3833 943 gubernationis

2179 964 2381 1015 vostra:
2395 959 2604 1016 solatia
2625 961 2885 1016 noscitur
2906 961 3258 1026 contulisse;
3282 960 3589 1016 ecclesiam
3610 958 3832 1015 scilicet

2181 1049 2240 1104 S.
2271 1049 2490 1104 Juliani
2523 1050 2592 1104 de
2622 1049 2868 1116 Bovena,
2913 1049 3214 1105 ecclesiam
3248 1051 3307 1105 S.
3367 1048 3519 1105 Petri
3548 1049 3620 1104 de
3674 1048 3826 1105 Mor-

2179 1139 2379 1204 trado;
2415 1137 2636 1194 reditus
2668 1137 2841 1203 villae,
2874 1155 3000 1210 qua:
3031 1139 3246 1194 dicitur
3275 1138 3577 1203 Pardinas,
3612 1137 3827 1192 medie-

2177 1231 2356 1282 tatem
2387 1226 2748 1281 oblationum
2775 1243 2844 1281 ex
2892 1226 3056 1282 alteri
3087 1228 3238 1283 beati
3272 1226 3572 1298 Stephani,
3606 1225 3826 1281 medie-

2176 1321 2354 1372 tatem
2386 1333 2597 1371 census
2649 1322 2891 1371 monetae
2949 1317 3340 1384 Caturcensis,
3394 1315 3491 1386 qui
3551 1314 3825 1386 episc0po

2175 1409 2503 1477 competere
2533 1405 2780 1472 videtur,
2814 1405 3046 1461 tertiam
3080 1411 3302 1478 partem
3327 1407 3823 1478 paratarum,quae

2174 1494 2509 1566 parochiani
2534 1494 2722 1549 solent
2753 1495 3022 1566 episcopo
3043 1511 3170 1550 com
3181 1493 3366 1566 parari
3379 1497 3605 1561 ,czetera
3623 1493 3824 1547 omnia

2173 1600 2298 1654 quae
2331 1583 2484 1637 idem
2517 1582 2825 1655 episcopus
2855 1583 2941 1637 vel
2977 1584 3102 1653 jam
3133 1582 3296 1638 vobis
3327 1581 3589 1648 contulit,
3641 1579 3726 1636 vel
3760 1581 3818 1635 in

2173 1674 2437 1726 futurum
2465 1675 2553 1727 est
2583 1671 2864 1743 largiente
2900 1671 3145 1727 Domino
3177 1670 3516 1726 collaturus.
3538 1669 3616 1724 Ea
3643 1667 3820 1724 etiam

2171 1777 2296 1832 quae
2328 1760 2465 1816 olim
2497 1762 2568 1816 ad
2599 1760 3038 1815 Calursiensum
3073 1759 3488 1815 canonicorum
3511 1774 3684 1814 usum
3707 1757 3822 1812 col-

2169 1850 2306 1918 lata,
2369 1851 2468 1905 sed
2505 1855 2633 1921 post
2663 1867 2863 1905 eorum
2928 1847 3299 1921 negligentiis
3357 1847 3591 1918 detrita,
3650 1851 3708 1902 et
3757 1846 3816 1902 in

2171 1956 2381 1995 manus
2396 1939 2647 1993 militum
2663 1945 3118 2009 caeterorumque
3141 1936 3512 1992 saecularium
3532 1935 3818 2006 dissipata

2169 2031 2322 2083 sunt.
2359 2026 2736 2083 Decernimus
2766 2042 2900 2099 ergo
2936 2032 3000 2081 ut
3054 2026 3197 2081 nulli
3231 2025 3468 2081 omnino
3508 2023 3813 2081 hominum

2168 2116 2338 2172 liceat
2366 2117 2631 2172 eamdem
2683 2116 3022 2171 canonicam
3055 2120 3266 2170 temere
3318 2114 3676 2186 perturbare,
3726 2111 3816 2169 vel

2166 2208 2293 2278 ejus
2326 2205 2727 2278 possessiones
2757 2205 3006 2270 auferre,
3039 2203 3125 2258 vel
3160 2202 3385 2258 ablatas
3415 2203 3815 2270 retinere,mi-

2168 2312 2365 2360 nuere,
2398 2293 2484 2349 vel
2541 2292 2866 2348 temerariis
2917 2291 3320 2348 vexationibus
3370 2290 3650 2363 fatigare;
3703 2291 3809 2346 sed

2165 2384 2361 2440 omnia
2393 2385 2616 2454 integra
2674 2387 3089 2437 conserventur
3135 2397 3355 2447 eorum,
3405 2396 3508 2452 pro
3556 2395 3810 2451 quarum

2165 2472 2586 2528 sustentatione
2616 2489 2681 2526 ac
2698 2470 3120 2544 gubernatione
3141 2485 3416 2526 concessa
3435 2467 3812 2534 sunt,usibus

2163 2561 2520 2617 omnimodis
2550 2561 2872 2633 profutura.
2933 2559 3082 2615 Illud
3115 2559 3290 2615 etiam
3343 2557 3811 2631 supranominati

2162 2650 2418 2724 episcopi
2448 2651 2829 2706 constitutum
2861 2649 3162 2721 prazsentis
3195 2648 3408 2704 decreti
3440 2646 3654 2720 pagina
3687 2652 3810 2703 sta-

2161 2740 2422 2804 bilimus,
2468 2744 2532 2794 ut
2590 2739 2993 2811 praepositum,
3028 2739 3147 2794 sive
3195 2737 3722 2803 archidiaconatus,
3755 2740 3811 2792 et

2161 2829 2350 2884 caeteri
2388 2827 2762 2884 ecclesiastici
2821 2827 3071 2884 honores
3131 2825 3500 2882 Caturcensis
3553 2824 3809 2882 ecclesia

2159 2918 2368 2974 vestris
2413 2921 2864 2988 vestrorumque
2897 2930 3302 2972 successorum
3336 2913 3599 2970 consiliis
3650 2913 3807 2968 ordi-

2159 3011 2387 3061 nentur.
2421 3006 2480 3060 Si
2513 3021 2628 3077 qua
2656 3021 2787 3061 vero
2820 3005 2877 3058 in
2912 3004 3173 3060 futurum
3203 3001 3596 3059 ecclesiastica
3621 3018 3806 3056 saecuo

2161 3094 2368 3150 larisve
2387 3110 2636 3166 persona
2655 3092 2833 3163 hujus
2847 3096 3054 3148 nostra:
3071 3090 3512 3147 constitutionis
3526 3089 3803 3163 paginam

400 3193 660 3251 congrua
688 3181 1102 3250 emendaverit,
1136 3182 1440 3254 potestatis
1468 3181 1821 3253 honorisque
1853 3179 1942 3236 sui
1966 3179 2048 3235 di-
2078 3162 2120 3228 (ἶ
2161 3162 2606 3248 scisam—contra
2633 3162 2762 3236 eam
2792 3185 3008 3236 temere
3033 3181 3228 3236 venire
3247 3162 3571 3246 tentaverit,
3595 3194 3803 3235 secun-

398 3265 618 3338 gnitate
647 3273 858 3325 careat.

468 3356 697 3430 Reliqua
716 3358 1115 3415 desiderantur.

1063 3465 1348 3521 CXLVIII.

401 3559 744 3615 Caturcensis
791 3555 1024 3610 ecclesiae
1069 3555 1321 3610 canonici
1371 3555 1770 3625 conﬁrmantur
1823 3555 1883 3608 in
1914 3569 2042 3624 pro-

466 3632 699 3702 fessione
765 3630 895 3684 vitm
969 3627 1260 3696 regularis,
1328 3642 1492 3696 quam
1559 3641 1742 3681 recens
1811 3625 2044 3696 professi

466 3709 640 3758 erant.

1024 3770 1210 3839 (Anno
1239 3767 1422 3838 4095.)

779 3859 1175 3930 [COQUELINES,
1210 3861 1351 3911 tom.
1387 3856 1456 3922 ll,
1492 3871 1549 3927 p.
1573 3857 1662 3925 84]

468 3949 745 4006 Unamus
771 3947 1104 4020 episcopus,
1129 3962 1332 4001 servus
1364 3961 1663 4000 servorum
1687 3943 2044 4010 Dci,dilectis

396 4039 455 4094 in
487 4037 712 4095 Christo
735 4037 892 4103 ﬁliis,
929 4036 1233 4092 Goensa'ro
1265 4033 1463 4106 priori,
1499 4034 1745 4105 ejusque
1768 4033 2044 4088 fratribus

397 4127 454 4182 in
486 4126 827 4183 Caturcensi
851 4122 1097 4180 ecclesia
1118 4122 1459 4179 canonicam
1484 4121 1660 4177 vitam
1686 4121 2047 4194 professis,et

395 4232 597 4271 eorum
631 4211 1094 4278 successoribus,
1125 4211 1183 4266 in
1215 4212 1416 4267 eadem
1464 4210 1740 4283 religione
1771 4226 2044 4281 perman-

397 4302 574 4370 suris,
609 4302 670 4357 in
701 4306 1072 4373 perpetuum.

2151 3273 2224 3327 do
2246 3271 2493 3326 terviove
2513 3270 2889 3338 commonita,
2914 3270 2963 3326 si
2984 3287 3098 3325 non
3123 3268 3518 3326 satisfactione
3540 3283 3801 3341 congrua

2150 3359 2562 3424 emendaverit,
2623 3359 2928 3430 potestatis
2959 3358 3314 3430 honorisque
3369 3359 3460 3414 sui
3515 3357 3798 3431 dignitate

2152 3452 2382 3514 careat;
2416 3464 2692 3519 reamque
2721 3463 2783 3503 se
2814 3447 3010 3502 divino
3032 3447 3256 3518 judicio
3291 3445 3535 3502 existere
3564 3446 3634 3502 de
3666 3461 3795 3518 per-

2152 3543 2375 3611 petrata
2405 3537 2710 3609 iniquitate
2739 3541 3080 3609 cognoscat;
3113 3539 3286 3607 atque
3329 3551 3365 3589 a
3401 3533 3802 3602 sacratissimo

2151 3643 2387 3699 corpore
2421 3643 2485 3680 ac
2509 3625 2794 3697 sanguine
2807 3625 2907 3680 Dei
2936 3630 2994 3679 et
3018 3623 3242 3677 Domini
3269 3622 3652 3693 redemptoris
3673 3638 3806 3677 nos-

2152 3715 2224 3770 tri
2252 3716 2393 3771 Jesu
2434 3715 2646 3770 Christi
2692 3713 2879 3768 aliena
2909 3713 3027 3779 fiat,
3061 3715 3118 3766 et
3145 3710 3204 3764 in
3244 3714 3498 3765 extremo
3535 3711 3802 3766 examine

2153 3804 2430 3859 districta:
2463 3802 2672 3859 ultioni
2705 3802 3024 3872 subjaceat.
3059 3799 3300 3854 Cunctis
3357 3803 3553 3854 autem
3610 3799 3802 3854 eidem

2153 3891 2278 3948 loco
2321 3893 2488 3954 iusta
2519 3891 2884 3947 servantibus
2915 3888 2991 3945 sit
3038 3906 3150 3961 pax
3186 3886 3416 3943 Domini
3447 3887 3631 3943 nostri
3659 3887 3805 3943 Jesu

2153 3981 2395 4045 Christi,
2428 3985 2721 4052 quatenus
2751 3984 2808 4035 et
2829 3978 2920 4032 hic
2947 3978 3203 4033 fructum
3226 3977 3388 4032 bona:
3411 3975 3660 4032 actionis
3683 3991 3811 4048 per-

2154 4069 2390 4141 cipiant,
2413 4073 2467 4124 et
2490 4069 2642 4140 apud
2670 4067 3002 4124 districtum
3024 4067 3286 4136 judicem
3310 4065 3552 4137 praemia
3581 4068 3806 4120 aeternae

2155 4159 2317 4229 pacis
2339 4157 2658 4212 inveniant.
2692 4159 2895 4224 Amen,
2930 4173 3121 4222 amen,
3157 4171 3347 4210 amen.

2229 4290 2239 4300 .
2279 4289 2290 4301 .
2329 4288 2340 4300 .
2379 4289 2389 4300 .
2423 4247 2669 4302 Joannis
2702 4251 2915 4302 sanctis
2950 4246 3223 4300 Romanae
3252 4242 3522 4299 Ecclesia;
3573 4241 3803 4299 diaconi

2154 4333 2490 4399 cardinalis,
2524 4352 2557 4389 x
2589 4334 2713 4389 Kal.
2752 4336 2910 4406 Sept.
2946 4334 3148 4389 indict.
3181 4350 3264 4400 In,
3298 4349 3450 4388 anno
3493 4330 3803 4388 Dominicae

469 4386 2047 4495 Ρίεε,ριτειυιειιίονοιυητξιίεεςοοξιιἀθρειργοεοᾳυθξιιε
2155 4386 3313 4495 angustiames,itit...
3343 4386 3582 4477 sane
3641 4436 3803 4493 p...

469 4437 575 4446 “”’
603 4437 911 4488 τῖ”’“““““
940 4437 2043 4487 ’⁷’“““’”“”“ῗ“ῖ”“⁷.”“τῖ’“Ί“““
2155 4437 2579 4480 lncarnauoms
2628 4437 2768 4478 1W0
2797 4437 2930 4495 (36),
2968 4465 2980 4477 .
3018 4465 3030 4477 .
3070 4466 3082 4478 .
3119 4465 3132 4477 .
3165 4437 3302 4477 nam
3344 4437 3582 4477 secundi
3641 4437 3753 4493 pap

395 4479 709 4568 compleri,
731 4483 1019 4548 quatenus
1049 4477 1456 4568 etAdevotioms
1483 4475 2045 4568 -smceritas‘lauda-
2075 4531 2121 4568 Π
2152 4520 2372 4568 octavo.

398 4531 923 4632 hilitervenvitescat,
957 4570 1015 4620 et
1045 4563 1263 4619 utiliter
1304 4562 1600 4635 postulata
1629 4531 1779 4620 vires
1811 4565 2041 4620 indubi-
2074 4531 2121 4596 D
2152 4531 2372 4570 ocmvo'
2867 4618 2976 4635 nm
3001 4619 3066 4635 η,

395 4618 586 4712 ius;
615 4618 1079 4718 mantica.
1111 4618 1441 4726 igitur‘vos,
1503 4618 1772 4708 mni};
1822 4618 2045 4709 assist.
2405 4712 2437 4726 ,,
2485 4711 2494 4721 .
2543 4710 2570 4726 .,
2654 4711 2662 4720 .
2863 4618 3235 4726 ςψξῖμη.-
3275 4707 3414 4726 ηδ--
3456 4706 3544 4726 η-..

400 4706 575 4712 -η---ν-
617 4706 896 4712 ᾑ---η--η-
942 4706 1016 4718 ηπ
1053 4706 1078 4708 μ
1337 4706 1441 4720 νὴ,
1511 4706 1526 4708 -
2485 4711 2494 4721 .
2543 4712 2551 4721 .
2654 4711 2662 4720 .
3200 4708 3209 4718 .
3535 4709 3544 4717 .

395 4744 747 4812 charissimi,
802 4760 907 4815 per
934 4742 1188 4798 divinam
1221 4742 1471 4814 gratiam
1529 4742 1789 4814 aspirati,
1852 4759 2045 4798 mores
2394 4710 2758 4778 prwueymm
2783 4724 2884 4780 pro
2911 4715 3239 4815 "‘Wf‘m”
3271 4706 3560 4762 casae-De"

395 4839 616 4890 vestros
647 4834 760 4890 sub
804 4813 1091 4905 regularis
1145 4813 1272 4886 vita:
1321 4813 1632 4902 disciplina
1671 4848 1952 4896 coercere,
1985 4835 2042 4887 et
2487 4904 2528 4905 η
2781 4815 2967 4905 (ΑΠηο
2997 4813 3181 4905 ξθ95χ)

395 4923 786 4980 communiter
839 4921 1159 4976 secundum
1209 4920 1304 4974 SS.
1343 4919 1576 4974 Patrum
1612 4920 2039 4975 institutionem

395 5011 779 5084 omnipotenti
814 5010 1056 5066 Domino
1101 5009 1390 5064 deservire
1447 5009 1875 5080 proposuistis;
1938 5025 2042 5063 nos

395 5101 542 5155 votis
572 5098 780 5157 vestris
801 5105 978 5171 atque
1011 5095 1390 5170 petitionibus
1413 5101 1652 5168 paterna
1683 5096 2041 5169 benignitate

397 5187 766 5258 impertimur
796 5203 1127 5244 assensum.
1162 5185 1304 5240 Vita:
1335 5187 1550 5257 quippe
1583 5185 1869 5241 canonica;
1892 5186 2044 5240 ordi-

398 5290 552 5341 nem,
598 5293 773 5348 quem
804 5274 1050 5348 professi
1075 5275 1238 5341 estis,
1285 5274 1592 5346 praesentis
1623 5273 1907 5346 privilegii
1938 5291 2040 5331 au-

395 5361 659 5418 ctoritate
710 5365 1052 5433 firmamus;
1085 5367 1142 5420 et
1172 5379 1243 5419 ne
1295 5362 1387 5417 cui
1439 5365 1570 5434 post
1618 5363 2041 5434 professionem

395 5449 714 5507 exhibitam
746 5452 871 5508 sine
901 5452 1112 5526 prioris
1142 5469 1248 5511 seu
1307 5449 1778 5527 congregationis
1805 5451 2040 5511 licentia

468 5575 582 5668 (se)
606 5576 742 5660 Log.
777 5577 934 5641 1095.

2459 4904 2724 4973 [ΜΑΒιιι.
2750 4902 2953 4957 Annal.
2988 4901 3208 4970 Bened.,
3243 4901 3308 4969 V,
3341 4901 3491 4972 337.]

2225 5010 2502 5066 URBANUS
2531 5009 3076 5082 episcOpus,servus
3108 5023 3409 5065 servorum
3443 5006 3544 5064 Dei
3575 5007 3802 5063 dilectis

2153 5097 2291 5153 ﬁliis
2308 5099 2518 5153 PONTIO
2532 5096 2730 5153 abbati
2745 5097 3085 5153 monasterii
3101 5099 3255 5170 quod
3272 5096 3546 5153 Casa-Dei
3561 5096 3798 5165 dicitur,

2150 5191 2206 5242 et
2238 5187 2516 5241 universae
2566 5186 3000 5260 congregationi
3051 5186 3300 5243 salutem
3331 5190 3387 5243 et
3416 5184 3799 5259 apostolicam

2152 5275 2634 5331 benedictionem.

2221 5363 2362 5419 Cum
2395 5363 2812 5437 omnipotentis
2841 5364 2940 5421 Dei
2971 5365 3159 5438 gratia
3206 5370 3464 5422 vestrum
3497 5367 3800 5420 monaste-

2151 5453 2302 5511 rium
2334 5469 2436 5530 per
2466 5471 2571 5511 nos
2601 5453 2843 5524 visitari,
2877 5459 2936 5512 et
2966 5454 3026 5511 in
3058 5453 3275 5513 honore
3304 5469 3368 5511 ac
3400 5452 3636 5510 nomine
3661 5469 3798 5510 san-
