4004 6162
181 254 304 317 425

1362 253 1768 317 EPISTOL/E
1811 252 1911 314 ET
1953 252 2426 316 PRIVILEGIA.

3469 251 3588 314 436

187 394 415 444 ctorum
440 389 759 459 martyrum
777 387 982 444 Vitalis
1013 393 1067 444 ct
1090 387 1366 461 Agricola:
1385 389 1570 460 ipsius
1583 387 1827 444 cmnobii
1857 387 1912 454 Α
1942 387 2284 444 roboramus
2310 393 2364 443 et
2387 387 2669 460 quidquid
2693 405 2870 461 super
2889 405 2958 444 ea
2979 404 3084 444 nos
3112 385 3276 443 vobis
3305 385 3586 441 hactenus

187 476 496 532 basilicam
531 476 798 532 dedicare
829 477 1140 548 disposuit,
1173 478 1418 549 dignum
1461 477 1736 532 duximus
1767 481 1834 532 ut

186 570 309 621 tam
339 581 443 637 pro
475 565 624 620 beati
658 565 892 621 Roberti
941 565 1187 634 meritis,
1217 566 1316 638 qui
1365 566 1692 620 coenobium
1725 582 1833 620 sua

186 654 484 726 quondam
516 670 690 726 opera
721 655 1009 721 fundavit,
1036 659 1092 710 et
1125 672 1279 710 nunc
1303 655 1429 711 suis
1462 653 1685 710 meritis
1707 671 1831 726 pro-

181 743 346 815 tegit,
382 759 558 814 quam
590 760 694 814 pro
725 742 1024 816 religionis
1061 747 1262 800 vestra:
1296 743 1633 808 reverentia,
1667 742 1830 798 vobis

183 830 510 902 vestrisque
541 831 981 888 successoribus
1004 831 1063 886 in
1087 831 1370 905 regularis
1394 831 1710 902 disciplinac
1736 831 1833 886 ob-

185 919 512 976 servatione
561 920 857 975 mansuris
907 920 1234 993 spiritualia
1301 921 1451 976 sedis
1503 920 1830 991 apostolicae

187 1010 341 1065 dona
370 1007 738 1080 largiremur.
770 1007 886 1062 Vos
919 1009 1099 1081 igitur
1131 1009 1189 1064 in
1244 1008 1526 1081 speciales
1561 1010 1831 1064 Romanis

187 1096 457 1154 Ecclesiae
477 1095 626 1152 ﬁlios
657 1097 1064 1169 suscipientes,
1098 1103 1206 1154 etc.

257 1189 469 1240 Datum
500 1185 652 1257 apud
685 1185 939 1258 burgum
989 1186 1184 1242 Sancti
1231 1186 1443 1259 Egidii
1477 1203 1579 1258 per
1621 1203 1834 1242 manus

178 1274 504 1342 Joannis,S.
560 1273 629 1328 lt.
681 1273 980 1329 E.diaconi
1031 1274 1366 1340 cardinalis,
1400 1293 1501 1330 V111
1555 1275 1690 1330 Idus
1733 1276 1834 1330 Se-

182 1362 492 1437 ptembris,
519 1379 670 1418 anno
706 1362 1018 1418 Dominicae
1041 1363 1464 1419 Incarnationis
1497 1363 1655 1429 4095,
1688 1379 1830 1434 pon-

185 1451 443 1507 tiﬁcatus
475 1455 669 1505 autem
702 1451 901 1505 domui
941 1451 1156 1508 Urbani
1189 1451 1239 1506 ΙΙ
1272 1469 1431 1524 papae
1461 1469 1612 1506 anno
1642 1469 1760 1506 vm.

962 1541 1065 1595 CL.
1249 1548 1256 1554 '

191 1629 443 1686 Urbanus
475 1630 750 1683 universos
769 1645 869 1699 per
912 1629 1159 1684 Gothiam
1201 1636 1251 1684 et
1276 1630 1623 1684 Provinciam
1650 1627 1834 1698 ﬁdeles

251 1701 503 1754 hortatur
532 1703 589 1754 ut
620 1700 908 1768 conferant
929 1700 996 1754 ad
1040 1701 1323 1755 ecclesiam
1369 1700 1424 1754 S.
1459 1700 1670 1756 Nicolai
1697 1715 1830 1754 con-

255 1771 575 1826 struendum
604 1772 664 1824 in
707 1771 914 1841 praedio
943 1788 977 1826 α
999 1771 1291 1841 Stephanio
1339 1773 1615 1826 comitissa
1643 1787 1834 1825 mona-

255 1844 422 1898 sterio
454 1842 510 1897 S.
547 1842 772 1896 Victoris
802 1841 1132 1897 Massiliensi
1177 1859 1278 1913 per
1335 1845 1513 1913 ipsum
1559 1843 1705 1913 apud
1738 1843 1830 1897 Ta-

256 1929 542 1969 rasconem
573 1913 793 1968 tributo.

810 2001 995 2068 (Anno
1029 2000 1210 2071 1095.)

486 2089 808 2161 [Murrst
841 2089 1008 2159 ampl.
1046 2088 1260 2144 Collect.
1298 2089 1338 2154 Ι,
1371 2089 1521 2158 556.]

253 2179 536 2235 URBANUS
566 2177 1106 2248 episcopus,servus
1140 2194 1438 2232 servorum
1471 2177 1832 2246 Dei,univer-

182 2268 267 2323 sis
298 2283 404 2339 per
435 2266 705 2322 Gothiam
736 2269 793 2320 et
855 2264 1213 2320 Provinciam
1265 2263 1536 2320 fidelibus
1579 2265 1829 2321 salutem

190 2363 244 2411 et
275 2354 658 2427 apostolicam
686 2353 1170 2409 benedictionem.

251 2443 632 2501 Dilectionem
675 2447 928 2499 vestram
982 2458 1221 2498 noscere
1264 2441 1554 2510 volumus,
1587 2443 1830 2514 Stepha-

184 2535 340 2590 niam
356 2533 720 2590 comitissam
735 2548 870 2587 cum
907 2531 1205 2586 nobilibus
1234 2536 1552 2595 suaeterrac,
1585 2531 1828 2602 proaui-

186 2639 418 2680 marum
445 2638 690 2680 suarum
710 2619 1333 2692 remedio,praediolum
1363 2621 1657 2692 quoddam
1684 2620 1833 2676 Mas-

184 2710 412 2766 siliensi
444 2709 798 2767 monasterio
815 2707 1132 2765 B.Victoris
1155 2709 1425 2780 martyris
1446 2710 1600 2780 apud
1626 2711 1831 2765 Taras-

185 2816 387 2856 conem
431 2817 534 2872 per
555 2815 796 2854 manum
850 2803 1108 2854 nostram
1149 2798 1531 2858 concessisse.
1559 2799 1629 2853 ad
1661 2815 1828 2854 cons-

189 2889 497 2946 truendam
521 2887 828 2944 ecclesiam
863 2887 930 2942 R.
953 2886 1168 2942 Nicolai
1191 2886 1559 2942 confessoris.
1585 2887 1700 2943 Vos
1722 2887 1829 2959 igi-

185 2975 665 3048 tur......[dilecti]
690 2975 1028 3044 filii,1itteris
1043 2975 1426 3047 praesentibus
1447 2975 1831 3031 admonemus

187 3073 248 3122 ut
268 3068 342 3122 ad
374 3066 639 3138 ejusdem
688 3065 1144 3120 construendam
1186 3063 1745 3138 [constructionem],
1773 3069 1831 3119 et

1940 476 2300 532 concessisse
2327 476 2753 548 cognoscimur.
2777 477 2937 532 Unde
2967 477 3143 532 etiam
3173 478 3374 530 vestra
3405 471 3585 546 quieti

1942 565 2219 620 attentius
2269 565 2658 636 providentes,
2723 567 3182 622 Nemausensem
3247 563 3586 636 episcopum

1939 653 2104 708 vobis
2135 653 2420 708 infestum
2450 658 2648 710 nostra
2683 655 3021 710 studuimus
3053 652 3397 710 auctoritate
3427 667 3586 707 coer-

1941 758 2088 797 cere.
2124 744 2265 796 Cum
2298 742 2453 797 enim
2480 760 2580 798 vos
2631 761 2808 816 super
2853 743 3098 800 ecclesia
3152 743 3211 798 S.
3244 742 3485 798 Andreae
3517 739 3588 796 de

1942 830 2180 886 Bernice
2233 834 2291 886 et
2333 831 2465 886 aliis
2513 832 2890 903 quibusdam,
2941 849 3090 904 quas
3149 835 3588 888 antecessorum

1941 936 2184 975 suorum
2217 920 2582 992 temporibus
2631 921 3040 993 possederatis,
3076 921 3448 992 inquietaret,
3478 935 3587 974 nos

1942 1008 1993 1062 ei
2026 1009 2262 1064 omnino
2285 1010 2357 1064 ab
2381 1009 2722 1079 hujusmodi
2760 1010 3044 1067 molestiis
3075 1026 3303 1067 cessare
3327 1006 3588 1080 praecipi~

1942 1112 2098 1160 mus,
2131 1101 2186 1151 et
2215 1096 2300 1152 sic
2331 1097 2494 1154 vobis
2527 1097 2726 1154 omnia
2756 1099 2948 1170 quiete
2979 1096 3453 1164 dimittere,sicut
3482 1112 3584 1152 an-

1941 1187 2297 1240 tecessorum
2323 1191 2656 1241 nostrorum
2681 1191 2940 1259 tempore
2953 1203 3053 1243 vos
3077 1185 3407 1259 possedisse
3442 1201 3585 1241 con-

1942 1272 2187 1328 stiterat.
2221 1274 2529 1330 Abbatiam
2557 1279 2832 1347 praeterea
2853 1275 3009 1331 Beati
3031 1273 3267 1331 Eusebii
3297 1277 3353 1330 et
3380 1289 3587 1330 omnes

1941 1363 2365 1432 possessiones,
2395 1380 2542 1434 quas
2575 1364 2746 1420 hodie
2767 1365 2928 1435 juste
2959 1364 3257 1437 possidere
3283 1362 3583 1430 videmini,

1939 1450 2104 1505 vobis
2117 1451 2440 1524 vestrisque
2454 1454 2895 1509 successoribus
2908 1457 3185 1525 perpetuo
3199 1450 3588 1524 possidendas

1942 1539 2261 1610 apostolica
2310 1541 2653 1597 auctoritate
2691 1543 3018 1598 ﬁrmamus.
3052 1541 3378 1597 Statuimus
3408 1539 3585 1614 etiam

1943 1632 2009 1680 ut
2038 1627 2108 1681 de
2124 1633 2327 1684 caetero
2379 1629 2538 1685 nullo
2578 1630 3012 1702 archiepiscopo
3051 1630 3220 1686 liceat
3255 1645 3432 1700 super
3456 1643 3584 1683 ves-

1944 1718 2100 1769 trum
2123 1717 2449 1772 coenobium
2469 1718 2555 1774 vel
2576 1719 2846 1774 abbatem
2862 1735 3102 1774 manum
3123 1714 3588 1774 excommunica-

1945 1804 2120 1859 tionis
2143 1810 2244 1860 aut
2267 1805 2694 1863 interdictionis
2715 1807 3154 1874 extendere,sed
3178 1807 3236 1861 in
3260 1806 3321 1861 B.
3348 1803 3501 1860 Petri
3531 1806 3590 1858 et

1941 1894 2068 1965 ejus
2102 1893 2449 1950 vicariorum
2492 1913 2671 1952 manu
2708 1896 2887 1968 quieti
2936 1911 3165 1968 semper
3195 1912 3260 1951 ac
3297 1893 3462 1949 liberi
3484 1907 3589 1964 per

1941 1981 2358 2053 omnipotentis
2372 1983 2469 2039 Dei
2485 1985 2733 2056 gratiam
2758 1981 3486 2056 maneatis;pccnitentibus
3497 1995 3589 2036 ve-

1941 2084 2003 2121 ro
2021 2071 2119 2142 qui
2143 2087 2244 2141 pro
2269 2071 2554 2128 scelerum
2577 2091 2817 2129 suorum
2839 2073 3006 2128 venia
3028 2072 3272 2129 caanobii
3293 2071 3469 2128 vestri
3490 2069 3589 2126 ba-

1939 2156 2254 2225 silicam,in
2281 2176 2396 2232 qua
2417 2161 2566 2216 beati
2596 2161 2801 2233 [Εείόἰί
2823 2178 3036 2233 corpus
3058 2161 3355 2232 quiescere
3385 2158 3588 2230 digno-

1940 2246 2143 2314 scitur,
2195 2249 2554 2319 expetierint,
2597 2265 2724 2305 eam
2785 2249 3024 2315 intrare,
3075 2253 3133 2305 et
3176 2247 3292 2303 illic
3339 2246 3584 2303 Domino

1940 2350 2048 2388 sua
2078 2336 2453 2391 concedimus
2486 2341 2615 2392 vota
2645 2337 2988 2410 persolvere.
3015 2339 3061 2392 Α
3089 2335 3378 2408 conjugiis
3407 2335 3582 2390 etiam

1939 2421 2156 2479 liberos
2187 2425 2258 2479 ad
2293 2426 2708 2481 monachatum
2742 2426 2970 2482 admitti
3020 2426 3147 2482 sine
3177 2424 3592 2496 episcoporum.

1939 2513 2397 2569 contradictione
2429 2515 2825 2570 concedimus.
2858 2514 2974 2570 Vos
3005 2513 3162 2571 enim
3194 2530 3296 2586 pro
3317 2513 3584 2584 ejusdem

1940 2599 2210 2673 ΒΑΣςὶἀῆ
2237 2602 2460 2658 meritis
2477 2603 2844 2675 etreligionis
2864 2607 3065 2658 vestrae
3078 2601 3400 2658 reverentia
3420 2600 3584 2672 quie-

1938 2692 2027 2743 tos
2059 2689 2296 2744 omnino
2327 2691 2659 2761 persistere,
2693 2695 2751 2746 et
2781 2695 3058 2763 tanquam
3090 2689 3242 2746 oculi
3271 2689 3454 2746 nostri
3482 2705 3588 2761 pu-

1940 2776 2140 2846 pillam
2164 2778 2436 2834 volumus
2467 2780 2767 2836 custodiri.
2797 2780 2926 2835 Haec
2973 2778 3172 2836 omnia
3200 2783 3264 2834 ut
3295 2779 3356 2834 in
3386 2794 3586 2851 perpe-

1941 2867 2107 2921 tuum
2141 2868 2310 2922 firma
2332 2872 2388 2922 et
2415 2867 2760 2925 intemerata
2791 2872 3171 2940 permaneant
3200 2867 3300 2923 Dei
3327 2865 3588 2938 omnipo-

1940 2955 2137 3021 tentis,
2174 2955 2382 3023 Patris,
2414 2961 2471 3011 et
2501 2957 2646 3024 Filii,
2679 2960 2738 3012 et
2766 2957 3020 3028 Spiritus
3061 2956 3246 3013 sancti
3271 2956 3496 3027 judicio
3525 2960 3584 3011 et

1941 3046 2222 3113 potestate
2253 3044 2573 3100 sancimus.

190 3117 342 3122 --η
379 3117 639 3138 ,σηη-
1781 3117 1826 3119 __

187 3154 435 3208 fratrum
467 3151 584 3207 illic
607 3152 720 3208 Deo
742 3150 1118 3207 servientium
1141 3151 1646 3216 sustentationem,
1662 3145 1831 3222 opem

2012 3131 2224 3186 Datum
2256 3132 2546 3188 Avenione
2573 3149 2676 3204 per
2706 3150 2946 3188 manum
2965 3133 3451 3202 Joannis,sanctaa
3475 3133 3586 3189 Ro-

186 3246 445 3298 vestram
477 3244 535 3296 et
581 3239 865 3295 auxilium
919 3238 1292 3310 impendatis.
1326 3239 1669 3310 Quicunque
1698 3257 1832 3296 vero

183 3327 564 3385 locumillum
587 3327 972 3399 eleemosynis
1003 3328 1128 3383 suis
1152 3328 1221 3382 de
1253 3345 1495 3383 suarum
1526 3345 1720 3384 rerum
1733 3331 1830 3399 ju-

184 3435 246 3473 re
277 3417 1003 3490 ampliﬁcare,quicunque
1018 3417 1336 3472 monachos
1353 3417 1428 3472 ibi
1451 3417 1565 3472 Deo
1587 3418 1835 3473 servien-

186 3513 274 3563 tes
296 3523 404 3579 ope
427 3523 535 3562 sua
569 3510 625 3562 et
637 3505 881 3561 consilio
903 3505 1180 3575 adjuvare
1199 3506 1502 3574 curaverit,
1520 3511 1691 3577 atque
1721 3524 1830 3561 ce:-

187 3595 502 3651 meterium
543 3595 698 3666 quod
719 3595 890 3664 juxta
922 3593 1256 3665 praedictam
1290 3593 1595 3650 ecclesiam
1627 3595 1836 3651 consti-

187 3688 385 3738 tutum
416 3683 784 3750 est,liberum
818 3681 1224 3753 illibatumque
1253 3683 1835 3750 servaverit,suorum

188 3771 619 3844 indulgentiam
651 3773 1021 3842 peccatorum
1072 3787 1107 3825 a
1136 3769 1382 3826 Domino
1421 3777 1834 3843 consequatur,

187 3859 497 3932 ipsiusque
529 3859 624 3914 Dei
657 3859 846 3930 gratia
875 3863 933 3914 et
965 3859 1359 3931 apostolorum
1409 3861 1553 3916 Petri
1589 3868 1641 3917 et
1675 3863 1834 3918 Pauli

190 3948 595 4004 benedictione
626 3947 889 4003 donetur.

951 4035 1087 4091 CLI.

263 4125 428 4178 Bulla
463 4125 674 4182 Urbani
704 4124 759 4180 Il
781 4139 948 4198 papa?
968 4140 1068 4198 pro
1088 4126 1422 4198 monasterio
1453 4125 1508 4180 S.
1542 4127 1765 4198 Afgidii.

822 4194 1011 4266 (Anno
1042 4194 1226 4266 4095.)

581 4283 743 4355 [σαιι.
773 4283 998 4352 Christ,
1035 4288 1074 4337 t.
1103 4283 1200 4350 v1,
1233 4301 1287 4355 p.
1321 4285 1468 4356 483.)

269 4371 548 4428 Uaemus
580 4373 1120 4445 episcopus,servus
1143 4388 1441 4428 servorum
1475 4374 1839 4440 Dei,dilectis

196 4453 259 4515 in
291 4461 520 4516 Christo
554 4460 689 4515 ﬁliis
721 4461 926 4527 000m,
963 4461 1155 4516 abbati
1189 4461 1524 4517 monasterii
1547 4463 1844 4540 S./Egidii,

197 4554 256 4603 et
290 4547 566 4603 universa:
620 4547 1056 4622 congregationi
1103 4549 1351 4604 salutem
1384 4553 1440 4604 et
1469 4551 1843 4621 apostolicam

196 4637 690 4692 benedictionem.

272 4725 482 4780 Gratiae
513 4743 778 4798 supernae
808 4725 1168 4782 miserationi
1193 4731 1311 4781 tam
1337 4744 1437 4799 per
1460 4745 1564 4783 nos
1588 4745 1764 4800 quam
1797 4737 1854 4787 et

197 4829 306 4886 per
339 4817 588 4868 vestram
623 4814 966 4887 religionem
1000 4815 1236 4886 agendae
1287 4820 1444 4883 sunt,
1479 4817 1615 4887 quia
1645 4837 1748 4874 nos
1781 4821 1852 4876 ad

198 4904 462 4956 vestrum
507 4903 840 4958 caznobium
865 4902 1184 4974 pervenire,
1220 4906 1276 4958 et
1308 4921 1424 4958 una
1453 4905 1754 4962 vobiscum
1788 4909 1848 4963 B.

200 4989 417 5062 (Egidii
439 4989 870 5047 solemnitatem
893 4989 1185 5046 celebrare
1217 4991 1527 5063 disposuit.
1556 4991 1718 5050 Unde
1749 5013 1853 5051 nos

201 5094 343 5152 erga
361 5078 420 5134 Β.
446 5080 747 5154 Εεὶἀίυω
773 5079 1042 5153 ampliori
1065 5078 1367 5137 devotione
1393 5081 1696 5152 ferventes,
1733 5089 1852 5140 tam

201 5184 308 5223 vos
339 5185 516 5240 quam
547 5173 742 5226 vestra
770 5169 968 5226 omnia
1005 5167 1274 5241 ampliori
1325 5170 1480 5226 sedis
1528 5172 1854 5244 apostolica;

203 5256 534 5315 munimine
551 5262 852 5332 protegere
871 5263 926 5314 et
949 5275 1052 5315 con
1064 5257 1293 5314 firmare
1306 5261 1853 5320 curamus.0mnem

202 5346 388 5418 igitur
426 5346 757 5404 libertatem
788 5363 889 5403 seu
917 5346 1350 5403 immunitatem
1376 5347 1540 5404 vobis
1569 5366 1634 5404 ac
1664 5356 1856 5408 vestro

202 5435 470 5491 coenobio
508 5453 613 5508 per
663 5439 1100 5492 antecessorum
1161 5439 1493 5492 nostrorum
1553 5438 1855 5515 privilegia

198 5523 599 5586 contributam
633 5540 738 5581 nos
767 5539 1001 5598 quoque
1044 5523 1348 5599 praetentis
1394 5525 1609 5586 decreti
1637 5528 1854 5612 pagina

530 5649 798 5719 Parcet.
844 5648 986 5730 CLI.

1941 3237 2126 3275 mante
2159 3220 2425 3276 Ecclesia:
2458 3221 2685 3276 diaconi
2718 3221 3246 3293 cardinalis,pridie
3267 3222 3402 3276 Idus
3423 3222 3581 3293 Sept.

1943 3309 2145 3363 indict.
2206 3325 2294 3372 ιιι,
2353 3327 2502 3364 anno
2553 3309 2861 3363 Dominicre
2918 3309 3145 3366 incarn.
3211 3309 3580 3379 10%[1095].

1942 3397 2316 3468 pontiﬁcatus
2372 3402 2567 3453 autem
2627 3397 2827 3451 domni
2863 3397 3075 3453 Urbani
3108 3398 3157 3454 ΙΙ
3216 3414 3378 3471 papae
3431 3413 3586 3454 anno

1943 3490 2160 3540 octavo.

2677 3611 2838 3668 CLII.

1951 3696 2214 3774 Urbanus_
2246 3699 2295 3754 II
2335 3716 2480 3774 papa
2522 3701 2821 3774 conﬁrmat
2874 3701 3186 3772 regularem
3240 3701 3591 3774 disciplinam

2015 3772 2403 3844 canonicorurn
2433 3771 2881 3827 S.Avenionensis
2911 3774 3278 3844 ecclesz'w,qui
3294 3771 3420 3828 cuin
3440 3774 3592 3830 bonis

2017 3843 2270 3924 omnibus
2297 3842 2710 3924 adcanonicain
2740 3845 2920 3924 ipsum
2942 3842 3309 3924 spectantibus
3337 3844 3434 3899 sub
3458 3860 3588 3916 pro-

2017 3914 2245 3968 iectione
2268 3913 2408 3967 salis
2438 3914 2746 3986 apostolicae
2760 3913 3170 3984 'suscipiuntur.

2565 3999 2754 4060 (Anno
2787 4000 2970 4070 1095.)

2297 4088 2732 4158 [Cocousuxss,
2765 4091 2906 4142 tom.
2941 4087 3012 4154 II,
3044 4104 3102 4160 p.
3134 4088 3247 4160 81.]

2019 4193 2297 4249 URBANUS
2329 4193 2657 4266 episcopus,
2681 4210 2889 4266 servus
2905 4209 3204 4250 servorum
3227 4195 3344 4264 Dei,
3369 4195 3596 4253 dilectis

1952 4282 2090 4338 ﬁliis
2149 4282 2472 4338 Svassrno
2533 4282 2863 4354 praeposito,
2906 4287 2964 4338 et
3021 4285 3150 4354 ejus
3206 4285 3504 4354 fratribus,
3535 4285 3597 4342 in

1951 4372 2370 4427 Avenionensis
2400 4370 2643 4426 ecclesia
2692 4371 3033 4427 canonicam
3087 4374 3267 4430 vitam
3299 4375 3598 4446 professis,

1877 4484 1923 4548 Β
1956 4477 2279 4533 eorumque
2310 4459 2768 4528 successoribus,
2804 4459 2863 4516 in
2885 4465 3253 4533 perpetuum.

2028 4549 2137 4604 Pisa
2151 4549 2466 4622 postulatio
2480 4547 2794 4604 voluntatis
2807 4549 3012 4605 effectu
3033 4549 3205 4606 debet
3214 4555 3602 4622 prosequente

1957 4637 2255 4710 compleri,
2279 4642 2564 4709 quatenus
2586 4642 2641 4693 et
2675 4637 2997 4692 devotionis
3015 4638 3319 4694 sinceritas
3332 4639 3602 4695 laudabi-

1961 4725 2466 4789 1iterenitescat,et
2488 4725 2711 4781 utilitas
2726 4725 3022 4798 postulata
3036 4725 3189 4781 vires
3205 4726 3604 4782 indubitanter

1962 4813 2396 4877 assumat.Quia
2414 4813 2594 4886 igitur
2612 4832 2773 4882 vos,o
2798 4815 2974 4870 ﬁliiin
2998 4814 3226 4870 Christo
3247 4815 3600 4883 charissimi,

1961 4919 2066 4974 per
2094 4902 2351 4957 divinam
2404 4903 2652 4974 gratiam
2704 4903 2967 4976 aspirati,
3002 4921 3195 4961 mores
3239 4907 3462 4960 vestros
3494 4903 3604 4959 sub

1963 4990 2246 5063 regularis
2275 4991 2402 5046 vita:
2461 4992 2773 5064 disciplina
2805 5009 3087 5061 coercere,
3121 4997 3176 5049 et
3220 4992 3609 5050 communiter

1963 5078 2284 5138 secundum
2318 5078 2417 5134 SS.
2456 5079 2691 5135 Patrum
2743 5081 3170 5138 institutionem
3222 5080 3607 5155 omnipotenti

1963 5175 2077 5226 Deo
2100 5166 2388 5224 deservire
2411 5169 2795 5248 proposuistis
2819 5187 2831 5236 ;
2852 5187 2956 5227 nos
2977 5172 3126 5228 votis
3141 5173 3348 5230 vestris
3369 5175 3612 5245 paterno

1963 5256 2440 5331 congratulamur
2462 5259 2688 5313 affectu.
2719 5257 2883 5314 Unde
2922 5261 3099 5317 etiam
3122 5261 3386 5334 petitioni
3407 5266 3609 5319 vestra

1969 5346 2328 5418 benignitate
2369 5346 2565 5401 debita
2613 5346 2988 5417 impertimur
3023 5365 3356 5418 assensum,
3388 5355 3446 5407 et
3480 5351 3608 5407 vita

1964 5433 2253 5490 canonicis
2284 5432 2570 5499 ordinem,
2603 5449 2776 5505 quem
2826 5435 3071 5504 professi
3122 5438 3266 5494 estis
3297 5439 3602 5511 praesentis
3703 5436 3707 5438 ’

1965 5520 2253 5605 privilegii
2276 5521 2619 5584 auctoritate
2638 5521 2945 5583 ﬁrmamus
2969 5540 2983 5598 ;
3007 5527 3064 5585 et
3092 5542 3164 5586 ne
3197 5526 3290 5586 cui
3319 5527 3453 5602 post
3483 5542 3616 5606 pro-

3221 5653 3301 5736 ﬂ.
