4004 6162
358 306 475 370 42⁸7

1670 306 1739 369 Β.
1785 300 2073 370 URBANI
2119 300 2170 368 Il
2214 303 2462 368 PAPAS.

3641 272 3785 366 423'

336 442 676 497 .t'essionem
711 440 1027 498 exliibitam
1064 443 1362 515 propliulu
1410 442 1547 513 quid
1598 441 1829 507 habere,
1865 456 2005 495 neve
2034 446 2088 506 Α
2122 440 2319 510 igitur,
2356 442 2457 494 lilii
2487 441 2546 494 iu
2579 446 2805 495 (λιιι-ιειο
2837 437 3188 519 charissimi,
3214 454 3316 512 per
3344 438 3767 512 omnipotentis

363 530 490 585 sine
522 530 816 603 prmpositi
865 530 1329 603 congregationis
1377 529 1613 584 licentia
1655 530 1726 584 de
1756 528 2007 584 claustro

363 618 663 674 discedere
711 619 901 683 liceat,
937 619 1363 685 interdicimus,
1396 622 1454 672 et
1508 622 1626 671 tam
1678 635 1779 672 vos
1832 633 2007 688 quam

360 712 553 762 vestra
576 708 771 761 omnia
794 707 949 762 sedis
971 705 1298 777 apostolicae
1314 706 1666 777 protectione
1685 706 1845 775 muni
1858 723 2006 759 mus.

361 794 540 851 Vobis
580 796 774 866 itaque
822 794 1145 864 vestrisque
1204 793 1663 861 successoribus,
1699 793 1759 848 in
1808 794 2009 848 eadem

364 883 641 955 religione
690 882 1112 952 permansuris,
1146 900 1213 937 ea
1270 883 1467 937 omnia
1511 886 1790 953 perpetuo
1825 882 2008 954 possi-

363 971 552 1025 denda
582 970 898 1037 sancimus,
924 987 1050 1041 quae
1068 971 1595 1043 imprzrscntiarum
1624 988 1726 1042 pro
1748 986 2009 1025 commu-

364 1059 655 1113 nisvictus
690 1058 1117 1114 sustentatione
1146 1059 1444 1130 possidere
1475 1058 1789 1113 videmini:
1824 1057 2010 1112 eccle-

363 1146 510 1201 siam
535 1145 753 1200 scilicet
768 1147 804 1201 S
816 1134 1111 1218 iAgricolae
1124 1148 1195 1201 de
1210 1148 1289 1201 Lu
1303 1165 1455 1218 pera.
1481 1153 1538 1201 et
1561 1147 1744 1201 sancti
1762 1146 1921 1201 Pauli
1941 1147 2011 1201 de

361 1234 600 1301 Palude,
634 1236 690 1289 S.
727 1234 987 1289 Domi....
1034 1239 1091 1289 et
1127 1236 1185 1291 S.
1218 1235 1510 1290 Columbae
1552 1236 1622 1289 de
1663 1235 2011 1298 Cortedune,

363 1328 419 1378 et
436 1326 491 1377 8.
523 1323 751 1395 Georgii
776 1324 845 1378 de
868 1323 1131 1395 Garriga,
1167 1324 1296 1395 pagi
1321 1325 1391 1379 de
1413 1324 1762 1378 Mairranica
1788 1329 2011 1395 partem

363 1418 655 1483 quartam,
675 1416 731 1466 et
753 1411 1082 1467 insularum
1107 1414 1176 1466 ad
1199 1413 1390 1483 ipsum
1413 1412 1849 1484 pertinentium.
1876 1411 2013 1465 Uni-

362 1516 562 1556 versas
592 1506 872 1573 praeterea
902 1501 1317 1555 Avenionensis
1369 1500 1624 1555 ecclesia)
1671 1501 2015 1571 praebendas

365 1593 422 1643 et
444 1588 693 1644 honores
716 1607 816 1643 seu
845 1590 1487 1660 i‘lispensationes,quas
1512 1589 1680 1642 hodie
1706 1589 2015 1660 possidetis

366 1690 488 1743 vos,
514 1677 635 1748 qui,
656 1682 888 1732 auctore
906 1678 1172 1737 Domino,
1198 1677 1371 1732 vitam
1389 1677 1726 1731 canonicam
1762 1676 2010 1743 ducitis;

368 1765 491 1820 sive
522 1781 668 1835 quas
700 1764 1041 1820 clericorum
1076 1766 1314 1836 quidam
1339 1764 1728 1836 obtinent,qui
1766 1765 2010 1819 necdum
2048 1804 2095 1867 Β

370 1853 620 1926 propriis
690 1853 1248 1927 obrenuntiaverint,
1320 1853 1758 1908 communitatis
1818 1859 2018 1907 vestrae

372 1943 581 1999 usibus
624 1942 1065 2008 conﬁrmamus,
1101 1959 1449 2013 quocunque
1482 1942 1539 1996 in
1594 1949 1851 2013 tempore
1886 1942 2019 1997 illas

374 2030 582 2102 aperiri
616 2031 940 2103 contigerit,
968 2035 1025 2084 et
1074 2047 1431 2101 quaecunque
1463 2030 1738 2102 deinceps
1783 2047 2018 2085 conces-

373 2117 536 2174 sione
562 2118 927 2190 pontilicum,
960 2117 1310 2173 liberalitate
1361 2118 1713 2190 principum,
1748 2118 1832 2173 vel
1861 2118 2017 2174 obla-

373 2208 530 2262 tione
544 2206 984 2276 ﬁdelium,juste
996 2211 1172 2277 atque
1186 2208 1460 2261 canonice
1474 2208 1738 2278 poteritis
1752 2207 2016 2279 adipisci.

371 2296 458 2351 Ad
490 2295 608 2350 haec
658 2295 1028 2349 decernimus
1072 2300 1155 2360 ut,
1189 2295 1462 2349 defuncto
1519 2295 1788 2350 Ecclesia:
1819 2301 2019 2351 vestrae

375 2383 667 2455 episcopo,
701 2382 1057 2457 successoris
1104 2388 1360 2437 vestrum
1406 2383 1608 2439 electio
1649 2384 2017 2455 potissimum

374 2476 820 2542 vestrorumque
851 2487 1257 2525 successorum
1294 2471 1393 2542 qui
1450 2472 1726 2526 canonice
1755 2472 2017 2535 vixerint,

377 2559 792 2614 deliberatione
815 2558 1109 2629 persistat.
1138 2560 1194 2613 ld
1229 2562 1424 2629 ipsum
1451 2560 1624 2614 etiam
1652 2569 1706 2615 et
1738 2560 2019 2615 universae

378 2647 771 2715 Ecclesim,seu
791 2647 1029 2702 claustri
1064 2646 1237 2701 vestri
1271 2648 1617 2719 praepositis,
1642 2649 1761 2703 sive
1783 2649 2019 2721 dispen-

379 2722 670 2792 satoribus
709 2734 992 2808 eligendis
1033 2739 1311 2808 perpetuo
1351 2737 1779 2791 observandum
1819 2754 2017 2793 cense-

378 2841 531 2881 mus.
556 2824 615 2879 Si
639 2841 754 2895 qua
774 2840 913 2879 sane
932 2824 988 2877 in
1027 2824 1345 2878 crastinum
1372 2824 1762 2879 ecclesiastica
1783 2826 2017 2881 saecula-

377 2913 528 2969 risve
559 2928 826 2984 persona,
852 2911 1031 2982 hujus
1054 2916 1261 2966 nostrae
1284 2911 1715 2968 constitutionis
1746 2915 2017 2986 paginam

379 3001 571 3057 sciens
592 3005 793 3056 contra
813 3016 939 3054 eam
963 3004 1180 3055 temere
1202 3002 1394 3056 venire
1418 3002 1743 3068 tentaverit,
1763 3004 2020 3058 secunda

378 3090 616 3145 tertiave
646 3088 1098 3143 commonitione
1120 3088 1167 3143 si
1199 3105 1311 3143 non
1335 3089 1732 3145 satisfactione
1763 3107 2018 3163 congrua

2119 527 2218 582 Dei
2250 528 2501 599 gratiam
2555 529 2820 599 aspirati,
2854 529 3104 599 primam
3152 528 3450 587 nascentis
3496 526 3765 583 Ecclesiae

2120 617 2613 671 conVersalionem
2644 617 2846 672 multis
2868 618 2996 688 jam
3020 618 3383 690 temporibus
3416 617 3765 673 destitutam

2120 722 2393 760 renovare
2420 706 2830 777 proposuistis,
2866 711 2927 761 ut
2956 708 3279 762 secundum
3309 707 3650 762 SS.Patrum
3673 704 3763 761 in-

2120 794 2325 848 stituta
2355 795 2524 849 corde
2548 811 2662 849 uno
2688 801 2744 850 et
2767 812 2884 850 una
2907 796 3102 850 anima
3123 796 3391 867 subjugo
3414 794 3626 866 regulae
3643 812 3767 851 om-

2121 881 2403 952 nipotenti
2452 882 2696 937 Domino
2756 883 3059 951 serviatis;
3111 901 3218 940 nos
3269 883 3533 956 religioni
3566 887 3773 939 vestrae

2121 975 2360 1041 paterno
2420 970 2897 1041 eongratulamur
2951 972 3182 1027 affectu.
3236 973 3304 1027 Et
3356 976 3419 1027 ut
3464 971 3644 1028 semel
3676 973 3774 1026 in-

2121 1058 2329 1113 choata
2351 1057 2573 1130 religio,
2608 1065 2841 1115 auctore
2858 1060 2993 1125 Deo,
3020 1077 3253 1133 semper
3275 1060 3625 1117 inviolabilis
3647 1078 3775 1134 per-
3824 1109 3837 1115 -

2122 1154 2370 1212 sevcret,
2406 1153 2523 1202 tam
2554 1164 2656 1202 vos
2690 1165 2866 1219 quam
2913 1153 3103 1205 vestra
3131 1150 3330 1205 omnia
3350 1149 3506 1206 sedis
3538 1157 3771 1222 aposto-

2122 1232 2247 1289 licae
2267 1236 2489 1306 gremio
2507 1237 2898 1303 cont‘ovcntes,
2928 1239 3235 1308 praesentis
3257 1238 3543 1311 privilegii
3574 1242 3777 1294 aucto-

2124 1324 2291 1378 ritate
2324 1325 2650 1380 munimus.
2703 1326 3032 1380 Statuimus
3062 1326 3219 1381 enim
3242 1332 3307 1381 ut
3354 1326 3574 1382 nemini
3622 1328 3779 1382 inter

2124 1413 2598 1481 vcsprol‘essione
2633 1413 2891 1468 exhibita
2927 1415 3227 1486 proprium
3244 1414 3382 1487 quid
3402 1415 3633 1479 habere,
3669 1432 3776 1470 nec

2124 1498 2249 1552 sine
2284 1505 2401 1563 tua,
2441 1501 2516 1552 liti
2559 1502 2796 1555 Arberte
2819 1501 2988 1565 abba,
3024 1508 3079 1556 et
3107 1518 3311 1557 eorum
3343 1503 3440 1575 qui
3476 1509 3606 1575 post
3634 1506 3771 1559 tein

2124 1587 2323 1639 eodem
2361 1587 2640 1656 regimine
2691 1591 3101 1657 successerint,
3135 1595 3239 1646 aut
3285 1591 3411 1647 sine
3468 1592 3770 1648 communi

2123 1676 2592 1747 congregationis
2611 1675 2847 1731 licentia
2860 1677 2930 1732 de
2946 1677 3201 1733 claustro
3215 1678 3778 1737 discedereliberum

2126 1762 2201 1816 sit
2228 1780 2240 1829 ;
2275 1768 2333 1817 et
2364 1763 2412 1817 si
2447 1764 2856 1829 dcccsserit,et
2887 1767 3280 1823 commonitus
3312 1768 3497 1824 redire
3516 1775 3775 1829 contem-

2130 1851 2330 1920 pserit,
2366 1852 2466 1905 tibi
2504 1852 2734 1923 tuisque
2765 1854 3204 1911 successoribus
3236 1857 3480 1913 facultas
3513 1858 3590 1913 sit
3618 1860 3776 1929 ejus-

2130 1939 2281 1993 modi
2302 1939 2586 1994 ubilibeta
2602 1941 2726 1996 suis
2753 1942 2962 1997 officiis
2990 1943 3362 2000 interdicere:
3398 1945 3778 2005 interdictum

2128 2044 2259 2081 vero
2290 2029 2487 2083 nullus
2505 2030 2913 2100 episcoporum
2932 2032 3281 2088 abbatumve
3306 2035 3605 2107 suscipiat.
3632 2037 3777 2093 Prm-

2129 2120 2286 2171 terea
2304 2135 2406 2187 per
2422 2119 2725 2188 praesentis
2743 2120 2955 2175 decreti
2973 2122 3248 2192 paginam
3279 2124 3598 2194 apostolica
3613 2126 3779 2183 vobis

2132 2206 2480 2260 auctoritate
2507 2208 2812 2262 firmamus
2834 2208 3139 2265 ecclesiam
3161 2213 3381 2266 Sancta:
3404 2212 3594 2268 Mariae
3627 2214 3782 2271 infra

2129 2292 2334 2347 urbem
2366 2295 2815 2366 Lugdunensem
2844 2296 3183 2363 ;ecclesiam
3212 2299 3409 2355 Sancti
3433 2302 3582 2357 Petri
3608 2320 3781 2361 secus

2129 2380 2317 2448 Diam,
2350 2381 2654 2438 ecclesiam
2704 2384 2966 2440 S.Jacobi
3016 2387 3086 2441 de
3139 2388 3436 2460 Melgorio,
3469 2391 3778 2451 ecclesiam

2129 2469 2199 2523 de
2228 2469 2403 2533 Buxa,
2433 2469 2736 2526 ecclesiam
2781 2474 2852 2527 de
2886 2474 3088 2541 Turre,
3122 2476 3425 2534 ecclesiam
3458 2479 3528 2535 de
3557 2480 3776 2555 Caney-

2129 2574 2250 2627 rag,
2284 2558 2586 2613 ecclesiam
2618 2561 2687 2615 de
2718 2561 2959 2630 Venees,
2993 2564 3297 2620 ecclesiam
3320 2567 3391 2622 de
3420 2571 3775 2626 Armazana-

2128 2663 2225 2700 zas
2256 2662 2388 2701 cum
2420 2648 2660 2718 capella,
2694 2649 3000 2706 ecclesiam
3053 2652 3125 2707 de
3171 2656 3444 2725 Boterita,
3478 2662 3534 2712 et
3574 2661 3777 2716 omnia

2129 2750 2257 2804 quas
2270 2735 2524 2806 episeOpi
2561 2739 2980 2795 Avcnionensis
2995 2739 3341 2798 Benedictus
3370 2744 3774 2817 Rostagnuset

2127 2822 2439 2878 Gibillinus
2489 2830 2689 2880 vestra:
2750 2825 3010 2883 Ecclesiae
3071 2830 3458 2889 contulerunt.
3513 2836 3593 2890 Ad
3646 2836 3772 2893 haec

2127 2910 2304 2965 etiam
2335 2912 2645 2981 adjicimus
2680 2919 2742 2968 ut
2771 2932 3133 2988 quaecunque
3172 2918 3342 2975 hodie
3371 2928 3633 2979 vestrum
3664 2943 3774 2982 coe-

2129 2999 2371 3054 nobium
2396 3000 2556 3070 juste
2587 3001 2987 3073 possidet,sive
3017 3004 3077 3059 in
3109 3006 3373 3064 futurum
3396 3013 3773 3071 concessione

2128 3088 2469 3158 pontificum
2521 3088 2864 3147 liberalitate
2940 3094 3294 3168 principum,
3355 3103 3411 3153 et
3477 3099 3772 3159 oblatione

379 3177 790 3242 emendaverit,
834 3176 1137 3247 potestatis
1196 3176 1548 3249 honorisque
1595 3176 1685 3232 sui
1737 3179 2019 3250 dignitate
2050 3166 2092 3232 C
2130 3174 2391 3231 fidelium
2414 3178 2577 3248 juste
2619 3196 2685 3234 ac
2728 3180 3004 3237 canonice
3060 3166 3283 3256 poterit
3312 3188 3573 3259 adipisci,
3605 3192 3772 3249 vobis

375 3270 590 3332 careat,
623 3282 900 3336 reamque
931 3282 991 3319 se
1023 3265 1216 3320 divino
1240 3266 1465 3336 judicio
1513 3266 1757 3322 existere
1787 3268 1857 3322 de
1891 3285 2017 3340 per-

374 3360 601 3428 petrata
622 3354 931 3426 iniquitate
951 3359 1282 3425 cognoscat,
1300 3372 1331 3409 a
1359 3356 1758 3411 sacratissimo
1782 3374 2019 3428 corpore

376 3448 435 3499 et
452 3443 737 3513 sanguine
758 3442 853 3497 Dei
880 3447 936 3496 et
965 3444 1189 3497 l‘tomini
1241 3431 1643 3515 Redemptoris
1667 3444 1849 3500 nostri
1879 3446 2016 3501 Jesu

375 3531 589 3586 Christi
615 3529 802 3585 aliena
827 3530 947 3593 fiat,
980 3535 1036 3584 et
1070 3529 1126 3583 in
1169 3536 1423 3587 extremo
1453 3532 1717 3588 examine
1739 3533 2015 3589 districtze

375 3618 583 3673 ultioni
597 3617 1160 3688 subjaceat.Cunctis
1172 3623 1365 3673 autem
1383 3620 1568 3674 cidem
1584 3623 2017 3694 congregationi

366 3707 534 3779 justa
550 3705 917 3761 servantibus
938 3705 1014 3759 sit
1035 3722 1145 3776 pax
1165 3705 1394 3760 Domini
1419 3708 1598 3761 nostri
1616 3709 1752 3764 Jesu
1779 3709 2014 3777 Christi,

375 3799 665 3866 quatenus
708 3797 763 3848 et
788 3792 881 3847 hic
915 3793 1167 3848 fructum
1202 3794 1363 3849 bona:
1396 3796 1641 3851 actionis
1672 3798 2013 3870 percipiant,

374 3887 429 3938 et
459 3883 611 3955 apud
645 3882 975 3938 districtum
1006 3881 1261 3952 judicem
1314 3885 1552 3955 praemia
1598 3891 1823 3940 aeternae
1853 3888 2014 3958 pacis

372 3972 692 4027 inveniant.

444 4060 655 4116 Datum
686 4060 974 4127 Avenione
1006 4078 1108 4133 per
1155 4078 1394 4127 manum
1443 4061 1707 4131 Joannis,
1741 4065 2012 4121 Romana

372 4148 639 4204 Ecclesia)
666 4149 892 4205 diaconi
911 4150 1244 4219 cardinalis,
1270 4151 1522 4207 xvnKal.
1559 4152 1782 4221 Octob.,
1810 4154 2008 4210 indict.

371 4255 453 4304 ιιι,
491 4253 643 4291 anno
674 4237 988 4293 Dominicaz
1037 4239 1457 4295 Incarnationis
1506 4241 1664 4310 4095,
1711 4243 2009 4313 pontiﬁca-

369 4329 468 4380 tus
502 4325 696 4380 domni
732 4317 945 4380 Urbani
977 4343 1138 4398 papa:
1170 4344 1320 4382 anno
1351 4332 1571 4383 octavo.

1095 4440 1279 4496 CLIII.

2127 3264 2451 3336 vestrisque
2481 3268 2945 3331 successoribus,
2982 3271 3081 3342 qui
3130 3272 3187 3327 in
3239 3276 3440 3331 eadem
3489 3276 3773 3351 religione

2127 3354 2576 3422 permanserint,
2609 3354 2837 3428 integra
2885 3375 3118 3430 semper
3166 3361 3507 3437 illibataque
3537 3383 3770 3439 perma-

2127 3445 2320 3495 neant.
2348 3443 2726 3499 Decernimus
2756 3462 2894 3517 ergo
2929 3452 2991 3501 ut
3023 3448 3166 3503 nulli
3198 3452 3439 3509 omnino
3462 3454 3768 3513 hominum

2125 3527 2294 3584 liceat
2323 3530 2474 3585 idem
2501 3533 2827 3588 cmnobium
2863 3540 3076 3591 temere
3116 3540 3479 3609 perturbare,
3512 3549 3617 3614 aut
3642 3547 3772 3617 ejus

2125 3618 2527 3687 possessiones
2559 3620 2805 3687 auferre,
2832 3623 2914 3676 vel
2948 3623 3142 3679 ablata.
3180 3628 3446 3694 retinere,
3480 3630 3771 3704 minuere,

2124 3705 2212 3760 vel
2262 3708 2589 3765 temerariis
2643 3711 3041 3765 vexationibus
3102 3712 3376 3786 fatigare;
3417 3718 3517 3772 sed
3569 3722 3771 3778 omnia

2126 3794 2353 3867 integra
2383 3802 2795 3852 conserventur
2813 3814 3035 3867 eorum,
3062 3816 3163 3871 pro
3186 3818 3436 3872 quorum
3464 3812 3767 3866 sustenta-

2123 3883 2281 3938 tione
2310 3887 2367 3939 et
2396 3885 2814 3956 gubernatione
2845 3904 3123 3944 concessa
3153 3897 3310 3960 sunt,
3345 3894 3551 3951 usibus
3580 3898 3769 3955 omni-

2123 3972 2313 4027 modis
2346 3974 2668 4044 profutura,
2703 3974 2862 4030 salva
2903 3976 2961 4031 in
3013 3979 3288 4037 omnibus
3343 3985 3767 4046 Avenionensis

2120 4061 2377 4133 episcopi
2407 4062 2684 4119 canonica
2712 4066 3051 4123 reverentia.

2193 4149 2405 4205 Datum
2436 4151 2679 4207 Tricast.
2706 4170 2807 4224 per
2836 4172 3077 4210 manum
3106 4156 3370 4225 Joannis,
3402 4168 3618 4220 sancta:
3650 4166 3765 4222 Ro-

2121 4255 2304 4293 manae
2326 4238 2593 4296 Ecclesia:
2615 4240 2842 4297 diaconi
2870 4246 3206 4313 cardinalis,
3227 4248 3538 4308 indictione
3569 4254 3762 4321 tertia,

2120 4327 2343 4383 decimo
2366 4328 2533 4384 tertio
2560 4329 2799 4386 Kalend.
2835 4333 3122 4402 Octobris,
3154 4354 3305 4393 anno
3329 4338 3642 4396 Dominicis
3669 4342 3763 4398 In-

2119 4416 2473 4471 carnationis
2501 4415 2811 4474 millesimo
2844 4421 3222 4494 nonagesimo
3253 4430 3436 4495 sexto,
3468 4428 3766 4498 pontifica-

368 4526 731 4599 Privz'legz'um
755 4527 821 4580 ab
855 4528 1068 4599 Urbano
1120 4528 1173 4581 II
1192 4598 1195 4599 ν
1225 4527 1466 4583 ecclesiae
1513 4527 1566 4582 S.
1618 4530 1763 4599 Βαΐρ
1802 4548 2008 4588 ccnces-
2042 4528 2087 4593 D
2118 4508 2214 4561 tus
2243 4522 2373 4561 vero
2404 4505 2605 4561 damni
2636 4505 2850 4562 urbani
2887 4508 2935 4563 Π
2966 4526 3126 4582 papae
3157 4529 3279 4568 νηί·

439 4614 580 4673 sum,
614 4597 767 4652 salva
797 4599 854 4673 in
885 4598 1133 4652 omnibus
1163 4598 1548 4654 Avem‘mzensis
1586 4597 1823 4673 epis'c'Opi
1851 4620 2012 4661 cano-

438 4669 563 4723 nica
584 4670 906 4723 reverentia.

928 4756 931 4759 ‘
963 4741 1170 4808 -(Anno
1207 4740 1383 4811 I095.)

678 4837 838 4908 [GulL
865 4836 1064 4891 Christ.
1102 4841 1223 4906 vet.,
1257 4842 1299 4892 t.
1336 4837 1428 4903 IV,
1452 4855 1508 4911 p.
1541 4841 1692 4911 802.]

434 4944 710 5000 Unsmus
741 4943 1280 5016 episcOpus,servus
1302 4962 1600 4999 servorum
1633 4946 1754 5010 Dei,
1779 4947 2004 5004 dilectis

360 5033 420 5087 in
452 5034 678 5089 Christo
710 5033 847 5088 ﬁliis
881 5039 1144 5087 ALBERTO
1195 5033 1411 5099 abbati,
1447 5036 1692 5105 ejusque
1725 5036 2004 5093 fratribus

361 5120 421 5174 in
454 5121 695 5176 ecclesia
727 5122 784 5176 S.
820 5121 972 5175 Rufli
1023 5122 1362 5176 canonicam
1409 5121 1584 5176 vitam
1619 5124 1916 5194 professis,
1948 5131 2005 5180 et

363 5222 564 5263 eorum
596 5209 1031 5265 successoribus
1052 5209 1111 5263 in
1137 5210 1338 5265 eadem
1362 5210 1637 5282 religione
1660 5229 2001 5283 permansu-

364 5294 445 5349 ris
478 5295 534 5348 in
568 5304 937 5367 perpetuum.

434 5381 799 5438 Desiderium
831 5388 985 5456 quod
1040 5387 1110 5441 ad
1164 5386 1501 5457 religiosum
1550 5389 1911 5461 propositum
1944 5395 2002 5447 et

363 5469 693 5525 animarum
725 5470 973 5528 salutem
1020 5474 1309 5547 pertinere
1354 5479 1733 5543 monstratur,
1767 5483 2003 5553 auctore

362 5559 499 5630 Deo,
533 5557 662 5618 sine
693 5556 887 5639 aliqua
923 5567 1011 5622 est
1061 5563 1339 5624 dilatione
1390 5562 1824 5640 complendum.
1858 5568 2003 5639 Quia

2845 4614 3025 4670 CLIV.

2183 4701 2385 4757 Urbani
2416 4702 2464 4755 Il
2481 4716 2646 4772 papw
2668 4702 3027 4785 privilegium
3057 4721 3160 4775 pro
3186 4697 3423 4766 Ecclesia
3453 4712 3697 4768 Matisco-

2850 4789 3027 4829 uenat.

2736 4860 2922 4930 (Anno
2950 4864 3135 4932 1095.)

2412 4948 2568 5018 [ϐίιιι.
2609 4948 2877 5011 Clu'ist.,t.
2912 4950 2984 5004 IV
3015 4953 3185 5024 Opp.,
3220 4972 3275 5027 p.
3307 4959 3458 5029 284.]

2186 5036 2463 5091 URBANUS
2494 5036 3032 5108 episcopus,servus
3062 5057 3363 5100 servorum
3398 5047 3516 5116 Dei,
3543 5047 3757 5105 dilecto

2113 5124 2275 5179 fratri
2300 5125 2588 5179 Lannmco
2619 5124 3028 5184 Matisconensi
3058 5128 3329 5205 episcopo
3361 5135 3602 5208 suisque
3623 5154 3755 5193 suc-

2111 5213 2443 5268 cessoribus
2473 5213 2748 5269 canonice
2777 5218 3186 5286 promovendis
3217 5219 3274 5275 in
3309 5229 3679 5295 perpetuum.

2179 5302 2205 5357 J
2215 5300 2362 5356 ustis
2380 5302 2528 5357 votis
2545 5318 2853 5358 assensum
2873 5306 3128 5376 praebere
3135 5309 3160 5379 j
3171 5311 3434 5382 ustisque
3460 5313 3757 5385 petitioni-

2110 5389 2221 5445 bus
2242 5406 2409 5463 aures
2431 5392 2870 5448 accommodare
2888 5410 2995 5450 nos
3008 5399 3420 5471 convenit,qui,
3447 5400 3580 5457 licet
3608 5402 3758 5459 indi-

2110 5495 2241 5552 gne,
2275 5479 2547 5535 custodes
2587 5483 2764 5551 atque
2796 5498 3091 5554 praecones
3122 5486 3181 5541 in
3213 5488 3439 5545 excelsa
3470 5490 3759 5563 apostolo-

2109 5584 2240 5627 rum
2263 5568 2594 5648 principum
2619 5569 2772 5632 Petri
2789 5576 2847 5632 et
2866 5571 3028 5634 Pauli
3049 5574 3285 5669 specula
3303 5577 3765 5665 positi,Domino.
3796 5573 3811 5581 ”
