4004 6162
251 348 397 413 429.

1431 343 1832 412 EPISTOL/E
1875 342 1975 410 ET
2015 343 2490 411 PRIVILEGIA.

3530 347 3652 412 430

250 484 616 556 disponente,
638 482 903 539 videmur
941 482 1203 540 existere.
1224 484 1366 539 Tuis
1398 483 1595 553 igitur,
1632 482 1807 538 frater
1838 482 1894 536 in
1923 482 1982 549 Α
2010 481 2188 537 dedit.
2253 481 2411 537 Unde
2476 482 2684 538 litteris
2741 488 2796 539 te
2855 483 3238 556 praesentibus
3295 485 3360 538 ut
3415 485 3656 554 captum

249 572 483 630 Christo
504 572 986 629 reverendissime
1009 573 1163 628 Laud
1174 573 1311 638 rice,
1319 571 1500 643 justis
1520 570 1900 643 petitionibus

250 664 599 727 annuentes,
619 665 883 717 sanctam
910 660 1396 717 Matisconensem
1420 658 1758 728 Ecclesiam,
1784 658 1898 727 cui,

250 754 486 808 auctore
514 749 654 821 Deo,
686 749 963 823 prmsides
1002 749 1332 822 apostolica:
1371 749 1528 806 sedis
1558 747 1900 804 auctoritate

249 838 919 895 munimus.8tatuimus
941 838 1098 894 enim
1131 842 1195 894 ut
1225 837 1469 895 ecclesia
1488 838 1560 893 de
1589 835 1897 904 Prisciaco,

251 928 323 983 de
354 927 721 995 Fabricis,de
740 927 1143 995 Verchessoto,
1167 928 1239 983 de
1268 926 1624 993 Mardubrio,
1657 924 1902 982 ecclesia

250 1015 446 1072 Sancti
477 1015 708 1074 Amoris
736 1020 794 1073 et
821 1020 1031 1073 caetera
1063 1016 1259 1072 omnia
1280 1033 1407 1088 qua:
1438 1020 1539 1070 tua
1569 1014 1901 1071 fraternitas

249 1122 320 1162 ex
335 1105 596 1163 hostium
615 1104 886 1162 manibus
899 1110 1098 1178 erepta
1116 1105 1420 1178 reparavit,
1438 1105 1709 1160 universa
1723 1104 1896 1159 etiam

248 1210 380 1268 quae
403 1194 564 1266 juste
595 1194 669 1249 ad
699 1195 966 1252 eamdem
997 1188 1300 1250 ecclesiam
1332 1193 1616 1265 pertinere
1645 1210 1897 1249 noscun-

248 1287 368 1351 tur,
417 1282 525 1338 tibi
573 1282 807 1354 tuisque
854 1281 1290 1341 successoribus
1336 1281 1519 1338 libera
1564 1298 1797 1355 semper
1843 1286 1900 1338 et

247 1370 478 1427 illibata
505 1376 827 1428 serventur.
849 1371 1260 1429 Interdicimus
1287 1372 1461 1427 etiam
1493 1376 1579 1439 ut,
1601 1374 1657 1427 te
1683 1372 1755 1426 ad
1787 1371 1897 1428 Do-

248 1461 478 1516 minum
512 1463 767 1528 evocato,
791 1458 878 1516 vel
912 1464 1149 1518 tuorum
1180 1459 1443 1535 quolibet
1471 1476 1898 1528 successorum,

248 1548 452 1605 nullus
483 1549 720 1605 omnino
769 1547 965 1604 invitis
995 1554 1199 1607 vestrm
1247 1548 1501 1606 ecclesiae
1533 1548 1756 1605 clericis
1804 1552 1905 1604 aut

2008 586 2451 626 commonemus
2508 572 2848 644 episcopum
2908 589 3010 644 pro
3060 571 3381 629 reverentia
3436 570 3499 627 Β.
3549 571 3652 627 Pe-

2006 658 2080 713 tri
2121 675 2188 714 ac
2233 663 2431 714 nostro
2482 676 2680 715 amore
2726 677 2859 715 cum
2909 661 3034 716 suis
3082 660 3357 718 omnibus
3402 658 3653 715 liberum

2008 746 2167 803 adire
2198 748 2536 819 permittas;
2569 748 2831 821 alioquin
2875 748 3133 821 quandiu
3173 749 3342 805 illum
3371 748 3651 814 tenueris,

2007 840 2064 893 et
2100 840 2157 892 te
2199 840 2257 891 et
2301 841 2517 893 terram
2564 841 2728 894 tuam
2775 838 3361 896 excommunicationi
3409 837 3654 911 subjici-

2007 942 2160 982 mus.

2738 1042 2923 1098 CLVI.

2011 1132 2216 1188 Urbani
2226 1132 2295 1204 >II
2319 1132 2544 1203 cpistola
2581 1130 2652 1187 ad
2687 1133 3152 1204 archiepiscopum
3178 1131 3560 1204 Senonemcm.
3586 1161 3654 1172 -

2077 1202 2315 1277 inundat,
2346 1202 2677 1277 commoneat
2707 1202 3076 1259 Guarnerium
3105 1208 3165 1259 ut
3183 1204 3491 1277 episcopum
3510 1202 3657 1260 Atre-

2079 1276 2345 1330 batensem
2377 1274 2636 1330 dimittat.

2635 1363 2819 1435 (Anno
2848 1363 3031 1435 1095.)

2440 1452 2672 1525 [ΜΑΝεῃ
2704 1453 2909 1509 Concil.
2936 1452 3051 1523 XX,
3080 1454 3231 1521 695.)

2085 1568 2361 1624 Uanmus
2390 1568 2720 1640 episcopus,
2762 1585 2965 1625 servus
3015 1584 3315 1625 servorum
3362 1569 3486 1639 Dei,
3520 1568 3657 1626 cha-

245 1638 656 1730 εξΡίεοίῖΡοΓυηῖ
690 1642 790 1730 {ult
822 1637 1077 1730 θίξοιθείίθ
1118 1655 1211 1693 τ’θε
1253 1638 1503 1730 αυῖθῗνθ)
1535 1637 1788 1730 diripere
1816 1644 1907 1699 νεὶ
2013 1657 2249 1713 rissimo
2280 1637 2445 1713 fratri
2471 1637 2767 1713 Senonum
2798 1657 3051 1730 archiep.
3076 1657 3375 1727 RICHERIO,
3407 1637 3657 1715 salutem

244 1726 570 1783 distrahere
602 1727 839 1793 audeat;
875 1726 1067 1797 ipsum
1114 1731 1309 1784 autem
1352 1725 1699 1782 clericorum
1741 1725 1905 1781 clau-

2013 1751 2071 1802 et
2098 1745 2475 1817 apostolicam
2506 1746 2988 1801 benedictionem.

244 1822 459 1882 strum,
491 1820 547 1871 et
576 1814 813 1871 claustri
841 1815 1047 1871 domos
1077 1816 1156 1872 ita
1177 1831 1411 1888 semper
1436 1814 1649 1870 liberas
1682 1831 1898 1887 perma-

2081 1833 2427 1890 Audivimus
2467 1834 2877 1902 Guarnerium,
2912 1833 3210 1891 Pontionis
3245 1834 3455 1903 filium,
3486 1850 3657 1892 vene-

244 1922 383 1961 nere
432 1904 734 1961 sancimus
785 1909 849 1960 ut
908 1904 1127 1960 nemini
1178 1903 1295 1963 illis
1339 1903 1672 1960 violentiam
1731 1902 1902 1959 liceat

245 1996 523 2068 irrogare.
547 1992 632 2048 Ad
673 1992 795 2049 haec
838 1993 1180 2064 adjicieutes
1212 1993 1584 2049 decernimus
1632 1998 1696 2048 ut
1744 2009 1898 2065 quae-

243 2099 481 2156 cunque
504 2082 561 2137 in
591 2085 892 2155 posterum
914 2081 1261 2138 liberalitate
1282 2081 1611 2155 principum
1630 2081 1717 2136 vel
1739 2080 1899 2137 obla-

244 2174 405 2229 tione
463 2169 725 2227 ﬁdelium
772 2174 966 2226 vestra
1010 2170 1255 2226 ecclesia
1297 2173 1459 2242 juste
1516 2174 1573 2226 et
1626 2169 1900 2226 canonice

246 2262 461 2336 poterit
485 2259 750 2333 adipisci,
775 2261 945 2315 firma
973 2260 1078 2315 tibi
1109 2260 1343 2332 tuisque
1374 2258 1814 2316 successoribus
1844 2264 1902 2315 et

243 2349 473 2406 illibata
518 2353 917 2421 permaneant.
951 2348 1010 2404 Si
1043 2348 1177 2421 quis
1224 2365 1364 2404 sane
1405 2348 1897 2420 archiepiscopus,

247 2445 352 2495 aut
374 2437 707 2510 episcopus,
732 2444 829 2493 aut
867 2437 1203 2509 imperator,
1227 2441 1329 2494 aut
1360 2453 1477 2502 rex,
1510 2437 1646 2503 dux,
1679 2453 1896 2504 comes,

245 2528 588 2594 vicecomes,
615 2526 819 2597 judex,
857 2530 960 2581 aut
987 2525 1382 2582 ecclesiastica
1408 2524 1682 2598 quaelibet
1718 2541 1898 2581 saecu-

243 2615 458 2671 larisve
488 2630 757 2687 persona,
793 2614 973 2686 hujus
1023 2613 1311 2687 privilegii
1361 2614 1636 2687 paginam
1684 2614 1898 2680 sciens,

222 2709 452 2761 contra
483 2719 613 2759 eam
644 2706 864 2759 temere
893 2702 1089 2759 venire
1131 2704 1457 2769 tentaverit,
1490 2704 1745 2760 secundo
1784 2707 1898 2758 ter-

242 2793 395 2849 tiove
446 2791 859 2859 commonitus,
903 2792 953 2848 si
1033 2809 1147 2847 non
1200 2792 1596 2848 satisfactione
1641 2807 1901 2863 congrua

244 2882 664 2949 emendaverit,
717 2880 1021 2954 potestatis
1074 2880 1429 2952 honorisque
1478 2880 1566 2936 sui
1616 2879 1899 2953 dignitate

243 2975 460 3039 careat,
483 2985 768 3041 reumque
814 2985 876 3026 se
920 2968 1115 3024 divino
1147 2968 1370 3040 judicio
1401 2967 1643 3025 existere
1671 2967 1744 3022 de
1773 2982 1898 3038 per-

245 3063 472 3132 petrata
511 3057 821 3131 iniquitate
869 3060 1198 3129 cognoscat.
1232 3060 1407 3129 atque
1440 3073 1473 3111 a
1501 3055 1899 3112 sacratissimo

246 3164 488 3221 corpore
516 3151 575 3203 et
603 3146 891 3219 sanguine
933 3146 1034 3201 Dei
1077 3163 1143 3202 ac
1200 3144 1431 3201 Domini
1491 3144 1899 3216 Redemptoris

2010 1923 2255 1980 rabilem
2287 1924 2524 1980 fratrem
2550 1927 2816 1980 nostrum
2843 1923 3285 1982 Atrebatensem
3316 1924 3657 1998 episcopum

2011 2013 2083 2069 ad
2114 2011 2429 2068 concilium
2476 2012 2805 2069 venientem
2854 2013 3101 2085 cepisse,
3126 2017 3478 2087 captumque
3520 2013 3656 2071 reti-

2009 2118 2165 2170 nere,
2189 2118 2257 2157 ea
2286 2105 2522 2174 propter
2550 2100 2759 2157 litteris
2790 2106 2847 2157 te
2873 2103 3262 2174 praesentibus
3282 2103 3565 2174 jubemus
3594 2108 3660 2159 ut

2008 2191 2278 2246 eumdem
2313 2189 2699 2246 Guarnerium
2742 2195 2980 2263 captum
3027 2191 3338 2264 praesulem
3368 2209 3504 2248 cum
3532 2192 3658 2249 suis

2009 2279 2283 2336 omnibus
2328 2278 2579 2334 libertati
2620 2278 2923 2335 restituere
2964 2295 3359 2337 commoneas.
3393 2281 3556 2345 Quod
3605 2280 3656 2336 si

2008 2368 2446 2441 contempserit,
2468 2367 2729 2439 quandiu
2773 2366 2942 2422 illum
2971 2368 3243 2435 tenuerit,
3275 2372 3333 2425 et
3372 2364 3658 2441 ipsumet

2008 2457 2200 2513 locum
2228 2472 2403 2517 suum
2434 2455 3020 2512 excommunicationi
3046 2456 3346 2528 subjicias.

2184 2663 2544 2734 Privilegium
2571 2676 2673 2732 pro
2707 2572 3036 2717 "(ignvafslterio
3066 2661 3475 2718 Silviniacensi.

2634 2751 2821 2822 (Anno
2848 2749 3029 2822 1095.)

2303 2840 2660 2911 [Bibliotheca
2690 2838 3085 2907 Cluniacensis,
3118 2856 3175 2912 p.
3206 2840 3356 2911 309.]

2079 2959 2359 3011 Uaemus
2388 2953 2719 3027 episcopus,
2738 2970 2939 3010 servus
2960 2970 3259 3010 servorum
3281 2954 3400 3025 Dei,
3424 2954 3563 3012 filiis
3590 2955 3653 3013 in

2010 3044 2252 3100 Domino
2282 3041 2648 3098 charissimis
2686 3040 3122 3098 Silviniacensis
3163 3043 3411 3100 ccenobii
3449 3061 3659 3101 mona-

2010 3132 2156 3203 chis,
2189 3131 2440 3188 salutem
2471 3136 2527 3186 et
2558 3129 2937 3202 apostolicam
2967 3130 3452 3189 benedictionem.

247 3211 433 3292 nostri
456 3236 596 3292 Jesu
618 3211 832 3291 Christi
864 3233 1090 3291 alienus
1114 3235 1236 3299 ﬁat,
1250 3238 1306 3289 et
1336 3234 1393 3289 in
1425 3237 1681 3289 extremo
1710 3211 1902 3311 distri-
1930 3211 1973 3277 (ἶ
2085 3221 2367 3289 Quoniam
2396 3235 2661 3311 ευρθωίθ
2692 3218 3110 3311 δθῐξθάξοῖίοηίε
3140 3219 3424 3311 dignitate
3454 3220 3662 3277 mum-

248 3330 352 3379 σιω
385 3323 593 3378 ultioni
634 3323 954 3394 subjaceat.
986 3322 1221 3378 Cunctis
1261 3325 1455 3377 autem
1488 3320 1675 3376 eidem
1705 3319 1902 3375 Eccle-

248 3414 349 3468 sia:
372 3414 539 3484 justa
589 3411 958 3467 servantibus
998 3409 1075 3467 sit
1118 3427 1228 3483 pax
1258 3409 1487 3466 Domini
1531 3409 1717 3464 nostri
1762 3408 1899 3464 Jesu

248 3501 481 3568 Christi,
506 3504 797 3573 quatenus
825 3504 882 3555 et
911 3499 1005 3555 hic
1033 3499 1288 3555 fructum
1318 3500 1481 3554 bona:
1504 3497 1748 3553 actionis
1778 3513 1903 3569 per-

245 3590 491 3663 cipiant,
509 3594 567 3645 et
593 3588 749 3662 apud
773 3588 1104 3643 districtum
1129 3588 1389 3660 judicem
1412 3586 1653 3661 prmmia
1671 3591 1897 3642 aeternae

224 3679 411 3751 vpacis
441 3677 758 3734 inveniant.
791 3678 995 3732 Amen.

315 3767 528 3822 Datum
560 3765 839 3833 Cluniaci,
875 3782 977 3838 per
1005 3781 1218 3821 manus
1245 3765 1511 3832 Joannis,
1544 3768 1756 3821 sancta:
1789 3765 1897 3820 Ro-

242 3872 433 3911 mane
494 3854 756 3911 Ecclesiae
811 3855 1045 3910 diaconi
1104 3854 1441 3923 cardinalis,
1480 3871 1554 3909 xv
1609 3853 1898 3910 Kalendas

235 3944 617 4012 Novembris,
638 3943 960 4000 indictione
992 3960 1075 4012 III,
1101 3960 1253 3999 anno
1286 3943 1599 3999 Dominicae
1631 3948 1898 3998 Incarna—

235 4032 414 4088 tionis
444 4031 759 4088 millesimo
789 4032 1169 4103 nonagesimo
1190 4035 1369 4098 sexto,
1395 4032 1769 4105 pontificatus
1801 4048 1895 4086 au-

235 4124 359 4176 tem
389 4120 611 4176 domini
646 4120 861 4176 Urbani
898 4120 944 4175 ll
976 4137 1137 4193 papa:
1176 4125 1395 4177 octavo.

993 4262 1147 4318 CLV.

248 4354 456 4410 Urbani
485 4355 535 4410 11
560 4354 789 4425 epistola
829 4352 899 4408 ad
941 4352 1305 4408 Guarnerium
1349 4352 1414 4407 de
1460 4352 1799 4408 Castellione.
1830 4384 1896 4393 —

316 4424 412 4479 Illi
438 4425 537 4480 sub
565 4424 1143 4496 excommunicationis
1174 4441 1337 4496 paena
1361 4425 1620 4494 praecipit
1646 4426 1705 4478 ut
1734 4425 1896 4496 Lam-

319 4496 547 4568 bertum,
580 4497 889 4568 episcopum
925 4495 1350 4568 Atrebatensem,
1384 4496 1443 4549 in
1480 4495 1681 4551 itinere
1708 4495 1778 4550 ad
1807 4511 1896 4568 sy-

315 4566 521 4622 nodum
547 4566 768 4638 captum
795 4566 1054 4622 dimittat.

872 4674 1058 4744 (Anno
1090 4672 1273 4744 1095.)

670 4781 898 4848 [ΜΑκει,
933 4779 1137 4835 Concil.
1174 4779 1285 4850 XX,
1318 4779 1467 4853 695.]

318 4902 592 4961 Uaemus
620 4905 951 4979 episcOpus,
985 4922 1188 4962 servus
1217 4922 1516 4961 servorum
1540 4904 1661 4975 Dei,
1686 4904 1897 4961 dilecto

244 4992 369 5048 ﬁlio
397 4993 760 5061 Guaausmo,
797 4994 1094 5050 Pontionis
1124 4993 1264 5063 ﬁlio,
1297 4993 1544 5049 salutem
1574 4999 1630 5049 et
1661 4998 1897 5066 aposto-

248 5081 422 5137 licam
456 5081 940 5149 benedictionem,
968 5083 1015 5140 si
1047 5082 1351 5139 obedierit.

319 5169 724 5227 Venerabilem
756 5172 993 5229 fratrem
1019 5177 1289 5228 nostrum
1308 5172 1745 5229 Atrebatensem
1777 5173 1897 5246 epi-

249 5274 493 5332 scopum
523 5261 595 5317 ad
627 5260 941 5318 concilium
980 5261 1304 5317 venientem
1336 5265 1392 5317 te
1420 5261 1645 5334 cepisse
1675 5262 1899 5318 audivi-

249 5362 408 5413 mus,
433 5351 491 5404 et
518 5365 625 5405 cur
652 5350 878 5423 ceperis
910 5349 1232 5423 plurimum
1263 5349 1568 5417 miramur.
1597 5351 1714 5407 Rex
1741 5351 1898 5408 enim

251 5434 605 5494 Francorum
665 5455 782 5495 non
843 5438 1033 5496 solum
1092 5438 1286 5495 venire
1317 5439 1388 5494 ad
1418 5455 1526 5495 nos
1583 5438 1728 5495 alios
1782 5458 1899 5498 non

248 5523 538 5596 prohibet,
569 5543 771 5583 verum
799 5528 977 5584 etiam
1002 5528 1278 5584 omnibus
1307 5544 1426 5583 suae
1453 5529 1757 5600 potestatis
1783 5531 1901 5605 epi-

247 5613 442 5695 scopis
469 5618 529 5676 et
558 5614 873 5681 abbatibus
912 5616 1108 5683 venire
1138 5615 1211 5678 ad
1242 5614 1554 5681 concilium
1599 5617 1898 5681 licentiam

2012 3311 2187 3367 moda
2213 3314 2407 3365 actum
2438 3311 2526 3364 est
2555 3310 2621 3362 ut
2650 3322 2755 3362 nos
2784 3305 2897 3379 ipsi
2926 3306 3350 3363 monasterium
3373 3313 3656 3381 vestrum,

2010 3404 2068 3456 et
2098 3399 2248 3455 beati
2290 3397 2484 3469 Majoli
2520 3412 2733 3468 corpus
2779 3395 2933 3451 intra
2979 3395 3283 3452 ecclesiam
3342 3397 3414 3453 ad
3462 3396 3655 3455 locum

2010 3489 2191 3544 alium
2240 3487 2554 3543 transferre
2605 3484 3016 3554 meruerimus,
3058 3484 3305 3559 dignum
3354 3486 3655 3555 duximus,

1994 3594 2144 3639 cum
2174 3573 2573 3631 Cluniacensis
2614 3573 2881 3643 caenobii,
2916 3574 3007 3629 cui
3056 3577 3342 3647 tanquam
3389 3576 3657 3632 membra

2009 3662 2182 3735 capiti
2234 3660 2612 3735 singulariter
2648 3659 2964 3729 inhaeretis,
2988 3660 3296 3719 dilectione
3342 3662 3655 3736 precipua,

2006 3756 2133 3807 tum
2190 3750 2486 3824 religionis
2544 3754 2747 3806 vestrae
2803 3750 3142 3819 reverentia,
3197 3767 3298 3808 vos
3349 3756 3407 3808 et
3460 3752 3656 3809 locum

2005 3844 2264 3898 vestrum
2323 3839 2636 3913 specialius
2694 3839 2851 3895 sedis
2912 3838 3240 3913 apostolica:
3297 3841 3653 3912 protectione

2007 3931 2256 3986 munire.
2287 3930 2605 4002 Eapropter
2634 3932 2914 4000 praesente
2938 3927 3226 3983 confratre
3256 3932 3454 3985 nostro
3484 3946 3655 3985 vene-

2008 4018 2177 4075 rabili
2212 4018 2507 4084 Durantio,
2536 4015 2883 4072 Arvernensi
2913 4017 3207 4088 episcopo,
3240 4017 3655 4073 constituimus

2000 4125 2080 4169 ne
2109 4124 2213 4179 pro
2246 4104 2541 4161 communi
2584 4103 2870 4176 parochias
2914 4104 3535 4175 excommunicatione,
3564 4106 3654 4164 vel

2004 4194 2432 4261 interdictione,
2466 4192 2583 4248 ullo
2613 4209 2875 4265 unquam
2906 4197 3169 4266 tempore
3197 4193 3527 4250 coenobium
3555 4211 3653 4253 ve-

2006 4289 2196 4341 strum
2231 4281 2655 4339 interdictionis
2685 4280 2934 4353 alicujus
2956 4282 3251 4353 jacturam
3284 4282 3519 4354 sentiat,
3550 4298 3656 4341 nec

2006 4374 2111 4431 ulli
2140 4373 2459 4429 viventium
2494 4370 2738 4428 facultas
2777 4371 2851 4427 sit
2882 4371 3036 4428 infra
3075 4373 3516 4442 monasterium,
3552 4390 3654 4430 seu

2004 4463 2153 4519 villa:
2176 4461 2497 4534 adjacentis
2527 4461 2838 4527 ambitum,
2866 4463 2968 4516 aut
2996 4460 3286 4518 assultum
3318 4462 3523 4528 facere,
3552 4467 3656 4519 aut

1926 4578 1973 4643 D
2007 4551 2329 4643 quemlibet
2380 4550 2693 4643 hominem,
2728 4549 3653 4643 capere_vel_depraedari.‘Unde

2004 4642 2180 4698 etiam
2212 4640 2509 4713 egregium
2551 4638 2796 4694 militem
2835 4638 3360 4696 Archimbauldum
3388 4640 3499 4697 sub
3527 4656 3650 4696 ma-

2006 4749 2119 4787 nus
2144 4728 2386 4803 propriae
2417 4726 2794 4801 stipulatione
2823 4727 2883 4782 in
2913 4744 3155 4784 manum
3190 4733 3451 4786 nostram
3482 4727 3652 4800 polli-

2006 4820 2143 4888 ceri,
2177 4835 2356 4891 supra
2385 4817 2646 4889 parentis
2693 4817 2911 4890 proprii
2958 4818 3258 4873 tumulum
3288 4817 3553 4885 fecimus,
3590 4824 3656 4872 ut

2006 4909 2277 4965 universa
2306 4923 2434 4979 qua:
2467 4910 2633 4978 pater
2661 4908 2762 4960 aut
2789 4904 2878 4961 avi
2908 4905 3037 4976 ejus
3073 4904 3200 4961 loco
3229 4907 3417 4961 vestro
3448 4907 3654 4959 contu-

2007 4999 2213 5064 lerant,
2246 4999 2366 5051 tam
2399 4995 2457 5049 in
2502 4995 2677 5051 rebus
2733 5010 2909 5067 quam
2956 4993 3016 5048 in
3065 4992 3539 5049 immunitabitus
3597 4996 3656 5048 et

2007 5083 2556 5152 consuetudinibus,
2586 5083 2747 5140 omni
2792 5083 2920 5139 vitae
2979 5098 3097 5139 sua:
3155 5084 3417 5153 tempore
3444 5080 3655 5139 debeat

2005 5176 2229 5231 illibata
2257 5189 2506 5240 servare,
2538 5176 2647 5228 etc.

2079 5268 2289 5320 Datum
2327 5262 2482 5334 apud
2528 5259 2931 5327 Monticulum,
2964 5276 3068 5332 per
3114 5275 3355 5315 manum
3385 5258 3653 5329 Joannis,

2009 5356 2221 5409 sancta:
2263 5351 2534 5406 Romanis
2584 5348 2850 5405 Ecclesiae
2895 5348 3125 5405 diaconi
3174 5347 3511 5419 cardinalis,
3544 5348 3655 5405 Idi-

2004 5443 2120 5499 bus
2150 5440 2513 5505 Novembris,
2547 5438 2749 5494 indict.
2783 5454 2867 5504 III,
2900 5454 3052 5493 anno
3102 5437 3410 5494 Dominicae
3460 5437 3655 5495 Incar-

2008 5529 2262 5588 nationis
2319 5528 2475 5598 1097,
2536 5526 2906 5603 pontiﬁcatus
2970 5531 3168 5588 autem
3225 5526 3426 5588 domni
3490 5543 3653 5607 papae

2008 5619 2226 5699 Urbani
2253 5617 2400 5681 VIII.
