4004 6162
369 358 480 416 431

1071 488 1304 546 CLVIII.

370 579 638 648 Deﬁnitio
667 593 793 650 qua:
833 578 949 652 fuit
997 575 1548 652 interdqthofrcdum
1583 575 2030 652 _tllagalonensem

443 647 755 720 cpiscOpum
783 647 1087 706 ct'Pclrum
1124 650 1489 704 Anianensem
1534 647 1782 702 abbatem
1815 649 1873 702 iu.
1902 663 2028 701 con.-

443 721 574 778 cilio
605 721 1042 777 Claromontano.

999 826 1188 896 (Anno
1221 825 1406 896 1095.)

795 915 1022 984 [Musa
1059 914 1264 969 Concil.
1299 912 1413 980 XX,
1443 911 1612 981 910.]

439 1022 582 1076 Cum
615 1021 767 1092 apud
801 1019 1248 1086 Claromontem,
1288 1022 1677 1075 Arvernorum
1711 1019 2003 1075 civitatem

379 1089 669 1165 dominus-
699 1126 850 1182 papa
899 1109 1170 1164 Urbanus
1222 1109 1273 1164 II
1321 1110 1380 1163 in
1431 1109 1677 1164 concilio
1728 1089 2028 1186 resideret:

373 1197 824 1256 consedentibus
855 1198 915 1253 in
954 1198 1158 1254 eodem
1193 1197 1436 1254 concilio
1485 1197 1845 1254 diversarum
1895 1215 2028 1270 pro.

371 1287 696 1343 vinciarum
717 1287 1578 1360 primatibus.archiepiscopis,
1603 1287 2027 1358 abbatibusque

370 1375 848 1448 quamplurimis,
899 1375 1140 1432 veniens
1193 1381 1327 1434 ante
1371 1374 1756 1430 venerabilem
1816 1392 2024 1447 papam

369 1465 773 1530 Gothofridus,
836 1464 1267 1536 Magalonensis
1325 1464 1655 1536 episcomis,
1709 1463 2024 1519 clamorem

371 1555 506 1609 fecit
536 1571 714 1626 super
753 1554 960 1608 abbate
1005 1553 1172 1608 Petro
1222 1557 1277 1606 et
1327 1552 1631 1607 monachis
1676 1551 2024 1608 Auianensis

372 1643 732 1708 monasterii,
759 1643 913 1713 quod
945 1641 1361 1696 monachorum
1387 1647 1440 1694 et
1467 1639 1695 1696 abbatis
1717 1641 2026 1696 ordinatio-

363 1748 477 1789 .nes
507 1733 563 1785 et
595 1731 1062 1785 consecrationes
1083 1729 1458 1784 ecclesiarum
1492 1729 1726 1784 aliunde
1753 1746 1926 1801 quam
1950 1731 2022 1784 ab

374 1819 631 1874 Ecclesia
662 1818 1057 1891 Magalonensi
1090 1823 1413 1890 quaererent
1445 1824 1544 1872 aut
1588 1818 1933 1890 acciperent,
1968 1825 2024 1875 et
2055 1857 2104 1922 Β

373 1909 528 1980 quod
559 1913 762 1964 contra
790 1909 877 1962 fas
908 1908 1362 1979 praesumptione
1409 1907 1612 1961 illicita
1643 1908 1752 1962 sub
1785 1909 2025 1964 obtentu

378 1997 666 2070 privilegii
696 1996 1037 2070 pmnitentia
1065 1996 1241 2050 dandi
1269 1997 1930 2069 cxcommunicandique
1960 2015 2027 2055 ac

374 2083 714 2142 absolvendi
740 2103 840 2142 seu
867 2084 1273 2140 reconciliandi
1295 2084 1378 2139 vel
1402 2084 1622 2140 alienos
1645 2085 2028 2157 parochianos

375 2176 768 2246 undecunque
796 2174 1014 2245 passim
1039 2173 1352 2244 recipiendi
1377 2173 1445 2227 ad
1471 2173 1831 2245 sepulturam
1865 2176 2027 2230 inau-

376 2264 498 2318 dito
521 2279 681 2324 more
707 2262 1003 2318 licentiam
1038 2261 1420 2316 vindicarent.
1441 2262 1602 2325 Quod
1633 2269 1933 2319 narratum
1963 2265 2024 2320 in

374 2351 621 2407 concilio
644 2350 810 2405 valde
831 2348 1129 2422 displicuit
1151 2350 1445 2404 omnibus.
1468 2349 1690 2406 Placuit
1711 2358 1901 2406 autem
1927 2355 2025 2410 do-

374 2441 534 2495 mino
568 2457 728 2511 papae
763 2439 994 2494 Urbano
1026 2445 1082 2492 et
1112 2439 1380 2493 universo
1421 2445 1622 2494 sancto
1667 2440 1908 2512 collegio
1961 2445 2026 2497 ut

373 2529 489 2584 tale
534 2527 902 2601 privilegium
953 2533 1284 2581 cassaretur
1329 2532 1386 2581 et
1432 2527 1826 2597 abraderetur,
1860 2536 1916 2584 et
1960 2537 2026 2586 ut

375 2619 558 2674 abbas
616 2615 962 2672 Anianensis
1022 2616 1226 2670 Petrus
1265 2616 1322 2670 iu
1361 2617 1551 2671 medio
1607 2618 1836 2673 concilii
1891 2625 2024 2676 ante

377 2705 853 2777 Magalononsem
901 2703 1242 2776 episcopum
1289 2704 1528 2759 veniens
1559 2705 1617 2759 in
1663 2723 1841 2763 manu
1895 2711 2024 2781 ejus

376 2793 765 2850 obedientiam
795 2793 1053 2848 debitam
1085 2792 1450 2864 promitteret
1478 2794 1744 2850 Ecclesia:
1771 2797 2022 2870 Megalo-

377 2882 542 2938 nensi
565 2882 637 2937 de
657 2879 1126 2936 ordinationibus
1147 2884 1202 2935 et
1223 2882 1758 2940 consecrationibus
1779 2892 1835 2942 et
1856 2887 2024 2957 judi-

373 2969 692 3040 ciis,sal,vis
721 2975 915 3026 tamen
942 2967 1262 3040 privilegiis
1290 2969 1640 3028 Anianensis
1665 2975 2020 3042 monasterii,

375 3059 728 3132 inquantum
762 3059 1086 3114 secundum
1119 3074 1370 3114 canones
1411 3075 1511 3130 pro
1543 3059 1730 3117 salute
1756 3067 1813 3118 et
1841 3065 2020 3120 stabi-

371 3149 532 3204 litate
556 3148 742 3220 ipsius
766 3147 1100 3202 monasterii
1125 3148 1442 3202 coustituta
1460 3149 1704 3204 fuerant.
1723 3153 1906 3216 Quam
1929 3155 2024 3210 de-

1674 353 1739 414 D.
1792 352 2080 414 I'RBANI
2132 354 2178 412 Il
2231 355 2477 414 ΡΑΡιΕ.

2044 487 2101 560 Α
2131 501 2342 542 manus
2390 485 2658 553 Joannis,
2692 483 2752 542 S.
2783 484 2848 540 It.
2887 483 2946 540 Ε.
2980 481 3205 538 diaconi
3258 481 3596 551 cardinalis,
3627 499 3785 542 anno

3660 347 3784 412 439.

2139 574 2453 632 Dominicae
2519 573 2940 631 Incarnationis
3017 571 3332 632 millesimo
3403 571 3787 646 nonagesimo

2139 664 2365 734 quinto,
2401 663 2718 720 indictione
2751 663 2939 729 tertia,
2974 678 3126 718 anno
3156 661 3532 734 pontiﬁcatus
3559 660 3790 720 domini

2141 752 2354 810 Urbani
2389 770 2549 826 papa:
2582 754 2627 808 II
2659 756 2880 810 octavo.

2873 885 3054 940 CLIX.

2245 977 2408 1030 Bulla
2437 976 2868 1047 conﬁrmationis
2887 973 3324 1047 iprivilegiorum
3361 973 3684 1032 monasterii

2753 1045 3186 1102 Cclsiniacensis.

2759 1163 2948 1234 (Anno
2980 1161 3162 1230 1095.)

2548 1259 2801 1331 [BALUZ.,
2846 1256 3088 1314 Misecll.
3124 1258 3194 1326 Π,
3231 1259 3373 1326 175.]

2207 1377 2482 1432 [laeuus
2527 1374 2860 1447 episcOpus,
2892 1390 3093 1430 servus
3139 1389 3440 1430 servorum
3489 1371 3612 1440 Dei,
3641 1371 3788 1432 dile-

2135 1467 2246 1521 ctis
2277 1466 2414 1520 tiliis
2442 1462 2884 1520 (lelsiniaeensis
2915 1462 3162 1520 ccenobii
3204 1460 3504 1520 monachis
3535 1461 3789 1522 salutem

2135 1561 2192 1610 et
2222 1553 2603 1625 apostolicam
2637 1552 3126 1606 benedictionem.

2206 1644 2286 1696 Ad
2322 1642 2427 1696 hoc
2464 1658 2566 1696 uos
2597 1641 2944 1712 disponente
2971 1640 3216 1696 Domino
3249 1640 3306 1694 in
3338 1639 3666 1712 apostolicae
3696 1657 3787 1696 se-

2134 1732 2224 1786 dis
2256 1731 2559 1786 servitium
2609 1733 2905 1801 promotos
2956 1729 3333 1801 agnoscimus
3381 1734 3446 1783 ut
3490 1729 3618 1800 ejus
3648 1727 3787 1785 ﬁliis

2133 1819 2417 1875 auxilium
2461 1817 2912 1890 implorantibus
2954 1817 3267 1874 efﬁcaciter
3311 1816 3617 1875 subvenire
3647 1823 3706 1874 et
3734 1818 3787 1876 ei

2137 1908 2469 1963 obedieules
2503 1906 2648 1962 tueri
2681 1923 2746 1962 ac
2778 1914 3075 1978 protegere
3104 1911 3278 1978 prout
3304 1905 3586 1964 Dominus
3618 1907 3788 1965 dede-

2136 1997 2210 2050 rit
2257 1997 2596 2052 debeamus.
2634 1995 2792 2051 Unde
2841 1999 3068 2067 oportet
3109 2001 3167 2052 et
3211 2013 3318 2052 nos
3356 1995 3787 2056 venorabilibus

2135 2083 2278 2140 locis
2329 2101 2567 2142 manum
2620 2083 2995 2156 protectionis
3025 2083 3334 2141 extendere
3380 2088 3438 2142 et
3484 2101 3786 2144 servorum

2135 2173 2234 2230 Dei
2259 2173 2438 2244 quieti
2461 2172 2742 2228 attentius
2764 2172 3082 2244 providere.
3107 2173 3291 2246 Igitur
3319 2177 3436 2230 tam
3463 2191 3567 2247 pro
3593 2181 3791 2232 vestra

2135 2262 2368 2335 speciali
2394 2261 2669 2335 religione
2691 2278 2867 2333 quam
2891 2279 2995 2334 pro
3013 2261 3361 2320 venerabilis
3384 2263 3579 2320 fratris
3601 2264 3788 2320 nostri

2134 2351 2395 2423 llugonis
2421 2349 2820 2406 Cluniacensis
2870 2351 3100 2410 abbatis
3133 2351 3460 2419 dilectione,
3493 2353 3574 2410 ad
3614 2354 3790 2424 cujus

2133 2458 2332 2495 curam
2369 2456 2437 2495 ex
2467 2439 2867 2499 Cluniacensis
2913 2439 3159 2496 ca‘nobii
3207 2440 3338 2508 jure
3385 2440 3549 2498 locus
3597 2447 3791 2500 vester

2133 2530 2400 2601 pertinet,
2417 2529 2647 2594 vestris,
2666 2527 2766 2583 lilii
2804 2527 2862 2582 in
2883 2527 3112 2584 Christo
3133 2529 3488 2595 charissimi,
3514 2529 3787 2601 precibus

2132 2623 2477 2682 annuontes,
2505 2615 2925 2672 monasterium
2948 2621 3204 2675 vestrum
3235 2617 3538 2689 praesentis
3569 2617 3788 2676 decreti

2132 2707 2472 2762 auctoritate
2490 2705 2825 2778 .muninius.
2861 2704 3190 2761 Statuimns
3231 2706 3395 2765 enim
3424 2711 3492 2762 ut
3517 2724 3790 2779 quaecun-

2132 2812 2246 2868 que
2274 2795 2443 2850 hodie
2472 2799 2729 2850 vestrum
2757 2792 3086 2848 ccenobium
3107 2795 3270 2866 juste
3291 2795 3551 2867 possidet
3573 2795 3692 2854 sive
3719 2795 3786 2852 in

2129 2885 2394 2940 futurum
2425 2881 2798 2940 concessione
2837 2881 3199 2953 pontiﬁcum,
3231 2881 3579 2940 liberalitate
3620 2884 3782 2956 prin-

2130 2971 2456 3046 cipum,vel
2488 2971 2782 3028 oblatione
2813 2969 3074 3026 fidelium
3106 2972 3268 3043 juste
3299 2977 3473 3042 atque
3499 2972 3777 3031 canonice

2133 3062 2342 3136 poterit
2361 3059 2974 3132 adipisciJirmavobis
2991 3059 3316 3132 vestrisque
3335 3061 3779 3118 successoribus

2131 3167 2364 3223 semper
2391 3153 2448 3205 et
2477 3148 2705 3204 illibata
2736 3153 3137 3220 permaneant,
3162 3147 3220 3204 in
3255 3147 3469 3222 quibus
3495 3148 3614 3204 haec
3646 3166 3780 3221 pro-

374 3219 697 3294 finitionem
734 3237 886 3293 inter
916 3241 1225 3308 utramque
1264 3235 1577 3292 Ecclesium
1619 3239 1940 3297 Alexander
1970 3248 2020 3298 II
2051 3219 2094 3288 (ἶ
2133 3219 2281 3312 priis
2303 3237 2642 3295 nominibus
2662 3219 2940 3292 duximus
2960 3219 3374 3310 exprimenda:
3401 3237 3458 3293 in
3480 3237 3608 3310 ipso
3629 3219 3782 3296 vide-

352 3345 527 3401 ,papa
557 3333 727 3384 antea
767 3327 1000 3390 fecerat,
1032 3325 1115 3380 sic
1159 3326 1420 3382 scribens
1446 3343 1459 3380 :
1487 3328 1792 3384 Abunde,
1819 3334 2020 3402 ϐρίθεσ-

371 3435 496 3490 pus,
530 3433 716 3473 servus
744 3431 1024 3472 servorum
1049 3415 1164 3480 Dei,
1189 3414 1372 3470 abbati
1419 3423 1469 3470 et
1507 3419 1772 3472 universa
1801 3436 2020 3491 congre-

351 3508 586 3578 gationi
614 3507 940 3560 Anianensis
976 3505 1300 3558 monasterii
1321 3504 1551 3560 salutem
1579 3510 1630 3560 et
1668 3511 2022 3578 apostolicam

373 3593 818 3650 benedictionem.
846 3593 1098 3646 Pervenit
1143 3592 1213 3646 ad
1259 3609 1356 3647 nos
1384 3595 1604 3664 querela
1630 3596 2020 3666 Magaloncnsis

369 3683 607 3754 episcopi
633 3697 798 3752 super
827 3679 1166 3734 intolerabili
1179 3684 1601 3752 przrsumptione
1626 3687 1679 3739 ct
1709 3685 2017 3744 inobedieu-

364 3773 448 3826 tia
474 3779 671 3836 vestra,
717 3769 876 3841 quod,
913 3770 1164 3840 quamvis
1213 3770 1511 3824 Romanam
1557 3773 1854 3829 Ecclesium
1899 3779 2014 3848 epi-

362 3875 588 3933 scOpum
616 3876 741 3915 eum
769 3874 985 3914 censere
1025 3861 1077 3912 et
1121 3859 1354 3914 tolerare
1397 3863 1771 3930 cognorat-itis,
1805 3866 2017 3921 nullius

361 3952 545 4005 tamen
568 3949 892 4020 episcopalis
921 3948 1242 4004 reverentia:
1269 3949 1527 4004 honorem
1558 3950 1665 4004 sibi
1693 3953 2012 4020 attribuitis,

357 4039 469 4094 imo
497 4042 549 4094 et
586 4041 895 4110 contemptu
953 4038 1094 4108 ejus,
1127 4037 1328 4092 illicita
1386 4038 1532 4093 vobis
1577 4045 1920 4112 usurpantes,
1953 4046 2016 4100 in

355 4142 550 4198 corpus
580 4129 747 4184 totius
775 4127 1024 4182 Ecclesiae
1051 4128 1295 4197 graviter
1322 4143 1386 4182 ac
1404 4128 1638 4199 nefande
1666 4129 2009 4203 delinquitis.

352 4215 494 4270 Nam
530 4216 672 4288 quod
722 4217 1217 4272 excommunicatos
1260 4217 1416 4270 illius
1474 4218 1634 4272 nulla
1690 4223 2014 4278 auctoritate

351 4305 487 4372 [ulti
512 4307 806 4376 suscipitis,
837 4313 890 4360 et
937 4303 1078 4376 quod
1122 4306 1238 4376 ejus
1279 4321 1479 4359 manus
1511 4307 1854 4376 impositione
1880 4326 2007 4365 con-

349 4393 552 4460 tempta
573 4392 945 4447 ordinationes
966 4395 1169 4446 vestras
1190 4391 1260 4446 ad
1282 4393 1506 4446 libitum
1525 4397 1766 4448 vestrum
1784 4397 2010 4454 aliunde

344 4481 552 4549 petitis,
579 4481 634 4534 in
665 4481 764 4535 hoc
803 4484 855 4535 et
893 4482 1170 4536 canonica:
1215 4480 1528 4536 tralitionis
1577 4483 1832 4538 instituta
1883 4502 2004 4541 cor-

2132 3329 2264 3385 licet
2284 3328 2471 3398 burgo
2492 3327 2591 3400 qui
2619 3325 2973 3382 monasterio
2995 3326 3224 3397 adjacet
3251 3327 3476 3383 Sanctae
3499 3326 3694 3383 Mariis
3723 3332 3784 3384 et

2131 3417 2330 3474 Sancti
2361 3416 2614 3481 Martini,
2635 3414 2695 3470 in
2725 3431 2872 3488 pago
2905 3414 3212 3471 Ucionensi
3243 3414 3553 3472 ecclesiam
3585 3417 3784 3474 Sancti

2130 3505 2380 3578 Remigii
2423 3507 2494 3560 de
2532 3503 2834 3569 Carniaco,
2865 3504 3063 3562 Sancti
3107 3503 3308 3560 Jacobi
3356 3505 3429 3560 de
3473 3505 3779 3575 Varenuis,

2127 3596 2320 3652 Sancti
2351 3593 2634 3663 Quintini,
2659 3591 2856 3649 Sancti
2898 3592 3196 3664 Stephani,
3228 3593 3421 3648 Sancti
3454 3592 3674 3650 Juliani
3708 3594 3780 3650 de

2129 3684 2424 3750 Paleariis,
2465 3684 2688 3738 Sanctae
2730 3680 2922 3736 Mariae
2969 3680 3041 3735 dc
3089 3679 3382 3748 Masliaco,
3408 3681 3606 3736 Sancti
3639 3683 3778 3744 Ger-

2127 3775 2283 3829 mani
2337 3767 3049 3832 Brennacum,ecclesiam
3101 3784 3308 3823 novam
3360 3767 3417 3822 in
3469 3768 3777 3826 Luridensi

2125 3880 2294 3937 pago,
2326 3862 2652 3918 cmnobium
2693 3856 2906 3913 Calcidi
2954 3857 3191 3924 montis,
3224 3859 3446 3912 Sancta:
3478 3856 3670 3914 Maria
3701 3857 3776 3914 de

2125 3953 2412 4018 Bevcrias,
2445 3947 2748 4006 ecclesiam
2796 3947 2867 4003 de
2913 3943 3342 4010 Monterevello,
3373 3945 3444 4000 de
3483 3944 3772 4014 Viverolo,

2123 4042 2193 4098 de
2223 4042 2400 4108 Bulla,
2441 4041 2510 4094 de
2540 4035 2904 4100 Grandirivo,
2928 4034 2999 4090 de
3047 4033 3501 4100 Zalmantanias,
3533 4033 3606 4090 de
3633 4037 3774 4091 Am-

2122 4132 2266 4196 bert,
2319 4130 2389 4184 de
2437 4128 2684 4192 Marene,
2717 4126 2789 4180 de
2833 4122 3151 4192 'l‘eulerias,
3196 4120 3501 4178 ecclesiam
3550 4123 3775 4180 Sancta

2121 4220 2314 4276 Merita
2355 4218 2425 4272 de
2473 4218 2682 4280 Monte,
2717 4212 2916 4269 Sancti
2961 4211 3233 4284 Ferreoli,
3264 4211 3460 4267 Sancti
3493 4210 3683 4284 Eligii,
3712 4212 3773 4268 in

2119 4305 2438 4362 Privatensi
2471 4321 2622 4376 pago
2671 4301 2978 4359 ecclesiam
3009 4301 3234 4356 Sanctae
3283 4299 3546 4367 Florinai,
3577 4298 3774 4356 Sancti

2118 4395 2396 4462 Gervasii,
2430 4392 2734 4449 ecclesiam
2767 4392 2837 4446 de
2868 4388 3151 4457 Abulnac,
3171 4389 3243 4444 de
3275 4387 3673 4454 Burnunculo,
3701 4389 3774 4444 de

2119 4491 2355 4551 Leuton,
2396 4484 2468 4539 de
2515 4481 2773 4545 Lendan,
2803 4479 2874 4534 de
2905 4477 3079 4545 Clais,
3131 4478 3204 4534 de
3248 4477 3495 4544 Vescon,
3528 4477 3601 4533 de
3647 4477 3772 4533 Gir—

347 4569 628 4638 rumpitis,
675 4578 726 4624 et
783 4569 1029 4640 exemplo
1087 4569 1310 4640 reprobo
1360 4586 1527 4636 grave
1575 4571 1899 4628 scandalum
1951 4577 2010 4630 in
2041 4587 2088 4652 Ι)
2123 4591 2270 4640 mae,
2305 4573 2359 4627 in
2395 4588 2544 4644 pago
2579 4567 2924 4624 Talendensi
2965 4565 3271 4622 ecclesiam
3316 4565 3516 4622 Sancti
3546 4564 3770 4632 Hilarii,

347 4657 591 4712 Ecclesia
647 4659 948 4726 generatis.
986 4657 1134 4715 Unde
1190 4674 1278 4712 vos
1337 4660 1660 4714 auctoritate
1709 4664 2008 4732 apostolica

342 4761 745 4802 commonemus
777 4756 836 4802 ut
880 4746 992 4802 tunc
1023 4752 1074 4802 et
1104 4748 1222 4802 alia
1248 4747 1559 4818 hujusmodi
1583 4751 1804 4820 penitus
1833 4753 2004 4808 relin-

339 4839 565 4908 quentes
590 4838 824 4907 praefato
867 4838 1109 4908 episcopo
1150 4839 1324 4891 vest'o
1371 4837 1620 4908 deinceps
1666 4840 1831 4895 totius
1871 4843 2001 4896 sub-

330 4925 587 4996 jectionis
625 4928 675 4978 et
726 4927 1044 4980 reverentia:
1102 4919 1346 4980 debitum
1399 4926 1724 4988 achibcatis,
1775 4931 2002 4985 scientes

337 5016 600 5084 quoniam
622 5016 672 5069 si
700 5013 818 5071 hac
846 5015 1065 5085 querela
1105 5015 1334 5069 ulterius
1364 5015 1432 5069 ad
1471 5032 1567 5068 nos
1596 5017 1775 5071 delata
1807 5019 1996 5088 fuerit,

337 5100 646 5158 districtum
666 5103 725 5158 in
743 5119 802 5158 se
825 5104 1044 5158 (emerit
1063 5105 1152 5158 dis
1176 5112 1364 5158 vestrm
1381 5106 1688 5174 pertinacia
1705 5107 1759 5159 vi
1762 5105 2000 5161 ndictam

335 5192 666 5256 provocabit.
716 5191 796 5246 Ne
849 5195 1043 5247 autem
1103 5191 1256 5246 inter
1309 5199 1619 5264 utramque
1678 5193 1996 5249 Ecclesiam

341 5274 814 5346 Magalonensem
847 5285 904 5336 et
923 5280 1312 5336 Anianensem
1339 5281 1730 5336 dissensionis
1756 5287 1858 5337 aut
1885 5282 1998 5337 dis-

333 5364 542 5418 cordiae
575 5370 803 5423 occasio
856 5367 980 5424 ulla
1028 5375 1375 5433 remaneret,
1403 5368 1678 5425 dominus
1709 5387 1860 5442 papa
1890 5371 1995 5426 Ur-

334 5451 527 5508 banus
559 5453 710 5509 hanc
744 5456 1144 5513 definitionem
1177 5457 1352 5512 scribi
1377 5457 1578 5528 jussit,
1598 5458 1998 5531 scriptumque

331 5539 526 5614 sigillo
562 5543 897 5614 apostolicae
924 5546 1080 5601 sedis
1111 5546 1385 5602 firmavit.

399 5630 614 5696 Datum
646 5631 801 5711 apud
838 5633 1178 5696 Arverniam
1208 5652 1311 5696 xui
1338 5633 1466 5694 Kal.
1493 5633 1852 5710 Decembris,
1885 5655 1991 5720 per

2115 4662 2307 4717 Sancti
2360 4658 2662 4724 Martialis,
2687 4655 2990 4712 ecclesiam
3041 4655 3110 4709 de
3155 4653 3420 4721 Chidrac,
3455 4653 3527 4708 de
3575 4657 3775 4710 monte

2111 4753 2314 4814 Acuto,
2337 4749 2406 4805 de
2442 4747 2706 4811 Planzac,
2739 4745 2811 4800 de
2842 4744 3008 4808 Ozac,
3031 4744 3102 4799 de
3134 4741 3362 4809 Soletis,
3385 4739 3670 4812 capellam
3701 4741 3775 4798 de

2111 4839 2325 4906 Monte,
2360 4839 2418 4892 in
2461 4851 2607 4908 pago
2639 4831 3000 4888 Todornensi
3034 4829 3340 4887 ecclesiam
3372 4828 3572 4886 Sancti
3601 4829 3770 4902 Lupi,

2109 4927 2301 4994 Sancti
2334 4923 2552 4981 Juliani
2601 4927 2660 4977 et
2704 4922 2928 4976 Sancta:
2963 4919 3156 4975 Mariae
3209 4919 3366 4992 apud
3395 4917 3770 4989 Cauriacum,

2107 5016 2410 5071 ecclesiam
2443 5013 2514 5066 de
2535 5011 2750 5065 Mutesc
2789 5026 2920 5064 cum
2947 5007 3208 5064 ecclesiis
3231 5009 3302 5062 ad
3346 5007 3544 5080 ipsum
3574 5005 3771 5063 locum

2107 5099 2622 5176 pertinentibus,in
2643 5113 2792 5171 pago
2805 5095 3083 5152 Taluensi
3096 5094 3404 5152 ecclesiam
3417 5095 3771 5152 Sanctorum

2107 5191 2425 5263 Martyrum
2460 5186 2644 5256 Cyrici
2692 5191 2748 5242 et
2789 5184 3005 5241 Julitaa.
3037 5185 3232 5241 Sancti
3266 5183 3543 5251 Pardulﬁ,
3575 5183 3769 5238 Sancti

2107 5279 2337 5345 Donati,
2357 5277 2553 5334 Sancti
2579 5274 2850 5343 Victoris,
2885 5273 3194 5330 ecclesiam
3223 5272 3296 5328 de
3326 5271 3610 5344 Cingulis,
3633 5287 3771 5328 cum

2107 5367 2396 5425 universis
2419 5363 2898 5438 possessionibus
2917 5367 2976 5419 et
3004 5361 3366 5436 appendiciis
3385 5375 3611 5417 eorum.
3627 5359 3775 5415 Pra-

2104 5463 2260 5514 terea
2289 5455 2661 5512 decernimus
2709 5457 2776 5509 ut
2821 5451 2966 5508 nulli
3008 5452 3247 5508 omnino
3280 5449 3452 5506 liceat
3495 5449 3767 5505 eamdem

2103 5545 2409 5604 ecclesiam
2441 5549 2655 5602 temere
2683 5542 3025 5618 perturbare
3053 5544 3156 5598 aut
3199 5540 3328 5614 ejus
3357 5537 3766 5614 possessiones

2103 5653 2174 5700 an
2183 5636 2356 5711 terra,
2385 5631 2476 5696 vel
2505 5632 2731 5695 ablatas
2778 5631 3048 5704 retinere,
3075 5629 3362 5704 minuere,
3390 5625 3481 5691 vel
3511 5631 3770 5692 temera-
