4004 6162
267 312 385 382 4‘33
1030 366 1054 385 .

1446 314 1847 381 EPISTOL/E
1889 302 2008 377 ΕΤ·
2031 306 2508 381 PRIVILEGIA.

3547 314 3667 379 4331

262 454 367 514 riis
396 448 802 514 vexationibus
824 449 1094 528 fatigare,
1127 450 1227 512 sed
1277 451 1475 512 omnia
1504 452 1732 527 integra
1770 466 1906 508 con-
1937 448 1993 516 Α
2020 452 2178 508 trum
2210 451 2601 510 communiter
2628 447 2687 510 in
2719 449 3146 529 Engolismensi
3175 450 3421 512 ecclesia
3470 452 3665 512 viven-

265 549 569 604 serve‘ntur
594 550 799 602 "eorum
828 562 934 618 pro
975 562 1226 618 quorum
1268 544 1690 602 sustentatione
1721 546 1777 597 et
1806 556 1912 613 gu-

264 632 604 692 bernatione
625 649 901 691 concessa
931 639 1070 692 sunt
1094 634 1302 691 usibus
1331 631 1684 690 omnimodis
1715 630 1911 703 profu-

261 728 434 793 tura;
492 723 654 780 salva
702 729 899 781 tamen
954 725 1014 780 in
1074 724 1351 781 omnibus
1410 723 1603 779 debita
1632 722 1911 776 abbatum

260 812 735 869 Cluniacensium
779 815 1116 869 reverentia.
1150 812 1304 868 Nulli
1353 812 1528 868 etiam
1564 808 1806 865 facultas
1836 807 1913 863 sit

261 903 623 973 adiacentem
659 903 1011 958 monasterio
1040 903 1292 973 burgum
1355 902 1643 967 invadere,
1690 899 1907 970 deprae-

262 990 409 1058 dari,
440 990 529 1047 Vel
582 991 783 1048 noxias
814 991 1042 1064 aliquas
1087 991 1541 1048 consuetudines
1591 984 1910 1044 exactionis

261 1078 580 1153 imponere.
613 1080 790 1137 Porro
820 1081 1184 1154 sepulturam
1234 1081 1497 1153 ejusdem
1527 1078 1637 1135 loci
1669 1076 1908 1133 omnino

260 1169 505 1227 liberam
524 1186 653 1227 esse
676 1170 1069 1241 decernimus,
1103 1175 1166 1226 ut
1187 1188 1387 1227 eorum
1410 1171 1509 1241 qui
1535 1168 1652 1224 illic
1675 1164 1906 1239 sepeliri

261 1257 713 1315 deliberaVerint
741 1259 1031 1316 devotioni
1065 1265 1123 1315 et
1165 1264 1432 1315 extremae
1455 1257 1759 1321 voluntati,
1794 1253 1907 1309 nisi

260 1345 408 1403 ferte
437 1347 923 1404 excommunicati
948 1348 1083 1415 sint,
1117 1348 1315 1404 nullus
1347 1347 1613 1403 obsistat.
1644 1348 1715 1402 Et
1745 1344 1904 1417 quia,

255 1434 542 1509 largiente
564 1437 828 1507 Domino,
862 1437 1197 1494 monasterii
1222 1436 1395 1492 vestri
1419 1435 1662 1492 ecclesia
1691 1434 1907 1491 nostris

260 1525 537 1581 manibus
567 1529 656 1581 est
680 1526 1150 1589 consecrata,hoc
1181 1542 1412 1598 quoque
1444 1523 1709 1596 praesenti
1756 1522 1908 1595 capi-

258 1611 384 1670 tulo
415 1613 852 1686 subjungimus,
907 1618 971 1668 ut
1026 1632 1128 1686 pro
1180 1614 1333 1669 beati
1392 1614 1544 1669 Petri
1602 1617 1658 1668 et
1696 1617 1906 1667 nostrae

259 1702 715 1759 consecrationis
746 1702 1062 1758 reverentia
1086 1702 1283 1759 nullus
1312 1703 1582 1775 deinceps
1607 1702 1815 1758 audeat
1847 1701 1905 1755 in

2025 540 2175 596 tium
2206 543 2615 615 gubernationi
2644 548 2702 599 et
2729 544 2905 600 victui
2940 544 3339 611 subtrahatur,
3370 545 3452 600 ita
3471 548 3536 600 ut
3565 561 3669 602 nec

2022 630 2428 704 episcOporum
2478 632 3011 705 Engolismensium
3072 632 3244 689 alicui
3295 634 3465 690 liceat
3511 633 3672 691 illius

2019 718 2189 788 villas,
2223 737 2324 776 seu
2349 722 2742 795 praepositum
2774 724 3037 779 redditus
3067 723 3125 778 in
3152 741 3294 779 usus
3316 722 3460 779 alios
3480 723 3663 779 vindi-

2019 824 2168 876 care,
2205 810 2307 866 sed
2350 814 2471 865 tam
2524 810 2654 882 ipsa
2685 829 2860 884 quam
2917 816 3121 868 caetera
3150 829 3276 884 quas
3301 813 3461 884 juste
3496 813 3669 869 hodie

2018 896 2350 967 possidetis,
2384 903 2440 955 et
2469 916 2829 972 quiscunque
2852 900 2937 956 vel
2952 901 3025 956 de
3044 901 3279 956 amissis
3303 918 3663 973 recuperare,

2016 985 2103 1042 vel
2136 985 2371 1043 aliunde
2420 988 2673 1061 legitime
2706 990 2967 1061 poteritis
3017 989 3339 1061 acquirere,
3372 990 3539 1047 vobis
3568 1008 3663 1046 ve-

2015 1074 2271 1147 strisque
2302 1078 2740 1133 successoribus
2769 1077 2829 1132 in
2861 1079 3158 1134 communi
3177 1079 3295 1134 vita
3316 1095 3661 1150 permanen-

2013 1164 2174 1219 tibus
2206 1166 2430 1237 integra
2451 1183 2682 1238 semper
2700 1173 2755 1222 et
2776 1166 2999 1222 illibata
3020 1173 3418 1238 permaneant.
3447 1168 3502 1223 Si
3526 1169 3659 1241 quis

2014 1270 2147 1309 vero
2169 1255 2570 1311 censtitutioni
2593 1256 2728 1311 huic
2768 1262 2822 1312 et
2853 1248 3082 1312 decreto
3107 1261 3315 1312 nostrae
3341 1257 3658 1313 auctorita-

2012 1341 2089 1397 tis
2120 1342 2490 1414 pertinaciter
2517 1344 2799 1400 contraire
2832 1346 3155 1412 tentaverit,
3192 1362 3291 1417 per
3318 1348 3659 1402 convenien-

2017 1435 2103 1485 tes
2134 1432 2400 1489 inducias
2456 1434 2735 1503 monitus,
2789 1436 2901 1489 nisi
2962 1435 3356 1491 satisfactione
3404 1450 3661 1509 congrua

2015 1522 2425 1589 emendaverit,
2460 1524 2643 1579 sancti
2696 1525 2948 1596 Spiritus
3001 1524 3194 1598 gladio
3224 1529 3281 1581 et
3328 1523 3658 1596 apostolicae

2015 1608 2397 1666 districtionis
2429 1612 2648 1667 ultione
2678 1613 2981 1685 plectatur.

2086 1697 2230 1753 Data
2262 1700 2414 1771 apud
2447 1699 2944 1757 Clarummontem
2991 1702 3283 1757 Arvernire
3342 1718 3399 1756 x1
3456 1701 3654 1758 Kalen.

256 1785 412 1847 idem
443 1791 864 1848 monasterium
917 1791 1540 1847 excommunicationis
1588 1796 1689 1847 aut
1726 1791 1903 1845 inter-
1938 1817 1986 1883 Β
2014 1784 2283 1842 Decemb.
2336 1805 2437 1859 per
2471 1805 2710 1844 manum
2736 1790 3081 1856 Joannis,S.
3108 1792 3175 1845 R.
3208 1793 3248 1846 E
3280 1792 3508 1847 diaconi
3532 1809 3659 1847 car-

256 1878 529 1936 dictionis
562 1880 818 1953 proferre
874 1879 1246 1946 sententiam,
1307 1885 1595 1953 quatenus
1639 1880 1710 1936 ab
1742 1882 1901 1936 omni

251 1967 473 2025 servitii
505 1968 823 2041 singularis
854 1968 1221 2025 infestatione
1247 1970 1437 2025 securi
1464 1969 1739 2042 omnique
1770 1986 1900 2042 gra—

248 2057 483 2113 va'mine
528 2059 840 2114 mundanae
889 2058 1286 2131 oppressionis
1335 2059 1538 2114 remoti
1586 2059 1643 2113 in
1688 2063 1899 2115 sancire

248 2146 550 2220 religionis
571 2147 973 2203 observatione
994 2147 1181 2203 seduli
1213 2152 1388 2220 atque
1406 2148 1583 2220 quieti
1629 2148 1784 2203 omni
1794 2166 1898 2220 po-

246 2235 389 2291 tenti
419 2234 665 2291 Domino
688 2232 915 2307 plac-ere
944 2236 1123 2293 totius
1173 2236 1385 2293 mentis
1415 2242 1472 2293 et
1503 2237 1708 2292 anima:
1725 2237 1901 2292 virtu-

244 2324 407 2380 tibus
420 2323 724 2380 anheletis.
742 2323 800 2380 Si
825 2341 943 2397 qua
963 2341 1104 2381 sane
1125 2325 1517 2381 ecclesiastica
1534 2325 1900 2383 szecularisve

246 2429 498 2485 persona
529 2411 681 2468 hanc
712 2417 927 2469 nostra:
949 2413 1387 2470 constitutionis
1411 2414 1684 2487 paginam
1706 2415 1898 2470 sciens

244 2507 453 2558 centra
494 2508 621 2557 eam
671 2506 891 2559 temere
919 2501 1113 2558 venire
1134 2502 1460 2571 tentaverit,
1495 2504 1751 2560 secundo
1784 2508 1896 2559 ter-

245 2590 395 2647 tiove
423 2591 781 2647 commonita
802 2590 851 2647 si
874 2609 990 2647 non
1011 2591 1406 2647 satisfactione
1434 2609 1690 2665 congrua
1706 2610 1899 2649 emen-

247 2679 493 2746 daverit,
530 2680 835 2753 potestatis
881 2680 1242 2753 honorisque
1267 2682 1355 2736 sui
1380 2681 1663 2753 dignitate
1684 2684 1894 2748 careat,

248 2785 531 2841 reamque
573 2786 635 2825 se
683 2768 878 2826 divino
915 2768 1140 2840 judicio
1172 2770 1415 2825 existere
1467 2771 1537 2826 de
1571 2774 1899 2843 perpetrata

248 2856 562 2929 iniquitate
594 2860 924 2931 cognoscat,
976 2861 1032 2915 et
1080 2875 1113 2913 a
1144 2858 1544 2914 sacratissimo
1577 2876 1813 2931 corpore
1840 2861 1898 2913 et

248 2946 539 3018 sanguine
569 2945 669 3002 Dei
701 2950 757 3002 et
785 2944 1016 3002 Domini
1076 2946 1482 3019 Redemptoris
1530 2946 1711 3003 nostri
1759 2946 1897 3001 Jesu

248 3030 467 3089 Christi
528 3032 717 3091 aliena
774 3035 895 3101 fiat,
955 3038 1129 3106 atque
1187 3035 1242 3089 in
1312 3042 1566 3092 extremo
1634 3036 1899 3092 examine

251 3115 529 3177 districtis
560 3120 768 3177 ultioni
825 3121 1143 3195 subjaceat.
1198 3122 1433 3179 Cunctis
1481 3128 1676 3178 autem
1710 3124 1893 3178 cidem

248 3209 376 3266 loco
399 3212 565 3282 justa
595 3184 960 3267 servantibus
1018 3210 1094 3267 sit
1146 3228 1258 3283 pax
1286 3211 1513 3267 Domini
1547 3211 1728 3267 nostri
1758 3212 1897 3268 Jesu
1928 3184 1971 3251 α

250 3292 488 3366 Christi,
524 3303 816 3372 quatenus
854 3305 910 3356 et
931 3299 1023 3355 hic
1043 3300 1294 3356 fructum
1315 3301 1476 3356 bonae
1500 3302 1744 3356 actionis
1778 3318 1901 3372 per-

250 3388 471 3461 cipiant
501 3392 557 3444 et
589 3389 741 3463 apud
766 3388 1095 3445 districtum
1121 3390 1383 3461 judicem
1414 3391 1651 3462 praemia
1679 3394 1900 3444 internae

251 3479 415 3552 pacis
445 3478 984 3545 inveniant.Amcn,
1020 3495 1210 3544 amen,
1244 3495 1436 3534 amen.

328 3569 537 3624 Datum
569 3567 723 3639 apud
758 3567 1039 3639 oppidum
1068 3568 1259 3623 Sancti
1310 3567 1461 3622 Flori
1520 3584 1623 3638 per
1662 3584 1903 3622 manum

253 3656 523 3723 Joannis,
553 3660 763 3712 sancta:
779 3656 1329 3712 RomanmEcclesia:
1367 3656 1591 3712 diaconi
1640 3657 1903 3711 cardina-

252 3745 350 3812 lis,
382 3744 701 3801 indictione
747 3762 830 3813 ιιι,
862 3762 938 3800 vn
962 3745 1100 3800 Idus
1134 3745 1486 3813 Decembris,
1521 3763 1672 3801 anno
1704 3744 1904 3800 Domi—

256 3835 398 3891 nicas
419 3834 844 3890 Incarnationis
868 3833 1023 3902 1095,
1049 3835 1423 3907 pontificatus
1453 3840 1648 3891 autem
1682 3833 1903 3891 domini

257 3922 479 3982 Urbani
510 3923 556 3979 II
588 3939 747 3996 papae
777 3939 896 3977 VIII.
1036 3918 1039 3923 λ

1007 4055 1158 4110 CLX.

262 4147 468 4207 Urbani
513 4146 569 4201 ιι
610 4159 773 4217 papae
804 4146 1030 4217 cpistola
1056 4145 1125 4199 ad
1144 4147 1429 4201 canonicos
1452 4148 1902 4215 Engolismenscs,

330 4234 441 4289 qua
486 4218 865 4288 prwpositurse
887 4216 950 4271 de
976 4218 1187 4273 Juliaco
1216 4218 1633 4274 attributionem
1676 4221 1808 4289 ipsis
1838 4219 1907 4274 ab

331 4288 596 4344 Adcmaro
623 4291 826 4359 factam
847 4289 1151 4357 conﬁrmat.

883 4394 1070 4463 (Anno
1100 4392 1284 4463 4095.)

687 4498 914 4568 [MANSI,
948 4500 1151 4555 Concil.
1184 4500 1294 4565 ΧΧ,
1334 4499 1483 4571 919.]

336 4626 610 4688 ὉιωΑΝυε
640 4631 971 4703 episcopus,
1000 4648 1202 4688 servus
1222 4649 1520 4689 servorum
1544 4635 1658 4698 Dei,
1684 4634 1914 4692 dilectis

265 4721 407 4778 ﬁliis
425 4708 890 4794 Engolismensis
935 4720 1199 4776 Ecclesiae
1231 4723 1527 4778 canonicis
1576 4721 1826 4779 salutem
1859 4731 1916 4780 et

271 4809 648 4884 apostolicam
691 4809 1171 4866 benedictionem.

346 4897 531 4972 Ofﬁcii
561 4898 739 4955 nostri
765 4917 869 4954 nos
889 4899 1156 4954 hortatur
1176 4899 1489 4954 auctoritas
1514 4917 1613 4972 pro
1634 4901 1915 4957 Ecclesia-

273 4992 408 5045 rttm
429 4990 583 5058 statu
612 4985 894 5043 sollicitos
925 5003 1071 5053 esse,
1102 4990 1300 5058 etquae
1346 4992 1495 5042 recte
1525 4993 1740 5044 statuta
1781 4994 1920 5044 sunt

274 5074 729 5133 stabilire.Illam
751 5073 929 5147 igitur
950 5075 1427 5130 constitutionem
1446 5094 1621 5149 quam
1646 5078 1915 5133 venerab.

274 5165 454 5220 frater
484 5167 682 5219 noster
708 5163 1031 5218 Ademarus
1063 5164 1373 5236 episcopus
1433 5166 1501 5220 de
1540 5166 1920 5237 przepositura

272 5251 376 5308 illa
425 5250 751 5318 constituit,
804 5268 927 5324 quze
987 5257 1075 5307 est
1138 5252 1195 5305 in
1237 5252 1374 5308 villa
1405 5252 1628 5308 Juliaco
1680 5254 1734 5308 in
1772 5271 1919 5327 pago

272 5340 681 5407 Saneton'ensi,
697 5357 804 5395 nos
826 5339 1152 5395 litterarum
1178 5340 1551 5413 prresentium
1582 5342 1922 5397 auctoritate

270 5428 1034 5486 firmamus.Constituimus
1052 5429 1207 5485 enim
1232 5432 1298 5484 ut
1316 5430 1699 5501 prazpositura
1717 5432 1919 5487 eadem

268 5518 432 5577 nulla
450 5522 715 5589 unquam
739 5516 1049 5573 venalitatc
1074 5517 1629 5587 distrahatur,nulla
1660 5536 1918 5591 unquam

220 5600 223 5603 ’
270 5608 359 5666 vel
390 5604 921 5680 consanguinitatis
947 5607 1034 5662 vel
1068 5605 1455 5663 successionis
1489 5606 1787 5663 occasione
1820 5610 1925 5665 fra-

636 5760 659 5773 Δ

645 5789 685 5813 α
704 5809 708 5812 .

638 5822 692 5842 .-

2014 1874 2158 1942 din.,
2208 1875 2407 1932 indict.
2461 1894 2544 1945 III,
2595 1896 2730 1934 ann.
2780 1884 2941 1937 Dom.
3001 1880 3141 1936 l096
3193 1880 3396 1954 [1095],
3446 1881 3654 1953 pontif.

2012 1963 2228 2019 domini
2252 1966 2466 2022 Urbani
2502 1968 2546 2023 II
2580 1968 2684 2024 PP.
2718 1986 2837 2024 VIII.

2737 2139 2921 2196 CLXI.

2013 2244 2259 2303 Urbanus
2286 2251 2339 2305 II
2360 2266 2507 2322 papa
2542 2253 2863 2326 monasterii
2888 2252 3271 2326 Aubechz'ensis
3295 2256 3655 2326 possessiones

2536 2329 2586 2376 et
2634 2324 2771 2393 jura
2817 2324 3120 2392 conﬁrmat.

2627 2466 2813 2535 (Anno
2849 2467 3028 2539 1095.)

2329 2606 2487 2675 [Gall.
2524 2609 2728 2665 Christ.
2764 2610 2857 2679 ΙΙΙ,
2884 2610 3185 2679 Instrum.,
3222 2613 3333 2683 17.]

2077 2776 2353 2834 URBANUS
2384 2778 2712 2851 episc0pus,
2747 2796 2948 2837 servus
2981 2799 3279 2839 servorum
3310 2782 3651 2853 Dei,dilecto

2008 2865 2126 2922 ﬁlio
2140 2868 2617 2936 Rocsnio,abbati
2639 2871 2974 2926 monasterii
3000 2874 3151 2944 quod
3169 2874 3349 2929 situm
3371 2879 3460 2930 est
3485 2875 3543 2929 in
3558 2892 3654 2947 pa-

2006 2955 2205 3012 rochia
2225 2956 2644 3023 Cameracensi,
2679 2958 2734 3013 in
2770 2956 2961 3016 insula
2974 2978 3101 3032 qua:
3117 2962 3645 3032 diciturAbbatias,

2006 3044 2254 3101 salutem
2285 3049 2341 3100 et
2371 3046 2743 3116 apostolicam
2770 3047 3253 3106 benedictionem.

2079 3132 2262 3189 Ofﬁcii
2296 3135 2479 3188 nostri
2523 3152 2626 3190 nos
2660 3136 2924 3192 hortatur
2969 3142 3305 3210 auctoritas,
3339 3160 3466 3215 quas
3496 3147 3650 3199 recte

2010 3226 2228 3277 statuta
2249 3227 2405 3290 sunt,
2439 3223 2716 3279 stabilire.
2751 3227 3158 3290 Quamobrem,
3193 3230 3536 3286 charissime
3566 3230 3647 3285 ﬁli

2010 3310 2239 3380 Rogeri,
2270 3312 2388 3365 tuis
2450 3312 2829 3379 petitionibus
2882 3316 3211 3385 apostolicis
3272 3317 3653 3390 benignitatis

2010 3416 2181 3455 aures
2219 3398 2586 3466 inclinantes,
2624 3404 3043 3459 monasterium
3062 3406 3444 3464 sanctissima:
3470 3409 3657 3465 Trini-

2011 3490 2169 3553 tatis,
2192 3489 2307 3552 cui,
2344 3492 2575 3544 auctore
2611 3491 2740 3551 Deo,
2778 3492 3074 3562 praesides,
3108 3496 3410 3566 praesentis
3442 3498 3651 3554 decreti

2013 3577 2355 3632 auctoritate
2405 3578 2725 3647 munimus,
2759 3585 2813 3633 et
2849 3598 3210 3654 quaecunque
3239 3585 3393 3642 bona
3419 3604 3657 3643 venera-

2012 3666 2148 3721 bilis
2178 3667 2467 3721 confrater
2496 3673 2692 3722 noster
2738 3669 3030 3726 Gerardus
3061 3674 3495 3732 Cameracensis
3533 3678 3660 3749 epi-

2014 3772 2246 3826 scopus,
2283 3756 2451 3834 cujus
2487 3756 2765 3811 nimirum
2799 3759 3112 3816 donatione
3142 3761 3305 3818 locus
3334 3765 3458 3836 ipse
3491 3766 3659 3822 insti-

2014 3848 2178 3899 tutus
2225 3860 2352 3898 esse
2410 3846 2802 3916 cognoscitur,
2836 3848 3075 3919 praefato
3128 3854 3482 3908 monasterio
3518 3871 3657 3909 con-

2015 3932 2196 3988 tulit:
2259 3949 2618 4004 quzecunque
2676 3941 2949 4006 praeterea
3024 3937 3271 4009 quilibet
3329 3941 3533 3997 ﬁdeles
3588 3943 3659 3997 de

2017 4038 2123 4076 suo
2148 4022 2280 4090 jure
2311 4028 2725 4076 concesserunt
2782 4024 3006 4096 integra
3066 4043 3297 4098 semper
3352 4034 3409 4084 et
3438 4030 3661 4085 illibata

2017 4125 2251 4164 manere
2282 4109 2597 4179 apostolica
2626 4111 2969 4167 auctoritate
3024 4115 3346 4171 sancimus.
3390 4118 3658 4173 Decrevi-

2016 4216 2148 4253 mus
2169 4198 2361 4268 itaque
2376 4201 2439 4251 ut
2461 4198 2604 4252 nulli
2631 4200 2868 4254 omnino
2890 4200 3659 4263 hominumliceateumdem

2016 4286 2209 4343 locum
2239 4292 2455 4341 temere
2486 4288 2937 4358 perturbare,vel
2970 4292 3098 4362 ejus
3128 4295 3530 4363 possessiones
3559 4314 3661 4351 au-

2019 4377 2186 4441 ferre,
2242 4374 2524 4439 minuere,
2588 4376 2674 4431 vel
2740 4380 3064 4436 temerariis
3096 4383 3501 4442 vexationibus
3532 4386 3657 4442 fati-

2019 4481 2154 4538 gare
2200 4483 2212 4533 ;
2266 4465 2365 4519 sed
2400 4465 2596 4519 omnia
2627 4465 2851 4537 integra
2882 4476 3299 4527 conserventur
3326 4488 3530 4530 eorum
3562 4492 3666 4548 pro

1944 4551 1985 4614 D
2016 4569 2264 4625 quorum
2326 4555 2749 4609 sustentatione
2795 4572 2861 4609 ac
2917 4558 3340 4629 gubernatione
3389 4579 3668 4619 concessa

2025 4646 2163 4697 sunt
2193 4640 2399 4695 usibus
2430 4642 2784 4697 omnimodis
2815 4646 3137 4715 profutura.
3171 4650 3448 4720 Quisquis
3471 4658 3666 4707 autem

2023 4729 2212 4784 locum
2239 4729 2433 4800 ipsum
2457 4746 2557 4799 pro
2580 4731 2757 4785 divini
2790 4732 3020 4789 timoris
3042 4737 3472 4801 reverentia,vel
3496 4740 3670 4794 rebus

2026 4817 2151 4872 suis
2197 4817 2400 4884 ditare,
2433 4821 2873 4897 protegere,__vvel
2925 4839 3028 4893 pro
3077 4840 3183 4878 sua
3215 4825 3486 4882 facultate
3516 4828 3670 4883 exal-

2028 4910 2149 4960 tare
2201 4906 2508 4975 studuerit,
2542 4894 2960 4980 omnipotentis
2992 4912 3091 4969 Dei
3123 4913 3584 4971 misericordiam
3615 4921 3673 4971 et

2028 4994 2426 5067 apostoiorum
2457 4997 2584 5067 ejus
2610 4986 2861 5069 gratiam
2920 5006 3332 5075 consequatur.
3394 5004 3503 5069 Qui
3539 5022 3672 5061 vero

2028 5088 2232 5139 contra
2264 5082 2441 5151 hujus
2500 5086 2680 5140 nostri
2742 5087 2956 5142 decreti
3013 5094 3272 5147 tenorem
3302 5093 3677 5164 pertinaciter

2029 5188 2199 5243 agere
2230 5172 2558 5240 tentaverit,
2606 5174 2791 5229 sancti
2823 5174 3073 5246 Spiritus
3125 5180 3319 5251 gladio
3371 5181 3674 5254 plectatur.

2105 5264 2247 5313 natu
2259 5278 2309 5314 [ιι
2327 5262 2482 5333 apud
2501 5260 2667 5317 Claru
2680 5269 2997 5319 mmontem
3015 5269 3305 5324 Arvernize
3321 5287 3422 5341 per
3437 5289 3680 5327 manum

2028 5345 2296 5415 Joannis,
2331 5355 2543 5405 sanctae
2597 5342 2867 5407 Romanis
2896 5352 3164 5410 Ecclesia:
3209 5357 3439 5414 diaconi
3493 5360 3684 5416 cardi-

2031 5435 2204 5506 nalis,
2240 5455 2294 5492 Ill
2330 5437 2451 5493 Kal.
2477 5440 2833 5504 Decembris,
2870 5440 3068 5497 indict.
3096 5459 3180 5514 In,
3213 5462 3364 5502 anno
3395 5448 3682 5504 Dominic.

2032 5525 2459 5622 Incarnationis
2494 5529 2631 5583 1095
2670 5546 2683 5597 ;
2712 5530 3091 5622 ρολοῐὶἱῖεᾶιυε
3120 5538 3315 5591 autem
3346 5536 3547 5592 domni
3580 5537 3686 5592 Ur-

2033 5612 2175 5670 bani
2206 5613 2253 5670 II
2286 5632 2447 5687 papae
2481 5633 2632 5672 anno
2660 5612 2806 5675 VIII."-
