3988 6164
307 303 426 369 ιθδ

1030 443 1256 502 CLXII.

306 530 658 602 Conﬁrmatio
712 535 768 590 5.
817 534 1068 607 Dionysii
1114 535 1179 590 de
1234 537 1493 602 Nogento,
1547 549 1647 604 per
1696 533 1955 589 damnum

767 607 1046 663 Urbanum
1074 608 1124 661 Il
1163 622 1364 677 papam
1391 607 1558 674 facta.
1621 666 1629 676 ,

927 695 1114 765 (Anno
1147 693 1331 763 4095.)

589 782 944 852 [Bibliotheca
994 781 1392 845 Cluniacensis,
1434 798 1490 852 p.
1519 782 1670 851 544.]

380 886 656 942 URBANUS
687 887 1018 958 episcOpus,
1051 902 1252 941 servus
1283 902 1584 941 servorum
1643 887 1766 952 Dei,
1825 886 1956 941 uni-

305 989 485 1030 versae
516 975 944 1048 congregationi
992 974 1329 1030 monasterii
1381 975 1439 1028 S.
1493 974 1752 1046 Dionysii
1800 975 1956 1046 quod

309 1061 489 1118 situm
517 1067 608 1118 est
636 1063 784 1119 inter
816 1063 1034 1118 flumen
1059 1064 1252 1136 Igunae
1279 1069 1660 1136 castrumque
1689 1063 1955 1136 Nogenti,

309 1149 558 1207 salutem
587 1156 646 1207 et
673 1151 1052 1224 apostolicam
1086 1151 1572 1208 benedictionem.

378 1239 542 1296 Sicut
564 1240 984 1296 irrationabilia
1017 1241 1391 1313 poscentibus
1435 1241 1632 1312 negari
1665 1242 1836 1297 debet
1865 1259 1956 1296 as-

308 1345 541 1395 census,
575 1328 660 1384 sic
671 1329 836 1400 justa
858 1328 1181 1400 petentium
1215 1329 1362 1383 votis
1387 1329 1643 1401 benigna
1672 1330 1956 1385 debemus

306 1416 645 1473 assensione
694 1433 1057 1472 concurrere.
1114 1417 1332 1471 Idcirco
1383 1416 1574 1472 dilecti
1624 1417 1727 1472 ﬁlii
1777 1417 1954 1472 nostri

305 1505 567 1560 Gaufridi
623 1505 856 1561 comitis
911 1506 982 1560 de
1040 1505 1413 1571 Mauritania,
1447 1509 1504 1559 et
1533 1505 1662 1574 ejus
1691 1505 1958 1577 conjugis

306 1592 584 1649 Beatricis
596 1593 884 1650 devotioni
899 1593 1176 1648 duximus
1190 1594 1652 1649 annuendum.Is
1666 1593 1958 1666 siquidem

308 1697 504 1737 comes
527 1683 590 1736 B.
632 1682 889 1754 Dionysii
914 1681 1187 1753 martyris
1209 1681 1630 1737 monasterium
1655 1681 1714 1736 in
1744 1683 1957 1738 Carno-

307 1770 460 1825 tensi
482 1769 929 1841 parochiainter
968 1771 1163 1842 Igunaa
1197 1770 1439 1824 ﬂuvium
1472 1775 1528 1825 et
1559 1776 1815 1826 castrum
1848 1772 1958 1826 No-

311 1858 470 1930 genti
518 1859 592 1914 ab
648 1875 751 1914 avo
804 1875 911 1914 suo
969 1857 1246 1914 Gaufrido
1289 1858 1620 1927 fundatum,
1655 1864 1712 1915 et
1740 1864 1962 1932 apatre

312 1963 421 2003 suo
447 1947 692 2002 Rotroco
744 1963 814 2002 ex
865 1951 1027 2019 parte
1059 1947 1430 2014 aedificatum,
1476 1965 1583 2003 sua
1611 1949 1848 2004 tandem
1881 1949 1963 2004 in-

314 2036 532 2092 stantia
561 2035 1012 2101 consummavit,
1044 2043 1522 2092 consummatum
1555 2040 1613 2092 et
1639 2038 1814 2093 rebus
1837 2039 1961 2093 suis

311 2125 614 2191 donatum,
647 2124 1044 2180 annuentibus
1074 2123 1508 2181 venerabilibus
1537 2125 1679 2182 viris
1695 2126 1961 2182 Richerio

307 2213 636 2269 Senonensi
691 2212 1150 2284 archiepiscopo,
1210 2217 1267 2268 et
1307 2212 1590 2270 Gaufrido
1621 2215 1961 2272 Carnotensi

307 2300 603 2374 episcopo,
658 2299 1132 2356 collaudantibus
1191 2305 1249 2357 et
1303 2301 1809 2358 subscribentibus
1839 2307 1960 2358 tam

307 2403 484 2446 uxore
505 2389 633 2459 ejus
651 2405 830 2461 supra
854 2389 1154 2444 nominata
1187 2389 1463 2455 Beatrice,
1497 2406 1672 2461 quam
1695 2391 1812 2446 ﬁlio
1846 2393 1960 2447 Ro-

299 2480 489 2545 troco,
525 2477 746 2533 sanctis
775 2477 1054 2549 apostolis
1113 2477 1281 2533 Petro
1332 2482 1388 2532 et
1419 2478 1594 2534 Paulo
1643 2483 1700 2534 et
1727 2478 1959 2534 Clunia-

301 2565 462 2621 censi
485 2565 748 2621 coenobio
792 2565 902 2620 sub
941 2564 1414 2620 reverendissimi
1466 2566 1742 2622 confratis
1774 2569 1957 2623 nostri

302 2652 568 2726 Hugonis
589 2652 820 2709 abbatis
838 2652 1148 2724 praesentia
1167 2652 1588 2720 obtulit.Quam
1603 2655 1957 2712 oblationem

305 2744 510 2797 nostra
528 2740 970 2812 postulaverunt
994 2742 1339 2796 auctoritate
1370 2743 1614 2797 ﬁrmari.
1649 2743 1958 2816 Nosigitur

305 2833 430 2884 tam
460 2828 767 2901 praefatum
799 2828 950 2883 beati
984 2828 1244 2902 Dionysii
1295 2831 1741 2899 monasterium,
1779 2849 1954 2904 quam
2001 2875 2007 2880 .

309 2916 509 2973 omnia
537 2917 609 2972 ad
641 2915 696 2970 id
731 2916 1102 2988 pertinentia,
1163 2919 1272 2972 sub
1311 2919 1447 2989 jure
1476 2923 1533 2974 et
1572 2918 1955 2992 dispositione

304 3003 782 3062 Cluniacensium
816 3005 1064 3061 fratrum
1115 3011 1393 3078 perpetuo
1443 3024 1782 3080 permanere
1815 3027 1952 3065 san-

303 3095 512 3152 cimus.
549 3092 952 3166 Praacipientes
983 3099 1040 3150 et
1071 3096 1179 3149 sub
1211 3095 1576 3153 districtione
1607 3097 1952 3154 anathema-

1603 309 1674 374 B.
1719 307 2016 374 URBANI
2059 308 2114 373 II
2156 309 2408 374 ΡΑΡᾹΞ.

1981 445 2038 512 Α
2067 443 2277 515 torius,
2325 449 2480 501 terra
2529 442 2708 500 unius
2738 442 2936 500 aratri.
2968 442 3033 500 In
3077 439 3339 500 Morisim
3367 439 3507 499 villa
3535 443 3716 499 unius

3593 305 3714 371 436

2065 532 2242 588 aratri
2275 537 2446 588 terra.
2483 537 2546 588 In
2580 533 2764 588 fracta
2787 532 2933 589 valle
2959 533 3158 588 decem
3183 531 3484 605 agripenni
3512 531 3717 602 vineae,

2064 621 2423 677 molendium
2455 623 2526 676 de
2585 623 2864 677 Ruitaria.
2927 622 3107 677 Terra
3155 621 3225 676 de
3274 621 3714 687 Bremuncurte,

2063 716 2221 766 terra
2251 710 2505 766 Bonnaci
2562 727 2696 765 cum
2753 709 3114 765 mediatoriis
3172 712 3394 764 earum.
3457 710 3721 765 Piscaria

2065 799 2125 854 in
2156 799 2362 870 logniaa
2384 799 2557 854 fluvio
2586 800 2780 854 avado
2805 798 3150 854 Bellivilaris
3183 815 3368 870 usque
3399 799 3468 853 ad
3501 815 3718 870 aquam

2065 903 2193 958 quae
2224 886 2442 941 dicitur
2466 887 2666 952 Edera,
2700 886 2984 942 medietas
3014 886 3264 941 Bebanis
3291 885 3462 955 villae,
3495 891 3554 942 et
3575 885 3723 942 silva

2066 991 2192 1046 qua:
2224 975 2438 1030 dicitur
2461 975 2833 1048 Ostenganis.
2868 975 3105 1030 Decima
3125 973 3719 1030 teloneiMauritauize

2067 1063 2263 1118 castri.
2299 1063 2536 1119 Tolonei
2570 1080 2806 1135 quoque
2837 1063 3065 1118 decima
3095 1063 3338 1137 Nogenti
3379 1064 3582 1120 castri.
3609 1064 3719 1120 De—

2067 1151 2219 1205 cima
2266 1151 2440 1206 etiam
2465 1151 2734 1206 Pasnadii
2759 1149 2940 1217 silvaz,
2974 1167 3101 1223 qua:
3134 1150 3475 1206 nominatur
3503 1151 3715 1206 Resno.

2067 1239 2210 1295 Item
2243 1238 2486 1294 ecclesia
2505 1240 2565 1294 S.
2589 1238 2889 1311 Stephani,
2933 1243 2989 1294 et
3017 1239 3075 1294 8.
3109 1238 3352 1294 Joannis
3381 1238 3440 1294 in
3472 1239 3718 1312 Nogenti

2067 1330 2276 1383 castro.
2311 1328 2368 1382 8.
2403 1326 2680 1392 Hilarius,
2735 1329 2798 1383 S.
2847 1329 3123 1393 Joannes,
3173 1328 3231 1383 S.
3267 1327 3621 1398 Stephanus,
3653 1329 3714 1384 8.

2067 1416 2250 1471 Maria
2281 1417 2338 1470 in
2372 1421 2565 1472 castro
2597 1416 2844 1471 Noiomi.
2880 1417 2938 1471 8.
2993 1416 3278 1471 Martinus
3329 1417 3401 1472 de
3449 1417 3717 1489 Magone,

2067 1509 2122 1558 8.
2151 1503 2401 1560 Albinus
2423 1505 2494 1560 de
2515 1504 2730 1575 Campo
2754 1505 3024 1570 rotundo,
3055 1505 3114 1560 S.
3139 1503 3388 1560 Albinus
3420 1505 3492 1560 de
3516 1504 3719 1560 Codri-

2069 1591 2237 1658 cello,
2269 1598 2324 1647 8.
2359 1593 2540 1648 Maria
2584 1593 2923 1665 Magdalene
2953 1594 3025 1649 de
3056 1593 3340 1661 Ferraria,
3369 1597 3426 1647 S.
3460 1593 3719 1650 Hilarius

2067 1681 2138 1736 de
2169 1680 2498 1737 Belenvilla.
2560 1681 2618 1736 S.
2677 1682 2929 1737 Joannes
2957 1681 3029 1736 de
3083 1681 3384 1747 Petrafixa,
3417 1685 3474 1735 8.
3511 1681 3720 1738 Petrus

2069 1769 2140 1824 de
2169 1769 2518 1842 Aponviller,
2565 1774 2619 1824 8.
2653 1769 2997 1825 Anastasius
3048 1771 3120 1825 de
3152 1769 3464 1838 Ronviller,
3499 1771 3557 1826 S.
3591 1771 3720 1827 Sal-

2068 1863 2231 1914 vator
2257 1859 2330 1914 de
2359 1858 2575 1931 Campo
2607 1859 2875 1924 rotundo,
2925 1863 2982 1912 S.
3027 1859 3235 1914 Petrus
3265 1859 3337 1914 de
3367 1859 3717 1928 Boscnileto,

2070 1947 2128 2002 S.
2162 1946 2448 2002 Martinus
2505 1947 2576 2002 de
2633 1946 2905 2016 Unverre,
2939 1947 2998 2002 S.
3055 1947 3344 2003 Leobinus
3399 1949 3470 2004 de
3502 1947 3716 2015 Flacci,

2070 2034 2314 2091 ecclesia
2334 2035 2578 2091 Oratorii
2610 2052 2742 2090 cum
2769 2035 3132 2108 appendiciis
3161 2040 3218 2092 et
3247 2037 3491 2093 decimis
3521 2038 3719 2093 omni-

2070 2123 2202 2179 bus.
2235 2124 2363 2178 Haec
2393 2124 2682 2180 habentur
2741 2125 2800 2178 in
2831 2123 3168 2196 episcopatu
3229 2126 3589 2181 Carnotensi.
3651 2126 3714 2182 In

2069 2211 2490 2268 Cenomanensi
2533 2212 2870 2284 episcopatu
2902 2212 3208 2268 ecclesiam
3239 2214 3298 2269 S.
3332 2213 3484 2270 Petri
3514 2215 3585 2270 de
3613 2219 3716 2270 Ce-

2071 2306 2222 2366 tone,
2255 2301 2560 2356 ecclesiam
2614 2302 2671 2355 S.
2734 2300 2958 2368 Ult‘acii,
3021 2301 3078 2356 S.
3133 2302 3335 2358 Petrus
3365 2303 3436 2358 de
3468 2303 3713 2371 Mauvis,

2068 2393 2122 2443 8.
2159 2390 2452 2460 Prejectus
2502 2389 2572 2443 de
2605 2388 2837 2456 Vileris,
2869 2392 2926 2443 8.
2961 2389 3218 2445 Hilarius
3268 2391 3369 2462 qui
3423 2396 3513 2447 est
3545 2393 3719 2463 juxta

2069 2479 2340 2534 Sanctam
2371 2481 2712 2545 Ceronnam,
2737 2479 2796 2533 8.
2831 2476 3015 2533 Maria
3033 2478 3104 2534 de
3126 2483 3289 2547 Bure,
3337 2479 3394 2534 S.
3429 2481 3717 2538 Martinus

2067 2567 2137 2622 de
2169 2566 2412 2632 Loiseel,
2444 2568 2502 2622 8.
2537 2567 2866 2622 Germanus
2897 2566 2967 2622 de
3021 2567 3252 2632 Loisilz,
3287 2568 3346 2622 S.
3399 2568 3601 2636 Maria,
3650 2571 3716 2626 8.

2064 2656 2340 2724 Joannes,
2372 2656 2432 2711 8.
2466 2655 2733 2710 Macutus
2747 2655 2818 2710 de
2845 2655 3288 2722 Mauritania,S.
3311 2657 3628 2714 Audoenus
3645 2658 3718 2714 de

2065 2743 2291 2807 Tesval,
2349 2744 2407 2798 8.
2469 2744 2778 2800 Gervasius
2839 2743 2909 2799 de
2965 2744 3143 2812 Feris,
3177 2748 3234 2798 8.
3279 2746 3594 2802 Audoenus
3645 2749 3719 2803 de

2062 2832 2364 2898 Verreriis,
2397 2837 2451 2887 S.
2483 2832 2770 2888 Martinus
2825 2833 2896 2888 de
2941 2831 3157 2900 Beloto,
3207 2834 3266 2890 8.
3303 2834 3590 2891 Martinus
3645 2836 3717 2892 de

2063 2921 2298 2986 Bersiis,
2334 2921 2392 2976 S.
2455 2921 2744 2977 Martinus
2804 2922 2875 2977 de
2928 2922 3234 2994 Jamagiis,
3289 2927 3345 2978 8.
3407 2923 3612 2980 Petrus
3643 2925 3717 2982 de

2062 3010 2318 3066 Brueria.
2351 3011 2632 3066 Praeterea
2688 3027 3048 3082 quaecunque
3078 3015 3338 3066 vestrum
3381 3012 3712 3068 cmnobium

2060 3098 2232 3155 hodie
2265 3099 2428 3169 juste
2475 3099 2754 3172 possidet,
2783 3098 2902 3154 sive
2933 3098 2990 3153 in
3051 3099 3315 3154 futurum
3341 3101 3501 3171 juste
3531 3117 3711 3156 cano-

298 3182 378 3239 tis
406 3183 918 3250 interdicentes,ne
947 3183 1080 3254 quis
1103 3200 1366 3256 unquam
1390 3186 1662 3241 eumdem
1696 3185 1890 3242 locum
1922 3205 1954 3243 a
1985 3173 2028 3240 C
2067 3188 2307 3259 niceque
2339 3189 2549 3260 poterit
2604 3187 2868 3259 adipisci,
2931 3189 3102 3243 ﬁrma
3155 3188 3337 3255 vobis,
3386 3191 3712 3262 vestrisque

297 3271 697 3328 Cluniacensis
739 3272 986 3327 cmnobii
1045 3273 1267 3328 unitate
1322 3274 1649 3329 subtrahat.
1710 3279 1954 3347 Aposto-

281 3361 416 3417 ~lica
475 3361 654 3417 etiam
711 3360 1054 3416 auctoritate
1107 3361 1425 3418 statuimus
1481 3367 1545 3417 ut
1593 3381 1956 3436 quaecunque

299 3449 474 3517 dona,
505 3465 890 3521 quascunque
911 3449 1316 3520 possessiones
1339 3451 1560 3521 praefati
1592 3453 1835 3508 comites
1867 3455 1952 3509 vel

301 3537 404 3593 alii
437 3537 688 3608 quilibet
719 3537 922 3592 ﬁdeles
971 3537 1042 3592 de
1086 3554 1192 3592 suo
1216 3539 1351 3608 jure
1383 3539 1569 3595 eidem
1601 3543 1953 3597 monasterio

301 3623 694 3690 contulerunt,
749 3626 859 3680 sub
888 3624 1218 3697 apostolicae
1274 3627 1428 3682 sedis
1487 3628 1672 3684 tutela
1729 3631 1955 3702 integra

299 3728 533 3784 semper
567 3716 624 3768 et
650 3710 873 3768 illibata
904 3719 1302 3784 permaneant.
1327 3716 1504 3772 Vicus
1525 3717 1745 3773 scilicet
1774 3736 1954 3791 supra

303 3805 636 3857 memorata:
659 3801 934 3870 adjacens
958 3802 1212 3858 ecclesiae
1227 3820 1361 3858 cum
1385 3805 1582 3860 decem
1609 3807 1763 3877 prati
1800 3809 1950 3880 agri-

297 3889 526 3963 pennis,
559 3893 618 3945 et
664 3893 787 3945 tota
823 3891 881 3945 in
909 3891 1156 3947 circuitu
1190 3892 1449 3948 ecclesiae
1481 3899 1635 3950 terra
1667 3913 1852 3968 usque
1877 3898 1948 3952 ad

299 3979 565 4035 Roduam
599 3978 863 4047 ﬂuvium,
896 3984 954 4036 et
1003 3997 1182 4053 super
1211 3981 1407 4053 ipsum
1440 3983 1557 4038 duo
1592 3984 1946 4041 molendina.

296 4069 476 4124 Terra
520 4067 840 4124 Burchardi
868 4085 1000 4124 cum
1033 4069 1238 4126 broilo.
1271 4071 1448 4128 Terra
1475 4073 1547 4127 de
1577 4072 1849 4142 Belseria,
1880 4075 1951 4130 de

292 4157 538 4214 Asconis
565 4156 721 4213 villa.
755 4156 1013 4214 Ecclesia
1067 4160 1126 4215 S.
1187 4159 1388 4215 Hilarii
1444 4178 1578 4217 cum
1619 4162 1864 4219 decimis
1895 4169 1950 4219 et

295 4245 664 4318 appendiciis
718 4246 842 4302 suis
899 4248 1195 4303 omnibus.
1232 4248 1490 4305 Ecclesia
1521 4251 1578 4305 S.
1614 4251 1845 4306 Leobini
1879 4252 1949 4306 de

296 4333 576 4401 Flaciaco,
625 4335 684 4390 S.
721 4335 956 4389 Leobini
989 4336 1059 4391 de
1089 4336 1310 4400 Bracle,
1344 4338 1402 4391 8.
1435 4337 1639 4393 Hilarii
1672 4339 1742 4394 de
1771 4340 1947 4395 Beba-

295 4420 556 4486 nisuilla,
592 4421 651 4477 S.
691 4420 882 4476 Albini
938 4424 1010 4477 de
1069 4423 1446 4493 Coldreciolo,
1505 4429 1562 4481 S.
1624 4427 1818 4482 Mariae
1880 4431 1950 4485 de

2065 3277 2505 3332 successoribus
2556 3280 2612 3332 et
2641 3275 2868 3332 illibata
2907 3281 3301 3348 permaneant.
3331 3278 3710 3335 Decernimus

2063 3382 2199 3438 ergo
2235 3369 2296 3420 ut
2322 3364 2465 3420 nulli
2499 3365 2760 3421 omnimo
2780 3365 3088 3420 hominum
3121 3365 3292 3421 liceat
3329 3367 3485 3422 idem
3516 3383 3708 3424 cumo-

2063 3455 2225 3510 bium
2253 3460 2469 3510 temere
2501 3454 2831 3526 pertubare,
2865 3458 2966 3508 aut
2995 3455 3123 3524 ejus
3155 3457 3556 3526 possessiones
3604 3474 3710 3512 au-

2063 3543 2230 3610 ferre,
2262 3543 2347 3599 vel
2387 3543 2612 3598 ablatas
2644 3543 2912 3608 retinere,
2950 3543 3232 3609 minuere,
3265 3543 3352 3597 vel
3385 3545 3714 3602 temerariis

2060 3633 2461 3687 vexationibus
2519 3631 2781 3703 fatigare,
2838 3631 2939 3686 sed
2983 3631 3181 3686 omnia
3213 3633 3438 3704 integra
3475 3649 3712 3689 conser-

2061 3726 2271 3776 ventur
2290 3737 2512 3787 eorum,
2549 3737 2652 3792 pro
2676 3735 2927 3792 quorum
2952 3721 3375 3777 sustentatione
3407 3739 3472 3776 ac
3500 3723 3712 3794 guber-

2063 3811 2293 3865 natione
2323 3825 2599 3865 concessa
2625 3813 2765 3863 sunt
2786 3808 2990 3864 usibus
3007 3809 3363 3865 omnimodis
3386 3811 3710 3882 profutura,

2061 3897 2223 3954 salva
2266 3899 2550 3954 canonica
2597 3898 2970 3953 Carnotensis
2999 3897 3254 3970 episcopi
3288 3899 3624 3954 reverentia.
3651 3899 3710 3955 Si

2061 4005 2178 4059 qua
2203 4003 2342 4042 sane
2375 3987 2432 4042 in
2465 3989 2729 4041 futurum
2761 3986 3159 4043 ecclesiastica
3189 3987 3555 4043 szecularisve
3583 4005 3710 4059 per-

2060 4093 2205 4131 sona
2233 4076 2411 4145 hujus
2469 4075 2683 4130 decreti
2741 4075 3014 4147 paginam
3074 4075 3265 4130 sciens
3319 4080 3524 4131 contra
3575 4093 3704 4131 eam

2057 4171 2273 4220 temere
2297 4163 2492 4219 venire
2523 4163 2852 4231 tentaverit,
2884 4165 3140 4219 secundo
3181 4163 3420 4220 tertiove
3451 4181 3711 4220 commo-

2060 4253 2201 4319 nita,
2217 4253 2265 4308 si
2298 4269 2412 4307 non
2439 4252 2838 4307 satisfactione
2868 4269 3126 4324 congrua
3155 4253 3569 4320 emendaverit,
3607 4271 3712 4326 po-

2058 4342 2284 4397 testatis
2332 4341 2687 4412 honorisque
2729 4340 2821 4396 sui
2867 4340 3149 4414 dignitate
3180 4347 3393 4407 careat,
3429 4358 3709 4413 reamque

2060 4447 2122 4485 se
2144 4429 2338 4486 divino
2353 4429 2577 4499 judicio
2628 4428 2872 4485 existere
2919 4431 2988 4484 de
3044 4435 3373 4502 perpetrata
3403 4430 3713 4502 iniquitate

297 4508 615 4602 ξιιμ-8036,-
639 4509 703 4602 8.
729 4510 880 4602 Petri
910 4511 979 4564 de
1013 4510 1308 4602 Druyeria,
1343 4513 1409 4602 S.
1436 4512 1670 4568 Martini
1707 4517 1779 4570 de
1810 4522 1949 4573 Ber-
1982 4538 2028 4602 ι)
2059 4526 2390 4590 cognoscat,
2423 4523 2479 4572 et
2510 4534 2543 4572 a
2590 4517 2988 4573 sacratissimo
3033 4535 3271 4591 corpore
3303 4536 3369 4574 ac
3422 4520 3711 4592 sanguine

297 4597 465 4670 duys.
491 4596 825 4653 EcclesiaaS.
849 4597 1092 4654 Joannis
1140 4599 1210 4655 de
1232 4601 1596 4670 Mauritania,
1621 4607 1674 4658 8.
1711 4604 1946 4674 Macuti,

295 4686 432 4742 etS.
469 4684 764 4741 Germani.
791 4685 1050 4742 Ecclesia
1067 4688 1124 4744 8.
1154 4687 1344 4743 Albini
1369 4691 1439 4745 de
1457 4691 1671 4764 Campo
1698 4697 1947 4751 rotundo

290 4791 428 4830 cum
455 4777 578 4830 tota
597 4773 833 4847 Nigella:
857 4780 1013 4831 terra
1030 4780 1086 4832 et
1117 4779 1479 4849 appendiciis
1512 4781 1636 4836 suis
1669 4783 1946 4840 omnibus

294 4879 474 4936 super
517 4864 688 4918 Eram
712 4863 1039 4920 fluviolum.
1074 4865 1137 4921 In
1169 4865 1294 4922 loco
1325 4868 1425 4938 qui
1457 4868 1669 4924 dicitur
1699 4873 1947 4929 Vivariis

291 4955 449 5008 terra
475 4952 670 5010 omnis
727 4953 885 5008 culta
941 4958 1000 5009 et
1055 4954 1296 5022 inculta,
1347 4957 1635 5028 exquisita
1663 4961 1943 5034 ctinqui-

293 5041 494 5110 renda,
528 5057 663 5096 cum
695 5041 898 5112 pratis,
951 5041 1138 5107 silvis,
1191 5047 1246 5098 et
1277 5060 1576 5101 servorum
1609 5049 1803 5115 rebus,
1832 5051 1944 5105 ibi-

293 5143 428 5199 que,
459 5133 516 5184 et
572 5129 633 5184 in
693 5129 972 5186 comitatu
1029 5131 1396 5187 Mauritaniae
1446 5137 1823 5192 morantium.
1879 5141 1941 5194 In

297 5213 714 5274 rlenomanensi
745 5219 1083 5290 episcopatu
1143 5217 1387 5274 ecclesia
1435 5222 1493 5275 8.
1529 5221 1678 5277 Petri
1730 5225 1801 5280 de
1839 5225 1937 5282 Ce-

331 5317 448 5369 me,
481 5303 669 5360 saltus
711 5306 1214 5362 consuetudinarii
1250 5311 1368 5362 tam
1395 5309 1465 5363 ad
1490 5326 1634 5364 usus
1664 5311 1936 5382 ecclesiae,

335 5403 471 5444 uam
502 5391 575 5446 ad
605 5408 750 5448 usus
782 5395 1201 5451 monachorum
1243 5400 1299 5451 et
1328 5396 1635 5452 hominum
1671 5416 1938 5469 suorum,

334 5480 501 5532 mter
534 5478 751 5534 saltum
775 5481 1133 5538 Perticuli.In
1167 5485 1702 5543 omnibussaltibus
1725 5507 1941 5560 pascua

332 5577 598 5622 orcorum
622 5569 958 5624 monasterii
985 5572 1183 5642 gratis.
1204 5573 1265 5628 In
1292 5573 1414 5629 loco
1441 5574 1540 5645 qui
1564 5575 1779 5634 dicitur
1798 5580 1936 5636 Ora-

2063 4608 2154 4663 Dei
2172 4624 2237 4663 ac
2253 4607 2480 4662 Domini
2503 4607 2908 4678 Redemptoris
2923 4607 3108 4662 nostri
3126 4608 3263 4663 Jesu
3289 4608 3506 4664 Christi
3521 4606 3714 4666 aliena

2059 4698 2178 4763 ﬁat,
2209 4701 2381 4768 atque
2442 4695 2499 4750 in
2531 4701 2788 4750 extremo
2846 4695 3112 4751 examine
3169 4695 3445 4752 districtis
3503 4696 3713 4753 ultioni

2057 4785 2376 4856 subjaceat.
2413 4784 2650 4840 Cunctis
2681 4788 2877 4840 autem
2909 4785 3096 4840 eidem
3120 4785 3380 4841 ccenobio
3405 4787 3569 4856 justa
3598 4802 3717 4842 ser-

2054 4875 2346 4940 vantibus,
2385 4873 2460 4929 sit
2493 4890 2602 4945 pax
2639 4872 2860 4929 Domini
2897 4874 3076 4930 nostri
3108 4875 3248 4930 Jesu
3282 4874 3518 4940 Christi,
3565 4891 3710 4947 qua-

2054 4968 2227 5018 tenus
2256 4967 2312 5016 et
2344 4961 2438 5017 hic
2468 4961 2722 5016 fructum
2770 4962 2928 5017 bona:
2985 4961 3230 5018 actionis
3275 4961 3620 5036 percipiant,
3651 4968 3712 5020 et

2054 5051 2204 5121 apud
2240 5051 2570 5106 districtum
2601 5049 2860 5121 judicem
2895 5051 3130 5122 prwmia
3167 5057 3391 5106 aeterna:
3424 5051 3585 5124 pacis
3615 5051 3704 5108 in-

2052 5139 2304 5194 veniant.
2341 5142 2542 5194 Amen.

2763 5227 2998 5284 CLXIII.

2161 5317 2369 5372 Urbani
2393 5316 2444 5370 11
2463 5331 2626 5387 papa?
2649 5318 2874 5388 epistola
2903 5317 2974 5371 ad
2996 5317 3294 5387 Guigonem
3317 5321 3591 5376 comitem.

2682 5408 2868 5476 (Anno
2897 5405 3086 5474 4095.)

2231 5493 2313 5559 [1).
2373 5493 2663 5563 Βουουετ,
2721 5496 2958 5562 Rccueil,
3012 5500 3052 5550 t.
3087 5495 3228 5563 XIV,
3262 5513 3318 5567 p.
3371 5497 3524 5566 761.]

2121 5582 2398 5638 UBBANUS
2428 5582 2758 5655 episcopus,
2823 5600 3022 5640 servus
3057 5601 3356 5641 servorum
3405 5585 3526 5654 Dei,
3561 5585 3702 5642 GU1-
