4004 6162
220 301 379 411 ~«i3?

1431 306 1831 374 EPISTOLE
1873 304 1974 371 ET
2018 305 2488 374 PBIVILEGIA.

3537 308 3657 378 438

261 456 394 499 conn
426 437 650 510 comiti,
683 438 837 499 clero
867 443 925 499 et
952 440 1168 517 populo
1187 416 1907 516 Gratianopolitano,salu-
1934 441 1990 520 Α
2020 441 2189 500 datis.
2222 441 2419 516 Neque
2474 460 2577 501 vos
2627 442 2804 505 lateat
2852 445 3270 506 Gualcherium
3306 441 3665 507 anathemati

260 536 378 590 tem
411 536 468 588 et
498 529 876 604 apostolicam
906 531 1391 589 benedictionem.

331 620 640 688 Querelam
670 620 1017 678 venerabilis
1067 622 1376 677 confratris
1422 621 1606 678 nostri
1649 621 1909 693 Hugonis

255 712 435 769 vestri
458 709 715 784 episcopi
748 711 820 766 de
850 710 1296 768 Salmoriacensi
1332 727 1480 784 pago
1504 714 1630 782 jam
1663 711 1761 765 diu
1794 710 1911 781 agi-

254 804 464 859 tatam.
498 798 724 855 concilii
742 801 896 872 quod
929 801 1083 872 apud
1103 800 1600 855 Clarummontem
1617 800 1906 855 civitatem

255 889 547 946 Arvernus
580 887 1026 954 celebravimus,
1050 888 1393 945 auctoritate
1438 888 1716 944 noveritis
1764 889 1908 944 defi-

258 972 465 1035 nitam.
527 977 673 1044 Quia
727 977 880 1033 enim
943 977 1234 1033 confrater
1286 982 1483 1032 noster
1558 976 1908 1033 Viennensis

258 1067 733 1140 archiepiscopus
763 1065 951 1122 Guido
977 1082 1127 1139 saepe
1157 1070 1214 1121 et
1244 1067 1463 1121 nostris
1496 1065 1910 1122 litterisetviva

255 1156 443 1213 nostri
473 1156 592 1212 oris
623 1171 757 1210 voce
786 1155 1199 1219 commonitus,
1232 1156 1302 1209 de
1333 1156 1534 1209 eadem
1568 1172 1746 1210 causa
1780 1155 1915 1210 obc-

256 1244 383 1300 dire
412 1243 782 1315 contempsit,
814 1242 1289 1299 etinvestituram
1305 1260 1480 1315 quam
1514 1243 1697 1298 eidem
1718 1247 1908 1298 vestro

254 1334 532 1406 episcopo
572 1330 877 1387 Placentiae
929 1332 1204 1403 fecimus,
1255 1332 1491 1403 exsequi
1543 1331 1749 1397 noluit,
1803 1348 1907 1386 nos

255 1421 692 1495 possessionem
722 1419 883 1475 illam
919 1437 1095 1492 quam
1142 1426 1199 1475 et
1229 1421 1381 1476 idem
1438 1419 1616 1475 frater
1664 1420 1828 1492 Hugo
1853 1424 1912 1474 et

253 1508 524 1566 nonnulli
556 1526 796 1564 suorum
830 1513 1267 1565 antecessorum
1301 1509 1633 1581 possedisse
1665 1526 1910 1564 noscun-

253 1603 373 1667 tur,
407 1598 742 1670 supradicto
790 1598 951 1652 fratri
1006 1603 1206 1653 nostro
1250 1602 1308 1653 et
1362 1597 1909 1670 Gratianopolitanaa

254 1684 525 1742 Ecclesiae
559 1684 950 1749 restituimus,
1001 1689 1057 1739 et
1112 1685 1374 1756 quandiu
1422 1686 1765 1741 Viennensis
1819 1702 1908 1740 ar-

252 1774 662 1847 chiepiscOpus
693 1773 830 1827 huic
859 1773 1183 1828 definitioni
1216 1773 1448 1827 obedire
1472 1774 1909 1845 contempserit,
1942 1809 1990 1874 Β

252 1868 377 1919 tam
410 1863 603 1935 ipsum
639 1877 815 1933 quam
851 1860 1454 1932 Gratianopolitanam
1490 1861 1805 1917 Ecclesiam
1838 1862 1911 1916 ab

252 1954 382 2024 ejus
413 1950 744 2007 obedientia
773 1950 1198 2006 subtraximus.
1232 1950 1518 2005 Omnibus
1539 1951 1787 2006 etiamin
1814 1967 1908 2005 eo-

251 2040 388 2096 dem
422 2056 568 2112 pago
590 2038 1095 2094 commorantibus
1127 2044 1247 2092 tam
1288 2037 1511 2093 clericis
1529 2054 1703 2109 quam
1724 2038 1907 2104 Iaicis,

251 2144 328 2183 ne
358 2126 668 2183 Viennensi
692 2126 1132 2197 archiepis00po
1164 2126 1443 2181 obediant
1480 2126 1908 2194 interdicimus,

250 2217 436 2273 donec
459 2215 867 2287 autjudicium
901 2215 1056 2286 quod
1080 2215 1297 2269 factum
1319 2221 1407 2269 est
1425 2222 1739 2286 exsequatu
1751 2220 1911 2279 r,aut

247 2304 489 2377 querela
520 2304 640 2360 haec
672 2309 805 2359 ante
826 2320 932 2358 nos
967 2303 1247 2359 canonico
1271 2304 1496 2373 judicio
1530 2303 1910 2358 interutrum-

249 2411 367 2467 que
396 2395 794 2465 comprobata,
828 2390 1136 2447 certiorem
1172 2391 1344 2446 ﬁnem
1377 2391 1641 2462 accipiat.

318 2483 466 2538 Data
524 2499 585 2537 III
634 2480 762 2537 Kal.
823 2479 1162 2536 Decembris
1208 2480 1362 2553 apud
1406 2480 1902 2537 Clarummontem

251 2570 562 2629 Arvernizn.

1050 2684 1187 2739 XIV.

1050 2726 1061 2739 .
1120 2684 1187 2739 V.

257 2776 479 2835 Urbani
534 2774 793 2849 synodica
850 2773 920 2830 ad
1229 2775 1596 2846 populumque
1654 2775 1901 2832 Camera-

956 2862 1186 2901 σθηδθγη.

869 2953 1056 3019 (Anno
1091 2951 1273 3023 1095.)

684 3058 913 3131 [ΜΑΝει,
947 3057 1151 3114 Concil.
1176 3058 1288 3125 XX,
1322 3059 1469 3129 917.]

2018 549 2145 589 esse
2178 533 2530 606 subjectum,
2565 536 2611 591 si
2644 554 2706 592 se
2750 537 2995 594 ulterius
3042 538 3110 595 de
3144 537 3412 595 Ecclesiae
3463 544 3667 595 vestra

2019 623 2351 694 praelatione
2382 626 2623 696 profana
2656 628 3111 699 praesumptione
3136 628 3522 683 intromittere
3549 632 3672 684 ten-

2017 711 2245 767 taverit.
2281 713 2337 768 Si
2372 715 2504 784 quis
2534 714 2711 785 igitur
2740 716 3011 787 deinceps
3033 716 3127 771 bis
3158 718 3524 772 decretorum
3577 733 3675 772 no-

2018 804 2276 855 strorum
2310 804 2610 874 praeceptis
2642 806 2929 859 contraire
2973 806 3427 877 przesumpserit,
3477 806 3671 861 omni-

2019 889 2270 960 potentis
2326 891 2445 953 Dei,
2479 896 2536 945 et
2583 893 2979 963 apostolorum
3030 896 3158 964 ejus
3208 894 3669 967 indignationem

2018 977 2268 1033 inveniet
2284 982 2338 1033 et
2356 979 2596 1034 ultionis
2624 982 2954 1051 apostolicae
2968 981 3160 1052 gladio
3180 982 3437 1037 ferietur.
3455 984 3671 1039 Omnes

2017 1071 2211 1121 autem
2244 1066 2344 1137 qui
2402 1067 2747 1123 Gualcheric
2806 1070 3145 1125 fidelitatem
3196 1071 3561 1141 juraverunt,
3596 1071 3668 1126 ab

2017 1155 2278 1224 ejusdem
2312 1156 2660 1210 sacramenti
2692 1157 2927 1213 vinculo
2964 1158 3283 1230 apostolica
3324 1160 3668 1215 auctoritate

2018 1242 2393 1299 absolvimus.

2090 1331 2233 1386 Data
2259 1333 2412 1403 apud
2442 1333 2776 1388 Arverniam
2801 1352 2839 1389 ιι
2872 1335 2996 1391 Kal.
3032 1336 3379 1390 Decembris.

2828 1458 2939 1513 XV.

2828 1458 2939 1513 .‘V.

2167 1546 2374 1601 l'rbam'
2404 1548 2454 1602 II
2481 1457 3125 1619 ἀεί’νθιιηηϐἲῃνὶτπαίυ-
3157 1547 3522 1617 Lugdum’mi.

2645 1657 2832 1724 (Anno
2862 1655 3042 1719 1095.)

2445 1742 2669 1813 [ΜΑΝει,
2705 1742 2906 1798 Concil.
2940 1743 3058 1808 XX,
3092 1743 3242 1813 828.]

2086 1854 2372 1921 Uaeauus
2387 1866 2719 1938 episcopus,
2748 1883 2948 1922 servus
2964 1883 3261 1922 servorum
3292 1865 3413 1933 Dei,
3436 1884 3671 1924 venera-

2020 1952 2125 2007 bili
2187 1955 2351 2010 tratri
2411 1955 2659 2022 Hucom,
2715 1956 3087 2028 Lugdunensi
3137 1954 3571 2029 archiepiscopo
3612 1959 3669 2013 et

2019 2042 2277 2112 primati,
2310 2044 2555 2115 ejusque
2579 2043 3013 2100 successoribus
3027 2045 3301 2101 canonice
3330 2061 3669 2117 promoven-

2018 2131 2108 2184 dis
2141 2132 2196 2185 in
2231 2136 2597 2204 perpetuum.

2090 2220 2167 2273 Ex
2200 2218 2527 2290 apostolicae
2561 2219 2715 2274 sedis
2733 2218 2925 2274 debito
2946 2224 3002 2274 et
3019 2224 3353 2276 sanctorum
3377 2237 3667 2277 canonum

2018 2307 2361 2362 auctoritate
2386 2306 2766 2379 impellimur,
2802 2307 2860 2361 in
2893 2307 3169 2363 omnibus
3215 2309 3432 2380 ubique
3484 2314 3665 2365 terra-

2016 2411 2146 2449 rum
2178 2395 2477 2464 Ecclesiis,
2514 2413 2687 2468 prave
2733 2400 2860 2450 acta
2896 2396 3203 2467 corrigere,
3251 2401 3403 2452 recte
3447 2402 3668 2454 statuta

2015 2485 2264 2540 firmare.
2304 2485 2464 2540 Unde
2496 2502 2627 2539 cum
2655 2502 2759 2540 nos
2793 2485 2848 2539 in
2883 2484 3203 2540 Galliarum
3248 2490 3441 2556 partes
3470 2487 3666 2543 venire

2013 2590 2279 2645 supernae
2304 2573 2705 2645 dispositionis
2750 2573 3010 2646 dignatio
3057 2574 3461 2641 concessisset,
3512 2592 3662 2631 curas

2012 2662 2182 2718 nobis
2214 2663 2323 2716 fuit
2355 2664 2506 2733 apud
2540 2662 3036 2718 Clarummontem
3067 2663 3353 2717 Arvernim
3392 2663 3663 2735 generale

2012 2751 2324 2807 concilium
2355 2768 2689 2806 convocare.
2718 2751 2798 2806 lbi
2830 2750 2983 2805 inter
3013 2751 3126 2805 alia
3148 2768 3275 2821 qua:
3305 2752 3375 2805 ad
3409 2753 3656 2824 synoda-

2009 2840 2121 2895 lem
2156 2841 2515 2895 audientiam
2539 2839 2903 2895 discutienda
2916 2838 3304 2911 perlatasunt,
3325 2840 3659 2897 fraternitas

2009 2935 2113 2985 tua
2141 2930 2211 2984 de
2244 2929 2498 3000 primatu
2522 2935 2736 2984 sancta:-
2752 2929 3161 3001 Lugdunensis
3174 2928 3440 2984 Ecclesiae
3458 2946 3658 3001 querc-

2010 3017 2126 3072 lam
2150 3018 2437 3088 exposuit,
2471 3017 2672 3071 multis
2697 3018 2820 3087 jam
2854 3020 2986 3071 ante
3006 3016 3455 3089 provincialibus
3470 3017 3660 3073 conci-

2011 3105 2108 3160 liis
2143 3107 2443 3178 agitatam.
2460 3106 2627 3160 Lecta
2640 3106 2846 3160 suntin
2862 3106 3062 3160 eodem
3094 3122 3370 3160 concessu
3386 3108 3660 3161 eumdem

326 3194 606 3251 Uaeanus
637 3191 1500 3265 episcopus,servusservorum
1531 3192 1654 3257 Dei,
1680 3193 1901 3248 univer-
1931 3171 1973 3236 C
2011 3194 2331 3266 primatum
2365 3194 2685 3249 astrucntia
2718 3194 2990 3248 Romanae
3024 3197 3079 3247 et
3108 3193 3439 3265 apostolicae
3459 3200 3663 3249 aucto-

256 3285 339 3340 sis
369 3284 427 3338 in
478 3281 632 3339 clero
690 3286 746 3337 et
792 3280 1008 3353 populo
1071 3280 1474 3336 Cameracensi
1537 3280 1784 3337 salutem
1846 3285 1905 3336 et

256 3371 633 3445 apostolicam
658 3369 1137 3425 benedictionem.

328 3461 389 3515 In
422 3458 667 3515 concilio
700 3458 854 3530 apud
886 3457 1387 3512 Clarummontem‘
1419 3457 1707 3511 Arverniae
1765 3457 1906 3511 cele-

258 3548 424 3603 brato
455 3563 591 3602 cum
624 3562 727 3619 pro
756 3545 1037 3601 electione
1053 3544 1246 3600 dilecti
1282 3543 1583 3599 {iliinostri
1617 3545 1905 3601 Manassis

256 3641 315 3692 et
343 3636 481 3691 item
515 3634 842 3691 Gualcherii
875 3652 909 3690 a
936 3634 1101 3689 vobis
1132 3634 1285 3688 facta
1314 3632 1555 3705 quaestio
1585 3634 1804 3697 habita,
1851 3638 1909 3689 et

258 3722 524 3797 diligenti
559 3723 767 3778 fuisset
792 3723 1234 3794 investigatione
1263 3726 1529 3789 tractata,
1565 3724 1752 3793 patuit
1782 3723 1906 3777 Ma-

256 3828 492 3868 nassem
525 3811 761 3883 quidem
794 3829 826 3865 a
868 3811 1033 3866 vobis
1085 3809 1363 3865 canonice
1413 3811 1685 3879 electum,
1739 3810 1908 3865 Gual-

256 3901 522 3957 cherium
553 3915 687 3955 vero
717 3902 919 3955 contra
950 3905 1287 3954 sanctorum
1321 3915 1613 3953 canonum
1663 3900 1909 3954 auctori-

256 3993 440 4046 tatem
475 3989 533 4043 in
566 3992 817 4043 vestram
861 4004 922 4042 se
971 3987 1278 4042 ecclesiam
1321 3987 1652 4042 intrusisse.
1704 3988 1908 4043 Totius

257 4077 441 4152 igitur
470 4074 699 4132 concilii
722 4075 950 4146 judicio
975 4074 1621 4147 placuitGuaIcherium
1649 4076 1906 4146 quidem,

258 4172 543 4236 tanquam
564 4164 888 4219 invasorem
904 4181 937 4218 a
967 4168 1158 4219 vestra
1176 4162 1431 4219 Ecclesia
1445 4163 1883 4235 prepellendum
1895 4205 1907 4229 ,

262 4255 592 4309 Manasscm
634 4268 766 4307 vero
822 4250 1089 4306 electioni
1150 4268 1270 4306 suae
1299 4256 1354 4306 et
1399 4251 1665 4307 Ecclesiae
1708 4255 1909 4306 vestra:

259 4340 710 4398 restituendum.
744 4339 1125 4395 Gualcherius
1156 4339 1372 4409 itaque,
1408 4357 1526 4394 suae
1548 4339 1911 4395 conscientiae

259 4430 625 4495 maleﬁdens,
660 4427 984 4497 etjustitize
1038 4428 1386 4482 sententiam
1437 4427 1639 4482 audire
1690 4443 1912 4499 perme-

2015 3283 2206 3338 ritatis
2238 3281 2555 3354 privilegia.
2591 3284 2735 3337 Cum
2771 3282 2949 3353 igitur
2975 3282 3280 3336 Richerius
3311 3282 3665 3337 Senonensis

2016 3371 2497 3443 archiepiscopus
2516 3388 2619 3442 pro
2638 3387 2815 3426 causa
2840 3369 2947 3424 hac
2980 3369 3073 3425 die
3103 3369 3283 3424 altero
3318 3371 3669 3442 respondere

2015 3463 2340 3531 praeceptus
2358 3463 2532 3524 esset,
2570 3457 2911 3529 nullamque
2936 3457 3329 3513 excusationis
3380 3458 3664 3515 rationem

2016 3547 2352 3620 legitimam.
2374 3547 2743 3614 reddidisset,
2770 3547 2989 3618 placuit
3017 3550 3213 3602 tamen
3246 3546 3414 3603 nobis
3444 3564 3665 3620 exape-

2016 3636 2232 3691 stolicas
2254 3636 2720 3691 mansuetudinis
2735 3635 3113 3706 abundantia,
3134 3636 3203 3690 ad
3223 3634 3665 3692 deliberandum

2017 3725 2085 3779 de
2113 3725 2472 3795 subjectione
2502 3724 2631 3790 hac,
2654 3725 2710 3779 in
2739 3723 2891 3779 diem
2913 3724 3149 3779 tertium
3183 3724 3449 3780 inducias
3472 3724 3666 3779 indul-

2015 3830 2167 3885 gere.
2201 3813 2395 3868 Tertio
2458 3813 2653 3883 itaque
2707 3812 2819 3878 die,
2853 3829 2986 3867 cum
3047 3830 3106 3867 se
3160 3812 3254 3867 ille
3313 3814 3525 3884 partim
3560 3830 3663 3885 pro

2018 3900 2229 3972 negotii
2245 3916 2345 3973 gra
2356 3900 2821 3971 vamine,partim
2840 3916 2941 3971 pro
2956 3900 3319 3971 aegritudinis
3337 3902 3661 3969 occasione,

2017 3988 2278 4061 synodali
2314 3988 2617 4043 conventui
2653 3987 3057 4053 subtraxisset,
3092 4003 3194 4057 per
3224 3986 3444 4058 legatos
3470 3988 3664 4059 requi-

2018 4077 2189 4141 situs,
2223 4080 2279 4130 et
2310 4076 2542 4129 obedire
2577 4091 2846 4138 renuens,
2882 4074 3074 4128 adhuc
3107 4074 3468 4130 deliberandi
3496 4076 3666 4130 indu-

2018 4165 2137 4219 cias
2166 4163 2481 4235 ﬂagitabat.
2518 4162 2884 4217 Definitionis
2929 4162 3106 4216 etiam
3150 4163 3274 4232 jam
3324 4163 3667 4220 imminente

2020 4252 2326 4317 sententia,
2358 4268 2588 4304 rursum
2623 4251 2695 4303 ab
2726 4250 3080 4304 Senonensis
3104 4249 3361 4305 ecclesia:
3394 4252 3667 4325 sutfraga-
3704 4288 3713 4297 ς

2021 4340 2145 4395 neis
2177 4341 2231 4393 in
2268 4339 2419 4393 diem
2456 4338 2727 4399 alterum,
2761 4343 2825 4391 ut
2855 4354 2988 4392 eum
3024 4338 3372 4394 familiarius
3399 4341 3667 4395 conveni-

2021 4432 2169 4497 rent,
2202 4428 2446 4483 indueim
2488 4427 2804 4498 impetrata:
2836 4432 2995 4495 sunt;
3028 4444 3095 4482 ea
3128 4427 3405 4483 nimirum
3447 4426 3669 4501 pollici-

258 4525 452 4584 tuens,
485 4516 730 4573 concilio
755 4533 817 4572 se
846 4515 1156 4571 subtraxit.
1175 4516 1369 4571 Tertio
1403 4516 1581 4589 igitur
1608 4521 1909 4571 evocatum
1943 4535 1987 4599 Ι)
2021 4517 2234 4571 talione
2258 4517 2580 4587 praemissa,
2617 4522 2678 4570 ut
2710 4516 2755 4569 si
2791 4516 2963 4570 etiam
2992 4515 3087 4571 ille
3120 4520 3257 4571 tunc
3299 4517 3673 4589 pertinaciter

264 4624 400 4663 cum
446 4606 686 4661 omnino
736 4604 1209 4677 subterfugisset,
1262 4620 1367 4659 nos
1397 4605 1524 4674 ejus
1575 4605 1769 4675 fugam
1806 4622 1908 4676 pro

261 4695 626 4752 confessione
657 4694 958 4757 habentes,
991 4693 1311 4750 secundum
1346 4692 1731 4748 universalem
1774 4710 1910 4749 con-

262 4783 379 4840 cilii
409 4782 761 4840 sententiam
796 4800 864 4838 ex
883 4787 1219 4838 sanctorum
1252 4798 1540 4861 canonum
1569 4782 1912 4839 auctoritate

263 4870 551 4945 prolatam
583 4873 655 4927 ab
683 4872 841 4926 omni
872 4870 1186 4943 episcopali
1212 4872 1412 4925 ordine
1435 4872 1836 4942 deposuimus,
1856 4876 1914 4927 et

263 4962 596 5018 Manassem
629 4958 897 5016 electioni
931 4976 1049 5014 sua:
1090 4964 1146 5014 et
1174 4964 1378 5014 vestrae
1428 4958 1692 5014 Ecclesiae
1747 4960 1911 5015 resti-

262 5050 511 5121 tuimus,
542 5048 1012 5105 collaudantibus
1044 5051 1101 5103 et
1121 5047 1633 5103 corroborantibus
1651 5053 1769 5102 tam
1794 5065 1912 5104 me-

262 5137 614 5211 tropolitano
645 5142 835 5194 vestro
866 5135 1134 5191 Remensi
1168 5135 1428 5190 antistite
1477 5152 1653 5206 quam
1704 5143 1760 5191 et
1790 5136 1915 5190 uni-

260 5226 449 5283 versis
479 5227 742 5298 ejusdem
775 5225 1114 5297 metropolis
1154 5224 1558 5294 sutl'raganeis.
1619 5225 1783 5279 Nunc
1814 5243 1914 5281 vos

263 5314 477 5371 litteris
490 5315 876 5388 praesentibus
896 5328 1359 5379 commonemus,
1393 5316 1449 5367 et
1480 5313 1794 5385 apostolica
1810 5331 1914 5369 au-

262 5402 533 5458 ctoritate
553 5402 944 5474 prmeipimus,
972 5418 1042 5456 ne
1074 5399 1487 5456 Gualcherium
1514 5399 1756 5455 ulterius
1780 5402 1916 5457 reci-

262 5507 401 5564 pere
432 5491 823 5561 praasumatis,
856 5490 1125 5545 Manasse
1156 5492 1348 5544 autem
1398 5492 1681 5559 tanquam
1725 5494 1915 5546 vestro

259 5595 397 5635 vere
426 5577 712 5634 catholico
744 5579 1017 5651 episcopo
1041 5575 1429 5632 obedientiam
1445 5575 1913 5650 pleniusimpen-

2021 4606 2386 4669 reniteretur,
2420 4604 2529 4675 ipsi
2554 4610 2745 4659 tamen
2766 4604 3089 4660 definitioni
3116 4604 3343 4660 concilii
3376 4606 3671 4660 unanimi-

2022 4698 2110 4748 ter
2138 4692 2458 4761 obedirent,

2094 4781 2267 4836 Porro
2298 4781 2391 4835 die
2414 4781 2539 4851 jam
2572 4785 2733 4835 sexto
2786 4782 3015 4836 concilii
3085 4781 3333 4847 evoluto,
3387 4798 3521 4835 cum
3574 4781 3672 4837 ille

2022 4870 2212 4923 adhuc
2246 4869 2512 4923 inducias
2540 4870 2856 4940 expetendo
2888 4870 3203 4937 resisteret,
3250 4887 3318 4924 ex
3365 4868 3546 4923 totius
3578 4887 3673 4940 sy-

2024 4958 2380 5012 noditavore
2411 4963 2468 5012 et
2509 4958 2735 5028 judicio
2794 4957 3084 5012 sancitum
3130 4961 3218 5012 est
3273 4961 3671 5011 Senonenscm

2024 5045 2530 5117 archiepiscopum
2566 5045 2939 5118 Lugdunensi
2963 5048 3247 5116 tanquam
3279 5043 3513 5115 primati
3539 5045 3675 5100 sub-

2017 5134 2329 5204 jectionem
2364 5133 2871 5204 obedientiamque
2889 5133 3117 5196 debere,
3134 5131 3271 5202 quia
3292 5132 3350 5185 et
3382 5128 3673 5204 catalogo-

2026 5240 2155 5278 rum
2184 5222 2523 5290 auctoritas,
2556 5227 2611 5277 et
2634 5222 2789 5277 sedis
2819 5218 3146 5291 apostolica:
3179 5219 3438 5290 idipsum
3479 5226 3676 5277 conte-

2024 5311 2293 5367 stabatur
2323 5311 2664 5366 auctoritas.
2691 5309 2789 5364 Cui
2811 5308 3065 5380 profecto
3085 5307 3381 5362 sententiae
3400 5325 3463 5364 se
3484 5308 3673 5365 humi-

2027 5400 2159 5454 liter
2188 5400 2546 5465 obedituros,
2596 5397 2945 5453 Senonensis
2992 5395 3259 5452 Ecclesia:
3317 5398 3671 5471 suﬂ'raganci

2025 5488 2259 5561 propria
2288 5489 2537 5559 quisque
2563 5503 2697 5542 voce
2729 5487 3025 5557 professus
3054 5490 3162 5543 est.
3199 5486 3461 5558 Idipsum
3493 5486 3670 5542 etiam

2025 5579 2097 5633 dc
2155 5575 2604 5646 Rothomagensi
2654 5574 2910 5631 Ecclesia
2966 5576 3378 5632 conﬁrmatum
3434 5579 3542 5631 est.
3591 5579 3670 5629 De
