4004 6162
372 311 493 376 439

374 539 500 595 sine
530 535 915 608 refragatione
946 535 1258 602 obedierat,
1288 536 1447 592 nulla
1469 538 1594 608 jam
1629 539 1873 610 quaestio
1895 555 2016 594 mo-

368 627 634 682 vebatur.
668 625 768 679 Die
785 641 916 680 vero
939 623 1169 680 concilii
1201 631 1420 691 octavo,
1453 630 1554 681 tua
1585 626 1796 682 iterum
1820 627 2020 683 frater-

369 713 523 771 nitas
580 716 787 785 questa
841 716 930 768 est
977 713 1376 769 Senonensem
1434 715 1942 787 archiepiscopum
1987 733 2021 770 a

368 801 578 876 legatis
609 800 748 870 tuis,
780 802 1054 874 Aganone
1086 801 1305 858 scilicet
1322 803 1596 858 xEduensi
1626 809 1684 859 et
1713 805 2019 860 Lamberto

369 889 736 948 Atrebatensi
787 889 1077 961 episcopis
1123 891 1514 960 admonitum,
1573 891 1794 948 nullam
1828 893 2019 948 adhuc

371 977 750 1052 Lugdunensi
779 976 1046 1033 Ecclesia:
1068 995 1170 1050 pro
1200 979 1456 1050 primatu
1482 981 1864 1036 reverentiam
1891 998 2019 1053 pro-

370 1066 540 1123 ﬁteri.
582 1066 902 1138 Eapropter
959 1083 1086 1138 nos,
1118 1071 1236 1123 toto
1294 1070 1692 1124 consentiente
1751 1069 2017 1138 concilio,

372 1154 536 1228 pallii
567 1171 743 1210 usum
765 1158 822 1209 et
851 1155 1350 1228 suffraganeorum
1382 1158 1792 1225 obedientiam,
1839 1159 2020 1215 donec

373 1246 500 1318 ipse
513 1243 1121 1312 obediret,Senonensi
1139 1245 1574 1318 archiepiscopo
1590 1246 2016 1304 interdiximus.

377 1336 440 1390 In
474 1333 1003 1406 Rotbomagensem
1037 1351 1290 1406 quoque,
1351 1335 1448 1406 qui
1483 1336 1703 1402 aberat,
1753 1336 2019 1391 eamdem

377 1422 725 1480 sententiam
758 1421 1223 1495 promulgamus,
1270 1423 1383 1478 nisi
1442 1424 1592 1478 infra
1641 1427 1757 1479 tres
1789 1441 2020 1480 menses

379 1515 512 1585 post
531 1510 878 1567 sententiam
911 1512 1533 1584 cognitam,siquidem
1566 1513 1692 1568 viva
1713 1529 1850 1568 voce
1905 1531 2018 1568 non

377 1604 594 1673 posset,
628 1599 1049 1671 subjectionem
1081 1601 1342 1656 debitam
1375 1601 1590 1673 scripto
1631 1601 2016 1673 polliceretur.

377 1690 568 1762 Ipsius
596 1688 796 1760 itaque
827 1689 1234 1762 suifraganeis,
1271 1691 1369 1761 qui
1405 1693 1717 1761 praesentes
1755 1691 2019 1760 aderant,

375 1777 725 1882 sententiam
757 1781 1018 1882 nostram
1049 1779 1247 1833 debita
1275 1779 1603 1834 humilitate
1650 1779 2018 1851 suseipienti-
2051 1817 2098 1882 B

373 1867 488 1922 bus
520 1884 585 1922 ac
638 1865 1026 1922 obedientiam
1084 1867 1584 1939 promittentibus,
1643 1867 1726 1923 sic
1784 1869 2020 1924 tandem

377 1955 787 2029 Lugdunensis
817 1955 1080 2011 Ecclesia:
1113 1956 1347 2028 querela
1377 1955 1677 2022 diuturna,
1728 1961 2021 2012 annuente

375 2045 646 2114 Domino,
671 2044 984 2100 terminata
1014 2049 1122 2099 est.
1175 2045 1282 2100 Per
1312 2045 1616 2116 praesentis
1669 2044 1849 2117 igitur
1902 2046 2020 2118 pri-

376 2134 570 2208 vilegii
601 2134 897 2206 paginam,
925 2133 1299 2206 Lugdunensi
1346 2133 1613 2189 Ecclesiae
1647 2137 1757 2188 tua:
1807 2134 2020 2206 prima-

375 2227 504 2279 tum
524 2239 700 2296 super
730 2227 982 2294 quatuor
1006 2223 1336 2296 provincias
1367 2223 1811 2290 confirmamus,
1845 2227 1900 2279 et
1920 2240 2024 2296 per

377 2329 504 2369 eam
536 2312 644 2367 tibi
705 2312 940 2384 tuisque
996 2312 1456 2377 successoribus,
1509 2310 1602 2367 his
1659 2315 1889 2368 tantum
1921 2311 2022 2384 qui

375 2418 442 2457 eo
491 2400 692 2458 ordine
738 2416 921 2473 eoque
970 2404 1167 2456 tenore
1219 2399 1383 2456 electi
1439 2399 1529 2454 vel
1589 2400 1840 2472 promoti
1899 2401 2021 2456 fue-

374 2490 514 2557 rint,
548 2489 647 2562 qui
672 2505 777 2562 per
806 2493 1018 2545 sanctae
1050 2490 1344 2545 memoriae
1368 2488 1627 2560 Gregorii
1660 2491 1760 2542 VII
1791 2488 2021 2560 privile-

372 2579 536 2652 gium
566 2577 975 2652 praedecessori
1025 2581 1125 2632 tuo
1174 2577 1424 2633 Gibuino
1453 2577 1725 2648 praeﬁxus
1774 2582 1831 2633 et
1878 2595 2021 2650 prae-

372 2667 630 2740 scriptus
660 2669 768 2722 est.
825 2665 1190 2721 Provinciam
1239 2669 1434 2722 autem
1493 2665 1622 2721 illas
1655 2683 1800 2738 quas
1857 2667 2022 2723 vobis

374 2756 812 2821 conﬁrmamus,
833 2752 1085 2809 dicimus
1109 2754 1578 2826 Lugdunensem,
1596 2742 2022 2828 Rothomagen-

371 2861 518 2911 sem,
544 2845 945 2899 Turonensem
979 2847 1034 2898 et
1067 2843 1482 2913 Senonensem,
1506 2847 1571 2897 ut
1621 2843 1706 2898 hae
1756 2843 2022 2901 videlicet

369 2932 677 3007 provinciae
690 2931 1045 3005 condignam
1065 2931 1444 3004 Lugdunensi
1462 2931 1727 2988 Ecclesiae
1747 2932 2017 2988 obedien-

369 3021 515 3079 tiam
547 3021 794 3090 solvant,
826 3025 884 3077 et
911 3020 1192 3076 honorem
1226 3037 1399 3093 quem
1435 3021 1681 3076 Romani
1715 3021 2018 3093 pontiﬁces

371 3111 734 3169 reddendum
765 3127 893 3166 esse
925 3109 1158 3182 scriptis
1202 3108 1452 3182 prepriis
1496 3110 1885 3182 praeﬁxerunt,
1917 3111 2017 3166 de-

1671 313 1743 378 B.
1783 313 2083 381 URBANI
2125 316 2182 381 II
2223 315 2478 382 PAPIE.

369 442 695 506 Turonensi
725 440 902 515 enim,
937 443 1073 518 quia
1102 445 1229 520 jam
1260 464 1294 503 a
1323 449 1622 505 retroactis
1655 449 2020 522 temporibus
2046 453 2103 520 Α

3655 314 3782 380 HO

2196 542 2557 613 Privilegium
2584 557 2683 615 pro
2707 542 2937 599 ecclesia
2968 541 3022 597 S.
3054 540 3240 598 Jacobi
3270 539 3704 612 Compostellana

2750 631 2935 703 (Anno
2968 629 3152 702 1095.)

2404 719 2662 788 [Εἰοῆεκ,
2697 720 2911 791 Εεραῆα
2935 719 3198 790 Sagrada,
3232 719 3348 787 XX,
3380 718 3498 790 21.]

2199 804 2474 862 Unemus
2505 807 2833 880 episcopus,
2867 824 3069 863 servus
3098 823 3394 863 servorum
3430 807 3528 862 Dei
3562 807 3774 864 dilecto

2128 894 2292 949 fratri
2327 899 2678 966 DALMACIIIO,
2709 896 3173 968 Compostellano
3211 897 3506 970 episcopo,
3529 897 3779 969 ejusque

2129 985 2566 1040 successoribus
2597 985 2874 1042 canonice
2891 986 3300 1058 promovendis
3325 985 3381 1041 in
3400 989 3774 1058 perpetuum.

2199 1072 2474 1128 Veterum
2505 1074 2873 1146 synodalium
2904 1078 2960 1130 et
2999 1079 3297 1148 gestorum
3348 1074 3775 1148 pontiﬁcalium

2130 1161 2310 1216 series
2339 1161 2646 1218 conﬁtetur
2693 1180 2923 1234 semper
2975 1164 3096 1218 sedi
3157 1163 3482 1236 apostolicae
3538 1163 3779 1220 licuisse

2130 1253 2194 1304 ut
2222 1254 2280 1304 et
2311 1267 2412 1322 pro
2443 1251 2721 1323 temporis
2753 1253 2974 1308 ratione
3030 1254 3343 1325 conjuncta
3389 1252 3774 1324 disjungeret,

2129 1342 2185 1393 et
2213 1339 2509 1410 disjuncta
2537 1342 2936 1413 conjungeret,
2969 1343 3025 1396 et
3056 1341 3224 1397 sedes
3241 1339 3479 1396 sedibus
3508 1357 3776 1396 commu-

2127 1429 2292 1482 taret.
2328 1428 2443 1483 llac
2473 1427 2653 1501 igitur
2683 1429 3130 1501 praecedentium
3158 1429 3396 1485 Patrum
3429 1429 3779 1486 auctoritate

2131 1515 2365 1581 ﬁrmati,
2403 1515 2529 1584 tibi,
2562 1516 2740 1573 frater
2768 1517 2827 1572 in
2851 1518 3083 1595 Christo
3107 1517 3450 1573 charissime
3498 1514 3772 1584 Dalmati,

2128 1602 2361 1676 tuisque
2391 1605 2848 1674 successoribus,
2873 1606 3086 1662 decreti
3106 1606 3406 1679 praesentis
3435 1606 3780 1663 auctoritate

2129 1693 2632 1765 concedimus'pro
2665 1695 2727 1750 B.
2789 1694 3036 1767 apostoli
3091 1695 3295 1750 Jacobi
3344 1694 3680 1762 reverentia,
3713 1699 3781 1750 ut

2130 1779 2281 1835 sicut
2311 1780 2682 1853 episcopatus
2730 1783 3067 1838 cathedram
3117 1783 3570 1854 prmdecessores
3598 1784 3777 1839 vestri

2128 1868 2187 1924 in
2223 1871 2364 1924 urbe
2397 1887 2522 1941 qum
2554 1869 2657 1926 Ilia
2688 1871 2799 1942 (39)
2822 1869 3504 1937 diciturhabuerunt,ita
3533 1872 3776 1942 perenni

2129 1957 2402 2030 deinceps
2431 1963 2689 2031 tempore
2721 1958 2780 2013 in
2809 1975 2877 2014 ea
2905 1975 3032 2030 qua:
3062 1956 3448 2030 Compostella
3467 1958 3704 2027 dicitur,
3723 1964 3783 2016 et

2130 2045 2434 2102 ecclesiam
2468 2046 2726 2102 continet
2755 2046 2813 2101 in
2847 2064 2964 2119 qua
2992 2047 3056 2101 B.
3089 2046 3289 2103 Jacobi
3321 2063 3533 2118 corpus
3555 2048 3782 2120 requie.

2130 2152 2288 2191 scere
2318 2136 2591 2203 creditur,
2625 2136 2838 2192 habere
2869 2135 3148 2192 debeatis.
3181 2135 3463 2192 Universa
3511 2152 3646 2209 ergo
3698 2137 3774 2192 ad

2131 2225 2378 2296 prafatae
2411 2223 2526 2280 Ilia:
2575 2224 2830 2280 civitatis
2884 2223 3177 2280 diceeesim
3236 2224 3604 2296 pertinentia,
3666 2225 3777 2280 tibi

2129 2313 2365 2385 tuisque
2421 2313 2862 2369 successoribus
2919 2313 3145 2386 integra
3197 2329 3429 2385 semper
3458 2317 3516 2368 et
3544 2311 3802 2369 illibata

2132 2418 2473 2474 permanere
2503 2402 2887 2458 decrevimus.
2946 2402 3029 2457 Ad
3063 2401 3184 2457 haec
3232 2418 3335 2473 pro
3393 2400 3676 2474 singulari
3710 2405 3774 2457 Β.

2131 2489 2332 2546 Jacobi
2354 2490 2658 2546 devotione
2679 2489 3054 2546 concedimus
3084 2495 3150 2544 ut
3196 2493 3315 2545 tam
3365 2493 3428 2546 tu
3480 2506 3660 2562 quam
3687 2491 3776 2545 tui

2131 2578 2405 2651 deinceps
2431 2595 2816 2644 successores,
2849 2577 2998 2634 nulli
3029 2580 3238 2650 praeter
3268 2578 3528 2635 Romano
3559 2582 3780 2635 metro-

2131 2667 2388 2739 politano
2418 2669 2662 2740 subjecti
2695 2667 2849 2735 sint;
2883 2672 2940 2723 et
2969 2684 3173 2724 omnes
3204 2667 3303 2740 qui
3337 2667 3442 2723 tibi
3473 2669 3531 2723 in
3572 2669 3779 2724 eadem

2128 2757 2265 2812 sede
2295 2756 2703 2825 successerint,
2746 2774 2848 2829 per
2895 2773 3139 2812 manum
3190 2755 3434 2812 Romani
3486 2755 3778 2829 pontiﬁcis

2129 2849 2410 2916 tanquam
2442 2844 2726 2916 speciales
2754 2845 3025 2901 Romana
3058 2843 3214 2900 sedis
3244 2844 3591 2916 suffraganei
3633 2861 3777 2900 con-

2129 2939 2445 2989 secrentur.
2483 2933 2761 2990 Praeterea
2789 2949 3066 2989 mansuro
3089 2932 3147 2987 in
3179 2935 3523 3004 perpetuum
3547 2932 3777 2987 decreto

2128 3021 2429 3077 sancimus
2461 3027 2525 3078 ut
2557 3021 2845 3094 quidquid
2873 3022 3159 3078 hactenus
3179 3023 3340 3093 justo
3387 3019 3539 3077 beati
3568 3020 3773 3076 Jacobi

2127 3110 2380 3166 ecclesias
2395 3111 2761 3167 testamentis
2777 3111 3069 3183 regalibus
3084 3110 3344 3166 oblatum
3358 3113 3464 3177 est,
3481 3107 3770 3181 quidquid

372 3204 502 3256 vote
531 3199 974 3272 humiliterque,
1009 3197 1166 3254 salva
1194 3198 1254 3252 in
1287 3197 1564 3254 omnibus
1595 3198 1750 3254 sedis
1783 3202 2012 3271 aposto-
2045 3184 2088 3252 C
2126 3198 2693 3272 catalogislegitimis
2707 3197 3352 3271 continetur,quidquid
3367 3196 3777 3270 parochiarum

377 3289 500 3346 lica;
532 3289 852 3358 reverentia
881 3293 936 3343 et
967 3287 1330 3344 auctoritate.
1363 3288 1420 3341 Si
1469 3304 1586 3358 qua
1617 3304 1756 3342 sane
1804 3288 1862 3342 in
1895 3304 2020 3343 cra-

377 3379 599 3435 stinum
625 3377 1018 3435 ecclesiastica
1049 3375 1412 3432 szscularisve
1430 3391 1694 3447 persona,
1714 3375 1893 3446 hujus
1912 3377 2023 3449 pri-

377 3467 570 3541 vilegii
588 3467 863 3540 paginam
882 3465 1092 3532 sciens,
1119 3469 1318 3520 contra
1347 3481 1476 3519 eam
1488 3463 1681 3520 venire
1695 3465 2018 3533 tentaverit,

379 3555 635 3611 secundo
663 3553 903 3608 tertiove
944 3551 1316 3620 commonita,
1364 3551 1414 3607 si
1462 3569 1574 3607 non
1626 3552 2021 3608 satisfactione

370 3658 637 3715 congrua
665 3640 1078 3705 emendaverit,
1102 3639 1403 3712 potestatis
1435 3639 1789 3712 honorisque
1819 3641 1911 3695 sui
1941 3640 2023 3695 di-

374 3731 595 3805 gnitate
624 3734 838 3796 careat,
871 3744 1147 3800 reamque
1196 3743 1258 3783 se
1288 3727 1483 3782 divino
1506 3728 1728 3798 judicio
1777 3728 2021 3784 existere

373 3822 444 3876 de
474 3818 1120 3893 perpetratainiquitate
1133 3820 1537 3889 cognoscat,et
1559 3833 1592 3871 a
1621 3817 2019 3872 sacratissimo

370 3925 610 3983 corpore
639 3925 704 3965 ac
736 3908 1022 3981 sanguine
1079 3905 1181 3961 Dei
1213 3910 1269 3961 et
1323 3904 1552 3960 Domini
1607 3905 2014 3978 Redemptoris

369 4000 553 4056 nostri
582 3999 723 4055 Jesu
745 3997 956 4053 Christi
992 3995 1183 4052 aliena
1212 3996 1331 4062 ﬁat,
1365 3998 1540 4066 atque
1589 3998 1844 4050 extremo
1893 4011 2019 4050 exa-

370 4090 528 4146 mine
557 4087 834 4144 districta
893 4084 1101 4141 ultioni
1163 4084 1482 4155 subjaceat.
1536 4081 1772 4138 Cunctis
1822 4087 2016 4139 autem

366 4177 556 4234 eidem
575 4176 840 4233 Ecclesiae
865 4176 1029 4246 justa
1080 4173 1449 4230 servantibus
1498 4173 1574 4226 sit
1631 4189 1742 4243 pax
1786 4171 2017 4226 Domini

366 4265 552 4322 nostri
581 4265 722 4321 Jesu
737 4263 974 4333 Christi,
1000 4266 1289 4334 quatenus
1315 4260 1480 4316 ethic
1493 4260 1748 4314 fructum
1771 4259 2018 4316 actionis

369 4353 713 4426 percipiant,
771 4357 827 4407 et
877 4351 1033 4424 apud
1093 4351 1425 4406 districtum
1469 4348 1730 4418 judicem
1779 4348 2018 4419 praemia

371 4445 598 4498 aeternae
629 4442 791 4513 pacis
821 4440 1141 4494 inveniant.
1175 4440 1380 4492 Amen.

2133 3287 2368 3343 lriensis
2399 3289 2675 3344 cathedra
2695 3288 2858 3359 juste
2896 3287 3173 3344 habuisse
3226 3286 3614 3359 cognoscitur,
3666 3284 3774 3340 tibi

2130 3377 2365 3450 tuisque
2387 3376 2663 3450 legitimis
2675 3377 3114 3434 successoribus
3126 3376 3262 3432 Corn
3271 3374 3531 3448 postellaa
3553 3390 3777 3446 perma-

2131 3467 2404 3522 nentibus
2436 3467 2670 3521 ﬁrmum
2694 3483 2924 3538 semper
2945 3465 3353 3537 integrumque
3375 3467 3653 3519 servetur.
3672 3462 3778 3518 Ve-

2131 3559 2314 3611 stram
2348 3555 2416 3609 de
2439 3559 2643 3610 caetero
2675 3555 2949 3610 condecet
2979 3552 3370 3618 sanctitatem,
3405 3555 3618 3606 sancta
3659 3551 3774 3605 Ro~

2131 3660 2314 3698 mana
2365 3643 2625 3698 Ecclesiae
2677 3643 2910 3697 decreta
2939 3641 2992 3694 in
3043 3639 3318 3694 omnibus
3365 3638 3691 3705 observare,
3717 3643 3778 3693 et

2129 3732 2207 3787 ita
2235 3732 2509 3788 virtutam
2541 3731 2668 3786 luce
2717 3731 2964 3786 interius
3013 3727 3383 3797 exteriusque
3432 3725 3674 3798 fulgere,
3709 3730 3776 3780 ut

2127 3820 2362 3876 videant
2418 3835 2622 3876 omnes
2677 3823 2870 3873 vestra
2927 3817 3082 3870 bona
3136 3831 3330 3887 Opera,
3363 3818 3420 3870 et
3449 3811 3777 3885 gloriﬁcent

2127 3910 2355 3964 Patrem
2385 3913 2646 3964 vestrum
2677 3907 2776 3978 qui
2809 3906 2869 3961 in
2896 3903 3054 3960 cmlis
3084 3908 3190 3959 est.

2199 3998 2349 4053 Sane
2380 3999 2428 4053 si
2452 3996 2584 4069 quis
2614 3996 2673 4051 in
2692 3995 3010 4052 crastinum
3032 3991 3506 4064 archiepiscopus
3529 3996 3628 4046 aut
3649 3988 3772 4062 epi-

2127 4103 2358 4158 scopus,
2395 4086 2712 4158 imperator
2742 4088 2841 4141 aut
2868 4101 2984 4150 rex,
3013 4081 3281 4155 princeps
3314 4084 3417 4136 aut
3448 4081 3583 4146 dux,
3619 4096 3774 4134 mar-

2127 4175 2278 4242 chio,
2320 4191 2537 4240 comes,
2594 4174 2937 4241 vicecomes,
2989 4170 3172 4243 judex
3229 4173 3331 4224 aut
3379 4167 3777 4224 ecclesiastica

2127 4262 2398 4336 quaelibet
2427 4261 2792 4318 saecularisve
2823 4277 3090 4333 persona,
3122 4257 3301 4330 hujus
3341 4258 3555 4313 decreti
3608 4257 3775 4329 pagi-

2127 4369 2262 4408 nam
2293 4352 2503 4419 sciens,
2537 4354 2739 4406 contra
2768 4365 2897 4404 eam
2928 4353 3144 4404 temere
3196 4346 3391 4402 venire
3441 4345 3776 4414 tentaverit,

2125 4441 2380 4498 secundo
2411 4440 2648 4496 tertiove
2677 4437 3094 4507 commonitus,
3128 4436 3175 4492 si
3211 4453 3324 4490 non
3372 4433 3775 4490 satisfactione

442 4529 840 4586 Interfuerunt
855 4531 1049 4582 autem
1080 4524 1402 4581 deﬁnitioni
1436 4524 1572 4580 huic
1597 4524 2013 4598 archiepiscopi
2051 4547 2093 4610 ι)
2124 4547 2382 4604 congrua
2410 4528 2821 4593 emendaverit,
2855 4525 3163 4598 potestatis
3193 4523 3547 4594 honorisque
3577 4519 3665 4610 sui
3691 4520 3777 4575 di-

372 4619 733 4675 diversarum
765 4614 1193 4689 provinciarum
1226 4629 1470 4668 numero
1520 4613 1848 4680 duodecim,
1882 4632 2015 4670 cum

368 4706 660 4783 episcopis
712 4705 1024 4779 octoginta,
1089 4702 1397 4758 abbatibus
1460 4702 1800 4775 nonaginta,
1857 4707 1913 4759 et
1949 4721 2015 4760 eo

371 4797 650 4870 amplius.

441 4888 653 4945 Datum
686 4885 840 4957 apud
889 4882 1385 4939 Clarummontem
1420 4879 1712 4935 Arverniae
1765 4898 1867 4953 per
1897 4897 2016 4936 ma-

371 4994 514 5033 num
542 4975 808 5041 Joannis,
866 4977 1080 5029 sanctaa
1138 4971 1409 5026 Romanis
1469 4969 1733 5024 Ecclesiae
1787 4968 2015 5024 diaconi

369 5065 704 5133 cardinalis,
739 5063 1013 5120 Kalendis
1043 5058 1401 5125 Decembris,
1457 5056 1774 5112 indictione
1824 5057 2012 5124 tertia,

369 5171 523 5210 anno
541 5153 852 5210 Dominicae
867 5147 1288 5207 Incarnationis
1302 5145 1613 5201 millesimo
1638 5146 2015 5217 nonagesimo

371 5243 597 5314 quinto,
631 5241 1008 5314 pontiﬁcatus
1039 5234 1489 5322 autem‘domini
1521 5233 1734 5289 Urbani
1776 5233 2014 5289 secundi

371 5347 532 5404 papa
564 5346 715 5386 anno
747 5335 969 5385 octavo.

2124 4619 2344 4691 gnitate
2373 4619 2588 4685 careat,
2619 4630 2902 4686 reumque
2930 4630 2992 4669 se
3024 4612 3220 4668 divino
3250 4611 3477 4683 judicio
3527 4607 3774 4666 existere

2125 4708 2196 4762 de
2225 4702 2874 4778 perpetratainiquitate
2889 4703 3224 4772 cognoscat,
3237 4704 3295 4755 et
3325 4716 3358 4754 a
3374 4697 3774 4755 sacratissimo

2124 4811 2363 4866 corpore
2419 4809 2484 4848 ac
2540 4791 2823 4863 sanguine
2874 4787 2971 4844 Dei
3003 4792 3059 4843 et
3097 4788 3326 4843 Domini
3389 4786 3573 4842 nostri
3630 4783 3772 4842 Jesu

2123 4881 2335 4937 Christi
2366 4879 2591 4935 alienus
2623 4879 2745 4943 ﬁat,
2777 4881 2952 4948 atque
2983 4876 3042 4931 in
3074 4879 3331 4932 extremo
3379 4872 3643 4931 examine
3681 4871 3772 4927 di-

2124 4969 2334 5024 strictae
2367 4967 2573 5022 ultioni
2603 4965 2921 5037 subjaceat.
2947 4964 3184 5020 Cunctis
3207 4968 3401 5019 autem
3427 4963 3550 5018 haec
3571 4961 3771 5018 obser-

2120 5057 2416 5126 vantibus,
2449 5061 2506 5110 et
2528 5053 2827 5126 praefatam
2850 5053 2912 5108 B.
2946 5053 3145 5109 Jacobi
3158 5052 3464 5108 ecclesiam
3495 5051 3774 5107 veneran-

2123 5148 2303 5212 tibus,
2340 5146 2413 5201 sit
2446 5162 2554 5216 pax
2586 5141 2813 5197 Domini
2847 5142 3027 5197 nostri
3053 5142 3192 5197 Jesu
3212 5141 3444 5211 Christi,
3478 5143 3770 5213 quatenus

2123 5239 2180 5292 et
2208 5235 2302 5290 hic
2337 5235 2591 5288 fructum
2624 5233 2787 5287 bonae
2837 5230 3082 5287 actionis
3131 5230 3477 5304 percipiant,
3524 5231 3583 5284 et
3614 5227 3769 5300 apud

2123 5322 2456 5379 districtum
2479 5319 2739 5393 judicem
2756 5320 3241 5392 praemiaaeternae
3274 5314 3768 5393 pacisinveniant.

2120 5413 2324 5480 Amen,
2358 5427 2553 5479 amen,
2586 5424 2780 5464 amen.

443 5525 554 5596 (39)
584 5523 810 5581 Passim
843 5525 946 5580 Ilia
975 5524 1059 5581 vel
1092 5524 1242 5579 Hilz'a
1298 5518 1592 5584 scribitur,
1651 5533 1778 5588 quae
1836 5519 1951 5574 Iria
1991 5519 2142 5577 sicut
2171 5523 2226 5575 et
2256 5521 2511 5584 lrienses,
2543 5514 2631 5572 vel
2676 5518 2879 5588 portus
2922 5517 3194 5586 Iricnses),
3228 5515 3288 5571 in
3330 5514 3532 5571 eodem
3573 5511 3772 5569 codice

372 5596 728 5656 nominatur.
