4004 6162
488 337 607 403 443

1801 334 1873 399 Β.
1919 333 2212 401 UBBANI
2256 334 2310 401 ΙΙ
2356 337 2601 403 ΡΑΡιΕ.

3760 341 3878 409 444

487 479 546 534 et
571 473 746 534 aliam
777 489 907 550 qua;
935 470 1149 532 dicitur
1167 469 1540 545 ,Raicampas.
1566 435 2124 543 lnRothomagensi,
2156 470 2210 539 Α
2240 470 2412 530 nobio
2434 471 2843 548 Angeriacensi
2865 473 3322 550 subjectum,sed
3347 492 3655 550 pravorum
3679 493 3879 536 mona-

486 566 685 624 villam
714 585 842 641 quae
893 565 1108 622 dicitur
1135 560 1507 636 Aqua-Bella.
1552 565 1615 616 In
1675 557 2132 634 Petragoricensi

488 674 724 714 mansos
756 655 1088 730 quindecim
1107 652 1432 727 Agilmodis
1448 649 1915 724 priorissae,apud
1934 647 2130 703 villam

488 749 875 803 Maurensem.
904 745 964 800 In
994 743 1351 810 Caturcensi,
1383 740 1685 796 ecclesiam
1721 738 1915 794 Sancti
1946 741 2127 792 Cons-

485 836 675 892 tantii.
726 835 787 890 In
828 833 1126 889 Vivarensi
1164 830 1492 904 [Vaurensi]
1541 830 1903 902 episcopatu,
1954 826 2126 883 villas

479 931 622 991 tres,
649 924 882 990 Villeta,
903 922 1090 988 Atald,
1123 921 1389 994 Glangla,
1413 935 1548 976 cum
1575 917 1860 976 universis
1892 932 2123 989 posses-

481 1015 746 1070 sionibus
774 1019 833 1069 et
869 1012 1234 1086 appendiciis
1265 1010 1410 1066 suis.
1444 1009 1725 1064 Praeterea
1755 1005 2122 1062 decernimus

484 1107 550 1158 ut
573 1102 719 1157 nulli
741 1103 979 1157 omnino
1011 1101 1315 1156 hominum
1335 1099 1507 1154 liceat
1527 1097 1792 1152 eamdem
1815 1093 2120 1150 ecclesiam

477 1195 693 1247 temere
740 1192 1220 1264 perturbare,aut
1249 1189 1376 1258 ejus
1424 1185 1822 1259 possessiones
1873 1183 2116 1251 auferre,

477 1285 578 1335 aut
599 1279 822 1335 ablatas
856 1278 1122 1346 retinere,
1157 1277 1436 1341 minuere,
1468 1275 1554 1330 vel
1596 1271 1920 1328 temerariis
1951 1288 2116 1326 vexa-

475 1369 734 1424 tionibus
767 1368 1045 1440 fatigare:
1079 1367 1179 1422 sed
1210 1364 1406 1421 omnia
1437 1365 1661 1436 integra
1703 1364 2120 1416 conserventur

474 1473 696 1524 earum,
730 1473 831 1528 pro
861 1471 1110 1527 quarum
1141 1453 1564 1510 sustentatione
1597 1469 1664 1507 ac
1702 1449 2119 1523 gubernatione

474 1563 752 1602 concessa
790 1549 948 1615 sunt,
982 1545 1189 1601 usibus
1220 1541 1573 1599 omnimodis
1603 1539 1926 1612 profutura,
1960 1536 2118 1593 salva

475 1634 532 1688 in
557 1634 832 1689 omnibus
855 1634 1049 1688 debita
1072 1632 1350 1688 abbatum
1370 1628 1732 1684 Cluniacensi
1743 1644 1842 1682 um
1859 1641 2118 1681 reveren-

470 1721 952 1794 tiaSepulturam
983 1721 1246 1791 ejusdem
1277 1719 1387 1774 loci
1437 1718 1674 1774 omnino
1712 1716 1955 1772 liberam
1987 1731 2116 1770 esse

473 1812 792 1880 sancimus,
824 1814 891 1866 ut
920 1827 1119 1866 eorum
1146 1807 1378 1878 quiillic
1393 1806 1622 1878 sepeliri
1646 1803 2111 1870 deliberaverint,
2146 1837 2194 1902 B

471 1900 764 1956 devotioni
793 1904 849 1955 et
877 1903 1144 1955 extremae
1193 1895 1497 1960 voluntati,
1541 1894 1651 1950 nisi
1705 1893 1848 1948 forte
1887 1907 2114 1947 excom-

471 1990 753 2046 municati
787 1989 926 2054 sint,
956 1987 1156 2042 nullus
1182 1984 1572 2041 obsistat.Hoc
1591 1999 1823 2054 quoque
1845 1979 2112 2052 praesenti

470 2078 726 2151 capitulo
757 2075 1176 2149 subjungimus
1206 2079 1271 2130 ut
1301 2073 1446 2128 nulli
1470 2073 1596 2144 jam
1620 2071 1789 2136 liceat
1805 2086 2116 2142 congrega-

470 2167 612 2224 tioni
642 2171 842 2222 vestrae
867 2165 951 2220 vel
973 2160 1598 2220 excommunicationis
1613 2176 1924 2233 gravamen
1946 2159 2111 2212 infer-

469 2274 549 2324 re,
582 2256 669 2312 vel
701 2256 963 2311 divinum
994 2252 1251 2308 officium
1284 2250 1647 2316 interdicere,
1681 2248 1990 2320 sepulturae
2015 2248 2113 2304 de-

467 2345 654 2402 bitum
684 2343 1010 2417 prohibere,
1027 2345 1127 2396 aut
1141 2339 1432 2396 interdicti
1445 2338 1759 2410 cujuslibet
1780 2336 2110 2393 molestiam

466 2435 722 2508 irrogare
756 2449 769 2486 :
803 2432 941 2505 quia
971 2447 1073 2503 pro
1122 2429 1221 2485 Dei
1263 2430 1470 2484 timore
1521 2427 1750 2494 clausaa,
1800 2431 1859 2482 et
1900 2425 2110 2481 szeculo

456 2524 582 2595 jam
613 2521 755 2578 estis
783 2523 1078 2585 emortum,
1113 2521 1401 2590 quatenus
1431 2517 1504 2571 ab
1553 2515 1709 2571 omni
1739 2515 2111 2570 infestatione

465 2609 1043 2683 securaa,gravamine
1073 2607 1384 2662 mundana
1416 2604 1811 2676 Oppressionis
1851 2608 2108 2671 remotae,

463 2701 534 2756 ad
566 2698 765 2756 aeterni
811 2696 1020 2770 Sponsi
1061 2711 1293 2767 semper
1333 2691 1775 2750 desiderabilem
1822 2692 2103 2748 visionem

461 2789 642 2844 totius
688 2786 902 2843 mentis
945 2789 1002 2840 et
1051 2785 1258 2840 animae
1288 2782 1512 2838 viribus
1557 2780 1861 2837 anhelatis.
1897 2780 1954 2836 Si
1988 2797 2104 2853 qua

460 2895 600 2935 sane
628 2877 688 2932 in
707 2879 1004 2950 posterum
1026 2871 1418 2930 ecclesiastica
1440 2869 1801 2927 saecularisve
1832 2885 2102 2941 persona,

458 2967 608 3023 hanc
641 2970 851 3021 nostra:
876 2961 1310 3019 constitutionis
1347 2959 1618 3033 paginam
1653 2959 1866 3025 sciens,
1901 2961 2105 3013 contra

457 3071 586 3112 eam
616 3058 831 3110 temere
842 3052 1036 3108 venire
1065 3047 1389 3116 tentaverit,
1409 3048 1666 3104 secundo
1683 3046 1919 3102 tertiove
1943 3063 2100 3101 com-

456 3143 750 3210 monita,si
784 3158 900 3197 non
947 3137 1340 3196 satisfactione
1385 3151 1643 3208 congrua
1685 3134 2097 3199 emendaverit,

453 3204 1142 3305 potestatis,honorisque
1165 3228 1256 3284 sui
1279 3204 1558 3300 dignitate
1583 3228 1794 3291 careat,
1819 3240 2096 3296 reamque
2125 3204 2168 3270 (ἶ

453 3337 514 3378 se
533 3321 726 3378 divino
738 3319 964 3392 judicio
995 3319 1065 3374 de
1084 3320 1413 3390 perpetrata
1432 3312 1741 3386 iniquitate
1762 3315 2095 3386 cognoscat,

451 3415 510 3465 et
542 3427 576 3464 a
605 3408 1001 3465 sacratissimo
1033 3402 1756 3479 corporeacsanguineDei
1788 3406 1843 3456 et
1864 3400 2095 3457 Domini

452 3497 860 3569 Redemptoris
891 3495 1076 3551 nostri
1105 3495 1243 3550 Jesu
1283 3491 1498 3548 Christi
1549 3491 1738 3547 aliena
1787 3491 1906 3557 ﬁat,
1939 3506 2005 3544 ac
2036 3489 2092 3545 in

451 3588 709 3640 extremo
739 3583 1004 3639 examine
1032 3581 1306 3637 districtis
1339 3579 1547 3636 ultioni
1585 3578 1902 3649 subjaceat.
1936 3577 2093 3633 Cun-

451 3672 562 3727 ctis
593 3674 788 3726 autem
819 3669 1004 3726 eidem
1037 3669 1161 3725 loco
1185 3669 1348 3739 justa
1369 3667 1738 3724 servantibus
1759 3666 1836 3722 sit
1866 3667 2095 3739 paxDo-

451 3759 594 3816 mini
628 3758 810 3814 nostri
841 3759 980 3815 Jesu
1011 3757 1246 3824 Christi,
1290 3760 1579 3828 quatenus
1626 3759 1684 3810 et
1714 3754 1808 3810 hic
1837 3756 2090 3811 fructum

448 3851 613 3906 bona:
645 3847 894 3904 actionis
926 3845 1271 3919 percipiant,
1303 3848 1361 3900 et
1387 3845 1540 3916 apud
1573 3843 1904 3899 districtum
1929 3845 2090 3915 judi-

416 3939 419 3941 ’
448 3954 574 3994 cem
597 3937 835 4012 prmmia
863 3940 1087 3992 aeternas
1119 3935 1278 4007 pacis
1310 3933 1630 3988 inveniant.
1658 3938 1863 4001 Amen,
1896 3950 2088 4000 amen,

447 4045 640 4085 amen.
665 4026 1010 4083 Benedictus
1040 4025 1194 4081 Deus
1227 4025 1394 4080 Pater
1442 4021 1670 4077 Domini
1719 4021 1902 4078 nostri
1947 4023 2089 4078 Jesu

445 4115 679 4172 Christi.
710 4117 915 4171 Amen.

517 4205 729 4260 Datum
762 4203 916 4277 apud
949 4203 1228 4274 oppidum
1265 4199 1461 4257 Sancti
1507 4199 1656 4254 Flori
1703 4216 1806 4271 per
1845 4216 2089 4258 manum

443 4293 709 4356 Joannis,
742 4297 798 4346 S.
855 4292 920 4346 R.
983 4293 1042 4345 Ε.
1098 4289 1326 4346 diaconi
1383 4287 1719 4356 cardinalis,
1781 4289 1964 4344 indict
2007 4307 2086 4358 Ill,

447 4397 598 4436 anno
656 4379 968 4435 Dominicae
1027 4377 1449 4433 Incarnationis
1507 4376 1664 4441 4096,
1717 4376 2088 4447 pontificatus

446 4474 641 4524 autem
675 4468 872 4523 domni
909 4467 1124 4522 Urbani
1157 4465 1206 4520 II
1230 4482 1388 4536 papze
1419 4481 1539 4529 vm,
1571 4482 1646 4518 vn
1679 4464 1816 4519 Idus
1859 4464 2090 4521 Decem~

446 4556 587 4613 bris.

448 4734 654 4793 Urbani
684 4735 741 4789 II
763 4749 918 4804 papzs
949 4641 1662 4804 epistolthciitlidemarum
1712 4731 2086 4804 Engolismen-

513 4822 628 4861 sem
673 4802 1003 4885 ερίζςσοριιτῄ.
1040 4836 1104 4885 .—
1141 4805 1204 4859 Ut
1245 4803 1563 4885 monach‘os‘
1691 4803 1965 4885 Ερανσζι-ἱίΔ
1990 4820 2089 4885 per

513 4873 1089 4932 cxcomhmm'catiom’s
1117 4891 1403 4929 censuram
1434 4873 1648 4929 obedire
1680 4873 1966 4945 cbmpellat
1990 4873 2086 4930 21b-

517 4950 632 5004 bati
659 4947 714 5002 S.
748 4949 972 5003 Joannis
1002 4946 1437 5014 Angeriacenais.

1071 5020 1254 5086 (Anno
1287 5017 1468 5085 1095.)

657 5089 744 5162 [D.
779 5089 1068 5156 Bouous'r,
1111 5089 1346 5154 Rccueil,
1377 5093 1420 5142 t.
1454 5086 1594 5153 XIV,
1637 5103 1693 5157 p.
1724 5086 1874 5159 717.]

515 5178 792 5235 Uasmus
821 5180 1152 5252 episcopus,
1196 5194 1398 5232 servus
1439 5191 1737 5230 servorum
1773 5175 1887 5241 Dei,
1919 5194 2088 5232 vene-

443 5265 612 5321 rabili
642 5265 805 5321 fratri
833 5268 1135 5335 Ansamao,
1168 5263 1596 5337 Engolismensi
1619 5263 1911 5337 episcopo,
1939 5264 2092 5321 salu-

442 5356 561 5408 tem
587 5356 644 5408 et
673 5355 1056 5425 apostolicam
1087 5352 1570 5410 benedictionem.

513 5439 909 5498 Charissimus
941 5446 1138 5500 noster
1157 5441 1216 5497 in
1229 5441 1455 5498 Christo
1471 5439 1627 5494 ﬁlius
1649 5440 2089 5513 Angeriacensis

443 5529 626 5584 abbas
654 5530 979 5605 (Ausculfus)
1011 5532 1246 5605 propria
1277 5530 1446 5586 nobis
1490 5529 1767 5585 relatione
1797 5530 2091 5602 suggessit

443 5619 503 5677 S.
533 5619 800 5692 Eparchii
833 5621 1254 5679 monasterium
1286 5624 1385 5676 tuo
1427 5619 1722 5689 quondam
1766 5619 1956 5675 favore
1978 5636 2088 5676 co:-

2239 561 2482 620 chorum
2531 565 3084 640 praesumptionihus
3131 584 3256 624 esse
3297 567 3676 641 subreptum;
3728 586 3877 642 quos

2238 650 2518 710 nimirum
2551 656 2936 714 monachosin
2959 657 3530 714 nonnullisconciliis
3552 675 3654 730 pro
3673 659 3876 715 eadem

2234 743 2688 816 praesumptione
2713 746 3264 815 excommunicatos,
3291 751 3538 803 testante
3562 747 3873 804 venerabili

2235 832 2521 888 confratre
2558 838 2616 889 et
2661 836 2874 891 vicario
2929 839 3126 892 nostro
3180 838 3383 891 Amata
3433 835 3874 908 metropolitano

2232 921 2523 992 episcopo,
2557 924 2954 996 cognovimus.
2990 925 3123 980 Tuae
3172 925 3351 998 igitur
3395 925 3725 981 strenuitati
3773 941 3874 997 per

2231 1011 2532 1081 presentis
2562 1012 2776 1085 scripta
2824 1013 3194 1086 praecipimus
3236 1019 3301 1069 ut
3348 1015 3611 1069 eamdem
3643 1031 3869 1070 excom-

2231 1097 2682 1156 municationem
2713 1102 2772 1157 in
2799 1105 2902 1158 tua
2933 1102 3208 1175 parochia
3229 1103 3406 1158 facias
3428 1103 3742 1168 observari,
3775 1103 3870 1159 do-

2231 1204 2334 1243 nec
2366 1188 2542 1244 iidem
2591 1191 2862 1246 monachi
2908 1190 3238 1264 supradicto
3289 1191 3486 1248 abbati
3530 1191 3871 1264 regulariter

2228 1275 2458 1332 obedire
2487 1279 2872 1335 consentiant.

2299 1366 2443 1421 Data
2473 1368 2625 1438 apud
2658 1369 3011 1435 Lemovicas,
3044 1387 3100 1425 Iv
3133 1369 3256 1424 Kal.
3286 1370 3571 1437 Januarii,
3605 1386 3707 1441 per
3745 1387 3865 1426 ma-

2227 1471 2366 1508 num
2393 1456 2636 1511 Joannis
2665 1457 2892 1513 diaconi
2923 1457 3258 1514 cardinalis.

2946 1547 3148 1602 CLXX.

2312 1635 2478 1688 Bulla
2505 1634 2708 1690 Urbani
2740 1637 2788 1691 II
2814 1651 2972 1706 papa
2999 1651 3098 1707 pro
3128 1635 3458 1691 monasterio
3491 1635 3774 1691 Tutelensi.

2842 1724 3026 1794 (Anno
3057 1724 3242 1795 1096.)

2295 1810 2559 1881 [ΒΑιυΖε,
2593 1813 2830 1867 Historia
2854 1813 3168 1879 Tutelensis,
3202 1812 3522 1884 Appendix,
3555 1831 3610 1885 p.
3641 1813 3792 1884 437.]

2295 1897 2567 1954 URBANUS
2595 1900 2923 1972 episcopus,
2957 1917 3158 1956 servus
3189 1916 3487 1957 servorum
3508 1902 3630 1969 Dei,
3652 1901 3861 1960 dilecto

2222 1984 2343 2041 ﬁlio
2373 1987 2710 2058 WILLELMO,
2745 1989 3081 2044 monasterii
3104 1989 3432 2046 Tutelensis
3455 1990 3672 2058 abbati,
3705 1992 3861 2063 ejus-

2225 2090 2335 2146 que
2367 2077 2804 2133 successoribus
2838 2077 3179 2151 regulariter
3195 2079 3622 2136 substituendis
3650 2079 3708 2135 in
3741 2097 3863 2152 per-

2223 2168 2484 2235 petuum.

2292 2252 2403 2307 Piae
2451 2253 2765 2326 postulatio
2807 2254 3123 2310 voluntatis
3175 2255 3379 2310 effectu
3437 2256 3606 2312 debet
3663 2274 3861 2330 prose-

2219 2347 2429 2410 quente
2458 2341 2754 2414 compleri,
2788 2347 3074 2415 quatenus
3104 2347 3162 2400 et
3189 2345 3508 2402 devotionis
3557 2345 3865 2406 sinceritas

2218 2428 2592 2486 laudabiliter
2611 2431 2892 2488 enitescat
2920 2436 2978 2488 et
3009 2432 3229 2488 utilitas
3263 2434 3555 2504 postulata
3591 2434 3740 2492 vires
3769 2436 3862 2492 in-

2218 2518 2555 2575 dubitanter
2575 2525 2858 2577 assumat.
2876 2521 3217 2594 Quiaigitur
3237 2522 3468 2580 dilectio
3495 2527 3597 2580 tua
3609 2525 3676 2580 ad
3701 2525 3862 2582 sedis

2217 2607 2543 2679 apostolicae
2577 2611 2811 2680 portum
2841 2610 3182 2683 confugiens
3212 2611 3339 2682 ejus
3360 2611 3665 2668 tuitionem
3688 2614 3859 2670 devoo

2213 2696 2370 2752 tione
2401 2697 2592 2753 debita
2624 2697 2943 2769 requisivit,
2986 2715 3092 2754 nos
3139 2699 3552 2772 supplicationi
3592 2706 3704 2758 tua;
3743 2702 3858 2759 cle-

2215 2788 2440 2840 menter
2455 2786 2774 2842 annuimus
2796 2791 2852 2842 et
2875 2787 3032 2843 Beati
3056 2787 3287 2843 Martini
3317 2789 3627 2846 Tutelense
3653 2808 3860 2847 mona-

2212 2873 2477 2945 sterium,
2496 2875 2732 2940 cui,Deo
2745 2879 2999 2942 auctore,
3015 2877 3531 2948 prazsides,decrcti
3553 2881 3861 2950 praesentis

2210 2963 2551 3019 auctoritate
2570 2964 3224 3022 munimus.Statuimus
3249 2966 3404 3022 enim
3421 2971 3857 3041 utqumcunque

2208 3050 2382 3107 hodie
2405 3051 2558 3108 idem
2581 3053 2909 3108 ccenobium
2947 3054 3111 3124 juste
3132 3054 3535 3126 possidet,sive
3565 3057 3620 3110 in
3656 3062 3856 3129 poste-

2210 3156 2340 3195 rum
2373 3141 2743 3198 concessione
2765 3141 3478 3215 pontiﬁcum,liberalitate
3491 3145 3853 3218 principum,

2206 3227 2294 3284 vel
2325 3230 2615 3286 oblatione
2646 3230 2907 3286 ﬁdelium
2931 3232 3091 3303 juste
3121 3236 3293 3304 atque
3333 3231 3605 3288 canonice
3637 3235 3857 3306 poterit

2205 3317 2470 3390 adipisci,
2503 3319 2673 3374 firma
2701 3319 2805 3375 tibi
2836 3319 3070 3390 tuisque
3088 3321 3521 3377 successoribus
3550 3324 3608 3377 et
3629 3321 3858 3380 illibata

2204 3411 2604 3478 permaneant.
2637 3408 3017 3464 Decernimus
3048 3425 3184 3481 ergo
3215 3413 3279 3463 ut
3309 3409 3450 3465 nulli
3483 3411 3721 3467 omnino
3751 3411 3856 3468 ho-

2204 3496 2431 3552 minum
2461 3495 2633 3552 liceat
2662 3497 2967 3569 praefatum
2999 3497 3327 3553 cumobium
3369 3502 3584 3554 temere
3624 3503 3854 3571 pertur-

2202 3584 2338 3639 bare
2371 3588 2470 3640 aut
2499 3585 2626 3656 ejus
2657 3585 3056 3658 possessiones
3086 3586 3313 3640 auferre
3343 3591 3428 3640 vel
3459 3587 3689 3644 ablatas
3720 3589 3855 3643 reti-

2204 3690 2357 3740 nere,
2373 3673 2656 3741 minuere,
2680 3671 2767 3729 vel
2787 3672 3110 3728 temerariis
3159 3673 3560 3730 vexationibus
3580 3675 3853 3749 fatigare,

2203 3763 2301 3816 sed
2321 3763 2516 3817 omnia
2533 3762 2759 3835 integra
2780 3763 3424 3828 conserventur,eorum
3456 3779 3560 3834 pro
3592 3781 3854 3834 quorum

2201 3850 2626 3907 sustentatione
2657 3867 2721 3906 ac
2744 3848 3164 3923 gubernatione
3186 3866 3462 3905 concessa
3482 3854 3622 3905 sunt
3637 3853 3856 3912 usibus

2200 3938 2556 3994 omnimodis
2614 3938 3004 4010 profutura.Si
3053 3953 3178 4009 quae
3244 3955 3376 3993 vero
3444 3939 3699 3996 ecclesia:
3758 3943 3855 3998 vel

2198 4026 2414 4100 praedia
2439 4026 2737 4083 Tutelensi
2765 4025 3116 4082 monasterio
3147 4027 3497 4098 pertinentia
3524 4044 3626 4100 per
3664 4030 3857 4085 irreli-

2198 4117 2394 4188 giosos
2415 4116 2656 4171 abbates
2671 4115 2761 4170 vel
2785 4115 3100 4172 monachos
3117 4115 3400 4173 hactenus
3417 4117 3585 4173 laicis
3602 4118 3737 4174 data
3756 4120 3854 4176 vel

2197 4204 2486 4275 perlaicos
2501 4205 2559 4259 in
2574 4203 2822 4259 aliorum
2841 4204 3326 4260 monasteriorum
3345 4205 3676 4262 facultatem
3701 4206 3854 4263 citra

2199 4292 2519 4365 legitimam
2545 4293 2977 4364 possessionem
2997 4298 3276 4366 usurpata
3296 4300 3452 4362 sunt,
3483 4298 3672 4351 vestro
3687 4296 3854 4367 peni-

2198 4386 2294 4437 tus
2333 4381 2690 4437 monastcrio
2740 4380 3101 4438 restituenda
3150 4383 3541 4456 praecipimus.
3590 4384 3671 4438 Ad
3721 4383 3852 4442 haec

2199 4469 2540 4541 adjicientes
2591 4467 2904 4527 statuimus
2952 4487 3021 4526 ne
3063 4488 3166 4543 pro
3215 4470 3539 4526 malefactis
3591 4470 3848 4528 militum

2119 4563 2166 4628 D
2196 4559 2494 4615 Tutelensi
2529 4562 2720 4615 castro
2752 4557 3140 4615 habitantium
3193 4561 3617 4616 monasterium
3647 4560 3848 4632 ipsum

2197 4647 2752 4716 excommunicetur,
2809 4664 2876 4702 ea
2905 4652 3101 4703 tamen
3143 4647 3493 4715 conditione,
3547 4653 3614 4704 ut
3667 4648 3848 4706 iidem

2197 4737 2436 4802 milites,
2471 4737 2521 4792 si
2553 4735 3038 4791 cxcommunicati
3093 4736 3325 4804 fuerint,
3360 4738 3432 4793 ad
3481 4737 3677 4792 divina
3724 4737 3849 4793 illic

2197 4826 2391 4881 ofﬁcia
2420 4841 2533 4880 non
2567 4824 2972 4878 admittantur.
3007 4823 3415 4881 Possessiones
3458 4825 3635 4881 etiam
3665 4825 3848 4880 Tute-

2197 4913 2378 4969 lensis
2410 4912 2653 4968 camobii
2689 4928 2791 4984 pro
2823 4912 3084 4983 ipsorum
3113 4912 3364 4968 militum
3397 4913 3636 4970 offensis
3664 4914 3847 4986 depo-

2198 5001 2386 5075 pulari
2417 5004 2519 5056 aut
2537 4998 2798 5055 infestari
2830 5000 3175 5055 auctoritate
3212 5001 3531 5073 apostolica
3571 5000 3846 5074 prohibeo

2197 5107 2352 5145 mus.
2387 5089 2559 5144 Porro
2593 5085 2955 5158 sepulturam
2987 5086 3096 5144 loci
3129 5088 3288 5146 illius
3319 5091 3644 5146 secundum
3698 5091 3848 5146 anti-

2199 5194 2373 5250 quam
2395 5181 2452 5232 et
2483 5174 2825 5231 canonicam
2856 5178 3340 5233 consuetudinem
3369 5194 3710 5251 permanere
3744 5179 3846 5234 cle-

2198 5264 2513 5332 cernimus,
2544 5262 2701 5320 salva
2731 5264 3158 5322 Lemovicensis
3200 5266 3456 5340 episcopi
3499 5267 3844 5324 reverentia.

2197 5355 2456 5411 Obeunte
2468 5357 2522 5408 te
2535 5369 2690 5408 nunc
2702 5352 2969 5423 ejusloci
2989 5353 3197 5411 abbate
3211 5355 3297 5412 vel
3319 5361 3378 5412 tu
3388 5372 3554 5412 orum
3584 5355 3853 5429 quolibet

2198 5458 2665 5509 successorum,n
2675 5440 2832 5498 ullus
2845 5442 2927 5498 ibi
2948 5443 3206 5514 qualibet
3218 5445 3614 5518 subreptionis
3628 5448 3756 5500 astu
3765 5447 3856 5503 tia

2196 5530 2284 5587 vol
2301 5530 2572 5587 violentia
2589 5531 3098 5604 praeponatur,nisi
3120 5549 3292 5603 quem
3311 5533 3517 5588 fratres
3542 5536 3852 5590 communi

2200 5636 2489 5681 consensu
2519 5619 2608 5677 vel
2640 5620 2886 5678 fratrum
2917 5637 3052 5692 pars
3093 5621 3319 5680 consilii
3349 5622 3599 5680 sanioris
3642 5639 3854 5680 secun-
