4004 6162
73 366 196 431 445

1252 370 1661 436 EPISTOLE
1701 367 1803 436 ET
1842 369 2324 438 PRIVILEGIA.

3371 367 3491 433 446

79 502 222 559 dum
253 499 354 559 Dei
379 502 649 561 timorem
672 507 728 560 et
749 503 900 562 beati
933 503 1226 561 Benedicti
1259 505 1520 578 regulam
1543 505 1724 578 elege-
1757 506 1814 574 Α
1841 505 1979 563 ﬁliis
2009 507 2183 574 clero,
2207 506 2422 576 ordini,
2455 505 2746 564 militibus
2777 509 2834 564 et
2864 504 3016 580 plebi
3051 504 3250 562 Remis
3297 505 3488 562 consi-

80 594 218 649 rint.
250 592 413 648 Unde
447 594 557 648 sub
587 594 840 649 districti
886 594 1276 650 anathematis
1328 594 1734 650 interdictione

79 682 383 738 sancimus
414 697 487 736 ne
515 681 618 737 ulli
649 684 889 740 omnino
911 700 1167 755 personae
1190 683 1436 738 facultas
1466 683 1542 738 sit
1572 699 1734 755 regu-

79 771 190 826 lari
220 771 450 826 abbatis
479 771 746 827 electioni
792 771 1072 828 obsistere
1120 777 1223 827 aut
1267 789 1369 844 pro
1418 788 1486 827 ea
1517 789 1733 827 munus

81 859 385 931 quodlibet
440 860 688 932 exigere,
759 864 823 915 ut
882 860 1072 932 ipsius
1129 861 1468 916 monasterii
1529 861 1734 916 fratres

80 948 241 1003 omni
273 949 609 1019 gravamine
641 950 950 1004 mundanae
983 948 1381 1021 oppressionis
1422 955 1643 1004 remoto
1675 950 1734 1004 in

83 1041 297 1092 sancte
330 1036 628 1107 religionis
655 1038 1057 1093 observatione
1101 1037 1287 1091 seduli
1331 1042 1504 1109 atque
1553 1038 1734 1109 quieti

82 1125 469 1196 omnipotenti
528 1129 639 1180 Deo
696 1125 924 1197 placere
973 1126 1109 1180 totis
1165 1126 1379 1181 mentis
1429 1130 1484 1180 et
1528 1125 1735 1180 animae

80 1212 398 1268 virtutibus
455 1212 746 1269 anhelent.
811 1215 870 1269 Si
926 1232 1043 1286 qua
1099 1231 1239 1270 sane
1297 1216 1353 1269 in
1413 1215 1734 1270 crastinum

82 1301 477 1358 ecclesiastica
507 1301 870 1358 saacularisve
896 1320 1143 1374 persona
1176 1303 1326 1358 hanc
1359 1308 1568 1358 nostra:
1601 1319 1736 1357 con-

81 1389 406 1445 stitutionis
437 1389 710 1463 paginam
743 1391 934 1446 sciens
983 1395 1187 1446 contra
1235 1409 1361 1446 eam
1408 1395 1625 1446 temere
1655 1391 1739 1446 ire

83 1479 416 1544 tentaverit,
476 1479 732 1534 secundo
791 1479 1029 1535 tertiove
1102 1481 1460 1536 commonita
1515 1480 1563 1534 si
1622 1497 1738 1536 non

85 1583 344 1638 congrua
372 1567 769 1621 satisfactione
801 1567 1214 1634 emendaverit,
1233 1568 1533 1640 potestatis
1565 1569 1740 1624 hono-

85 1656 284 1727 risque
313 1655 406 1710 sui
436 1654 720 1727 dignitate
752 1660 1247 1727 careat,reamque
1279 1674 1340 1712 se
1373 1656 1740 1728 divinojudi-

84 1743 173 1798 cio
206 1743 452 1798 existere
484 1744 555 1799 de
585 1748 920 1816 perpetrata
967 1744 1277 1816 iniquitate
1317 1751 1651 1817 cognoscat,
1685 1750 1741 1800 et

87 1832 488 1888 sacratissimo
540 1849 778 1905 corpore
828 1849 892 1888 ac
949 1834 1236 1906 sanguine
1285 1834 1383 1888 Dei
1423 1840 1479 1888 et
1509 1834 1738 1889 Domini

90 1921 498 1993 Redemptoris
528 1921 711 1977 nostri
735 1921 874 1976 Jesu
900 1921 1112 1976 Christi
1136 1922 1324 1977 aliena
1355 1922 1456 1976 ﬁat
1486 1927 1661 1994 atque
1683 1923 1742 1977 in

88 2013 345 2064 extremo
374 2009 642 2065 examine
674 2009 951 2065 districtae
997 2009 1205 2065 ultioni
1237 2011 1556 2081 subjaceat.
1591 2011 1742 2066 Cun-

83 2098 193 2153 ctis
240 2101 434 2152 autem
483 2097 673 2153 eidem
729 2097 854 2153 loco
897 2099 1064 2169 justa
1121 2099 1494 2154 servantibus
1529 2099 1603 2154 sit
1634 2117 1744 2171 pax

86 2185 316 2241 Domini
348 2186 531 2242 nostri
578 2186 716 2242 Jesu
769 2187 1002 2252 Christi,
1040 2192 1329 2259 quatenus
1362 2192 1417 2242 et
1461 2188 1554 2242 hic
1589 2189 1740 2243 fruc—

85 2280 214 2329 tum
263 2275 426 2331 bonae
473 2276 720 2330 actionis
768 2277 1096 2348 percipiant
1127 2282 1184 2331 et
1219 2277 1376 2348 apud
1410 2277 1742 2332 districtum

80 2363 344 2433 judieem
392 2365 632 2436 praemia
678 2368 902 2420 aeternae
951 2364 1112 2437 pacis
1171 2365 1487 2421 inveniant.
1537 2368 1741 2433 Amen,

94 2467 288 2519 amen,
325 2468 516 2508 amen.

166 2540 378 2596 Datum
421 2541 729 2608 Lemovici,
784 2557 886 2612 per
931 2559 1172 2597 manum
1222 2543 1488 2608 Joannis,
1531 2546 1744 2598 sanctae

98 2629 368 2684 Romana
400 2629 668 2686 Ecclesia:
701 2631 928 2685 diaconi
963 2630 1300 2696 eardinalis,
1333 2649 1386 2686 IV
1417 2631 1610 2686 Nonas
1648 2631 1743 2686 Ja-

97 2717 308 2784 nuarii,
341 2717 657 2774 indictione
687 2723 913 2790 quarta,
957 2719 1272 2774 Dominicae
1323 2719 1746 2775 lncarnationis

101 2807 258 2871 1096,
291 2808 668 2879 pontiﬁcatus
717 2811 911 2863 autem
963 2809 1163 2863 domni
1213 2808 1428 2863 Urbani
1462 2825 1622 2880 papae
1654 2825 1745 2863 se-

105 2895 280 2950 cundi
312 2913 464 2951 anno
487 2913 606 2951 vm.

172 2984 324 3040 Bene
352 2984 557 3040 valete.

103 3145 308 3218 Urbani
343 3146 392 3200 11
421 3146 649 3218 cpistola
698 3145 767 3200 ad
813 3147 1186 3218 suffraganeos
1234 3147 1480 3201 Ecclesia
1533 3147 1749 3200 Remen-

166 3217 265 3270 εἰς.
294 3246 362 3255 --
393 3217 520 3270 Illos
548 3217 796 3272 hortatur
825 3221 884 3272 ut
913 3218 1237 3284 Μαιηαςςςςίῄη
1269 3219 1445 3272 locum
1493 3217 1749 3273 Rainoldi

168 3287 559 3360 archiepiscopi
581 3288 855 3343 demortui
881 3289 1125 3360 suffecto,
1154 3289 1423 3345 obedz’ant.

722 3360 908 3428 (Anno
940 3360 1122 3430 1096.)

346 3431 597 3500 [ΒΑιυΖ.,
632 3431 873 3498 Miscell.,
901 3431 1040 3496 edit,
1074 3432 1212 3485 Luc.
1249 3431 1317 3500 II,
1353 3431 1499 3500 138.]

173 3517 446 3574 Uaemus
477 3517 1017 3590 episcopus,servus
1040 3535 1336 3574 servorum
1363 3518 1746 3583 Dei,dilectis-

93 3605 264 3662 simis
311 3607 704 3662 confratribus
755 3613 812 3662 et
859 3607 1372 3663 consacerdotibus
1445 3607 1749 3662 Bernensis

93 3694 363 3750 Ecclesiae.
413 3696 825 3768 suifraganeis,
870 3696 1121 3752 salutem
1153 3701 1211 3752 et
1241 3695 1622 3767 apostolicam
1657 3696 1744 3751 be-

95 3782 509 3840 nedictionem.

169 3871 450 3928 Defuncto
473 3873 790 3928 venerabili
822 3875 1112 3930 confratre
1144 3879 1362 3940 nostro,
1386 3877 1589 3927 vestrae
1624 3890 1748 3928 me-

95 3959 340 4032 tropolis
353 3960 1074 4034 archiepiscopo,ejusdem
1092 3961 1357 4018 Ecclesiae
1371 3961 1750 4033 praepositum

96 4050 402 4104 Manassen
433 4050 731 4105 communi
757 4049 890 4105 cleri
917 4049 1218 4122 plebisque
1239 4066 1527 4105 consensu
1552 4067 1752 4105 secun-

94 4139 237 4193 dum
269 4138 428 4194 sedis
454 4138 780 4210 apostolicae
805 4139 1036 4193 decreta
1058 4138 1439 4210 cognovimus
1469 4138 1540 4192 ad
1564 4138 1750 4210 ipsius

96 4225 437 4297 metropolis
469 4227 725 4299 regimen
778 4243 906 4282 esse
956 4230 1310 4298 provectum.
1344 4226 1477 4290 Quae
1532 4226 1754 4282 scilicet

93 4314 556 4388 provectio.quia
580 4317 798 4371 sanctis
820 4316 1051 4370 videtur
1070 4315 1376 4371 convenire
1403 4315 1748 4383 canonibus,

94 4421 208 4460 non
241 4407 409 4476 grata
440 4402 611 4458 nobis
637 4420 763 4459 esse
786 4422 899 4459 non
923 4409 1131 4475 potest.
1166 4405 1304 4459 Eam
1349 4404 1530 4476 igitur
1560 4408 1749 4458 aucto-

94 4492 284 4549 ritatis
334 4495 544 4547 nostra
601 4493 854 4563 pondere
905 4495 1343 4558 conﬁrmantes,
1377 4492 1746 4547 dilectionem

1811 586 1817 591 ’
1842 597 2154 664 stentibus,
2188 597 2436 652 salutem
2466 600 2525 652 et
2555 595 2933 668 apostolicam
2966 594 3452 653 benedictionem.

1912 686 2245 741 Atl‘ectionis
2276 686 2510 758 quidem
2547 689 2754 741 nostra:
2784 683 3142 749 visceraﬁlii
3181 684 3238 738 in
3263 683 3494 739 Christo

1844 773 2538 846 charissimi,angustiata
2569 773 2876 845 sunt,quia
2902 789 3004 828 vos
3031 773 3284 845 pastoris
3331 771 3492 828 solli-

1845 861 2119 928 citudine,
2153 880 2256 917 nos
2287 879 2420 918 vero
2454 862 2760 916 confratris
2790 865 2846 916 et
2876 860 3199 933 coepiscopi
3228 860 3495 917 Rainoldi

1845 949 2052 1004 solatio
2079 951 2346 1006 novimus
2378 952 2709 1006 destitutos.
2742 939 2848 1006 Sed
2885 950 2942 1004 in
2975 948 3350 1004 tribulatione
3388 949 3497 1003 hac

1844 1055 1948 1110 per
1967 1038 2382 1110 omnipotentis
2410 1039 2506 1093 Dei
2525 1039 2774 1111 gratiam
2795 1038 3099 1094 charitatis
3118 1043 3329 1092 nostrae
3352 1054 3496 1108 prae-

1846 1128 2041 1183 cordia
2073 1127 2556 1199 dilatantur,quia
2585 1145 2682 1182 eos
2714 1126 3107 1182 sollicitudine
3138 1125 3494 1191 debita,all‘e-

1847 1217 2032 1270 ctione
2065 1215 2334 1282 sollicita,
2367 1216 2492 1271 sine
2522 1217 2676 1284 dolo,
2709 1217 2833 1271 sine
2869 1216 3149 1288 pravitate
3179 1217 3247 1270 de
3293 1219 3495 1269 vestrae

1845 1305 2112 1360 Ecclesiae
2129 1305 2264 1358 ﬁliis
2278 1309 2567 1376 pastorem
2590 1303 2834 1374 elegisse
2856 1302 3501 1375 comperimus.Asserit

1847 1398 2041 1448 autem
2093 1394 2212 1465 spei
2264 1397 2463 1447 vestrae
2522 1393 2794 1447 fiduciam
2855 1390 3262 1446 unanimitatis
3294 1394 3500 1445 vestrae

1847 1481 2463 1538 eonsensus.Ubienim
2479 1479 3496 1553 universorumpostulatiocongruit,

1848 1571 2115 1626 dubitare
2132 1589 2236 1626 nos
2251 1588 2623 1642 nequaquam
2639 1576 2866 1642 oportet
2879 1571 2956 1625 ibi
2973 1570 3283 1624 Dominum
3295 1569 3499 1624 Jesum

1849 1664 1906 1714 et
1933 1658 2250 1714 voluntatis
2282 1665 2578 1714 auctorem
2597 1664 2654 1714 et
2677 1659 2970 1730 petitionis
2995 1658 3279 1712 arbitrum
3303 1657 3425 1710 fore
3440 1659 3503 1726 et

1849 1748 2235 1802 ordinationis
2268 1747 2569 1819 praesulem
2603 1752 2661 1802 et
2691 1746 3024 1817 largitorem
3074 1745 3294 1817 gratiae.
3326 1744 3501 1798 Bonis

1848 1851 1984 1908 ergo
2017 1837 2231 1892 studiis
2270 1836 2474 1891 vestris
2508 1835 2779 1908 ampliori
2808 1834 3108 1890 devotione
3140 1832 3504 1904 congratula-

1856 1941 2008 1994 mur,
2041 1929 2096 1979 et
2127 1926 2278 1996 quod
2312 1926 2635 1979 secundum
2689 1923 3019 1996 apostolicae
3070 1922 3225 1978 sedis
3272 1922 3505 1976 decreta

1847 2013 2004 2082 juste
2036 2019 2351 2085 sancteque
2377 2013 2654 2085 coepistis,
2690 2030 2796 2067 nos
2828 2029 2929 2084 per
2959 2009 3379 2082 omnipotentis
3401 2010 3502 2065 Dei

1853 2102 2098 2175 gratiam
2126 2103 2282 2157 sedis
2313 2102 2640 2174 apostolicae
2673 2100 2994 2156 assertione
3027 2099 3355 2154 ﬁrmamus.
3387 2097 3503 2154 Vos

1855 2191 2143 2262 siquidem
2177 2192 2236 2245 in
2261 2190 2588 2261 apostolicae
2613 2190 2769 2245 sedis
2792 2189 3119 2244 libertatem
3143 2188 3505 2243 consurrexi-

1853 2282 1980 2347 stis,
2016 2285 2079 2333 ut
2106 2280 2256 2333 sicut
2285 2283 2459 2350 caput
2491 2277 2646 2350 regni
2678 2277 3033 2341 existitis,ita
3061 2277 3235 2330 etiam
3271 2275 3504 2348 religio-

1855 2369 1944 2422 nis
1971 2373 2026 2422 et
2057 2368 2422 2422 auctoritatis
2453 2367 2750 2422 catholicae
2777 2365 2836 2420 in
2859 2366 3060 2421 eodem
3095 2382 3270 2438 regno
3294 2364 3505 2436 princi-

1854 2458 2016 2528 pium
2051 2456 2315 2511 existitis.
2351 2455 2505 2511 Nihil
2537 2458 2734 2527 itaque
2781 2471 2956 2526 super
3012 2471 3113 2508 vos
3164 2453 3504 2524 iniquorum

1853 2547 2024 2601 verba
2055 2544 2578 2616 praevaleant,nihil
2608 2549 2847 2599 terrenae
2880 2543 3138 2614 pravitas
3166 2540 3508 2597 intentionis

1855 2634 2304 2699 obfuscet.Quod
2323 2634 2476 2688 enim
2500 2633 2869 2704 omnipotens
2886 2630 3170 2685 Dominus
3193 2628 3506 2700 aspirando

1855 2722 2148 2794 praevenit,
2182 2739 2284 2793 per
2314 2723 2523 2776 merita
2571 2726 2626 2775 et
2674 2736 2873 2792 preces
2921 2720 3098 2774 beatae
3147 2723 3204 2774 et
3240 2715 3505 2789 gloriosae

1855 2829 2086 2883 semper
2116 2811 2359 2883 virginis
2386 2810 2577 2865 Mariae
2610 2808 2914 2879 sanctique
2946 2807 3132 2862 Patris
3180 2805 3356 2861 vestri
3397 2804 3505 2860 Re-

1761 2927 1763 2930 a
1856 2900 2019 2972 migii
2068 2901 2396 2970 adjuvando
2446 2902 2820 2970 prosecutum
2872 2899 2993 2951 fore
3034 2895 3405 2951 confidimus.
3444 2895 3507 2948 In

1856 2989 1980 3060 ipso
2011 2989 2190 3060 igitur
2219 2989 2578 3044 confidentes
2602 2987 2758 3058 quod
2783 2985 3129 3057 simpliciter
3154 2989 3208 3040 et
3233 2983 3359 3040 sine
3385 3000 3511 3055 pra-

1853 3079 2029 3131 vitate
2075 3077 2372 3148 [cmpistis]
2421 3076 2693 3147 prosequi
2743 3077 3069 3146 procurate.
3099 3072 3296 3143 Neque
3351 3071 3508 3126 enim

1856 3165 2023 3220 vobis
2051 3164 2109 3220 in
2135 3169 2294 3237 parte
2309 3164 2414 3219 hac
2440 3163 2767 3236 apostolicae
2781 3161 2936 3217 sedis
2953 3159 3255 3215 brachium
3280 3163 3510 3214 contra-

1777 3237 1819 3304 C
1857 3253 2260 3309 hetur.Nullus
2277 3254 2332 3307 in
2346 3252 2456 3307 hoc
2478 3251 2707 3324 negotio
2731 3249 3068 3304 idololatriae
3088 3248 3254 3302 fucus
3271 3247 3512 3302 interve-

1858 3342 2180 3406 niat,nullae
2210 3339 2554 3407 minae,nulli
2590 3344 2840 3393 terrores
2872 3335 3232 3390 nobilitatem
3254 3337 3509 3389 vestram

1857 3433 1929 3487 ab
1961 3432 2069 3486 hac
2099 3431 2365 3485 libertate
2413 3429 2772 3492 dimoveant;
2809 3443 2880 3479 ne
2913 3425 3078 3489 forte,
3130 3423 3284 3494 quod
3317 3422 3506 3477 absit!

1858 3538 1987 3575 cum
2073 3519 2280 3591 spiritu
2357 3516 2666 3590 coeperitis,
2748 3531 2920 3569 carne
2992 3510 3504 3568 consummemini.

1857 3609 2123 3663 Ecclesiae
2183 3612 2385 3662 vestrae
2446 3603 2830 3676 suifraganeis
2891 3598 3256 3656 auctoritatis
3296 3603 3508 3654 nostrae

1859 3696 2075 3767 scripta
2105 3696 2425 3750 direximus
2466 3700 2531 3749 ut
2579 3693 2637 3747 in
2689 3692 2868 3747 electo
2901 3689 3055 3762 quod
3089 3687 3181 3743 sui
3211 3691 3302 3744 est
3329 3687 3508 3742 officii

1860 3784 2021 3839 nulla
2034 3784 2330 3856 negligant
2347 3783 2648 3839 occasione
2665 3779 3144 3851 complere.Quod
3169 3779 3218 3832 si
3243 3777 3510 3833 fortassis

1858 3872 1939 3927 illi
1974 3891 2033 3927 se
2066 3872 2282 3944 aliqua,
2315 3873 2467 3942 quod
2502 3888 2615 3926 non
2648 3869 3024 3933 arbitramur,
3051 3865 3335 3936 pravitate
3365 3865 3508 3920 sub-

1860 3961 2268 4026 traxerint,vos
2298 3977 2431 4015 eum
2463 3964 2720 4030 tempore
2741 3972 2998 4028 congruo
3022 3958 3218 4008 nostro
3236 3967 3511 4023 conspec-

1859 4056 1940 4106 tui
1975 4050 2418 4122 praesentabitis.
2455 4049 2622 4104 Novit
2672 4048 2824 4102 enim
2883 4043 3034 4101 beati
3085 4043 3236 4099 Petri
3267 4041 3509 4097 libertas

1860 4144 1917 4195 et
1963 4139 2146 4211 gratia
2195 4138 2255 4192 in
2310 4154 2371 4193 se
2418 4136 2846 4192 conﬁdentibus
2890 4152 3000 4189 non
3051 4133 3271 4188 deesse.
3307 4131 3386 4185 De
3415 4130 3508 4184 di-

1860 4227 2103 4283 lectione
2130 4231 2187 4282 et
2215 4226 2548 4282 obedientia
2577 4240 2714 4296 erga
2745 4240 2870 4278 eam
2921 4222 3196 4277 vivaciter
3227 4219 3509 4275 exhiben-

1860 4317 1935 4371 da
1981 4333 2080 4371 vos
2147 4315 2464 4371 corhortari
2518 4313 2714 4368 minus
2769 4311 3165 4366 necessarium
3211 4307 3506 4364 duximus.

1859 4406 2056 4476 Neque
2086 4406 2241 4460 enim
2277 4403 2632 4475 ambigimus
2660 4402 2812 4473 quod
2866 4401 2960 4471 qui
3003 4404 3227 4454 tantam
3257 4397 3421 4452 vobis
3451 4396 3511 4451 in

1859 4495 1986 4565 ejus
2047 4495 2327 4549 electione
2406 4492 2876 4554 unanimitatem,
2937 4492 3166 4543 tantum
3221 4485 3510 4555 studium,

91 4587 347 4638 vestram
405 4580 619 4636 litteris
675 4582 1062 4653 praesentibus
1117 4581 1495 4637 exhortamur
1547 4596 1618 4634 ne
1676 4579 1749 4634 ab
1779 4587 2078 4665 Dtantam
2131 4580 2498 4653 ﬂagrantiam
2562 4578 2862 4651 aspiravit,
2921 4579 3045 4648 ipse
3110 4574 3285 4665 etiam
3348 4589 3511 4665 men:

89 4670 358 4739 ejusdem
390 4667 555 4724 electi
586 4686 835 4740 persona
865 4671 1019 4742 quod
1056 4670 1232 4725 vestri
1286 4668 1462 4724 officii
1509 4669 1751 4722 interest

91 4756 566 4814 dissimulatione
613 4758 878 4830 qualibet
926 4758 1308 4821 subtrahatis,
1359 4758 1460 4812 sed
1509 4756 1748 4812 omnino

94 4844 346 4918 satagite
361 4847 588 4916 utquod
620 4846 1101 4918 beneincoeptum
1130 4845 1526 4917 est,largiente
1552 4844 1751 4900 Domi-

94 4931 413 4999 no,meliu’s
434 4934 812 5007 compleatur,
836 4953 907 4992 ne
924 4936 1148 4991 diutius
1170 4938 1331 4990 tanta
1351 4933 1608 4990 Ecclesia
1631 4934 1753 4988 ofﬁ-

95 5022 321 5081 ciorum
353 5019 773 5094 episcopalium
806 5021 1310 5079 administratione
1342 5021 1619 5094 privetur.

161 5110 316 5166 Data
343 5110 638 5182 Andegavi
661 5127 763 5167 vni
786 5112 924 5167 Idus
955 5110 1273 5167 Februarii.

95 5272 341 5333 Clarum,
373 5269 642 5342 ordinem,
673 5201 1196 5342 τηὶιίῗεὲΧέῖῗίεὺεγη
1225 5274 1540 5328 Itemensem
1569 5272 1753 5326 hortu-

165 5349 259 5467 tzttr
295 5344 380 5465 tut
434 5340 677 5398 Manassi
726 5345 890 5399 electo
936 5340 1340 5412 archiepiscopo
1403 5343 1568 5410 ﬁdem
1610 5358 1757 5414 pra?-

166 5429 192 5467 s
216 5428 286 5467 en.
321 5454 334 5466 .

166 5428 334 5468 stem.

728 5485 914 5555 (Anno
948 5485 1132 5551 1096.)

543 5554 773 5621 [Βιλιυκ.
804 5556 1030 5611 Miscell.
1068 5557 1138 5623 ιι,
1172 5554 1319 5621 439.]

168 5643 447 5700 URBANUS
481 5644 792 5716 episcopus
824 5662 1024 5702 servus
1058 5660 1356 5700 servorum
1396 5641 1489 5699 Dei
1534 5641 1760 5700 dilectis

1859 4675 1948 4726 tes
2004 4674 2227 4725 vestras
2278 4669 2347 4723 ad
2398 4668 2785 4740 diligendum,
2849 4666 2920 4720 ad
2982 4664 3394 4729 obediendum,
3438 4662 3510 4717 ad

1860 4759 2223 4814 serviendum
2278 4757 2484 4811 ardore
2533 4755 2623 4810 sui
2683 4755 2926 4825 spiritus
2989 4751 3325 4808 illustrabit.
3385 4755 3514 4822 Ipse

1858 4865 1959 4904 vos
1989 4865 2097 4902 sua
2126 4845 2314 4918 gratia
2365 4843 2688 4909 benedicat,
2726 4843 2848 4913 ipse
2897 4841 3248 4905 corroboret,
3282 4843 3338 4895 et
3377 4856 3511 4910 pas-

1861 4942 2044 4991 torem
2079 4939 2134 4990 et
2165 4949 2399 5006 gregem
2432 4932 2501 4986 ad
2535 4936 2758 4985 aeternae
2791 4928 3122 4984 refectionis
3159 4943 3378 4999 pascua
3423 4927 3510 4982 in-

1862 5026 1987 5081 trod
1999 5031 2148 5080 ucat.

1933 5115 2080 5170 Data
2108 5111 2400 5184 Andegavi
2428 5126 2527 5165 vm
2564 5109 2700 5163 ldus
2739 5104 3058 5164 Februarii.
