4004 6162
165 271 283 331 419

1341 269 1747 335 EPISTOLAE
1789 272 1886 332 ΕΤ
1931 269 2402 336 PRIVILEGIA.

3445 277 3564 340 450

167 404 410 464 Kalend.
447 406 578 477 (42),
615 405 814 462 indict.
846 421 923 479 ιν,
949 423 1102 464 anno
1133 407 1361 463 Domini
1401 408 1553 474 1096,
1585 406 1812 480 pontiﬁ-
1839 407 1895 474 Α
1927 405 2185 462 studiose
2216 405 2565 474 notavimus,
2599 407 2818 465 nostris
2846 408 3264 466 cardinalibus.
3299 411 3564 467 Teuzone

157 499 330 564 catus
362 498 560 551 autem
591 495 812 552 domini
845 496 1061 576 Urbani
1094 499 1142 552 II
1168 513 1328 569 papae
1362 511 1482 552 vm.

823 602 1120 659 CLXXVI.

163 690 377 748 Urbani
434 692 485 747 II
535 693 764 763 epistola
821 694 892 748 ad
957 694 1330 776 suffraganeos
1401 693 1653 750 Ecclesiae
1712 691 1817 748 Ite-

873 780 1091 819 mensas.

785 853 974 925 (Anno
1010 855 1191 925 1096.)

581 939 838 1014 [ΒΑιυΖ.,
873 943 1102 1000 Misce”.
1135 942 1208 1011 II,
1240 943 1388 1013 139.]

237 1027 518 1085 Unnanus
537 1031 872 1102 episcopus,
895 1048 1100 1087 servus
1119 1047 1417 1088 servorum
1442 1029 1565 1101 Dei,
1588 1029 1815 1086 dilectis

161 1116 446 1174 fratribus
521 1123 579 1173 et
653 1120 1016 1193 coepiscopis
1084 1120 1309 1176 Huoom
1383 1118 1813 1185 Suessionensi,

164 1205 480 1263 Launan're
554 1208 919 1265 Atrebatensi
951 1252 964 1276 ,
1027 1209 1299 1265 PHILIPPO
1356 1207 1764 1268 Catalaunensi
1799 1250 1813 1276 ,

160 1297 438 1360 Cumano
468 1296 807 1363 Morinensi,
840 1297 1179 1370 ueterisque
1212 1298 1517 1353 Remensis
1545 1297 1814 1353 Ecclesiae

159 1384 556 1457 sullfmganeis
587 1428 601 1452 ,
635 1384 886 1441 salutem
918 1391 975 1440 et
1023 1385 1400 1458 apostolicam
1462 1385 1814 1442 benedictio-

159 1489 320 1529 nem.

228 1562 595 1634 Seripsimus
620 1580 805 1636 nuper
826 1564 1171 1619 fraternitati
1203 1572 1431 1632 vestrae,
1463 1570 1518 1620 et
1547 1580 1678 1619 ecce
1706 1566 1814 1621 ite-

157 1667 296 1706 rum
326 1651 662 1718 scribimus,
698 1669 769 1708 ne
822 1652 1140 1724 cujuslibet
1195 1654 1517 1709 occasionis
1573 1655 1813 1709 obtentu

159 1739 480 1796 veneralibi
511 1741 786 1797 confratri
820 1747 1018 1796 nostro
1049 1743 1300 1798 Manassi
1331 1743 1391 1797 in
1424 1743 1814 1815 archiepisco-
1847 1773 1894 1838 Β

159 1845 308 1900 pum
337 1831 540 1884 vestra:
576 1828 915 1902 metropolis
948 1845 1049 1900 per
1079 1829 1335 1885 divinam
1365 1831 1608 1903 gratiam
1639 1829 1818 1886 electo

161 1919 320 1989 quod
351 1917 529 1974 vestri
560 1917 741 1973 officii
761 1917 1044 1974 interesse
1065 1919 1417 1991 cognoscitis
1433 1919 1815 1976 subtrahatis.

159 2006 274 2062 Per
303 2006 698 2068 obedientiam
729 2005 913 2078 igitur
942 2024 1120 2078 quam
1178 2007 1301 2063 sedi
1333 2008 1661 2078 apostolica:
1718 2025 1818 2064 vos

160 2095 376 2151 debere
403 2112 517 2150 non
553 2094 835 2166 ignoratis
864 2095 1160 2152 dilectioni
1197 2100 1402 2152 vestrae
1449 2096 1819 2169 praecipimus

162 2191 226 2240 ut
256 2201 610 2256 quocunque
645 2185 704 2238 in
732 2189 989 2255 tempore
1011 2185 1082 2239 ad
1107 2185 1532 2241 ordinationem
1557 2203 1656 2241 seu
1683 2203 1817 2242 con-

162 2274 553 2330 secrationem
583 2289 751 2328 suam
779 2289 879 2328 vos
913 2273 1296 2341 advocaverit,
1329 2274 1600 2331 alacriter
1621 2276 1692 2330 ad
1711 2276 1818 2331 hoc

161 2365 361 2434 ipsum
393 2369 451 2419 et
480 2363 754 2417 vivaciter
798 2364 1138 2430 occurratis,
1200 2365 1351 2419 sicut
1381 2369 1438 2418 et
1493 2366 1666 2419 vestri
1726 2383 1817 2420 or-

163 2453 328 2508 dinis
355 2451 749 2524 integritatem
785 2457 842 2506 et
877 2454 1079 2523 gratim
1141 2459 1349 2508 nostrae
1394 2453 1817 2525 plenitudinem

162 2541 533 2597 desideratis.

238 2635 388 2686 Data
416 2631 670 2686 Turonis
702 2647 754 2686 IV
786 2630 981 2685 Nonas
1013 2630 1224 2685 Martii.

836 2736 1141 2792 CLXXVII.

167 2827 377 2884 Urbani
409 2828 462 2882 11
495 2826 722 2896 epistola
752 2825 821 2880 ad
857 2826 1064 2880 clerum
1114 2827 1490 2881 Turonensem.
1525 2858 1592 2869 —
1638 2829 1820 2886 Privi-

454 2899 604 2969 legia
635 2898 959 2953 Turonensis
989 2899 1236 2952 Ecclesiae
1263 2898 1567 2968 confirmat.

794 2984 982 3045 (Anno
1016 2985 1198 3055 1096.)

596 3075 820 3142 [ΜΑΝεῃ
857 3074 1063 3130 Concil.
1096 3074 1208 3141 ΧΧ,
1241 3075 1386 3141 656.]

1923 495 2174 563 Alberto,
2207 495 2478 568 Gregorio
2520 496 2808 568 Papiensi,
2844 499 3179 572 Rausgerie,
3217 503 3277 556 et
3325 501 3566 574 Hugone

1926 584 2298 656 Lugdunensi
2330 585 2598 657 primate,
2652 589 2709 642 et
2751 585 2882 642 aliis
2914 592 3035 644 tam
3065 589 3355 662 episcopis
3386 607 3565 662 quam

1924 671 2173 729 aliarum
2205 672 2556 746 dignitatum
2578 676 2865 746 personis,
2890 677 3275 749 praesentibus
3298 680 3569 736 Brunone

1925 760 2217 834 Signiensi
2265 763 2556 835 episcopo,
2607 769 2665 819 et
2711 765 3074 838 Ingelramno
3124 767 3568 825 Suessionensis

1923 850 2180 906 ecclesiae
2207 850 2636 908 archidiacono.

1996 938 2170 994 Porro
2202 956 2308 995 nos
2339 944 2504 995 tanta
2532 942 2876 997 auctoritate
2907 945 3127 1011 refecti,
3171 961 3371 1003 eorum
3417 947 3567 1004 anti-

1925 1043 2101 1099 quam
2130 1029 2634 1095 consuetudinem,
2659 1046 2859 1086 eorum
2891 1033 3125 1106 scriptis
3157 1036 3566 1110 suifragantes,

1924 1116 2269 1173 auctoritate
2323 1121 2524 1174 nostra
2575 1121 3077 1178 corroboravimus
3135 1124 3193 1180 in
3262 1129 3572 1199 presentia

1924 1210 2259 1262 nostrorum
2314 1207 2721 1278 praedictorum
2782 1211 3046 1266 fratrum.
3106 1213 3173 1268 Et
3226 1215 3364 1286 quia
3413 1216 3572 1274 illius

1925 1296 2431 1361 nosterAmastus,
2449 1297 2886 1369 Burdigalensis
2910 1300 3400 1376 archiepiscopus,
3418 1323 3570 1368 unus

1925 1387 2050 1439 erat
2079 1384 2149 1439 de
2179 1383 2384 1456 legatis
2404 1385 2678 1440 Romanae
2701 1386 3012 1444 Ecclesizea
3027 1389 3301 1463 Gregorio
3323 1392 3571 1466 septimo

1925 1473 2349 1543 praedecessore
2407 1480 2605 1529 nostro
2653 1474 2709 1529 in
2764 1475 3009 1532 Galliam
3059 1479 3408 1550 destinatus,
3456 1499 3572 1538 non

1925 1562 1996 1616 ab
2021 1561 2129 1617 hac
2157 1561 2416 1617 Ecclesia
2439 1565 2828 1634 processionis
2851 1565 3219 1624 solemnitate
3239 1576 3569 1642 susceptus:

1926 1651 2081 1706 unde
2109 1650 2286 1706 etiam
2317 1652 2570 1722 graviter
2597 1659 2798 1707 contra
2853 1655 3086 1710 eosdem
3127 1656 3368 1714 clericos
3416 1677 3572 1716 com-

1928 1743 2120 1794 motus
2151 1737 2211 1794 in
2244 1739 2636 1796 Exuldunensi
2674 1741 2917 1797 concilio
2957 1760 3057 1799 eos
3105 1749 3572 1805 excommunica-

1927 1828 2084 1883 tione
2116 1829 2479 1900 perfoderat;
2524 1847 2660 1884 eum
2716 1831 2774 1884 in
2835 1834 3202 1890 concordiam
3261 1840 3318 1891 et
3370 1854 3574 1909 pacem

1927 1933 2126 1972 eorum
2162 1916 2526 1972 reformavim
2539 1935 2624 1972 us.
2659 1919 2855 1989 Neque
2885 1937 2982 1976 eos
3013 1925 3083 1977 ad
3119 1921 3306 1986 ullam
3338 1926 3575 1983 satisfa-

1928 2005 2203 2072 ctionem,
2259 2006 2398 2076 quia
2455 2008 2797 2062 auctoritate
2853 2008 3104 2080 pollente
3156 2028 3283 2069 sese
3346 2016 3574 2073 munie-

1927 2098 2080 2160 rant,
2112 2094 2527 2165 compulimus,
2563 2112 2748 2166 neque
2779 2097 3036 2168 qualibet
3065 2117 3170 2172 pro
3195 2102 3304 2158 tali-
3335 2121 3575 2162 excessu

1928 2182 2293 2238 absolutione
2307 2185 2642 2255 purgandos
2654 2201 2827 2240 censu
2839 2187 3015 2255 imus,
3027 2189 3277 2261 denique
3298 2194 3575 2264 quoniam

1929 2273 1987 2326 iu
2018 2271 2372 2342 quibusdam
2427 2289 2546 2327 sua:
2587 2272 2840 2329 ecclesiae
2900 2276 3215 2350 privilegiis
3272 2283 3574 2355 proprium

1929 2360 2014 2415 eis
2045 2360 2257 2416 habere
2314 2359 2653 2432 episcopum
2712 2379 3056 2419 concessum
3115 2372 3223 2436 est,
3284 2371 3412 2440 ejus
3454 2372 3576 2428 vice

1931 2466 2038 2503 nos
2096 2448 2355 2504 Romano
2409 2466 2508 2505 eos
2555 2450 2857 2506 sancimus
2908 2453 3237 2524 specialiter
3282 2459 3577 2516 adbaarere

1931 2537 2210 2610 pontiﬁci,
2240 2542 2298 2592 et
2327 2539 2622 2610 graviores
2645 2557 2848 2595 eorum
2881 2557 3092 2599 causas
3111 2560 3179 2600 ex
3207 2545 3336 2617 ejus
3367 2551 3578 2620 pende-

1931 2644 1990 2682 re
2012 2625 2257 2698 judicio.

2002 2715 2059 2771 Si
2089 2714 2221 2787 quis
2247 2732 2387 2772 sane
2416 2715 2476 2770 in
2507 2715 2831 2772 crastinum
2854 2719 3300 2790 cardinalis,aut
3327 2723 3574 2798 legatus,

1931 2810 2029 2860 aut
2052 2803 2382 2876 episcOpus,
2417 2809 2520 2860 aut
2548 2805 2794 2877 quilibet
2822 2825 2860 2864 ο.
2887 2814 3083 2866 nostro
3114 2810 3295 2870 latere
3334 2815 3572 2886 missus,

1895 2894 2081 2949 thanc
2115 2897 2328 2948 nostrae
2359 2894 2822 2951 confirmationis
2843 2899 3116 2974 paginam
3141 2900 3352 2972 sciens,
3377 2909 3579 2963 contra

1931 2999 2058 3038 eam
2091 2985 2307 3037 temere
2339 2982 2532 3036 venire
2571 2983 2893 3053 tentaverit,
2933 2990 2990 3041 et
3021 2991 3280 3045 nostram
3329 2993 3575 3063 perfrin-

1931 3087 2075 3143 gens
2120 3071 2548 3137 auctoritatem,
2600 3073 3032 3142 processionem
3085 3077 3159 3132 ab
3207 3078 3337 3151 ipsa
3388 3082 3576 3138 sancti

235 3165 517 3220 Unsanus
549 3163 880 3236 episcopus,
915 3180 1120 3219 servus
1163 3179 1463 3218 servorum
1526 3165 1644 3231 Dei,
1688 3164 1816 3219 uni-
1849 3136 1892 3203 (ἶ
1931 3158 2280 3216 confessoris
2313 3159 2556 3214 ecclesia
2585 3160 2908 3232 expetierit,
2943 3163 2992 3216 si
3030 3167 3420 3225 commonitus
3459 3188 3574 3227 non

159 3254 350 3310 versis
381 3257 594 3307 sanctae
619 3251 888 3307 Ecclesiae
920 3251 1060 3308 filiis
1080 3251 1325 3307 salutem
1359 3257 1415 3306 et
1438 3252 1818 3323 apostolicam

161 3341 654 3398 benedictionem.

231 3431 450 3490 Notum
480 3430 601 3485 fore
631 3429 902 3494 volumus
933 3432 1050 3483 tam
1079 3427 1292 3483 futuris
1320 3444 1494 3500 quam
1519 3428 1818 3500 praesenti-

159 3521 276 3575 bus
306 3519 587 3591 quoniam
612 3519 874 3572 omnium
903 3517 1186 3572 bonorum
1211 3517 1451 3589 largitor
1476 3521 1624 3573 Deus
1654 3518 1820 3574 devo-

156 3609 383 3664 tionem
408 3611 668 3663 nostram
692 3607 761 3661 ad
789 3606 849 3660 B.
878 3604 1111 3662 Martini
1137 3604 1432 3661 tumulum
1462 3605 1818 3662 visitandum

157 3715 267 3753 sua
299 3696 675 3752 miseratione
703 3695 991 3767 perduxit.
1026 3694 1171 3759 Quia
1199 3711 1332 3748 vero
1360 3694 1418 3749 in
1460 3695 1724 3766 ejusdem
1760 3697 1816 3751 Β.

158 3784 516 3852 confessoris
562 3783 805 3839 ecclesia
855 3783 1122 3854 quaedam
1173 3781 1528 3839 inoleverant
1583 3801 1714 3856 quae
1757 3785 1816 3840 in

159 3874 376 3931 melius
405 3873 799 3945 promovenda
831 3871 1038 3927 salutis
1070 3870 1216 3926 falce
1249 3872 1622 3943 exstirpanda
1661 3873 1816 3929 vide-

158 3963 398 4030 bantur,
434 3978 543 4020 nos
575 3977 676 4032 per
709 3965 933 4032 septem
967 3959 1093 4016 dies
1139 3964 1196 4015 et
1224 3977 1291 4015 eo
1322 3959 1577 4032 amplius
1607 3960 1815 4018 immo-

160 4052 286 4119 rati,
324 4050 680 4106 medicinam
721 4047 1074 4116 animarum,
1126 4048 1492 4119 frequentius
1541 4049 1692 4104 inter
1719 4067 1817 4106 eos

158 4141 540 4196 intrantes.et
567 4142 845 4193 exeuntes
877 4137 962 4193 eis
983 4135 1436 4209 impertivimus,
1470 4141 1528 4192 et
1557 4139 1724 4194 nobis
1756 4139 1815 4194 in

159 4228 440 4284 omnibus
469 4227 803 4283 obedientes
838 4231 893 4283 et
923 4224 1251 4294 benevolos,
1282 4227 1391 4281 Deo
1438 4227 1734 4298 aspirante
1762 4233 1819 4285 et

157 4317 213 4372 in
243 4317 333 4373 eis
381 4321 730 4388 cooperante
787 4315 1116 4385 nobiscum,
1158 4315 1376 4388 experti
1431 4332 1658 4372 sumus.
1703 4319 1814 4372 Sed

156 4406 443 4478 quoniam
476 4405 548 4460 ad
578 4409 809 4461 nostras
839 4420 1015 4459 aures
1040 4409 1381 4476 pervenerat
1409 4405 1562 4476 quod
1597 4404 1816 4477 legatos

157 4496 438 4552 Romanae
468 4493 733 4549 Ecclesiae
759 4493 1057 4564 suscipere
1081 4509 1214 4547 cum
1237 4493 1627 4565 processionis
1656 4494 1816 4550 beni-
1846 4499 1894 4562 ι)

153 4585 384 4656 gnitate
412 4583 880 4654 supersederant,
925 4597 1110 4653 neque
1159 4581 1336 4636 etiam
1396 4582 1502 4648 eis,
1551 4581 1818 4638 videlicet

156 4672 388 4744 legatis,
425 4670 743 4732 auctoritas
775 4669 956 4740 hujus
973 4669 1239 4724 Ecclesiae
1269 4686 1371 4741 per
1401 4669 1662 4725 notitiam
1697 4670 1814 4742 pri-

152 4760 504 4833 vilegiorum
535 4759 664 4831 ejus
694 4759 1048 4825 innotuerat,
1087 4758 1554 4828 succensuimus,
1586 4763 1644 4812 et
1684 4775 1815 4831 gra-

151 4849 307 4906 viter
334 4865 434 4904 eos
475 4846 928 4919 increpavimus,
987 4863 1091 4900 cur
1133 4851 1354 4901 tantam
1409 4847 1815 4902 inobedientize

153 4935 542 4993 otfensionem
619 4936 1006 4991 incurrerent.
1070 4933 1191 4989 Illis
1261 4935 1458 5008 itaque
1517 4934 1819 4992 humiliter

154 5026 329 5082 nobis
356 5026 582 5097 scripta
605 5029 837 5096 patrum
870 5028 1207 5079 nostrorum
1240 5023 1652 5080 Romanorum
1671 5042 1816 5097 pen-

154 5114 386 5169 tiﬁcum
399 5112 900 5186 praetendentibus
911 5111 1222 5185 diligenter
1238 5113 1602 5168 attendimus
1613 5130 1814 5169 eorum

151 5201 482 5275 privilegia.
516 5205 585 5257 Et
614 5202 755 5274 quia
781 5205 990 5273 printer
1027 5199 1435 5273 apostolicum,
1492 5205 1549 5257 et
1596 5217 1813 5274 regem,

155 5298 212 5347 et
240 5292 650 5346 Turonensem
683 5289 1211 5362 archiepisc0pum,
1247 5289 1426 5345 semel
1456 5290 1514 5346 in
1546 5291 1666 5346 vita
1710 5307 1818 5348 sua

156 5378 458 5435 neminem
483 5379 554 5433 ad
569 5377 957 5449 processionis
971 5378 1406 5452 susceptionem
1429 5379 1818 5438 admittebant

225 5558 358 5641 (42).
377 5555 626 5620 Videtur
652 5555 858 5619 «esse
877 5556 1122 5624 Martias.

1930 3248 2237 3314 destiterit,
2281 3248 2587 3319 potestatis
2630 3249 2986 3321 honorisque
3029 3253 3315 3324 dignitate
3361 3263 3572 3325 careat,

1931 3352 2208 3408 reumque
2239 3353 2302 3391 se
2330 3337 2526 3391 divino
2548 3336 2775 3407 judicio
2815 3339 3060 3394 existere
3119 3341 3190 3395 de
3246 3349 3577 3414 perpetrata

1929 3425 2384 3498 praesumptione
2412 3430 2758 3497 cognoscat;
2792 3429 3020 3483 cunctis
3059 3433 3254 3486 autem
3309 3419 3420 3489 ista
3449 3451 3569 3490 ser-

1926 3515 2200 3570 vantibus
2231 3513 2307 3568 sit
2336 3530 2446 3585 pax
2473 3513 2702 3569 Domini
2738 3517 2918 3571 nostri
2951 3520 3089 3573 Jesu
3111 3518 3568 3594 Christi.Amen,

1929 3621 2121 3671 amen,
2152 3619 2342 3659 amen.

2004 3696 2210 3749 Datum
2251 3693 2504 3748 Turonis
2537 3693 2594 3748 in
2637 3695 2873 3753 castello
2930 3699 3122 3754 Sancti
3183 3701 3415 3759 Martini
3474 3721 3579 3778 per

1928 3799 2170 3837 manum
2200 3782 2465 3848 Joannis,
2499 3788 2709 3838 sanctae
2739 3785 3010 3842 Romanae
3052 3789 3318 3846 Ecclesiae
3347 3793 3577 3849 diaconi

1927 3871 2264 3938 cardinalis,
2297 3889 2334 3926 ιι
2372 3871 2507 3926 Idus
2540 3873 2750 3941 Martii,
2782 3875 3098 3932 indictione
3149 3884 3377 3950 quarta,
3423 3899 3576 3938 anno

1926 3959 2240 4014 Dominica:
2272 3959 2700 4016 Incarnationis
2759 3961 2898 4016 1097
2949 3964 3150 4033 [4096,]
3202 3967 3577 4038 pontificatus

1926 4053 2123 4108 autem
2155 4047 2378 4102 domini
2412 4047 2629 4103 Urbani
2665 4049 2711 4103 Il
2743 4066 2904 4122 papae
2940 4069 3114 4108 nono.

2581 4171 2810 4226 CLXXV

1929 4259 2136 4317 Urbani
2164 4260 2216 4314 Il
2243 4260 2472 4329 epistola
2497 4259 2568 4314 ad
2581 4173 2982 4318 ῗφξλοξιέιῖῗιξέέ.
3037 4267 3190 4321 Petri
3237 4269 3578 4326 Bainsonen-

1994 4333 2088 4408 s_i._s.
2124 4362 2190 4408 —_-
2231 4331 2656 4408 Bainsmwnsern
2702 4334 2985 4408 ecclesiam
3015 4353 3048 4391 α
3097 4341 3418 4408 parentibus
3465 4343 3579 4396 suis

1995 4403 2344 4477 Cluniacensi
2399 4401 2639 4477 caenobio
2700 4403 2980 4477 donatam,
3052 4401 3377 4467 auctoritate
3439 4413 3579 4468 sedis

1995 4474 2325 4599 gppstolicmt
2359 4475 2556 4538 munit,
2598 4478 2649 4529 et
2692 4474 3090 4534 Suessionensis
3140 4481 3388 4539 Ecclesiae
3438 4485 3577 4556 jura

2031 4561 2060 4599 e
2085 4561 2300 4599 crmma

2031 4561 2300 4599 etcrmma

2557 4634 2747 4704 (Anno
2777 4634 2964 4709 4096.)

2103 4721 2268 4787 [Dom
2300 4724 2590 4790 Bououa'r,
2637 4725 2874 4793 Recueil,
2910 4730 2948 4781 t.
2983 4727 3122 4796 XIX,
3155 4747 3212 4802 p.
3245 4732 3393 4799 720.]

1999 4847 2268 4901 Unnaxus
2298 4846 2626 4918 episcopus,
2659 4865 2861 4905 servus
2883 4868 3180 4909 servorum
3212 4856 3328 4922 Dei,
3375 4871 3575 4910 mona-

1927 4934 2052 4990 chis
2082 4935 2139 4988 S.
2172 4934 2323 4989 Petri
2357 4935 2512 5006 apud
2547 4935 2924 5008 Bainsonum,
2973 4939 3222 4997 salutem
3253 4947 3310 4997 et
3339 4946 3576 5013 aposto-

1927 5022 2097 5078 licam
2127 5023 2612 5080 benedictionem.

1995 5111 2064 5165 Et
2119 5109 2454 5182 religionem
2514 5129 2746 5186 augere,
2798 5118 2858 5171 et
2927 5115 3330 5188 religiosorum
3393 5119 3577 5191 quieti

1925 5198 2256 5272 prospicere
2293 5200 2467 5256 ofﬁcii
2524 5205 2707 5259 nostri
2767 5221 2873 5260 nos
2932 5204 3177 5277 impellit
3233 5209 3574 5266 auctoritas.

1923 5289 2242 5362 Religionis
2273 5289 2452 5361 igitur
2481 5293 2888 5347 conservandae
2947 5293 3136 5364 gratia
3174 5312 3282 5353 nos
3332 5297 3579 5355 Bainso-

1926 5396 2168 5438 nensem
2200 5379 2414 5451 locum,
2447 5379 2507 5437 in
2538 5397 2653 5455 quo
2683 5397 2786 5456 per
2830 5381 2929 5438 Dei
2979 5383 3228 5457 gratiam
3273 5402 3579 5448 conversa-
