4004 6162
470 304 578 363 431

1769 293 1835 357 Β.
1888 291 2176 359 URBANI
2226 290 2274 358 ll
2323 295 2571 358 PAl’Aﬂ.

3754 291 3880 354 432

476 439 644 503 mini,
679 436 773 507 qui
811 452 914 489 nos
945 451 1012 490 ex
1043 433 1496 505 parentumjure
1536 431 1836 501 coulin,;il,
1886 431 2112 485 (-llunia-
2149 434 2194 497 Α
2233 438 2386 486 mata
2417 438 2573 501 sunt,
2611 434 3043 484 conﬁrmamus.
3087 425 3387 492 Qtierelam
3441 431 3636 483 autem
3671 444 3878 482 mona-

473 527 634 584 censi
718 524 976 580 cmuobio
1057 521 1484 587 contradentes,
1574 525 1691 573 tam
1770 536 1871 573 vos
1939 537 2115 591 quam

475 630 841 672 successores
894 614 1113 665 vestros
1161 608 1370 662 decreti
1424 607 1727 678 praesentis
1773 609 2118 663 auctoritate

476 703 796 760 munimus.
831 701 1027 770 Ipsum
1061 697 1212 752 enim
1245 695 1458 760 locum,
1492 695 1644 750 sicut
1673 701 1727 750 et
1757 701 1960 750 czetera
1991 695 2118 750 Clu-

476 791 767 848 niacensis
799 785 1040 843 cmnobii
1077 785 1359 851 membra,
1392 783 1640 839 liberum
1682 788 1961 856 perpetuo
1995 801 2118 856 per-

453 895 707 937 manere
745 875 1128 934 decrevimus.
1179 877 1243 926 ut
1299 889 1659 944 quaecunque
1717 872 1888 929 hodie
1933 875 2114 944 justo,

471 969 558 1024 vel
589 985 656 1024 ex
686 969 992 1037 parentum
1029 967 1359 1018 nostrorum
1393 963 1565 1032 dono,
1615 961 1700 1017 vel
1751 979 1820 1017 ex
1865 962 2113 1018 aliorum

470 1056 733 1112 fidelium
759 1052 1049 1109 oblatione
1081 1051 1357 1123 possidet,
1389 1051 1505 1106 sive
1547 1052 1604 1106 in
1639 1051 1897 1106 futurum
1935 1052 2116 1123 possi-

469 1145 648 1211 debit,
681 1142 798 1199 sive
819 1144 978 1213 juste
1007 1145 1061 1194 et
1093 1139 1369 1195 canonice
1399 1139 1610 1211 poterit
1647 1139 1911 1211 adipisci,
1945 1142 2114 1196 ﬁrma

466 1233 632 1290 vobis
659 1248 889 1303 semper
917 1233 975 1285 et
1005 1229 1229 1284 illibata
1260 1233 1656 1300 permaneant,
1690 1245 1793 1284 nec
1829 1229 2112 1300 parochiaz

469 1322 656 1394 ipsius
689 1321 981 1392 episcopo,
1015 1333 1118 1372 nec
1149 1317 1402 1389 episcopi
1452 1317 1876 1372 archidiaconis
1922 1317 2109 1384 liceat,

470 1415 572 1465 aut
602 1408 766 1464 vobis
797 1412 898 1463 aut
952 1405 1266 1476 capellanis
1305 1405 1511 1461 vestris
1562 1405 1858 1461 molestias
1891 1405 2114 1478 aliquas

469 1498 556 1554 vel
588 1497 835 1568 injurias
867 1496 1138 1560 irrogare,
1176 1511 1277 1548 nec
1335 1494 1555 1565 aliquid
1605 1510 1847 1565 prorsus
1888 1496 2112 1567 exigere

468 1594 672 1660 praeter
701 1601 926 1640 annuos
953 1582 1169 1638 solidos
1202 1583 1428 1653 viginti,
1453 1583 1551 1654 qui
1574 1599 1641 1637 ex
1664 1584 2111 1654 praecedentium

468 1677 872 1747 episcoporum
907 1677 960 1726 et
993 1671 1174 1742 patris
1207 1672 1318 1725 mei
1353 1687 1639 1726 consensu
1671 1671 1920 1726 instituti
1952 1677 2110 1736 sunt,

2226 521 2467 574 chorum
2497 520 2554 575 S.
2589 517 2885 581 Florentii,
2920 533 3098 589 quam
3130 517 3200 572 de
3257 514 3518 572 ecclesiis
3582 515 3880 580 Lauduni,

2225 609 2446 663 Sanctae
2479 607 2677 662 Crucis
2707 605 2971 661 videlicet
3001 610 3056 660 et
3085 603 3280 660 Sancti
3312 603 3553 670 Nicolai,
3585 608 3790 659 contra
3818 607 3880 659 te

2225 702 2282 752 et
2313 695 2630 752 Ecclesiam
2662 700 2821 750 tuam
2852 694 3090 761 faciunt,
3127 709 3419 764 quamque
3469 692 3528 747 in
3562 693 3883 764 praesentia

2227 791 2427 841 nostra
2457 785 2705 840 Turonis
2736 783 2998 838 habitam
3027 782 3334 855 diligenter
3363 782 3872 854 pertractavimus,

2225 874 2415 930 debito
2449 875 2583 939 fine,
2618 877 2730 929 Deo
2781 876 3032 937 auctore,
3085 871 3472 927 terminamus
3506 888 3520 925 :
3554 869 3880 943 apostolica

2225 964 2432 1019 iterum
2467 963 2810 1038 auctoritate
2851 960 3250 1033 pracipientes
3303 964 3595 1031 quatenus
3646 957 3874 1014 nullam

2223 1052 2325 1107 tibi
2360 1052 2444 1108 vel
2474 1050 2739 1107 Ecclesiae
2772 1049 3101 1105 molestiam
3137 1065 3205 1103 ex
3256 1047 3348 1102 his
3381 1048 3593 1104 inferre
3649 1065 3873 1120 praesu-

2223 1146 2406 1207 mant,
2440 1141 2539 1196 sed
2601 1140 2822 1211 absque
2879 1156 3078 1193 eorum
3137 1136 3544 1209 inquietudine
3602 1136 3876 1208 praefatas

2223 1230 2521 1294 ecclesias,
2546 1234 2606 1284 tu
2628 1244 3111 1298 successoresque
3133 1227 3216 1282 tui
3230 1227 3365 1298 jure
3387 1229 3665 1298 perpetuo
3687 1224 3879 1298 possi-

2223 1318 2496 1374 deatis.Si
2519 1335 2644 1390 qua:
2663 1333 2802 1372 sane
2825 1314 3217 1371 ecclesiastica
3230 1313 3598 1370 saecularisve
3619 1329 3874 1386 persona

2223 1412 2423 1462 contra
2450 1407 2597 1460 hanc
2631 1409 2840 1460 nostrae
2872 1402 3305 1459 constitutionis
3351 1401 3626 1474 paginam
3671 1402 3872 1456 venire

2222 1496 2547 1561 tentaverit,
2589 1493 2890 1566 potestatis
2929 1493 3284 1563 honorisque
3326 1490 3416 1546 sui
3443 1490 3727 1563 dignitate
3767 1507 3872 1546 ca-

2223 1591 2364 1652 reat,
2399 1590 2457 1639 et
2486 1602 2520 1639 a
2549 1582 2945 1639 sacratissimo
2970 1597 3207 1653 corpore
3234 1597 3298 1636 ac
3330 1580 3614 1652 sanguine
3637 1579 3871 1635 Domini

2222 1673 2404 1728 nostri
2436 1673 2574 1727 Jesu
2606 1671 2818 1726 Christi
2851 1669 3044 1725 aliena
3075 1670 3194 1734 ﬁat,
3225 1684 3532 1740 quousque
3563 1667 3741 1740 digna
3774 1685 3868 1723 sa-

469 1760 992 1819 Suessionensibus
1023 1760 1318 1813 canonicis
1371 1759 1752 1829 persolvendi.
1804 1760 1960 1814 Alias
1991 1765 2109 1815 tam
2143 1797 2188 1862 B
2222 1763 2553 1818 tisfactione
2609 1760 2925 1831 resipiscat.
2966 1758 3204 1813 Cunctis
3262 1762 3457 1812 autem
3515 1757 3704 1813 eidem
3744 1756 3868 1812 loco

468 1869 569 1907 vos
600 1867 776 1922 quam
808 1847 1092 1918 capellani
1125 1847 1297 1902 vestri
1333 1847 1512 1917 quieti
1547 1864 1777 1919 semper
1808 1866 1874 1902 ac
1922 1847 2108 1916 liberi,

469 1939 626 1994 salvo
655 1936 997 2010 epis00palis
1029 1935 1356 1990 reverentim
1407 1935 1623 2001 debito,
1674 1937 2108 2007 permanebitis.

469 2029 527 2083 Si
577 2027 708 2099 quis
764 2031 982 2092 autem,
1044 2024 1312 2096 praecepti
1371 2023 1549 2094 hujus
1603 2029 1798 2081 tenore
1858 2027 2112 2098 cognito,

467 2116 754 2172 contraire
786 2111 1240 2186 praesumpserit,
1272 2116 1553 2182 tanquam
1583 2113 1739 2168 sedis
1786 2113 2112 2186 apostolicae

467 2207 832 2274 contemptor
857 2201 1121 2256 Ecclesiae
1144 2199 1369 2270 judicio
1399 2205 1454 2254 et
1487 2201 1741 2272 Spiritus
1773 2203 1956 2258 sancti
1989 2203 2110 2275 gla-

466 2293 562 2347 dio
597 2291 854 2346 feriatur.

537 2381 746 2435 Datum
777 2378 1028 2432 Turonis
1060 2395 1162 2449 per
1193 2394 1430 2432 manum
1479 2377 1723 2434 Joannis
1775 2380 2112 2447 cardinalis,

463 2486 562 2524 x111
596 2467 725 2523 Kal.
763 2466 998 2539 Aprilis,
1036 2482 1189 2522 anno
1249 2468 1536 2522 lncarnat.
1601 2468 1909 2522 Dominicaa
1955 2470 2110 2535 1096,

466 2556 839 2630 pontificatus
861 2555 1059 2610 domni
1095 2554 1310 2608 Urbani
1345 2554 1391 2608 ll
1427 2571 1601 2626 nono,
1633 2555 1835 2610 indict.
1868 2574 1941 2610 ιν.

1151 2677 1431 2733 CLXXIX.

468 2771 716 2829 Urbanus
795 2771 847 2824 Il
899 2785 1041 2839 papa
1116 2768 1512 2822 Trenorciensis
1585 2770 1903 2839 monasterii
1975 2769 2112 2823 bona

527 2845 764 2924 jamque
811 2838 1086 2896 omniain
1138 2839 1366 2893 tutelam
1423 2838 1728 2910 apostolica:
1781 2839 1923 2894 sedis
1979 2843 2113 2895 reci-

533 2917 638 2985 pit.
1097 2980 1135 2985 η
1317 2979 1481 2985 --ΑΗ
2067 2917 2110 2966 ἢ

1089 2980 1275 3052 (Anno
1308 2979 1488 3050 1096.)

719 3072 1137 3137 [Cocousunas,
1169 3070 1338 3140 ampl.
1375 3069 1612 3134 ϐοηθοίη
1649 3069 1716 3135 ll,
1749 3071 1858 3137 87.]

2213 1853 2379 1922 justa
2409 1849 2774 1907 servantibus
2805 1848 2882 1903 sit
2907 1866 3012 1920 pax
3041 1847 3269 1902 Domini
3294 1846 3479 1902 nostri
3508 1845 3645 1902 Jesu
3669 1845 3865 1900 Chris-

2220 1941 2285 2006 ti,
2321 1943 2609 2012 quatenus
2653 1943 2711 1993 et
2741 1938 2834 1992 hic
2893 1936 3148 1991 fructum
3181 1937 3347 1992 bonae
3405 1935 3652 1991 actionis
3685 1934 3868 2006 perci-

2222 2031 2404 2103 piant,
2433 2034 2488 2083 et
2515 2028 2668 2100 apud
2702 2026 3032 2082 districtum
3062 2023 3317 2095 judicom
3360 2023 3598 2095 praemia
3642 2028 3868 2079 aeterna:

2223 2118 2382 2191 pacis
2415 2115 2734 2172 inveniant.
2767 2119 2972 2181 Amen,
3006 2130 3196 2180 amen,
3234 2128 3426 2168 amen.

2917 2202 3166 2257 CLXXX.

2293 2294 2657 2364 Prz’vz‘legium
2680 2309 2781 2364 pro
2810 2293 3135 2349 monasterio
3167 2291 3220 2345 S.
3251 2291 3516 2346 Vincentii
3545 2291 3794 2346 Metensi.

2836 2383 3024 2449 (Anno
3064 2379 3248 2448 4096.)

2223 2474 2388 2546 (Dom
2420 2476 2667 2539 CALMET,
2701 2473 2835 2526 Hist.
2869 2469 2934 2525 de
2978 2470 3261 2536 Lorraine,
3315 2468 3587 2534 Preuves,
3620 2485 3676 2539 p.
3722 2467 3884 2535 507.)

2294 2562 2570 2616 Uassxus
2602 2560 2932 2632 episcopus,
2963 2574 3164 2613 servus
3187 2573 3485 2612 servorum
3511 2556 3632 2624 Dei,
3664 2555 3881 2611 dilecto

2223 2649 2346 2704 filio
2381 2650 2652 2716 Lmzom,
2686 2645 2884 2702 abbati
2915 2645 3252 2702 monasterii
3285 2645 3344 2699 S.
3376 2642 3686 2712 Vincentii,
3719 2644 3882 2715 quod

2224 2738 2354 2793 Meti
2389 2737 2568 2791 situm
2602 2740 2712 2803 est,
2745 2736 2990 2806 ejusque
3033 2732 3473 2788 successoribus
3533 2731 3884 2805 regulariter

2224 2824 2597 2881 instituen‘dis
2629 2825 2685 2878 in
2720 2827 3085 2896 perpetuum.

2295 2915 2403 2969 Pize
2437 2913 2750 2986 postulatio
2803 2911 3120 2967 voluntatis
3175 2912 3379 2966 ell'ectu
3439 2911 3606 2965 debet
3665 2926 3880 2981 prose-

2222 3008 2433 3075 quente
2465 3001 2759 3074 compleri,
2793 3005 3078 3072 quatenus
3109 3006 3167 3056 et
3197 2999 3518 3056 devotionis
3567 2997 3882 3055 sinceritas

2221 3089 2593 3148 laudabiliter
2622 3089 2923 3155 enitescat,
2981 3092 3037 3144 et
3092 3088 3317 3144 utilitas
3368 3085 3660 3160 postulata
3715 3088 3880 3144 vires

537 3181 815 3233 Unssuus
844 3178 1174 3248 episcopus,
1199 3192 1400 3231 servus
1423 3193 1716 3231 servorum
1750 3176 1868 3243 Dei,
1903 3177 2111 3233 dilecto
2143 3160 2185 3226 (ἶ
2225 3181 2622 3236 indubitantes
2652 3183 2935 3235 assumat.
2972 3177 3117 3241 Quia
3147 3178 3326 3250 igitur
3363 3176 3596 3232 dilectio
3645 3180 3748 3231 tua
3797 3176 3878 3231 ad

467 3266 586 3322 ﬁlio
617 3267 802 3322 Ps'rao
830 3263 1233 3320 Trenorciensi
1257 3265 1472 3333 abbati,
1496 3265 1742 3336 ejusque
1764 3266 2112 3322 successori-

467 3357 577 3411 bus
608 3354 951 3427 regulariter
981 3354 1407 3410 substituendis
1437 3354 1496 3408 in
1529 3361 1895 3425 perpetuum.

537 3443 636 3506 Pia
651 3442 962 3514 postulatio
984 3441 1298 3497 voluntatis
1312 3443 1516 3497 effectu
1539 3443 1704 3496 debet
1727 3449 2112 3514 prosequente

466 3531 766 3602 compleri,
798 3534 1089 3601 quatenus
1119 3535 1175 3584 et
1205 3530 1526 3586 devotionis
1568 3530 1871 3586 sinceritas
1903 3533 2110 3588 lauda-

468 3619 661 3674 biliter
693 3617 991 3681 enitescat,
1025 3623 1083 3670 et
1113 3617 1334 3672 utilitas
1366 3617 1658 3690 postulata
1689 3617 1838 3674 vires
1878 3619 2109 3675 indubi-

467 3712 658 3763 tanter
686 3711 969 3761 assumat.
1003 3705 1146 3769 Quia
1177 3705 1356 3777 igitur
1407 3705 1638 3760 dilectio
1686 3710 1787 3761 tua
1835 3708 1904 3761 ad
1956 3709 2111 3764 sedis

467 3795 794 3868 apostolica:
825 3799 1054 3866 portum
1079 3794 1440 3866 confugiens,
1475 3795 1602 3866 ejus
1621 3795 1924 3850 tuitionem
1948 3797 2109 3852 devo-

466 3885 622 3940 tione
651 3883 846 3939 debita
876 3882 1194 3954 requisivit,
1232 3900 1335 3938 nos
1392 3881 1801 3955 supplicationi
1853 3889 1964 3939 tua;
1996 3884 2108 3940 cle-

468 3978 692 4030 menter
721 3972 1040 4028 annuimus
1069 3976 1126 4027 et
1151 3972 1588 4028 Trenorciensis
1609 3973 1960 4039 cmnobium,
1995 3975 2108 4044 cui,

466 4065 581 4119 Deo
613 4067 866 4127 auctore,
894 4061 1192 4132 praesides,
1210 4077 1343 4116 cum
1371 4061 1644 4117 omnibus
1675 4063 1744 4117 ad
1771 4063 1966 4135 ipsum
1987 4080 2112 4136 per~

464 4152 809 4216 tinentibus,
825 4151 933 4206 sub
955 4149 1198 4205 tutelam
1223 4149 1550 4222 apostolica:
1575 4151 1730 4206 sedis
1753 4152 2108 4224 excepimus.

467 4247 574 4296 Per
604 4240 905 4311 praesentis
947 4239 1128 4310 igitur
1159 4237 1440 4310 privilegii
1474 4239 1750 4311 paginam
1796 4240 2114 4312 apostolica

467 4328 808 4383 auctoritate
838 4327 1174 4390 statuimus,
1208 4331 1272 4380 ut
1324 4343 1685 4397 quaecunque
1731 4328 1903 4393 bona,
1955 4345 2110 4398 qua:-

465 4431 694 4486 runque
711 4414 1111 4486 possessiones
1129 4413 1543 4470 catholicorum
1573 4415 1986 4486 imperatorum
2008 4433 2109 4472 seu

2221 3268 2375 3325 sedis
2408 3267 2737 3340 apostolicae
2758 3271 2994 3340 portum
3013 3266 3377 3338 confugiens,
3397 3266 3525 3336 ejus
3555 3264 3876 3320 tuitionem

2221 3357 2522 3413 devotione
2554 3357 2749 3411 debita
2779 3355 3097 3428 requisivit,
3133 3371 3238 3410 nos
3270 3353 3681 3426 supplicationi
3728 3357 3876 3419 tuae,

2221 3450 2341 3502 tam
2374 3462 2477 3517 pro
2509 3445 2658 3500 beati
2688 3444 2974 3500 Vincentii
3011 3443 3284 3516 martyris
3331 3443 3654 3508 devotione,
3688 3458 3877 3514 quam

2220 3537 2396 3591 etiam
2431 3551 2532 3606 pro
2564 3539 2677 3589 tua:
2708 3533 3005 3604 religionis
3065 3532 3384 3587 reverentia
3426 3531 3740 3588 clementer
3769 3548 3880 3586 an-

2221 3625 2480 3690 nuimus,
2507 3629 2559 3676 ct
2580 3623 2839 3692 ejusdem
2864 3621 3136 3692 martyris
3161 3621 3608 3689 monasterium,
3631 3621 3878 3690 cui,Deo

2220 3717 2476 3776 auctore,
2502 3709 2800 3781 praesides,
2825 3709 3128 3780 praesentis
3147 3707 3360 3762 decreti
3383 3708 3724 3763 auctoritate
3745 3724 3884 3764 mu-

2219 3800 2453 3854 nimus:
2491 3798 2806 3853 statuimus
2827 3796 2982 3850 enim
3018 3801 3083 3850 ut
3107 3811 3488 3866 quaecumque
3509 3796 3682 3863 dona,
3703 3814 3884 3868 quas-

2219 3903 2447 3958 cunque
2497 3884 2897 3958 possessiones
2948 3883 3100 3938 idem
3152 3881 3458 3937 cmnobiun
3520 3881 3691 3937 hodie
3714 3885 3886 3952 justo

2220 3974 2498 4047 possidet,
2533 3973 2652 4026 sive
2683 3973 2741 4026 in
2775 3973 3038 4026 futurum
3065 3971 3470 4026 concessiones
3503 3970 3880 4042 pontificum,

2219 4061 2564 4119 liberalitate
2596 4060 2949 4132 principum,
2981 4061 3068 4116 vel
3101 4058 3394 4115 oblatione
3425 4058 3686 4116 fidelium
3709 4060 3882 4130 juste

2219 4156 2394 4223 atque
2425 4149 2700 4205 canonice
2723 4148 2934 4221 poterit
2963 4149 3229 4221 adipisci,
3266 4148 3436 4204 ﬁrma
3467 4149 3594 4215 tibi,
3636 4148 3879 4220 tuisque

2220 4238 2658 4296 successoribus
2689 4243 2746 4292 et
2777 4236 3002 4292 illibata
3031 4241 3429 4307 permaneant.

2292 4327 2668 4384 Decernimus
2699 4343 2834 4399 ergo
2863 4330 2926 4380 ut
2949 4324 3092 4380 nulli
3117 4326 3353 4382 omnino
3377 4323 3876 4381 hominumliceat

2225 4417 2528 4489 praefatum
2563 4415 2893 4470 cmnobium
2924 4419 3140 4470 temere
3188 4415 3547 4486 perturbare,
3604 4417 3704 4469 aut
3740 4414 3875 4484 ejus

464 4509 804 4558 caaterorum
838 4502 1166 4574 principum
1202 4501 1942 4575 largitione,episc0porum
1975 4522 2109 4561 con-
2139 4519 2186 4584 ι)
2222 4505 2620 4578 possessiones
2641 4504 2890 4570 auferre,
2915 4501 3002 4558 vel
3034 4501 3259 4558 ablatas
3283 4503 3551 4573 retinere,
3582 4501 3870 4569 minuere,

465 4591 744 4659 cessione,
779 4607 881 4646 seu
941 4596 1281 4646 cazterorum
1340 4591 1602 4646 fidelium
1658 4591 1973 4660 oblatione,
2035 4595 2104 4650 ad

465 4682 619 4735 idem
653 4680 980 4735 coenobium
1017 4679 1540 4750 imprzesentiarum
1572 4681 1884 4752 pertinent,
1912 4683 2030 4738 sive
2050 4683 2108 4739 in

465 4770 728 4824 futurum
752 4769 914 4839 juste
943 4767 1154 4839 poterit
1187 4768 1457 4840 adipisci,
1508 4770 1679 4824 ﬁrma
1722 4769 1824 4825 tibi
1873 4773 2110 4844 tuisque

437 4857 923 4921 successoribus,
951 4861 1007 4911 et
1039 4855 1260 4910 illibata
1290 4863 1686 4927 permaneant.
1737 4859 2110 4916 Decernimus

467 4964 604 5019 ergo
633 4951 698 5002 ut
729 4944 870 5000 nulli
903 4944 1138 5000 orrnino
1190 4944 1494 5000 hominum
1526 4945 1693 5001 liceat
1737 4946 1885 5002 idem
1920 4966 2109 5004 emno-

465 5035 629 5089 bium
674 5040 889 5090 temere
934 5035 1294 5106 perturbare,
1357 5039 1458 5088 aut
1527 5036 1657 5106 ejus
1712 5037 2109 5106 possessiones

465 5125 712 5194 auferre,
743 5122 829 5178 vel
864 5123 1188 5178 oblationes
1222 5123 1488 5189 retinere,
1545 5122 1826 5189 minuere,
1886 5125 1972 5181 vel
2025 5131 2108 5182 te-

469 5212 731 5267 merariis
750 5211 1150 5268 vexationibus
1171 5211 1512 5281 inquietare,
1537 5212 1638 5266 sed
1665 5213 1861 5268 omnia
1890 5213 2112 5287 integre

466 5307 902 5368 conserventur,
962 5317 1164 5356 eorum
1228 5316 1331 5372 pro
1391 5316 1640 5370 quorum
1691 5304 2111 5360 sustentatione

441 5404 742 5444 concessa
771 5395 938 5459 sunt,
962 5389 1169 5445 usibus
1223 5387 1577 5442 omnimodis
1633 5389 1960 5460 profutura.
1993 5393 2110 5448 CIB-

467 5480 590 5528 tera
620 5475 793 5530 etiam
825 5493 951 5547 quae
984 5494 1087 5549 per
1135 5476 1454 5533 reverendae
1517 5477 1810 5532 memoria:
1867 5479 2110 5537 Joannis

466 5579 628 5640 papa:
658 5563 1025 5641 privilegium
1056 5564 1458 5626 Trenorciensi
1497 5566 1850 5626 monasterio
1897 5570 2111 5629 conﬁr-

2217 4595 2304 4650 vel
2336 4593 2660 4650 temerariis
2689 4591 3091 4648 vexationibus
3123 4591 3400 4663 fatigare;
3434 4591 3535 4647 sed
3558 4591 3757 4647 omnia
3788 4591 3874 4645 in-

2222 4688 2384 4756 tegra
2416 4686 2849 4747 conserventur,
2883 4697 3084 4736 eorum
3122 4697 3223 4751 pro
3275 4696 3526 4751 quorum
3576 4682 3870 4734 sustenta—

2223 4773 2378 4828 tione
2410 4788 2475 4826 ac
2501 4769 2918 4843 gubernatione
2949 4785 3223 4824 concessa
3252 4773 3404 4838 sunt,
3441 4768 3648 4824 usibus
3678 4767 3870 4824 omni-

2221 4861 2410 4916 modis
2445 4859 2767 4930 profutura,
2803 4856 2962 4913 salva
2990 4857 3265 4913 Metensis
3295 4856 3550 4929 episcOpi
3591 4857 3874 4912 canonica

2221 4947 2558 5004 reverentia.
2591 4948 2850 5002 Obeunte
2899 4950 2953 5002 te
2985 4963 3140 5002 nunc
3191 4947 3454 5018 ejusdem
3487 4947 3596 5002 loci
3638 4947 3869 5011 abbate,

2219 5037 2306 5094 vel
2339 5041 2574 5091 tuorum
2606 5034 2868 5106 quolibet
2890 5051 3319 5106 successorum,
3354 5035 3552 5092 nullus
3584 5034 3663 5090 ibi
3686 5033 3872 5106 quali-

2220 5127 2317 5181 bet
2347 5122 2740 5195 subreptionis
2773 5123 2988 5178 astutia
3016 5123 3103 5180 vel
3151 5122 3425 5180 violentia
3476 5127 3870 5198 praeponatur,

2221 5214 2335 5270 nisi
2353 5229 2528 5285 quem
2556 5217 2873 5268 conventus
2887 5213 3183 5268 communi
3198 5211 3603 5278 consensu,vel
3625 5212 3870 5267 fratrum

2222 5319 2357 5375 pars
2388 5299 2615 5357 consilii
2649 5300 2920 5367 sanioris,
2980 5301 3305 5356 secundum
3343 5302 3438 5356 Dei
3491 5301 3760 5356 timorem
3814 5303 3872 5354 et

2221 5392 2374 5447 beati
2406 5390 2699 5445 Benedicti
2731 5389 3012 5462 regulam,
3033 5389 3330 5463 elegerint.
3365 5391 3641 5446 Praeterea
3668 5405 3873 5445 secun-

2222 5481 2363 5536 dum
2393 5477 2812 5534 venerabilium
2837 5479 3329 5552 przedecessorum
3353 5480 3873 5535 nostrorumJoan-

2222 5569 2314 5629 nis
2345 5573 2402 5628 et
2429 5567 2724 5628 Benedicti
2755 5572 2972 5634 statuta
3002 5567 3396 5641 concedimus,
3439 5571 3505 5628 ut
3542 5568 3592 5628 si
3642 5566 3867 5646 episco-
