4004 6162
144 263 287 346 453'

1324 288 1724 352 EPISTOLAB
1768 284 1867 350 ET
1912 281 2376 352 PRlVILEGlA.

3425 289 3542 354 454

149 436 263 492 pus
283 420 447 476 Metti
474 418 742 489 defuerit,
761 421 931 481 liceat
952 423 1055 479 tibi
1081 423 1312 496 tuisque
1335 410 1792 491 successoribus,
1822 423 1876 491 Α
1911 439 2014 478 seu
2068 422 2311 476 mutatis
2368 421 2596 476 clericis
2650 438 2798 493 quos
2846 437 3124 494 personas
3157 428 3361 480 vocant
3391 443 3404 492 ;
3438 443 3545 481 nos

148 509 206 563 in
243 508 465 566 festivis
497 510 724 576 diebus,
753 512 824 566 ad
855 513 1052 567 sedem
1083 512 1470 584 episcopalem
1502 513 1790 578 accedere,

147 596 346 668 ibique
369 614 504 654 cum
523 597 838 656 dalmatica
856 604 912 656 et
933 599 1233 670 sandaliis,
1259 600 1576 657 missarum
1590 599 1797 657 solem-

149 686 246 742 nia
277 686 592 743 celcbrare.

217 777 370 833 Sane
394 777 442 833 si
477 776 609 848 quis
626 777 684 832 in
709 779 1030 834 crastinum
1055 779 1530 854 archiepiscopus
1551 783 1654 836 aut
1681 778 1798 852 epi-

149 882 385 938 scopus,
419 865 736 938 imperator
793 872 894 923 aut
951 885 1068 930 rex.
1105 869 1375 941 princeps
1405 874 1506 926 aut
1535 869 1672 932 dux,
1703 885 1796 924 co-

151 971 297 1023 mes,
329 955 673 1021 vicecomes,
717 957 920 1027 judex,
959 961 1060 1012 aut
1090 957 1482 1014 ecclesiastica
1540 957 1800 1030 qualibet

151 1042 518 1099 secularisve
540 1061 808 1116 persona,
836 1045 987 1101 hanc
1011 1051 1223 1102 nostra:
1242 1047 1682 1103 constitutionis
1702 1063 1799 1117 pa-

149 1133 347 1205 ginam
373 1133 802 1197 sciens,contra
823 1151 950 1189 eam
981 1138 1198 1190 temere
1240 1135 1435 1192 venire
1469 1135 1796 1200 tentaverit,

151 1222 409 1276 secundo
436 1222 676 1276 tertiove
705 1224 1118 1290 commonitus,
1153 1224 1201 1279 si
1251 1241 1363 1279 non
1403 1224 1799 1280 satisfactione

148 1326 408 1382 congrua
435 1310 850 1376 emendaverit,
868 1312 1171 1383 potestatis
1200 1312 1556 1384 honorisque
1585 1312 1676 1368 sui
1710 1311 1796 1367 di-

148 1399 369 1470 gnitate
387 1404 601 1466 careat,
630 1416 911 1471 reumque
941 1417 1002 1456 se
1033 1401 1228 1456 divino
1253 1402 1476 1472 judicio
1501 1402 1572 1456 de
1605 1418 1801 1474 perpe-

149 1492 297 1542 trata
317 1488 626 1559 iniquitate
656 1494 1064 1560 cognoscat,et
1081 1508 1113 1544 a
1137 1490 1536 1546 sacratissimo
1561 1507 1798 1562 corpore

150 1580 207 1630 et
231 1576 518 1648 sanguine
541 1576 638 1632 Dei
663 1582 721 1632 et
741 1577 971 1632 Domini
1006 1579 1411 1650 Redemptoris
1444 1581 1622 1634 nostri
1659 1579 1799 1634 Jesu

147 1663 363 1720 Christi
395 1664 623 1721 alienus
664 1666 782 1731 fiat,
808 1671 979 1738 atque
1026 1668 1081 1720 in
1133 1673 1387 1722 extremo
1415 1668 1679 1724 examine
1709 1669 1795 1722 di-

1904 515 2135 567 auctore
2165 511 2278 566 Deo
2308 510 2678 566 venalitatem
2736 527 2970 566 omnem
3004 516 3123 567 tam
3159 528 3225 568 ex
3257 512 3544 569 ministris

1905 616 2080 672 quam
2105 615 2171 654 ex
2193 599 2364 654 rebus
2384 598 2793 654 ecclesiasticis
2824 599 3231 672 prOpellentes,
3266 601 3374 658 hoc
3404 601 3548 658 ulte-

1905 688 2028 744 rius
2061 687 2183 743 ﬁeri
2216 687 2558 743 auctoritate
2590 686 2906 758 apostolica
2937 688 3338 761 prohibemus.

1978 777 2151 833 Porro
2182 793 2540 848 quaecunque
2597 775 2804 832 altaria
2862 777 2947 831 vel
2980 777 3236 834 decimas
3275 779 3346 835 ab
3377 780 3548 837 annis

1904 866 2147 938 triginta
2177 870 2232 920 et
2263 883 2442 937 supra
2472 865 2582 920 sub
2613 865 2950 935 hujusmodi
3003 867 3396 939 redemptione
3424 885 3546 924 mo-

1907 955 2229 1010 nasterium
2261 959 2520 1009 vestrum
2553 954 2884 1024 possedisse
2931 957 3320 1027 cognoscitur,
3355 957 3550 1028 quiete

1907 1042 2180 1115 deinceps
2212 1047 2268 1098 et
2299 1041 2426 1098 sine
2459 1042 2728 1098 molestia
2757 1043 3018 1114 qualibet
3039 1045 3202 1100 vobis
3223 1045 3550 1118 vestrisque

1908 1131 2347 1187 successoribus
2379 1131 2731 1203 possidenda
2763 1132 3106 1198 firmamus;
3141 1132 3299 1188 salvo
3347 1135 3550 1207 utique

1907 1221 2314 1292 episcoporum
2346 1235 2523 1276 censu
2556 1237 2708 1275 anno
2761 1236 2935 1290 quem
2994 1237 3061 1275 ex
3119 1220 3210 1277 his
3267 1221 3550 1279 hactenus

1907 1308 2259 1362 habuerunt.
2311 1307 2625 1362 Ecclesiam
2677 1307 2945 1362 videlicet
3001 1310 3070 1362 de
3131 1309 3444 1366 Stenkerca
3492 1313 3550 1366 in

1908 1397 2268 1452 Taruancnsi
2294 1395 2590 1468 parochia,
2615 1396 2918 1452 ecclesiam
2944 1398 3012 1451 de
3037 1397 3359 1471 Gueninga,
3378 1399 3555 1456 eccle-

1908 1487 2057 1541 siam
2111 1487 2180 1540 de
2233 1485 2532 1557 Brogurgh
2591 1502 2723 1540 cum
2784 1486 3021 1558 capellis
3061 1487 3206 1554 suis,
3249 1488 3551 1546 ecclesiam

1907 1578 2128 1630 Sanctae
2161 1576 2517 1646 Margaretaz,
2542 1576 2736 1630 Sancti
2769 1575 3030 1641 Joannis,
3059 1576 3254 1631 Sancti
3297 1578 3551 1645 Martini,

1909 1663 2215 1718 ecclesiam
2241 1663 2311 1718 de
2336 1663 2684 1731 Pitaruasse,
2709 1665 2778 1718 de
2806 1665 3196 1735 Longanessa,
3221 1666 3293 1721 de
3320 1667 3554 1736 Gisnes,

149 1754 364 1809 strictae
392 1752 604 1810 ultioni
629 1755 948 1824 subiaceat.
973 1756 1208 1811 Cunctis
1237 1765 1428 1855 autem
1452 1756 1639 1812 eidem
1674 1757 1798 1813 loco
1830 1790 1878 1855 B
1911 1752 2000 1855 de‘
2037 1751 2496 1855 Pnopari‘ngerhem
2555 1769 2685 1855 cum
2715 1751 2874 1855 “ipsa
2916 1752 3073 1855 villa,
3114 1754 3198 1855 (de
3252 1756 3450 1824 Arcas,
3485 1757 3555 1855 de

143 1842 307 1912 justa
334 1843 817 1906 servantibus.sit
833 1861 943 1914 pax
966 1844 1191 1899 Domini
1213 1843 1544 1900 nostriJesu
1563 1845 1795 1912 Christi,

151 1935 447 2002 quatenus
486 1935 543 1985 et
575 1931 670 1986 hic
693 1931 944 1987 fructum
980 1933 1142 1988 bona:
1169 1933 1414 1988 actionis
1455 1933 1797 2005 percipiant,

149 2024 206 2074 et
237 2019 391 2090 apud
436 2018 770 2074 districtum
811 2021 1070 2091 judicem
1119 2022 1358 2092 praemia
1385 2026 1610 2076 aeternae
1642 2023 1800 2094 pacis

150 2105 470 2162 inveniant.
489 2110 696 2174 Amen,
730 2124 926 2173 amen,
960 2125 1153 2163 amen.

225 2197 433 2250 Datum
465 2195 718 2251 Turonis
751 2213 853 2268 per
884 2213 1122 2252 manum
1155 2197 1424 2266 Joannis,
1459 2215 1636 2254 sacrze
1691 2199 1801 2254 Ro-

152 2300 338 2339 manae
371 2282 638 2338 Ecclesiae
673 2283 900 2339 diaconi
940 2284 1184 2352 cardin.,
1208 2302 1286 2341 χιι
1319 2285 1563 2342 Kalend.
1596 2287 1802 2360 April.,

152 2373 356 2427 indict.
383 2387 458 2438 ιν,
485 2388 639 2427 anno
685 2371 996 2427 Dominica:
1039 2373 1326 2430 lncarnat~
1374 2375 1532 2440 4096,
1567 2377 1800 2447 pontifi-

152 2466 321 2516 catus
344 2466 537 2516 autem
564 2461 761 2516 domni
790 2461 1004 2516 Urbani
1030 2461 1071 2517 ll
1108 2480 1269 2536 papa;
1301 2481 1452 2520 anno
1483 2482 1560 2520 1x.

835 2621 1087 2676 CLXXXI
1099 2664 1110 2676 .

165 2723 409 2781 Urbanus
461 2727 508 2780 ΙΙ
561 2726 850 2794 conﬁrmat
901 2727 1140 2784 abbath
1188 2729 1242 2782 S.
1278 2729 1490 2783 Bertini
1532 2729 1716 2784 ordini
1745 2731 1800 2787 S.

233 2795 508 2880 Benaiicti
540 2797 960 2868 Amlomaropoli
1020 2801 1208 2854 omnia
1241 2800 1446 2855 altaria
1493 2816 1594 2856 sua
1644 2811 1806 2874 alque

232 2882 614 2938 possessiones.

785 2974 968 3040 (Anno
1002 2976 1182 3047 1096.)

460 3095 754 3170 [Μιιυευω
790 3099 944 3169 0pp.,
978 3099 1225 3171 diplom,
1261 3101 1357 3167 ΙΙΙ,
1388 3103 1503 3173 21.]

233 3257 511 3310 υιωλκυε
541 3255 870 3328 episcopus,
897 3275 1096 3313 servus
1118 3276 1412 3315 servorum
1449 3260 1548 3316 Dei
1570 3261 1803 3330 dilecto,

161 3341 277 3397 ﬁlio
292 3343 616 3411 LAIBEBTO,
638 3345 832 3399 abbati
854 3347 1191 3401 monasterii
1217 3349 1482 3404 confesso
1492 3350 1570 3404 ris
1587 3349 1800 3407 Christi

158 3430 436 3501 Bertiniej
448 3435 1083 3504 usquesucccssoribus
1099 3436 1806 3508 regularitersubstitucn-

159 3520 249 3573 dis
280 3521 337 3574 in
357 3526 724 3592 perpetuum.

230 3607 342 3662 Piae
375 3608 692 3680 postulatio
741 3610 1054 3666 voluntatis
1111 3612 1316 3668 effectu
1377 3615 1546 3671 debet
1606 3635 1800 3688 prose-

160 3701 376 3768 quente
405 3698 706 3770 compleri,
741 3705 1034 3770 quatenus
1065 3705 1122 3755 et
1147 3701 1468 3758 devotionis
1500 3704 1802 3762 sinceritas

162 3784 532 3842 laudabiliter
560 3787 840 3842 enitescat
869 3791 924 3841 et
956 3787 1182 3843 utilitas
1202 3790 1496 3861 postulata
1533 3795 1683 3849 vires
1713 3795 1799 3850 in-

159 3874 496 3930 dubitanter
515 3881 799 3932 assumat.

234 3964 381 4028 Quia
419 3964 596 4036 igitur
635 3964 864 4020 dilectio
896 3969 998 4020 tua
1021 3966 1091 4021 ad
1127 3967 1280 4022 sedis
1312 3969 1637 4041 apostolica:
1670 3989 1800 4044 por-

159 4056 287 4107 tum
352 4051 695 4124 confugiens
755 4054 883 4124 ejus
941 4055 1248 4112 tuitionem
1279 4057 1580 4114 devotione
1611 4059 1805 4117 debita

159 4140 483 4212 requisivit,
519 4158 625 4197 nos
656 4142 1064 4214 supplicationi
1101 4148 1212 4200 tua:
1244 4145 1560 4203 clementer
1587 4149 1799 4204 annui-

158 4233 384 4296 mus,et
408 4229 565 4286 Beati
595 4231 808 4286 Bertini
840 4232 1190 4288 confessoris
1210 4235 1651 4303 monasterium,
1684 4237 1797 4304 cui,

155 4321 270 4372 Deo
298 4322 554 4384 auctore,
584 4318 879 4390 praesides,
911 4321 1066 4391 quod
1088 4320 1351 4378 videlicet
1380 4325 1798 4382 monasterium

153 4405 312 4460 idem
335 4405 637 4462 B.Bertini
662 4408 718 4462 in
762 4408 1039 4464 honorem
1080 4410 1180 4465 SS.
1219 4411 1614 4482 apostolorum
1650 4413 1799 4469 Petri

1908 1839 2160 1908 Arbclla,
2209 1841 2281 1894 de
2339 1840 2528 1907 Coiea,
2581 1841 2650 1894 de
2710 1841 2931 1907 lielein,
2992 1841 3063 1896 de
3111 1842 3426 1912 Gueserna,
3485 1846 3555 1900 de

1907 1929 2159 1999 Aquina,
2193 1930 2263 1983 de
2294 1928 2638 1996 Bofrichem,
2673 1930 2743 1983 de
2782 1931 3011 2000 Scasas,
3043 1930 3116 1985 de
3145 1931 3392 2003 Huncla,
3420 1950 3554 1989 cum

1911 2019 2062 2074 villis
2095 2035 2320 2088 earum,
2354 2017 2654 2072 ecclesiam
2691 2019 2762 2072 de
2792 2019 3314 2076 Turboteshem.In
3346 2021 3554 2078 Novio-

1911 2107 2098 2163 mensi
2131 2106 2405 2180 parochia
2436 2106 2741 2161 ecclesiam
2770 2108 2838 2160 de
2869 2107 3170 2176 Calmunt;
3206 2109 3263 2164 in
3317 2110 3553 2169 Torme-

1911 2195 2068 2251 censi
2120 2195 2428 2250 ecclesiam
2475 2195 2544 2250 de
2578 2194 2934 2262 Rukeshcm,
2998 2196 3068 2251 de
3125 2197 3554 2272 Hetlingehem,

1911 2285 1982 2338 de
2040 2282 2495 2348 Huminkehem,
2539 2282 2608 2336 de
2665 2283 3052 2339 Gueskercke.
3104 2289 3169 2339 In
3228 2287 3554 2347 Coloniensi

1911 2371 2189 2444 parochia
2205 2369 2507 2426 ecclesiam
2541 2371 2611 2425 de
2642 2370 2918 2438 Frekena,
2947 2372 3017 2426 de
3049 2372 3453 2448 Guildesdorp.
3489 2381 3554 2435 In

1913 2459 2244 2517 Belvacensi
2273 2465 2486 2514 terram
2528 2459 2810 2515 Huboisin
2843 2460 3080 2530 dictam,
3114 2479 3247 2518 cum
3279 2467 3556 2523 omnibus

1913 2550 2281 2624 pertinentiis
2313 2565 2536 2615 earum,
2560 2565 2661 2604 seu
2689 2549 3051 2620 appendiciis
3081 2567 3302 2608 earum.

1986 2639 2363 2695 Decernimus
2414 2638 2610 2708 itaque
2642 2641 2704 2692 ut
2753 2635 2895 2692 nulli
2949 2640 3188 2696 omnino
3244 2641 3550 2700 hominum

1914 2729 2087 2784 liceat
2141 2731 2398 2782 vestrum
2459 2725 2786 2780 cmnobium
2819 2729 3036 2782 temere
3062 2730 3404 2798 perturbare
3453 2738 3554 2789 aut

1913 2818 2042 2888 ejus
2089 2814 2489 2887 possessiones
2565 2813 2791 2869 auferre
2857 2814 2944 2869 vel
2991 2815 3215 2873 ablatas
3282 2820 3553 2890 retinere,

1914 2905 2001 2960 vel
2061 2903 2386 2959 temerariis
2443 2902 2843 2958 vexationibus
2901 2903 3166 2976 fatigare,
3199 2909 3299 2964 sed
3356 2911 3557 2968 omnia

1916 2995 2146 3064 integra
2173 2996 2818 3060 conserventur,eorum
2841 3009 2945 3065 pro
2967 3009 3220 3064 quorum
3263 3002 3553 3055 sustenta-

1914 3083 2072 3138 tione
2107 3099 2172 3136 ac
2199 3079 2621 3152 gubernatione
2653 3097 2932 3135 concessa
2961 3087 3099 3137 sunt
3130 3084 3335 3142 usibus
3365 3091 3556 3144 omni-

1834 3153 1876 3218 C
1915 3171 2106 3228 modis
2131 3169 2436 3242 profutura
2466 3167 2645 3236 ;salva
2667 3169 2945 3224 canonica
2976 3171 3231 3244 episcopi
3264 3174 3554 3234 Morinen-

1912 3263 1995 3317 sis
2023 3259 2361 3316 reverentia.

1983 3349 2244 3404 Obeuute
2304 3351 2360 3401 te
2419 3363 2573 3400 nunc
2603 3346 2729 3416 ejus
2761 3345 2871 3400 loci
2931 3347 3138 3402 abbate
3179 3349 3286 3417 vel,
3319 3356 3553 3409 tuorum

1911 3438 2616 3510 quolibetsuccessorum,
2644 3433 2842 3489 nullus
2863 3435 3553 3514 ibiqualibetsubreptio-

1913 3528 2005 3582 nis
2028 3526 2241 3581 astutia
2262 3528 2638 3597 proponatur,
2665 3523 2774 3579 nisi
2809 3541 2983 3596 quem
3014 3525 3238 3594 fratres,
3259 3532 3556 3587 communi

1911 3631 2200 3672 consensu
2240 3613 2324 3669 vel
2372 3615 2618 3668 fratrum
2642 3629 2776 3684 pars
2809 3613 3036 3669 consilii
3068 3615 3316 3673 sanioris
3347 3636 3552 3676 secun-

1913 3706 2055 3760 dum
2088 3705 2186 3760 Dei
2219 3703 2486 3758 timorem
2519 3707 2576 3757 et
2607 3702 2759 3756 beati
2821 3702 3112 3758 Benedicti
3155 3706 3416 3778 regulam
3449 3709 3558 3766 ele-

1911 3792 2255 3867 gerint.Vos
2295 3791 2497 3864 igi‘ur,
2522 3791 2624 3844 filii
2672 3791 2728 3844 in
2760 3790 2986 3847 Christo
3016 3791 3234 3859 dilecti,
3268 3795 3368 3850 Dei
3401 3815 3555 3853 sem-

1911 3900 2014 3955 per
2043 3882 2313 3937 timorem
2344 3884 2401 3934 ct
2429 3895 2687 3935 amorem
2723 3877 2781 3932 in
2806 3879 3080 3934 cordibus
3111 3882 3318 3936 vestris
3340 3883 3554 3942 habere

1911 3970 2178 4042 satagite,
2205 3973 2267 4022 ut
2297 3971 2516 4039 quanto
2550 3985 2583 4020 a
2614 3965 2988 4021 smcularibus
3018 3968 3373 4026 tumultibus
3405 3971 3554 4028 libe-

1912 4059 2092 4114 riores
2111 4057 2272 4124 estis,
2292 4060 2452 4110 tanto
2497 4053 2753 4126 amplius
2774 4053 2998 4125 placere
3045 4057 3154 4110 Deo
3186 4057 3364 4113 totius
3397 4077 3554 4117 men—

1910 4147 1988 4203 tis
2035 4151 2092 4201 et
2120 4144 2327 4201 anima:
2372 4142 2689 4198 virtutibus
2719 4141 3024 4197 anheletis.
3056 4145 3111 4198 Si
3146 4162 3264 4216 qua
3310 4164 3450 4204 sane
3493 4150 3552 4206 in

1911 4237 2233 4293 crastinum
2263 4231 2652 4288 ecclesiastica
2683 4231 3048 4288 saecularisve
3097 4250 3345 4306 persona
3374 4238 3552 4311 hujus

1910 4324 2194 4399 privilegii
2217 4323 2493 4396 paginam
2528 4323 2739 4389 sciens,
2760 4328 2963 4378 contra
2983 4340 3111 4379 eam
3127 4330 3344 4383 temere
3361 4329 3553 4385 venire

1907 4414 2234 4481 tentaverit,
2293 4413 2547 4468 secundo
2597 4411 2833 4466 tertiove
2893 4415 3272 4484 commonita,
3329 4417 3377 4472 si
3436 4435 3552 4475 non

152 4499 209 4549 et
255 4493 419 4550 Pauli
462 4495 736 4551 fundasse
767 4496 1162 4569 cognoscitur,
1187 4502 1242 4553 et
1271 4499 1467 4554 omnia
1498 4500 1569 4554 ad
1603 4499 1797 4571 ipsum
1832 4513 1877 4576 ι)
1908 4502 2306 4560 satisfactione
2328 4517 2585 4572 congrua
2600 4500 3014 4569 emendaverit,
3041 4505 3346 4574 potestatis
3379 4505 3555 4563 hono-

151 4581 510 4654 pertinentia
539 4583 649 4637 sub
682 4583 864 4640 tutela
894 4584 1230 4656 apostolica:
1261 4585 1416 4642 sedis
1449 4587 1794 4660 excipimus.

148 4669 260 4726 Per
284 4670 591 4740 presentis
625 4670 801 4743 igitur
831 4672 1114 4746 privilegii
1155 4674 1424 4746 paginam
1475 4677 1802 4748 apostolica

148 4759 498 4814 auctoritate
529 4759 845 4815 statuimus
878 4765 941 4815 ut
963 4778 1324 4834 quaecunque
1343 4763 1510 4820 hodie
1541 4771 1800 4823 vestrum

148 4845 483 4902 camobium
510 4848 674 4919 juste
705 4849 986 4920 possidet,
1013 4851 1134 4906 sive
1174 4851 1231 4906 in
1273 4852 1534 4908 futurum
1569 4871 1802 4911 conces-

146 4935 315 4990 sione
327 4936 668 5006 pontiﬁcum
680 4979 692 5002 ,
712 4936 1055 4994 liberalitate
1075 4939 1402 5012 principum
1416 4942 1501 4997 vel
1514 4943 1802 5000 oblatione

145 5023 413 5079 ﬁdelium
435 5025 597 5095 juste
621 5030 794 5097 atque
817 5028 1092 5083 canonice
1113 5029 1324 5100 poterit
1347 5030 1589 5103 adipisci
1633 5033 1802 5090 firma

147 5112 260 5166 tibi
291 5111 525 5184 tuisque
556 5115 996 5172 successoribus
1028 5121 1085 5171 et
1125 5115 1348 5172 illibata
1397 5126 1797 5190 permaneant.

143 5200 438 5263 Quoniam
495 5219 630 5258 vero
685 5203 925 5274 quidam
986 5204 1327 5262 Simoniacze
1377 5208 1679 5279 pravitatis
1709 5228 1800 5267 ra-

145 5305 284 5344 mus
306 5289 364 5344 in
388 5289 713 5346 Galliarum
735 5292 1001 5363 partibus
1030 5295 1157 5364 jam
1181 5292 1404 5352 diutius
1435 5296 1702 5368 adolevit,
1737 5305 1803 5357 ut

144 5377 405 5434 ecclesiae
438 5395 565 5450 quae
619 5379 843 5453 vulgari
901 5383 1182 5438 vocabulo
1241 5385 1395 5457 apud
1445 5402 1546 5441 vos
1594 5388 1802 5445 altaria

144 5470 585 5544 nuncupantur,
600 5469 974 5527 monasteriis
1001 5471 1151 5527 datas
1170 5472 1384 5545 saepius
1406 5473 1476 5529 ab
1509 5474 1799 5551 episcopis

142 5555 252 5615 sub
275 5553 518 5630 palliata
552 5557 794 5618 avaritia
825 5561 1211 5630 venundetur,
1228 5561 1474 5622 mortuis
1511 5563 1796 5631 nimirum

1909 4592 2106 4662 risque
2128 4590 2218 4647 sui
2241 4589 2525 4660 dignitate
2550 4593 3064 4661 careat,reamque
3096 4609 3156 4647 se
3179 4593 3375 4650 divino
3395 4595 3554 4666 judi-

1910 4680 1998 4736 cio
2031 4681 2273 4735 existere
2301 4679 2371 4733 de
2402 4683 2730 4750 perpetrata
2777 4677 3082 4750 iniquitate
3140 4688 3470 4753 cognoscat,
3495 4689 3553 4740 et

1912 4785 1945 4823 a
1975 4767 2376 4824 sacratissimo
2406 4783 2644 4838 corpore
2675 4781 2740 4820 ac
2771 4767 3056 4839 sanguine
3086 4767 3185 4822 Dei
3219 4774 3273 4823 et
3319 4771 3550 4828 Domini

1912 4856 2316 4929 Redemptoris
2346 4856 2527 4911 nostri
2562 4857 2698 4911 Jesu
2731 4854 2941 4910 Christi
2975 4855 3164 4911 aliena
3221 4857 3341 4925 fiat,
3373 4864 3549 4932 atque

1911 4946 1971 5001 in
2021 4952 2276 5000 extremo
2333 4945 2597 4999 examine
2653 4945 2929 5000 districtze
2990 4944 3194 5001 ultioni
3228 4946 3545 5017 subjaceat.

1909 5033 2147 5090 Cunctis
2205 5038 2398 5088 autem
2448 5033 2635 5089 cidem
2694 5032 2819 5088 loco
2841 5035 3006 5105 justa
3064 5034 3433 5091 servantibus
3475 5038 3552 5094 sit

1909 5141 2023 5197 pax
2052 5122 2284 5178 Domini
2315 5121 2495 5178 nostri
2551 5122 2689 5177 Jesu
2743 5121 2978 5190 Christi,
3012 5128 3302 5195 quatenus
3350 5130 3408 5181 et
3457 5126 3549 5183 hic

1911 5213 2165 5268 fructum
2199 5212 2360 5266 bona:
2393 5210 2637 5267 actionis
2668 5211 3008 5283 percipiant,
3043 5217 3099 5268 et
3145 5215 3300 5286 apud
3347 5215 3549 5271 distri-

1909 5305 2068 5358 ctum
2119 5298 2376 5372 judicem
2427 5299 2664 5371 praemia
2721 5303 2946 5354 aeternae
3005 5301 3164 5372 pacis
3231 5303 3542 5364 inveniant.

1907 5392 2113 5445 Amen.

1979 5479 2191 5534 Datum
2219 5476 2470 5534 Turonis
2492 5493 2594 5549 per
2627 5493 2867 5532 manum
2893 5477 3156 5549 Joannis,
3183 5480 3238 5536 S.
3275 5482 3547 5539 Romana:

1909 5566 2172 5634 Ecclesiae
2213 5567 2442 5628 diaconi
2481 5564 2816 5638 cardinalis,
2844 5583 2900 5626 ix
2925 5567 3048 5628 Kal.
3080 5569 3318 5648 Aprilis,
3343 5570 3544 5637 indict.
