4004 6162
418 258 565 316 (4δό

1740 259 1808 323 Β.
1856 258 2154 325 UHBANI
2197 264 2246 326 ll
2293 264 2548 329 ΡΑΡιΕ.

3718 268 3840 333 456

450 405 527 458 ιν,
551 406 707 461 anno
739 390 1049 459 Dominicis
1072 393 1494 455 Incarnationis
1516 395 1672 467 1096,
1711 394 2086 466 pontificatus
2114 399 2172 469 Α
2200 397 2338 455 Jesu
2360 398 2591 468 Christi,
2608 403 2894 472 quatenus
2917 404 2973 458 et
2995 398 3088 459 hic
3110 401 3369 461 fructum
3398 402 3561 458 bonae
3582 402 3839 461 actionis

450 482 645 537 autem
668 480 891 551 domini
926 481 1142 539 Urbani
1174 482 1223 537 Il
1254 500 1412 553 papae
1444 500 1541 539 vn.

484 624 487 627 .
1117 570 1426 628 CLXXXII.

550 658 912 731 Privilegiu-m
944 659 1148 715 Urbani
1178 660 1225 712 Il
1247 674 1349 729 pro
1377 658 1716 719 Marbat'ensi
1736 660 1977 717 ecclesia.

1062 747 1249 817 (Anno
1283 746 1462 819 1096).

478 887 489 894 _
751 834 913 903 [GalL
948 834 1149 899 Christ.
1182 849 1329 902 nov.,
1361 838 1403 890 t.
1436 835 1503 904 V,
1536 853 1593 908 p.
1628 837 1773 907 474.]

474 972 479 977 .
508 919 784 991 Uaeanus
799 920 1131 993 episcopus,
1154 938 1357 979 servus
1391 939 1694 980 servorum
1716 923 1837 991 Dei,
1856 924 2083 982 dilectis

440 1008 577 1065 ﬁliis
610 1007 666 1065 in
700 1008 1062 1069 Marbacensi
1094 1009 1341 1067 ecclesia
1370 1012 1709 1069 canonicam
1739 1013 1917 1068 vitam
1948 1031 2082 1086 pro-

435 1095 631 1165 fessis,
665 1112 987 1169 eorumque
1014 1099 1454 1156 successoribus
1482 1101 1541 1155 in
1569 1102 1774 1159 eadem
1804 1101 2082 1176 religione

439 1185 840 1257 permansuris
872 1186 927 1240 in
962 1193 1329 1261 perpetuum.

507 1271 819 1349 Religiosis
848 1275 1157 1333 desideriis
1189 1277 1432 1350 dignum
1462 1282 1553 1334 est
1583 1278 2079 1352 facilempraabere

429 1379 810 1430 consensum,
846 1367 912 1419 ut
940 1364 1131 1421 ﬁdelis
1187 1366 1415 1424 devotio
1468 1366 1756 1424 celebrem
1800 1367 2080 1425 sortiatur

426 1451 720 1509 effectum.
752 1452 1001 1509 Proinde
1058 1470 1166 1511 nos
1223 1454 1432 1512 vestris
1463 1472 1565 1528 per
1594 1455 1938 1514 familiarem
1971 1475 2071 1514 no-

425 1542 639 1613 strum,
672 1545 932 1597 vestrum
971 1546 1165 1599 autem
1225 1543 1603 1615 praepositum
1659 1544 2071 1618 Manegaldum

422 1628 698 1699 precibus
729 1634 1077 1696 annuentes,
1124 1635 1241 1685 tam
1274 1648 1375 1686 vos
1407 1648 1584 1704 quam
1630 1637 1822 1690 vestra
1872 1635 2071 1690 omnia

421 1717 530 1779 sub
549 1716 793 1793 tuitione
816 1716 1145 1790 apostolicae
1177 1718 1332 1775 sedis
1362 1720 1704 1793 excipimus,
1740 1725 1796 1779 et
1824 1740 2071 1794 prasen-

420 1804 497 1863 tis
528 1804 809 1879 privilegii
837 1806 1185 1879 auctoritate
1217 1808 1539 1864 munimus.
1563 1810 1888 1867 Statuimus
1909 1811 2065 1867 enim

420 1898 485 1969 ut
515 1892 733 1953 nemini
767 1893 921 1951 inter
966 1912 1067 1950 vos
1087 1896 1449 1966 professione
1479 1898 1736 1954 exhibita
1764 1899 2065 1972 propri-um

418 1981 558 2052 quid
590 1981 826 2049 habere,
860 1999 964 2040 nec
996 1984 1124 2039 sine
1154 1986 1451 2058 prmpositi
1485 1990 1586 2042 aut
1617 1986 1742 2043 sine
1768 1988 2067 2055 communi

417 2071 886 2148 congregationis
915 2071 1153 2128 licentia
1182 2073 1253 2128 de
1282 2072 1559 2132 claustris
1598 2076 1892 2134 discedere
1921 2076 2063 2135 libe-

418 2176 551 2233 rum
572 2159 668 2225 sit.
695 2159 856 2227 Quod
876 2160 923 2215 si
953 2160 1295 2217 discesserit
1324 2168 1380 2218 et
1411 2163 1599 2221 redire
1626 2168 2062 2240 contempserit,

416 2246 467 2305 ei
485 2248 730 2323 ejusque
749 2249 1187 2309 successoribus
1215 2251 1463 2307 facultas
1490 2253 1865 2324 sitejusmodi
1889 2255 2062 2311 ubili-

415 2336 512 2393 bet
539 2353 579 2395 a,
597 2337 723 2403 suis
745 2336 956 2393 ofﬁciis
976 2337 1343 2406 interdicere,
1358 2339 1734 2399 interdictum
1756 2360 1889 2399 vero
1909 2344 2062 2417 epis-

415 2441 701 2498 coporum.
716 2425 809 2483 vel
827 2424 1106 2483 abbatum
1132 2426 1257 2484 sine
1280 2429 1408 2499 ejus
1428 2446 1715 2487 consensu
1741 2431 1938 2488 nullus
1961 2433 2060 2488 ab-

413 2512 621 2571 solvat.
654 2514 939 2591 Prmterea
963 2531 1066 2587 per
1094 2518 1398 2588 praesentis
1443 2518 1731 2595 privilegii
1786 2516 2061 2595 paginam

412 2599 733 2674 apostolica
760 2604 1103 2667 auctoritate
1132 2606 1469 2677 statuimus,
1495 2612 1562 2663 ut
1580 2624 1941 2683 quaecunque
1961 2612 2061 2669 ho-

411 2689 505 2747 die
534 2695 727 2749 vestra
755 2691 1003 2749 ecclesia
1030 2694 1192 2764 juste
1222 2695 1502 2766 possidet,
1526 2696 1646 2753 sive
1676 2697 1735 2753 in
1792 2698 2057 2756 futurum

411 2780 797 2858 concessione.
836 2781 1203 2853 pontificum,
1227 2782 1575 2841 liberalitate
1607 2785 1941 2858 principum
1970 2789 2058 2845 vel

412 2855 714 2929 oblatione
736 2868 995 2927 lidelium
1018 2870 1154 2942 jure
1185 2875 1357 2944 atque
1389 2855 1662 2929 canonice
1691 2855 1904 2949 poterit
1932 2878 2056 2932 adi-

407 2956 573 3029 pisci,
592 2957 763 3013 firma
777 2957 942 3015 vobis
954 2958 1281 3028 vestrisque
1297 2962 1810 3020 successoribuset
1835 2962 2057 3022 illibata

410 3050 809 3117 permaneant.
829 3047 1129 3103 Decernim
1140 3065 1206 3104 us
1221 3064 1357 3122 ergo
1372 3053 1439 3105 ut
1453 3048 1596 3106 nulli
1621 3052 1859 3109 omnino
1872 3053 2054 3110 homi-

2100 1764 2148 1830 Β

2204 487 2544 560 percipiant,
2577 493 2636 544 et
2690 491 2845 562 apud
2905 491 3236 549 districtum
3284 491 3546 564 judicem
3598 493 3841 564 premis

2198 579 2423 632 aaternzs
2448 576 2605 650 pacis
2636 578 2952 637 inveniant.
2983 582 3190 647 Amen,
3221 597 3415 648 amen,
3449 596 3642 639 amen.

2269 664 2479 720 Datum
2510 667 2762 723 Turonis
2794 684 2896 740 per
2924 685 3165 724 manum
3194 668 3458 737 Joannis,
3485 672 3698 726 sanctae
3720 669 3834 728 Ro-

2196 768 2385 809 manae
2439 752 2708 811 Ecclesiae
2762 756 2990 812 diaconi
3022 755 3356 826 cardinalis,
3388 774 3445 812 1x
3476 755 3596 814 Kal.
3626 757 3837 831 April.,

2194 840 2397 908 indict,
2435 859 2511 911 ιν,
2544 859 2696 900 anno
2718 844 3032 903 Dominicis
3050 844 3473 905 Incarnationis
3492 844 3663 914 409.6,,
3684 862 3836 920 pon-

2194 928 2451 987 tificatus
2478 935 2673 988 autem
2704 932 2904 988 domni
2936 932 3150 989 Urbani
3180 933 3227 990 II
3258 950 3420 1007 papae
3448 951 3519 990 ix.

2831 1056 3171 1112 CLXXXIII.

2334 1144 2579 1200 Urbanus
2610 1146 2661 1201 Il
2683 1148 3003 1219 monasterii
3034 1144 3362 1202 Corbeiensis
3392 1147 3689 1219 priuilegia

2839 1217 3147 1286 conlinunt.

2799 1307 2989 1373 (Anno
3021 1305 3205 1376 1096.)

2484 1394 2775 1463 [MAEILL.,
2800 1394 3001 1450 Annal.
3036 1394 3234 1452 Bened.
3266 1393 3335 1462 V,
3365 1394 3511 1463 372.]

2830 1500 3154 1556 CLXXXIV.

2180 1588 2202 1609 ⁶
2234 1588 2488 1656 Gerardo,
2519 1605 2655 1645 novo
2704 1589 2889 1645 abbati
2917 1591 3237 1646 monasterii
3262 1589 3321 1645 S.
3351 1589 3530 1645 Mauri
3581 1590 3823 1649 Glanna-

2266 1664 2517 1733 foliensis
2543 1683 2570 1711 ‹‹
2605 1662 3009 1732 amplissimum
3034 1661 3391 1733 privilegium
3418 1661 3672 1729 malit.
3709 1684 3740 1715 ›ι

2550 1760 2561 1773 ‘
2799 1750 2987 1821 (Anno
3018 1751 3198 1821 1096.)

2442 1839 2529 1912 [D.
2565 1838 2844 1907 Rumm'r,
2884 1840 3001 1894 Vita
3035 1838 3259 1908 Urbani,
3292 1856 3349 1911 p.
3379 1840 3534 1911 25,4.)

2843 1962 3143 2019 CLXXXV.

2174 2055 2236 2108 In
2284 2052 2515 2108 concilio
2545 2052 2843 2107 Turonensi
2895 2053 3321 2108 controversiam
3365 2054 3509 2108 inter
3533 2053 3823 2109 canonicos

2246 2124 2299 2179 S.
2336 2124 2573 2178 Martini
2599 2130 2649 2177 et
2693 2123 2983 2177 monachos
3037 2126 3497 2195 Cormariacenses
3547 2126 3820 2195 componit

2249 2195 2519 2260 Urbanus,
2551 2196 2816 2267 sententia
2846 2193 3141 2267 secundum
3186 2198 3473 2267 canonicos
3502 2195 3627 2267 flata
3657 2193 3676 2250 ἱ
3705 2211 3817 2267 qua

2241 2267 2432 2321 statuit
2474 2273 2538 2337 ut
2592 2264 2807 2337 abbates
2845 2264 3326 2337 Acormeriacenses
3357 2265 3608 2337 baculum
3631 2264 3817 2337 pasto»

2243 2337 2414 2391 ralem
2462 2336 2527 2390 de
2554 2336 2800 2406 sepulcro
2829 2334 2885 2389 S.
2917 2334 3164 2403 Martini,
3197 2338 3479 2390 communi
3524 2334 3720 2392 decani
3763 2345 3819 2391 et

2239 2407 2471 2479 capituli
2481 2406 2643 2477 jussu
2671 2410 2911 2460 sumant.

2779 2494 2967 2565 (Anno
2999 2494 3182 2565 1096.)

2593 2584 2825 2651 [Massa
2851 2582 3054 2639 Concil.
3088 2583 3201 2651 ΧΧ,
3232 2583 3381 2654 926.]

2238 2673 2514 2729 ΗιιΒΑΝυε
2545 2672 2877 2745 episcopus,
2911 2689 3113 2728 servus
3137 2688 3435 2728 servorum
3470 2671 3592 2745 Dei.

2238 2778 2541 2846 Querelam
2620 2778 2692 2834 de
2747 2777 3173 2835 Cormaricensi
3217 2778 3476 2836 ccenobio
3531 2778 3685 2836 inter
3741 2779 3807 2847 B.

2166 2867 2399 2925 Martini
2432 2867 2743 2924 canonicos
2776 2872 2833 2923 et
2875 2866 3036 2922 illius
3066 2866 3173 2922 loci
3221 2867 3538 2929 monachos
3583 2866 3809 2925 diutius

2165 2955 2734 3030 agitatam,qualiter
2754 2955 2811 3010 in
2836 2959 3149 3028 conspectu
3175 2959 3397 3024 nostro,
3426 2955 3812 3028 archiepisco-

2162 3062 2371 3118 porum
2400 3044 2797 3117 abbatumque
2806 3044 3032 3116 judicio
3053 3044 3294 3100 definita
3314 3043 3391 3099 sit
3417 3044 3492 3099 ad
3508 3047 3807 3100 utrorum-

405 3151 438 3187 ιι
446 3149 545 3198 um
562 3132 733 3193 liceat
745 3136 1011 3191 eamdem
1026 3135 1342 3194 Ecclesiam
1357 3142 1573 3195 temere
1586 3141 2055 3213 pcrturbare,aut

2175 3149 2278 3206 que
2321 3132 2577 3205 quietem
2602 3136 2961 3205 perpetuam,
2977 3136 3188 3188 nostra:
3204 3132 3566 3193 auctoritatis
3593 3132 3807 3189 litteris

405 3222 536 3293 ejus
568 3223 970 3294 possessiones
1001 3226 1250 3294 auferre,
1273 3225 1362 3281 vel
1394 3225 1618 3283 ablatas
1650 3229 1917 3299 retinere,
1948 3233 2052 3286 mi-

407 3324 605 3377 nuere,
639 3307 728 3365 vel
787 3311 1114 3367 temerariis
1167 3312 1570 3370 vexationibus
1631 3316 1908 3390 fatigare;
1949 3319 2050 3375 sed

408 3397 606 3455 omnia
664 3398 893 3471 integra
938 3406 1353 3458 conserventur
1383 3418 1606 3469 eorum,
1639 3421 1743 3476 pro
1802 3423 2050 3478 quorum

407 3487 833 3547 sustentatione
855 3490 911 3541 et
935 3489 1356 3561 gubernatione
1372 3507 1650 3549 concessa
1668 3498 1827 3561 sunt,
1844 3496 2051 3552 usibus

406 3572 760 3643 omnimodis
780 3575 1104 3646 profutura.
1123 3577 1207 3631 Ad
1232 3576 1351 3633 haec
1376 3578 1718 3650 adjicicntes
1733 3583 2051 3641 statuimus

409 3665 471 3733 ut
531 3659 729 3717 nullus
786 3662 948 3719 vobis
1005 3663 1276 3720 violentia
1337 3665 1423 3722 vel
1455 3668 1674 3725 astutia
1702 3669 1962 3741 qualibet
1990 3672 2050 3728 in

409 3748 789 3820 praepositum
819 3750 1229 3820 constituatur,
1254 3752 1365 3809 nisi
1397 3771 1571 3827 quem
1603 3756 1810 3815 fratres
1848 3776 2051 3818 omnes

405 3838 705 3895 communi
728 3841 1147 3905 consensu,vel
1169 3842 1417 3898 fratrum
1446 3861 1582 3915 pars
1604 3846 1828 3903 consilii
1857 3849 2054 3906 sanio-

406 3924 487 3982 ris
516 3928 840 3985 secundum
878 3929 974 3987 Dei
1004 3929 1276 3987 timorem
1309 3931 1656 4004 regulariter
1695 3936 2055 4007 providerint

405 4014 762 4087 eligendum;
780 4016 1260 4088 chrisma,oleum
1276 4025 1569 4093 sanctum,
1585 4026 2051 4084 consecrationes

403 4103 679 4163 altarium
714 4106 835 4163 sive
863 4106 1257 4178 basilicarum,
1287 4109 1681 4169 ordinationes
1708 4112 2051 4173 clericorum

403 4193 475 4248 ab
498 4192 769 4266 episcopo
791 4193 849 4249 in
876 4196 1047 4266 cujus
1072 4196 1306 4255 dimcesi
1337 4198 1498 4266 estis,
1524 4200 1841 4274 accipietis,
1866 4203 2049 4277 siqui-

402 4281 537 4347 dem
568 4283 817 4356 gratiam
847 4289 1023 4355 atque
1046 4287 1521 4343 communionem
1542 4291 1870 4360 apostolicae
1892 4293 2048 4350 sedis

404 4368 692 4433 habuerit,
721 4374 780 4426 et
836 4371 886 4427 si
917 4388 986 4428 ea
1013 4373 1195 4445 gratis
1227 4390 1293 4429 ac
1322 4374 1447 4431 sine
1476 4376 1756 4448 pravitate
1805 4380 2051 4438 voluerit

402 4456 695 4554 exhibere,
751 4459 1235 4554 alioquiniiceat
1264 4463 1426 4554 vobis
1471 4464 1823 4523 catholicum
1874 4486 2045 4542 quem
2080 4490 2126 4554 Ι)

402 4544 732 4619 malueritis
755 4547 912 4603 adire
930 4549 1337 4616 antistitem,et
1356 4552 1430 4607 ab
1455 4568 1520 4608 eo
1543 4557 2047 4615 consecrationum

408 4639 780 4697 sacramenta
824 4635 1139 4709 suscipere.
1174 4638 1233 4693 Si
1292 4655 1408 4711 qua
1462 4658 1603 4697 sane
1657 4644 2049 4703 ecclesiastica

401 4723 766 4787 saecularisve
814 4740 1083 4797 persona,
1143 4726 1294 4784 hanc
1356 4734 1563 4785 nostra:
1612 4733 2046 4792 constitutionis

400 4811 682 4886 paginam.
735 4814 947 4881 sciens,
1001 4821 1206 4871 contra
1272 4834 1402 4874 eam
1459 4818 1653 4875 venire
1718 4824 2045 4894 tentaverit,

400 4902 656 4961 secundo
715 4903 956 4960 tertiove
1004 4906 1381 4973 commonita,
1412 4908 1461 4962 si
1493 4924 1609 4964 non
1649 4910 2047 4970 satisfactione

401 4984 662 5063 congrua
719 4993 1136 5061 emendaverit,
1186 4996 1489 5067 potestatis
1548 4996 1903 5071 honorisque
1953 5002 2046 5057 sui

399 5080 678 5153 dignitate
698 5086 913 5147 careat,
927 5098 1206 5155 reamque
1226 5100 1287 5140 se
1308 5085 1503 5141 divino
1529 5086 1756 5157 judicio
1796 5088 2043 5147 existere

399 5168 469 5222 de
500 5174 828 5242 perpetrata
862 5169 1173 5242 iniquitate
1203 5178 1537 5245 cognoscat,
1562 5178 1620 5229 et
1647 5191 1681 5230 a
1711 5176 2041 5234 sacratissi-

402 5270 495 5311 mo
526 5272 766 5333 corpore
796 5264 853 5315 et
884 5260 1172 5332 sanguine
1199 5260 1294 5316 Dei
1338 5265 1394 5315 et
1427 5262 1652 5319 Domini
1689 5263 2037 5339 Redempto-

400 5342 481 5395 ris
504 5346 685 5399 nostri
706 5346 844 5402 Jesu
870 5347 1083 5404 Christi
1129 5347 1319 5404 aliena
1338 5349 1459 5415 fiat,
1483 5355 1658 5421 atque
1690 5352 1751 5405 in
1780 5357 2040 5412 extremo

398 5431 664 5497 examino
686 5433 960 5493 districtos
992 5437 1203 5496 ultioni
1229 5438 1557 5509 subjaceat;
1584 5440 1811 5498 cunctis
1840 5445 2039 5501 autem

397 5518 583 5617 eidem
607 5518 733 5583 loco
750 5523 919 5607 juste
944 5526 1316 5589 servantibus
1344 5526 1422 5587 sit
1449 5542 1562 5609 pax
1589 5525 1825 5595 Domini
1853 5530 2039 5595 nostri

2160 3220 2535 3296 praecipimus
2554 3221 2973 3277 adnotandum.
3003 3220 3190 3276 Lectis
3219 3221 3379 3277 enim
3406 3219 3465 3277 in
3488 3226 3799 3295 conspectu

2159 3310 2393 3383 publico
2410 3310 2472 3365 B.
2498 3309 2731 3366 Martini
2755 3308 3093 3383 privilegiis,
3121 3308 3310 3381 ipsius
3340 3308 3517 3364 etiam
3546 3308 3798 3366 cmnobii

2160 3400 2578 3467 monumentis,
2596 3397 2991 3472 patuitlocum
3025 3397 3192 3453 illum
3216 3415 3284 3454 ex
3322 3396 3668 3472 supradicta:
3700 3414 3798 3453 ec-

2158 3487 2347 3543 clesia:
2366 3488 2693 3561 stipendiis,
2710 3487 3123 3543 canonicorum
3139 3487 3401 3559 ipsorum
3415 3486 3608 3543 studio
3620 3486 3805 3542 fuisse

2158 3575 2530 3632 aedificatum.
2557 3576 2663 3642 Qui
2682 3580 2883 3648 postea
2894 3592 2997 3647 per
3012 3576 3486 3647 Andegavensem
3508 3574 3803 3642 comitem,

2159 3665 2467 3721 advocatis:
2489 3681 2589 3721 seu
2639 3663 2995 3720 defensionis
3046 3663 3367 3730 occasione,
3401 3679 3469 3718 ex
3488 3662 3802 3721 canonico-

2160 3772 2291 3810 rum
2316 3758 2599 3827 potestate
2630 3752 2897 3807 sublatus
2927 3755 3035 3807 est.
3068 3755 3145 3805 Ex
3167 3750 3596 3807 considentium
3626 3751 3814 3826 igitur

2162 3843 2409 3899 fratrum
2442 3842 2541 3913 qui
2567 3840 2874 3897 nobiscum
2907 3839 3159 3895 Turonis
3191 3839 3263 3894 ad
3293 3837 3685 3897 ecclesiastica
3709 3856 3811 3896 ne-
3872 3844 3879 3850 ’

2160 3930 2318 4004 gotia
2348 3929 2603 3985 finienda
2630 3931 3037 3997 convenerant,
3057 3926 3477 3984 deliberatione
3508 3931 3687 3999 atque
3709 3928 3811 3999 ju-

2161 4018 2331 4088 dicio,
2363 4014 2816 4074 Cormaricensis
2868 4014 3050 4071 abbas
3107 4014 3316 4083 Guido,
3350 4013 3627 4071 baculum
3686 4032 3806 4086 non

2160 4109 2423 4165 ordinate
2479 4110 2777 4179 acceptum
2812 4111 2875 4161 Β.
2910 4105 3151 4161 Martini.
3174 4104 3469 4162 canonicis
3526 4104 3801 4163 reddidit.

2159 4198 2264 4265 Qui
2309 4213 2442 4253 mox
2492 4211 2668 4268 super
2714 4195 2777 4252 B.
2820 4193 3054 4251 Martini
3085 4194 3383 4250 tumulum
3413 4195 3640 4268 positus
3665 4198 3755 4250 est
3785 4210 3801 4251 :

2158 4290 2359 4357 postea
2386 4288 2581 4340 tamen
2606 4300 2675 4339 ex
2706 4284 2909 4339 eodem
2932 4281 3159 4339 tumulo
3190 4283 3378 4339 eidem
3410 4282 3628 4350 abbati,
3662 4282 3804 4355 quia

2158 4374 2438 4448 religiosa:
2471 4370 2928 4429 conversationis
2960 4371 3304 4439 habebatur,
3336 4371 3647 4433 restitutus
3688 4376 3799 4427 est.
3826 4420 3831 4423 .

2157 4464 2441 4536 Perpetuo
2470 4460 2669 4533 itaque
2699 4461 2926 4517 decreto
2958 4465 3150 4515 ratum
3172 4476 3301 4516 esse
3330 4460 3802 4533 praecepimusne

2158 4552 2432 4624 deinceps
2464 4549 2525 4604 in
2557 4548 2975 4605 Cormaricensi
3024 4548 3284 4605 cmnobio
3334 4546 3501 4604 aliter
3548 4547 3803 4623 eligatur

2158 4657 2336 4713 quam
2369 4639 2427 4693 in
2450 4637 2799 4709 supradictae
2820 4634 3076 4692 ecclesia:
3111 4635 3412 4712 privilegio
3440 4636 3799 4695 continetur.

2154 4728 2385 4783 Electus
2408 4732 2602 4782 autem
2635 4724 2971 4797 supradicto
2998 4728 3198 4780 tenore
3230 4725 3301 4780 de
3326 4728 3387 4780 Β.
3423 4724 3655 4787 Martini
3707 4741 3814 4784 sev

2158 4816 2359 4889 pulcro
2381 4812 2657 4869 baculum
2682 4815 2877 4867 sumat
2906 4830 2919 4867 :
2944 4811 3082 4868 item
3105 4813 3376 4871 defuncto
3397 4813 3627 4885 abbate,
3650 4830 3805 4870 sem-

2156 4921 2258 4976 per
2274 4904 2345 4959 ad
2376 4903 2647 4958 eumdem
2682 4899 2873 4955 locum
2905 4899 3153 4958 baculus
3185 4902 3489 4969 referatur,
3524 4906 3589 4957 ut
3621 4918 3803 4974 super

2154 4993 2254 5049 illa
2275 4990 2650 5048 sanctissima
2663 4988 3014 5046 confessoris
3027 4989 3328 5063 apostolici
3346 4991 3629 5059 membra,
3644 5006 3800 5047 com-

2152 5081 2317 5138 muni
2349 5078 2551 5135 decani
2585 5083 2641 5134 et
2671 5077 2913 5151 capituli
2935 5079 3135 5151 jussu,
3157 5078 3561 5153 signumillud
3593 5082 3795 5153 pasto.-

2152 5169 2290 5225 ralis
2312 5166 2614 5242 regiminis
2637 5183 2867 5238 semper
2886 5167 3209 5240 accipiatur
3231 5185 3244 5223 :
3272 5160 3801 5224 salvoTuronensis

2151 5256 2570 5329 archiepiscopi
2585 5257 2741 5328 jure,
2768 5257 2924 5329 quod
2945 5256 3004 5313 in
3049 5256 3280 5314 abbatis
3309 5257 3672 5313 ordinatione
3701 5272 3793 5312 se-

2149 5347 2409 5405 cundum
2432 5361 2804 5402 communem
2837 5344 3099 5402 Ecclesiae
3122 5345 3606 5403 consuetudinem
3635 5360 3797 5400 exer-

2149 5436 2400 5494 cendum
2421 5438 2526 5492 est.
2543 5434 2601 5492 Si
2617 5432 2751 5507 quis
2765 5438 2977 5491 sancte
2991 5435 3389 5501 constitutioni
3403 5433 3539 5490 huic
3563 5432 3797 5505 obviam

2147 5528 2252 5604 ire,
2272 5532 2335 5587 et
2367 5523 2802 5588 Cormaricense
2832 5526 3161 5587 ccenobium
3186 5524 3439 5586 ecclesia
3460 5524 3522 5586 B.
3556 5522 3799 5595 Martini
