4004 6162
165 301 287 374 457

1351 296 1755 364 EPISTOLE
1797 297 1898 362 ET
1937 296 2411 362 PRIVILEGIA.

168 432 512 489 subtrahere
535 433 1210 506 tentaverit,apostolicm
1241 433 1662 505 indignatio‘nis
1692 432 1812 506 gla-
1845 433 1894 498 Α
1931 433 2143 488 itorum
2192 432 2372 505 igitur
2415 432 2614 504 gratiae
2663 431 3105 504 respondentes,
3137 434 3194 487 et
3239 429 3570 487 futurorum

168 522 264 578 dio
295 526 353 578 et
386 522 576 578 sancti
606 522 858 594 Spiritus
883 523 1106 593 judicio
1142 522 1401 578 feriatur.

235 611 482 682 Signum
517 610 732 675 Urbani
765 627 947 683 papae.

236 698 485 771 Signum
517 699 777 771 Hugonis
810 699 1219 773 Lugdunensis
1263 696 1706 771 archiepiscopi.

235 787 482 858 Signum
515 786 811 860 Radulphi
839 787 1198 844 Turonensis
1228 784 1670 860 archiepiscopi.

236 875 482 948 Signum
515 875 802 932 Guidonis
833 876 1184 942 Viennensis
1223 873 1670 948 archiepiscopi.

234 963 484 1036 Signum
507 963 832 1022 Hildeberti
863 965 1247 1023 Bituricensis
1278 963 1720 1036 archiepiscOpi.

235 1053 484 1126 Signum
511 1053 706 1110 Amati
737 1053 1187 1126 Burdcgalensis
1219 1051 1659 1126 archiepiscopi.

236 1141 482 1216 Signum
513 1141 800 1199 Heuzonis
829 1143 1162 1199 cardinalis.

233 1229 479 1302 Signum
512 1228 730 1286 Alberti
765 1229 1101 1288 cardinalis.

233 1318 474 1391 Signum
508 1318 766 1392 Gregorii
805 1319 1141 1376 cardinalis.

234 1406 479 1479 Signum
513 1406 703 1466 Ivonis
734 1406 1115 1464 Carnutensis
1146 1407 1421 1481 episcopi.

232 1495 479 1568 Signum
513 1494 764 1552 Goﬂ‘redi
793 1497 1226 1570 Andegavensis
1256 1495 1531 1570 episcOpi.

234 1584 478 1657 Signum
509 1583 691 1640 Hoelli
722 1586 1180 1642 Cenomanensis
1209 1585 1486 1657 episcopi.

233 1672 477 1744 Signum
511 1673 768 1729 Morvani
802 1673 1148 1729 Venetensis
1179 1673 1456 1746 episcopi.

229 1761 474 1833 Signum
507 1761 796 1817 Benedicti
829 1762 1074 1818 Nannet.
1107 1761 1387 1835 episcopi.

231 1850 477 1922 Signum
511 1849 806 1906 Guillelmi
841 1851 1221 1907 Arvernensis
1251 1850 1528 1923 episcopi.

230 1939 476 2013 Signum
506 1939 796 1995 Brunonis
827 1938 1150 2010 Signiensis
1181 1939 1457 2012 episcopi.

228 2029 472 2101 Signum
503 2027 766 2086 Marbodi
799 2027 1202 2084 Rhedonensis
1234 2027 1422 2084 electi.

229 2117 474 2191 Signum
502 2115 927 2172 monachorum
961 2116 1513 2184 Cormaricensium,
1552 2115 1808 2172 Simonis

155 2206 388 2280 prioris,
421 2204 702 2262 Bernerii.

227 2293 473 2368 Signum
503 2293 824 2350 Burchardi
855 2293 1226 2372 precentoris
1255 2295 1314 2350 S.
1342 2293 1597 2350 Martini.

227 2383 473 2457 Signum
506 2381 796 2439 Fulcherii
827 2383 1144 2455 praepositi.

227 2473 475 2546 Signum
503 2470 758 2528 Matthaai
792 2471 1106 2544 praepositi.

226 2561 472 2634 Signum
500 2560 764 2615 Sichardi
795 2561 1108 2634 praepositi.

225 2649 470 2722 Signum
501 2647 816 2704 Alexandri
846 2649 1214 2704 subdiaconi.

225 2742 433 2794 Datum
466 2737 715 2793 Pictavis
748 2753 852 2810 per
898 2754 1139 2793 manum
1187 2737 1452 2804 Joannis,
1505 2739 1563 2796 S.
1620 2739 1687 2794 Β.
1739 2739 1801 2795 Ε.

154 2828 381 2883 diaconi
415 2825 751 2896 cardinalis,
784 2843 846 2882 ιιι
879 2825 1171 2883 Kalendas
1197 2827 1436 2900 Aprilis,
1488 2827 1805 2884 indictione

154 2933 228 2985 IV,
263 2933 413 2972 anno
447 2913 678 2971 Domini
713 2915 872 2984 1096,
908 2915 1285 2988 pontiﬁcatus
1307 2916 1521 2972 Urbani
1542 2934 1702 2990 papae
1726 2934 1801 2973 ιχ.

814 3038 1141 3096 CLXXXVI.

157 3128 361 3186 Urbani
416 3129 466 3183 11
501 3127 727 3200 epistola
757 3127 828 3200 ad
856 3130 1143 3185 cano-nicas
1173 3128 1228 3183 S.
1273 3129 1500 3186 Martini
1529 3130 1800 3186 Turonen-

578 3201 672 3254 sis.
696 3230 763 3239 —
796 3197 993 3257 Contra
1013 3199 1371 3258 Simoniacos.

777 3305 964 3376 (Anno
995 3305 1181 3376 4096.)

580 3410 809 3482 [ΜΑκεῃ
847 3411 1048 3468 Concil.
1085 3413 1192 3480 xx,
1225 3413 1375 3482 658.]

227 3531 504 3589 Uasmus
533 3533 845 3606 episcopus
877 3552 1078 3591 servus
1109 3552 1409 3593 servorum
1441 3536 1541 3592 Dei
1573 3535 1804 3592 dilectis

153 3620 294 3677 ﬁliis
324 3619 583 3678 ecclesia:
614 3627 674 3678 Β.
706 3621 936 3678 Martini
959 3623 1256 3680 canonicis
1277 3628 1397 3680 tam
1419 3624 1805 3697 prementibus

153 3725 334 3781 quam
367 3708 583 3766 futuris
613 3710 673 3765 in
705 3715 1073 3783 perpetuum.

223 3797 516 3854 Bonorum
549 3799 813 3856 omnium
845 3799 1105 3874 largitori
1143 3802 1256 3858 Deo
1287 3801 1506 3874 gratias
1547 3802 1802 3876 agimus,

153 3887 253 3959 qui
286 3887 650 3944 devotionem
677 3893 940 3945 nostram
986 3891 1058 3946 ad
1108 3890 1170 3945 B.
1224 3890 1456 3947 Martini
1506 3889 1804 3947 tumulum

151 3973 514 4032 visitandum
545 3993 656 4032 sua
683 3976 1060 4034 miseratione
1093 3979 1384 4050 perduxit.
1415 3979 1563 4046 Quia
1582 3996 1716 4037 vero
1744 3979 1804 4037 in

153 4064 420 4136 ejusdem
449 4064 602 4120 beati
636 4065 986 4123 confessoris
1015 4066 1259 4124 ecclesia
1281 4070 1639 4124 consuetudo
1670 4085 1804 4141 pra-

153 4151 350 4208 vitatis
366 4153 658 4223 ejusmodi
674 4153 988 4210 inoleverat
1009 4161 1075 4212 ut
1091 4155 1340 4213 honores
1357 4173 1461 4214 seu
1481 4157 1804 4229 praebendas

155 4255 361 4296 omnes
393 4241 577 4311 pretio
617 4243 1078 4314 acquirerentur,
1130 4263 1235 4301 nos
1291 4245 1484 4302 locum
1534 4249 1803 4303 sanctum

153 4329 473 4386 emundare
505 4330 576 4385 ab
608 4330 715 4387 hac
747 4336 908 4405 peste
937 4332 1275 4390 exsecrabili
1315 4333 1638 4406 cupientes,
1670 4334 1803 4391 reli-

152 4417 350 4489 giosos
363 4417 518 4474 viros
541 4417 614 4474 ad
631 4422 1134 4492 pramonitionem
1155 4427 1416 4479 nostram
1442 4423 1805 4480 decrevimus

1927 539 2088 594 spem
2123 521 2291 595 longe
2325 520 2624 576 meliorem
2656 525 2941 594 gerentes,
2979 519 3304 578 secundum
3354 519 3572 592 ιιι·ωάθ-

1925 626 2226 667 cessorum
2257 615 2592 680 nostrorum
2625 609 2898 668 Romanae
2931 609 3200 684 Ecclesiae.
3225 607 3570 683 pontiﬁcum

1923 698 2247 773 privilegia,
2275 716 2376 756 vos
2406 699 2465 754 in
2498 697 2831 771 spirituales
2863 697 3023 764 ﬁlios,
3047 695 3375 770 apostolicis
3419 695 3576 772 sedis

1924 788 2379 860 assumpsimus,
2412 792 2468 844 et
2491 788 2696 845 eadem
2721 785 3064 846 auctoritate
3095 786 3410 862 statuimus
3440 785 3574 862 nul-

1923 875 2047 932 lum
2077 877 2446 950 pontiﬁcum,
2477 876 2705 932 nullum
2737 892 2962 949 regum,
3003 875 3236 952 null-um
3285 875 3577 951 οωυεημρ

1922 965 2224 1038 dignitatis
2258 969 2359 1022 aut
2391 964 2632 1032 ordinis,
2683 968 2892 1037 praeter
2939 963 3283 1041 prepositos
3325 967 3572 1039 vestros,

1921 1054 1980 1110 in
2012 1059 2203 1110 vestra
2233 1054 2489 1110 Ecclesia
2517 1053 2604 1110 vel
2630 1053 2760 1124 ejus
2807 1052 3174 1125 pertinentiis
3223 1056 3569 1126 potestatem

1920 1147 2023 1199 aut
2054 1143 2380 1199 dominium
2411 1158 2696 1210 exercere,
2726 1145 2793 1198 ut
2821 1143 3092 1203 Romanas
3131 1141 3400 1198 Ecclesia
3421 1157 3568 1215 prae-

1919 1236 2087 1304 cepta
2107 1235 2402 1288 servantes
2421 1231 2693 1288 Romana:
2715 1228 2984 1288 Ecclesiae
3001 1229 3270 1288 libertate
3289 1233 3571 1308 perpetua

1918 1321 2244 1393 gaudeatis,
2296 1319 2454 1376 salvo
2501 1319 2784 1378 nimirum
2820 1321 2959 1391 jura
2995 1334 3100 1375 seu
3142 1319 3566 1376 consuetudine

1920 1425 2099 1481 quam
2131 1409 2415 1465 hactenus
2445 1425 2584 1480 erga
2611 1425 2713 1466 vos
2756 1407 3116 1478 Turonensis
3163 1407 3429 1465 noscitur
3471 1424 3566 1465 ar-

1917 1497 2326 1570 chiepiscopus
2356 1497 2654 1554 habuisse.

1988 1587 2358 1658 Quaecunque
2389 1586 2568 1659 igitur
2596 1585 2945 1644 venerabilis
2977 1584 3076 1642 illa
3107 1585 3169 1641 Β.
3202 1584 3437 1644 Martini
3468 1601 3566 1641 ec-

1917 1675 2093 1730 clesia
2123 1673 2381 1746 legitimo
2402 1675 2535 1746 jure
2565 1674 2653 1730 vel
2703 1673 3045 1743 pontiﬁcum
3097 1671 3427 1744 collatione,
3474 1672 3565 1730 vel

1836 1799 1885 1864 B
1918 1780 2120 1864 regum
2151 1768 2208 1818 et
2237 1763 2570 1864 principum
2601 1761 2968 1864 liberalitate,
3001 1759 3089 1817 vel
3121 1761 3381 1864 ﬁdelium
3403 1759 3568 1860 obla-

1912 1852 2069 1908 tione
2100 1852 2380 1924 possidet,
2413 1869 2514 1907 seu
2558 1851 2616 1906 in
2669 1852 2934 1907 futurum
2977 1853 3286 1922 praestante
3326 1849 3571 1928 dominq

1907 1942 2068 2011 juste
2097 1941 2307 2012 poterit
2337 1944 2392 1995 et
2421 1938 2697 1995 canonice
2726 1931 2998 2010 adipisci,
3026 1938 3198 1994 ﬁrma
3217 1937 3379 2008 vobis
3410 1954 3562 2015 sem-

1915 2045 2020 2100 per
2049 2034 2106 2083 et
2134 2029 2356 2086 illibata
2387 2032 2790 2100 permaneant.
2804 2027 2850 2082 N
2858 2025 3087 2082 ullusin
3099 2024 3273 2094 villis,
3286 2029 3563 2100 autman-

1915 2115 2203 2183 sionibus,
2238 2117 2356 2172 sive
2389 2115 2713 2183 territoriis,
2755 2114 2873 2170 sive
2923 2114 3202 2186 ecclesiis,
3252 2118 3356 2176 aut
3399 2115 3570 2192 pagis

1917 2205 1986 2260 ad
2022 2213 2274 2261 vestram
2306 2203 2612 2260 ecclesiam
2653 2203 3103 2276 pertinentibus,
3153 2202 3357 2275 invitis.
3398 2205 3570 2276 vobis,

1907 2294 2136 2366 judicia
2166 2310 2355 2366 agere,
2388 2293 2674 2366 ingenuos
2717 2308 2983 2350 servosve
3030 2290 3229 2350 saeculi
3279 2295 3569 2368 potestate,

1914 2382 2334 2454 constringere,
2369 2398 2473 2437 nec
2503 2381 2799 2436 teloneum
2832 2385 2934 2436 aut
2962 2380 3206 2437 naulum
3244 2384 3563 2453 praesumat

1913 2471 2160 2544 exigere.
2194 2471 2639 2528 Possessionum
2669 2486 2803 2525 vero
2829 2473 3155 2526 vestrarum
3189 2467 3426 2525 decimae
3456 2485 3568 2540 seu

1914 2577 2076 2618 novae
2107 2559 2317 2634 [nonae]
2347 2559 2402 2614 in
2437 2575 2761 2633 pauperum
2784 2574 2930 2634 usus
2961 2557 3199 2614 omnino
3233 2555 3561 2631 proﬁciant.

1913 2648 2234 2722 Episcopus
2257 2652 2452 2704 autem
2478 2647 2538 2702 in
2561 2649 2732 2720 cujus
2752 2645 2985 2703 dioecesi
3002 2646 3218 2718 eadem
3241 2646 3562 2720 possessio-

1913 2755 2018 2793 nes
2047 2743 2204 2805 sunt,
2238 2735 2696 2793 ordinandorum
2727 2735 3071 2792 clericorum
3101 2738 3333 2790 tantum
3359 2751 3564 2810 curam

1912 2830 2096 2900 gerat,
2131 2825 2275 2882 nihil
2302 2826 2372 2882 de
2404 2830 2608 2881 caetero
2647 2824 3005 2897 gravaminis
3055 2822 3282 2881 clericis
3329 2823 3562 2895 inferat,

1913 2933 2018 2970 nec
2049 2915 2425 2971 ecclesiarum
2458 2914 2685 2984 altaria,
2716 2911 2804 2970 vel
2838 2911 2952 2969 alia
2980 2913 3153 2982 bona,
3203 2928 3307 2986 per
3357 2928 3563 2988 regum

1912 3008 2197 3077 praecepta
2227 3003 2391 3058 vobis
2423 3003 2749 3074 antiquitus
2780 3003 2940 3070 data,
2973 3006 3031 3058 et
3062 3001 3407 3074 pontiﬁcum
3447 2999 3561 3058 Ro-

1913 3109 2223 3148 manorum
2255 3089 2572 3164 privilegiis
2601 3091 2965 3156 conﬁrmata,
2999 3089 3086 3146 vel
3117 3088 3248 3145 aliis
3283 3091 3443 3158 dare,
3472 3088 3562 3148 vel

1831 3161 1874 3228 CI
1910 3180 2220 3237 venalitate
2249 3161 2590 3244 distrahere,
2633 3177 2722 3235 vel
2773 3179 2948 3234 modo
2996 3176 3259 3250 quolibet
3305 3177 3563 3254 alienare

1911 3275 2248 3343 praesumat.

1983 3356 2275 3428 Quidquid
2306 3360 2582 3429 praeterea
2610 3353 2918 3422 libertatis,
2948 3354 3237 3429 quidquid
3269 3354 3558 3427 immuni-

1910 3447 2069 3513 tatis,
2101 3443 2188 3502 vel
2219 3445 2674 3518 przedecessores
2703 3443 2890 3500 nostri
2934 3443 3183 3500 Romani
3229 3441 3559 3516 pontiﬁces,

1910 3535 1999 3591 vel
2028 3535 2397 3590 Turonenses
2427 3531 2872 3606 archiepiscopi,
2905 3531 2996 3588 vel
3019 3530 3453 3588 Gallicanarum
3475 3547 3560 3607 ec-

1912 3623 2225 3680 clesiarum
2255 3623 2410 3694 apud
2439 3622 2786 3679 Tussiacum
2809 3621 2866 3676 in
2888 3619 3150 3678 Tullensi
3172 3620 3448 3695 parochia
3466 3637 3563 3695 ge-

1913 3712 2126 3768 neralis
2175 3711 2435 3784 synodus
2481 3714 2831 3784 congregata
2887 3727 2990 3783 pro
3048 3711 3204 3767 beati
3255 3709 3568 3786 apostolici,

1913 3799 2264 3858 confessoris
2296 3799 2528 3856 Martini
2559 3798 2882 3856 reverentia
2917 3803 3120 3855 vestra:
3168 3791 3423 3857 ecclesiae
3464 3816 3563 3856 ve.-

1913 3891 2168 3962 strisque
2181 3888 2710 3962 praedecessoribus
2724 3886 3116 3956 contulerunt,
3133 3904 3240 3944 nos
3257 3889 3564 3962 presentis

1913 3980 2126 4035 decreti
2158 3977 2372 4051 pagina
2402 3977 2844 4033 conﬁrmamus.
2871 3976 2938 4031 Et
2961 3975 3101 4048 quia
3121 3975 3181 4030 in
3204 3976 3562 4048 quibusdam
3635 4023 3640 4028 .

1911 4072 2112 4124 vestrae
2143 4065 2411 4122 Ecclesiae
2443 4063 2760 4138 privilegiis
2797 4062 3100 4136 proprium
3130 4062 3294 4120 vobis
3347 4062 3570 4126 habere,

1914 4157 2254 4229 episcopum
2286 4169 2630 4209 concessum
2662 4155 2770 4222 est,
2803 4168 2910 4207 nos
2955 4152 3083 4222 ejus
3126 4150 3248 4211 vice
3299 4151 3560 4210 Romano

1911 4263 2013 4302 vos
2069 4243 2367 4300 sancimus
2423 4238 2754 4313 specialiter
2810 4238 3107 4296 adhaerere
3162 4238 3446 4312 pontiﬁci,
3506 4243 3563 4296 et

1914 4333 2206 4408 graviores
2235 4331 2411 4388 vestri
2441 4347 2651 4386 causas
2679 4346 2748 4400 ex
2778 4329 2906 4401 ejus
2935 4328 3187 4402 pendere
3222 4325 3469 4401 judicio.
3501 4325 3563 4386 Si

1915 4424 2048 4496 quis
2059 4439 2198 4479 sane
2212 4421 2269 4477 in
2284 4419 2606 4476 crastinum
2620 4418 3096 4492 archiepiscopus
3118 4417 3560 4498 autepiscopus,

151 4507 614 4578 praemittendos.
645 4509 871 4573 Quibus
893 4511 1038 4568 estis
1060 4510 1326 4578 ﬁdeliter,
1352 4511 1598 4568 Domino
1621 4512 1804 4584 inspi-
1836 4527 1884 4594 ι)
1917 4513 2232 4584 imperator
2261 4513 2361 4565 aut
2394 4525 2515 4576 rex,
2549 4507 2824 4581 princeps
2855 4513 2957 4564 aut
2984 4506 3122 4576 dux,
3163 4505 3378 4576 comes,
3411 4505 3562 4563 vice-

153 4601 341 4663 rante,
375 4595 614 4666 polliciti
647 4603 703 4653 et
733 4599 1036 4672 praeceptis
1059 4601 1276 4657 nostris
1298 4599 1654 4657 omnimodis
1675 4601 1807 4664 obe-

152 4684 296 4751 dire,
329 4687 386 4740 et
417 4683 758 4742 Simoniacaa
790 4689 1092 4758 pravitatis
1140 4689 1588 4760 inquinamenta
1632 4690 1804 4745 dese-

153 4788 298 4828 rere.
327 4772 489 4837 Quod
524 4778 580 4844 et
608 4775 998 4846 praesentibus
1047 4777 1216 4833 nobis
1265 4795 1366 4849 per
1414 4777 1516 4834 Dei
1557 4777 1806 4850 gratiam

153 4859 506 4930 perfecistis,
539 4861 598 4916 in
631 4869 831 4918 nostra
872 4867 1150 4937 tanquam
1184 4865 1248 4920 B.
1283 4865 1434 4921 Petri
1484 4882 1664 4924 manu
1712 4867 1807 4922 ﬁr-

155 4951 409 5015 mantes,
444 4948 589 5004 nihil
621 4967 723 5006 vos
755 4949 1004 5007 ulterius
1037 4952 1348 5022 honorum,
1383 4954 1528 5010 nihil
1551 4956 1808 5028 praeben-

156 5037 368 5092 darum
401 5038 734 5096 vendituros
767 5044 867 5095 aut
897 5046 1220 5112 empturos,
1256 5059 1360 5098 nec
1392 5049 1457 5100 ut
1487 5046 1813 5100 vendantur

157 5130 260 5180 aut
300 5129 575 5182 emantur
626 5125 941 5199 aliquando
1001 5146 1410 5187 consensuros.
1459 5132 1811 5203 Adiicientes

161 5212 342 5267 etiam
375 5211 602 5269 nullum
632 5214 907 5288 deinceps
937 5217 996 5272 in
1037 5217 1451 5274 canonicorum
1501 5237 1813 5278 numerum

161 5300 589 5359 admittendum
603 5345 621 5370 ,
639 5303 747 5361 nisi
762 5306 1028 5362 eamdem
1045 5307 1582 5380 sponsionemjurej
1593 5310 1814 5367 urendo

161 5389 501 5446 ﬁrmaverit.
536 5393 670 5458 Quae
701 5393 972 5450 videlicet
1013 5396 1286 5453 universa
1333 5412 1439 5452 nos
1482 5402 1815 5455 sanctorum

161 5478 563 5552 apostolorum
591 5483 938 5542 auctoritate
969 5484 1359 5554 ﬁrmavimus,
1410 5490 1466 5542 et
1512 5485 1818 5545 violatores

163 5583 364 5630 omnes
382 5567 776 5632 anathematis
793 5590 1074 5640 mucrone
1093 5573 1485 5636 confodimus.
1504 5575 1575 5636 Et
1589 5580 1820 5655 praeter-

482 5696 756 5766 ΡΑτιιοι..
800 5701 948 5768 CLI.

1915 4617 2130 4670 comes,
2151 4598 2334 4671 judex
2364 4601 2464 4653 aut
2486 4595 2882 4653 ecclesiastica
2903 4594 3175 4667 quaelibet
3195 4594 3564 4652 saecularisve

1915 4705 2182 4762 persona,
2199 4687 2349 4742 hanc
2372 4689 2583 4742 nostrae
2605 4682 3040 4741 constitutionis
3061 4684 3336 4758 paginam
3349 4684 3563 4754 sciens,

1917 4782 2116 4834 contra
2127 4791 2255 4830 eam
2269 4779 2486 4830 temere
2499 4773 2694 4830 venire
2705 4773 3032 4842 tentaverit,
3047 4774 3302 4830 secundo
3324 4773 3567 4830 tartiove

1918 4864 2330 4932 commonitus,
2365 4863 2415 4918 si
2446 4879 2561 4917 non
2594 4861 2992 4917 satisfactione
3014 4878 3274 4934 congrua
3293 4862 3568 4918 emenda-

1917 4955 2084 5024 verit,
2119 4951 2420 5025 potestatis
2469 4949 2825 5021 honorisque
2873 4949 2966 5004 sui
3016 4949 3300 5021 dignitate
3349 4953 3563 5018 careat,

1921 5059 2203 5115 reumque
2234 5058 2296 5096 se
2321 5039 2518 5095 divino
2555 5037 2780 5110 judicio
2827 5039 3075 5094 existere
3119 5037 3192 5093 de
3235 5039 3567 5109 perpetrata

1921 5132 2228 5206 iniquitate
2256 5133 2584 5201 cognoscat,
2618 5130 2676 5182 et
2703 5144 2736 5180 a
2767 5125 3163 5182 sacratissimo
3211 5139 3450 5197 corpore
3498 5139 3565 5190 ac

1923 5221 2210 5295 sanguine
2239 5217 2340 5275 Dei
2369 5221 2426 5273 et
2463 5215 2696 5272 Domini
2747 5213 3151 5288 Redemptoris
3199 5211 3385 5269 nostri
3425 5209 3567 5269 Jesu

1924 5309 2137 5368 Christi
2168 5307 2393 5365 alienus
2425 5306 2544 5374 ﬁat,
2580 5308 2754 5378 atque
2784 5303 2836 5361 ie
2863 5308 3122 5360 extremo
3169 5301 3437 5360 examine
3477 5299 3568 5356 di-

1925 5399 2136 5455 stricts:
2169 5395 2376 5452 ultioni
2407 5395 2707 5467 subjaceat
2731 5413 2744 5463 ;
2777 5392 3005 5450 cunctis
3034 5395 3230 5449 autem
3254 5390 3442 5448 eidem
3465 5389 3570 5460 Ec-

1927 5485 2115 5542 clesiae
2134 5485 2301 5557 justa
2330 5483 2696 5540 servantibus
2728 5483 2803 5540 sit
2833 5498 2944 5555 pax
2971 5481 3203 5538 Domini
3226 5479 3413 5538 nostri
3431 5479 3572 5536 Jesu

1926 5574 2162 5647 Christi,
2216 5578 2509 5652 quatenus
2557 5576 2616 5635 et
2659 5571 2754 5634 hic
2800 5571 3054 5633 fructum
3114 5571 3280 5643 bona
3327 5566 3576 5634 actioni!

3176 5697 3256 5781 19
