4004 6162
431 253 548 336 iss

430 503 654 554 aeternae
687 500 847 572 pacis
880 502 1194 561 inveniant.
1221 512 1427 575 Amen,
1453 524 1643 576 amen,
1670 526 1862 567 amen.

438 580 717 662 5~'~_Datum
753 588 998 648 Pictavis
1030 584 1132 665 per
1160 610 1400 650 manum
1433 595 1696 665 Joannis,
1723 604 1936 655 sancta
1968 602 2077 657 Ro-

429 671 910 736 i'nanazEcclesim
931 681 1160 737 diaconi
1183 683 1517 750 cardinalis,
1550 692 1758 758 quarto
1788 689 2078 746 Kalendas

425 762 660 837 Aprilis,
693 767 1009 825 indictione
1039 773 1266 841 quarta,
1295 786 1448 830 anno
1472 774 1781 833 Dominicm
1803 783 2075 835 Incarna-

426 848 605 909 tionis
626 850 976 927 4097[1096],
1000 858 1375 929 pontiﬁcatus
1399 865 1592 919 autem
1615 864 1837 920 domini
1860 866 2072 924 Urbani

426 937 673 997 secundi
700 959 860 1015 papas
892 962 1064 1002 nono.

1031 1106 1342 1166 CLXXXVI
1375 1113 1474 1167 bis.

426 1201 633 1301 tirba‘ni
734 1225 898 1282 papae
919 1214 1281 1296 privitegium
1304 1233 1406 1301 pro
1431 1219 1486 1274 S.
1532 1219 1759 1276 Martini
1803 1222 2072 1280 Turonen-

434 1290 481 1326 ςπ
554 1293 557 1296 ⁴
649 1293 709 1327 1.:
904 1324 911 1329 .
1039 1290 1116 1340 sis
1143 1290 1445 1344 canonicis.

1050 1410 1238 1482 (Anno
1270 1412 1455 1485 4096.)

563 1530 833 1599 [LAUNQII
866 1532 1023 1604 0pp.,
1057 1538 1197 1590 tom.
1231 1536 1329 1607 III,
1371 1542 1519 1609 part.
1554 1556 1616 1607 1|,
1650 1556 1781 1614 pag.
1812 1543 1928 1614 59.]

434 1672 449 1753 ξ
495 1669 769 1739 UnBANUS
790 1674 1121 1747 episcopus,
1145 1694 1347 1734 servus
1371 1697 1667 1738 servorum
1695 1683 1816 1753 Dei,
1842 1702 2072 1743 venera-

1598 308 1605 317 -
1644 264 1649 267 ’
1726 266 1802 349 Β.
1850 264 2139 354 URBANI
2183 285 2239 355 ιι
2280 268 2534 358 uita.
2583 272 2591 276 ’

431 388 774 499 percipiant,
822 392 893 467 aet
940 415 1095 488 apud
1144 416 1475 474 districtum
1514 420 1775 490 judicem
1836 425 2074 495 przemia
2103 429 2151 494 Α

3715 284 3828 368 tot)

2834 432 3178 491 CLXXXVII.
3752 416 3757 421 ’

2191 518 2396 573 Urbani
2422 521 2475 574 11
2499 521 2724 592 epistola
2753 521 2823 576 ad
2871 523 3180 581 Richerium
3224 526 3585 584 Senonensem
3631 538 3684 587 et
3725 546 3829 589 c.2-

2256 592 2406 669 feros
2425 592 2761 669 Francorum
2802 597 3095 669 episcopos.
3126 628 3192 639 —
3223 598 3297 653 De
3344 615 3474 669 rege
3525 617 3830 660 excommu-

2256 663 2439 717 nica-lo
2462 678 2573 719 non
2599 663 2942 723 absolvenda.

2806 775 2994 840 (Anno
3029 776 3212 847 1096.)

2602 860 2831 933 [ΜΑΝὸΙ,
2865 863 3069 919 Concil.
3112 864 3232 936 XX,
3262 866 3414 935 665.]

2257 964 2531 1022 Uanaxus
2562 968 2891 1041 episcopus,
2925 987 3124 1027 servus
3157 987 3459 1029 servorum
3482 974 3601 1039 Dei,
3623 975 3831 1032 dilecto

2185 1053 2346 1109 fratri
2380 1055 2658 1112 Ricnsmo
2705 1060 3047 1127 Senonensi,
3098 1065 3156 1116 et
3204 1062 3428 1118 caeteris
3478 1064 3827 1121 Francorum

2183 1143 2492 1215 episcopis,
2527 1146 2775 1203 salutem
2804 1152 2862 1203 et
2910 1148 3293 1221 apostolicam
3344 1152 3824 1210 benedictionem.

2250 1234 2530 1289 Auditum
2562 1239 2651 1289 est
2680 1237 2833 1308 apud
2848 1253 2954 1294 nos
2966 1240 3252 1310 quosdam
3267 1241 3586 1298 confratres
3598 1247 3825 1300 nostros

2180 1319 2240 1374 in
2270 1324 2491 1375 tantam
2526 1323 2829 1379 audaciam
2861 1325 3218 1398 prorupisse,
3253 1333 3318 1384 ut
3347 1334 3615 1386 asserant
3635 1347 3699 1387 se
3728 1347 3824 1387 ne-

2182 1425 2476 1480 quaquam
2510 1428 2541 1465 a
2572 1412 2724 1483 regis
2755 1413 3027 1470 societate
3058 1416 3452 1487 abstenturos;
3487 1419 3604 1475 imo
3650 1419 3823 1476 etiam

2180 1512 2376 1568 regem
2401 1499 2593 1570 ipsum
2617 1500 2690 1555 ab
2711 1502 3331 1560 excommunicationis
3352 1506 3580 1561 vinculo
3604 1505 3825 1562 solutu-

2180 1602 2296 1650 ros,
2332 1603 2668 1657 quanquam
2703 1589 2979 1645 feminam
3010 1590 3193 1658 illam,
3217 1608 3320 1664 pro
3342 1609 3458 1664 qua
3478 1609 3580 1665 per
3600 1610 3707 1650 nos
3728 1610 3822 1649 ex-

2179 1675 2646 1733 communicatus
2678 1677 2883 1746 fuerat,
2915 1696 3031 1735 non
3064 1679 3407 1752 dereliquit:
3441 1682 3542 1738 sed
3574 1682 3675 1754 qui
3715 1682 3822 1739 hoc

421 1746 641 1863 Eilibus
686 1760 969 1863 fratribus
1015 1764 1469 1863 archiepiscopis
1527 1775 1584 1825 et
1632 1746 1919 1845 episcopis
1967 1792 2062 1846 per

2179 1762 2504 1834 loquuntur
2521 1770 2622 1820 aut
2643 1767 2895 1838 profecto
2912 1768 3242 1840 Scripturas
3261 1746 3555 1839 nesciunt,
3579 1746 3680 1826 aut
3700 1787 3824 1844 per-

421 1824 638 1929 Gallias
671 1849 1025 1918 constitutis,
1052 1824 1300 1910 salutem
1333 1824 1397 1911 et
1420 1824 2069 1929 apostolica—mulionem.-

422 1923 694 2020 (itionem.
780 1983 787 1989 .

435 2024 735 2111 s'fBeatum’
767 2028 1158 2086 confessorem
1191 2032 1504 2090 Martinum
1531 2038 1753 2108 quanta
1792 2056 1896 2111 per
1943 2042 2071 2097 uni-

420 2104 650 2201 versam
679 2114 1141 2181 Christianarum
1172 2122 1435 2193 gentium
1466 2104 1837 2183 latitudinem
1883 2128 2070 2201 gloria

418 2191 683 2279 Christus
732 2205 1002 2261 extulerit
1050 2191 1429 2266 barbararum
1481 2230 1715 2287 quoque
1766 2191 2064 2277 nationum

417 2289 616 2365 feritas
648 2295 979 2364 attestatur,
1014 2298 1070 2350 et
1097 2300 1215 2353 tam
1246 2302 1451 2355 Graeca:
1479 2318 1655 2375 quam
1710 2306 1927 2363 Latinae
1954 2308 2066 2365 lin-

413 2378 540 2449 guis
554 2380 844 2437 veneratio
865 2384 1160 2440 unanimis
1184 2396 1498 2459 asseverat;
1519 2391 1673 2449 inter
1692 2411 1840 2466 quas
1864 2398 2067 2456 beatus

416 2464 571 2524 idem
595 2470 913 2541 cdnfessbr,
938 2475 1260 2530 secundum
1288 2480 1473 2534 sancti
1501 2464 1754 2539 doctoris
1775 2486 2068 2543 Ambrosii

417 2554 908 2639 praedicationem,
941 2563 1184 2633 apostoli
1232 2566 1481 2622 vicarius
1533 2571 1877 2628 mstimatur.
1928 2576 2069 2633 Vere

420 2644 577 2726 enim
610 2646 764 2718 apud
788 2646 1104 2703 Galliarum
1141 2652 1387 2723 populos
1419 2655 1663 2726 apostoli
1696 2658 1875 2714 vicem
1917 2661 2065 2717 obti-

320 2726 327 2731 ’
425 2722 560 2805 nere
578 2736 926 2807 promeruit,
944 2738 1112 2809 cujus
1133 2740 1508 2812 potissimum
1531 2745 1796 2803 doctrina
1815 2752 1871 2804 et
1890 2751 2068 2806 virtu-

418 2822 581 2897 tibus
611 2824 682 2878 ad
713 2824 885 2880 ﬁdem
919 2827 1177 2882 conversi
1228 2834 1384 2897 sunt,
1436 2832 1604 2903 cujus
1652 2839 1783 2906 post
1833 2842 2067 2894 sanctos

427 2909 712 2993 inartyres
743 2914 965 2971 meritis
995 2933 1029 2970 a
1059 2916 1304 2972 Domino
1356 2923 1757 2992 proteguntur.
1810 2923 1970 2982 Unde
2012 2932 2069 2984 et

423 3003 783 3081 venerabiles
806 3003 1135 3077 apostolicae
1158 3006 1313 3061 sedis
1337 3008 1638 3078 pontiﬁces
1659 3011 1987 3081 ecclesiam,
2005 3017 2064 3072 in

419 3080 683 3167 qua‘ejus
706 3092 1146 3149 sanctissimum
1167 3112 1398 3166 corpus,
1424 3096 1768 3170 disponente
1790 3101 2058 3172 Domino,

2178 1852 2452 1908 tinaciter
2479 1856 2748 1911 excedere
2779 1873 3151 1928 nequaquam
3196 1858 3636 1929 pertimescunt.
3679 1860 3822 1915 San-

2179 1945 2406 1996 ctorum
2437 1942 2648 2014 quippe
2692 1961 2981 2001 canonum
3030 1948 3223 2002 sanxit
3270 1947 3606 2016 auctoritas,
3658 1954 3715 2003 et
3758 1966 3824 2004 ea

2179 2031 2398 2102 passim
2433 2031 2696 2088 Ecclesia:
2737 2034 3097 2090 consuetudo
3146 2038 3355 2103 servat,
3389 2038 3451 2091 ut
3483 2053 3517 2091 a
3564 2035 3823 2109 quolibet

2169 2119 2331 2190 juste
2343 2122 2845 2177 excommunicatu
2856 2139 2910 2177 m
2925 2122 3195 2195 episcopo
3214 2123 3366 2179 alius
3383 2123 3683 2182 absolvere
3706 2142 3820 2181 non

2177 2214 2514 2280 praesumat.
2555 2214 2689 2282 Ipsa
2731 2211 2905 2265 etiam
2953 2211 3457 2284 suﬂ‘raganeorum
3507 2213 3823 2286 ligamenta

2178 2296 2628 2368 metropolitani,
2662 2298 2760 2371 qui
2799 2298 3063 2355 videlicet
3108 2316 3310 2356 eorum
3360 2303 3611 2374 majores
3659 2308 3819 2373 sunt,

2178 2391 2514 2442 sanctorum
2545 2386 2782 2442 Patrum
2814 2388 3286 2445 institutionibus
3307 2390 3691 2462 prohibentur
3720 2393 3822 2449 ab-

2177 2474 2415 2531 solvere.
2447 2476 2609 2539 Quod
2642 2477 2688 2531 si
2713 2495 2748 2532 a
2766 2477 3219 2549 quibuscunque
3242 2477 3296 2533 id
3323 2483 3586 2537 servatur
3606 2481 3827 2554 episco-

2175 2562 2290 2634 pis,
2321 2563 2555 2619 videant
2585 2562 2941 2620 venerabiles
2972 2565 3179 2622 fratres
3210 2568 3392 2623 nostri
3438 2570 3826 2640 quemadmo-

2176 2651 2320 2706 dum
2350 2653 2677 2724 apostolicaa
2708 2652 2866 2708 sedis
2891 2653 3123 2710 valeant
3152 2660 3282 2711 acta
3313 2655 3647 2726 dissolvere,
3684 2675 3824 2715 cum

2176 2741 2431 2812 profecto
2464 2740 2590 2796 luce
2607 2741 2734 2812 jam
2767 2740 2981 2797 clarius
3014 2748 3237 2799 constet
3284 2746 3612 2817 apostolica:
3663 2748 3826 2804 sedis

2175 2828 2435 2900 pontiﬁci
2458 2846 2569 2884 non
2595 2830 2785 2885 solum
2809 2831 3111 2903 episcopos
3134 2837 3190 2889 et
3208 2832 3508 2906 primates,
3532 2835 3633 2891 sed
3657 2836 3825 2908 ipsos

2175 2919 2351 2974 etiam
2375 2918 2756 2990 patriarchas,
2772 2918 2968 2975 divina
2983 2919 3346 2977 institutione
3359 2922 3821 2994 subjectos,cum

2177 3007 2441 3063 noverint
2469 3007 2541 3061 ab
2573 3007 2850 3062 omnibus
2875 3008 2947 3064 ad
2981 3008 3197 3080 ipsum,
3231 3009 3303 3064 ab
3338 3010 3463 3081 ipso
3495 3015 3689 3066 autem
3741 3014 3821 3068 ad

2175 3095 2468 3151 neminem
2498 3094 2935 3167 appellandum,
2964 3113 3098 3153 cum
3130 3096 3319 3153 sciant
3348 3098 3402 3153 ei
3432 3097 3542 3154 soli
3568 3099 3654 3154 fas
3684 3116 3823 3158 esse

416 3163 748 3254 risquiescit,
778 3181 1045 3255 ampliori
1080 3163 1480 3240 benevolentia
1511 3163 1809 3260 protegere
1830 3194 1884 3247 et
1914 3163 2056 3250 insi;
2089 3163 2132 3230 C
2171 3184 2243 3240 de
2274 3183 2433 3239 omni
2467 3163 2720 3240 ΕοδῘθείθι
2741 3163 3069 3256 indicandi:
3112 3186 3307 3258 ipsum
3337 3203 3469 3243 νθνο
3516 3186 3820 3245 Hunorum

412 3270 718 3351 gnioribus
750 3275 1101 3326 curaverunt
1121 3272 1441 3360 privilegiis
1468 3278 1852 3347 communire;
1875 3284 1933 3335 et
1952 3299 2059 3338 nos

410 3356 872 3431 eodem‘spiritu
922 3376 1059 3432 erga
1119 3356 1477 3417 sanctissimi
1538 3363 1643 3419 viri
1692 3365 2056 3426 devotionem

410 3447 746 3520 flagrantes,
774 3463 904 3501 cum
929 3447 987 3501 in
1012 3446 1231 3504 Gallias
1253 3466 1355 3520 pro
1376 3450 1785 3511 ecclesiasticis
1808 3459 2056 3531 negotiis

411 3534 853 3602 transissemus,
887 3535 1015 3604 ejus
1041 3536 1429 3593 venerabilem
1464 3538 1760 3599 tumulum
1794 3544 2050 3617 visitare,

406 3618 585 3679 etiam
620 3623 992 3696 fragilitatem
1025 3628 1283 3680 nostram
1315 3628 1442 3699 ejus
1490 3630 1657 3701 quasi
1705 3636 2052 3704 praisentius

409 3699 633 3792 meritis
663 3710 1074 3783 commendare
1105 3714 1461 3770 curavimus.
1495 3699 1625 3789 Ipso
1647 3725 1839 3776 autem
1863 3725 2054 3796 propi-

406 3785 609 3874 tiante,
624 3819 756 3856 cum
779 3797 921 3856 ﬂlud
943 3818 1116 3856 suum
1130 3802 1427 3874 egregium
1443 3804 1803 3863 domicilium
1819 3785 2048 3867 aSinio-

406 3878 582 3965 niuea:
615 3890 797 3963 pestis
825 3890 1098 3946 sordibus
1129 3891 1449 3949 emundare
1496 3910 1729 3952 summo
1757 3898 2045 3957 desiderio

402 3962 759 4055 (iptaremus,
784 3979 1251 4051 congregationis
1273 3980 1459 4053 ipsius
1483 3983 1689 4039 fratres
1711 3985 2045 4044 obedientes

399 4071 751 4127 invenimus.
799 4069 1096 4124 Universis
1144 4069 1340 4141 itaque
1389 4071 1778 4129 confratribus
1825 4076 2042 4132 nostris

2166 3272 2725 3345 subjacerejudicio.
2778 3274 2894 3330 Nec
2923 3291 3023 3330 eos
3052 3273 3195 3330 illud
3222 3275 3517 3355 credimus
3548 3276 3823 3349 ignorare

2164 3363 2319 3434 quod
2350 3360 2494 3429 sola,
2523 3360 2688 3417 nulla
2716 3363 2937 3432 synodo
2971 3363 3348 3436 praecedente,
3383 3366 3551 3421 sedes
3583 3369 3825 3437 aposto-

2162 3450 2275 3508 lica
2302 3451 2491 3508 valeat
2507 3468 2612 3509 suo
2634 3451 2811 3508 statui
2832 3452 3137 3509 restituere
3159 3469 3311 3525 quos
3334 3454 3592 3527 synodus
3615 3453 3823 3527 inique

2161 3540 2543 3607 damnaverit,
2592 3540 2782 3613 ipsius
2827 3556 2960 3596 vero
3017 3541 3236 3599 nemini
3287 3541 3461 3597 liceat
3514 3542 3814 3600 retrahere

2156 3629 2399 3701 judicia.
2433 3629 2596 3685 Certe
2617 3646 2748 3684 cum
2772 3629 2845 3684 de
2865 3628 3182 3701 leprarum,
3216 3630 3272 3683 id
3292 3634 3381 3684 est
3401 3630 3470 3686 de
3490 3630 3816 3688 criminum

2155 3718 2537 3773 varietatibus
2567 3718 2639 3771 ad
2670 3717 2904 3789 Moysen
2927 3716 3208 3772 Dominus
3235 3716 3591 3788 loqueretur:
3619 3720 3820 3776 Consi-

2155 3806 2387 3872 derabit,
2414 3803 2626 3875 inquit,
2660 3804 2930 3875 leprosum
2958 3803 3222 3869 sacerdos,
3255 3808 3307 3859 et
3336 3805 3679 3861 immundum
3701 3810 3810 3879 ju-

2152 3892 2354 3949 dicabit
2384 3893 2576 3960 (Levii.
2611 3891 2752 3962 xm),
2785 3907 2850 3945 ac
2881 3890 3090 3946 deinde
3114 3891 3437 3964 subjungit:
3471 3892 3535 3946 Et
3582 3895 3812 3953 clausus

2151 3981 2421 4035 tenebitur
2448 3979 2518 4034 ad
2545 3978 2842 4034 arbitrium
2869 3978 3160 4035 sacerdotis
3187 3978 3386 4051 (ibid.).
3411 3979 3635 4036 Videtis
3655 3996 3802 4056 ergo

2150 4069 2287 4145 quia
2317 4068 2388 4123 ad
2420 4066 2580 4122 illius
2611 4067 2928 4122 sacerdotis
2959 4068 3267 4124 arbitrium
3317 4066 3556 4125 clausus
3606 4072 3800 4127 teneri

2148 4156 2498 4230 praecipitur,
2532 4157 2702 4229 cujus
2733 4156 3287 4228 arbitriojudicatus
3310 4161 3400 4213 est
3422 4158 3793 4217 immundus.

398 4150 600 4216 notum
618 4160 736 4214 fore
747 4157 1021 4213 volumus
1038 4156 1176 4229 quia
1192 4174 1298 4213 nos
1315 4175 1433 4225 eos,
1454 4161 1775 4215 secundum
1798 4163 2041 4235 antiqua

396 4242 789 4305 Romanorum
813 4246 1151 4318 pontiﬁcum
1176 4246 1500 4319 privilegia,
1522 4247 1580 4303 in
1604 4249 1886 4321 speciales
1908 4268 2039 4324 apo-
2145 4246 2445 4310 Quomodo
2475 4244 2672 4318 itaque
2702 4245 2774 4301 ad
2797 4245 3176 4318 aperiendum
3203 4262 3443 4302 manum
3468 4247 3792 4320 porrigant,

392 4328 607 4392 s'tolicae
620 4334 1240 4406 sedisassumpsimus;
1258 4336 1431 4390 etiam
1456 4340 1739 4407 tanquam
1762 4338 2034 4394 Romanae
2142 4334 2214 4389 ad
2239 4350 2413 4406 quem
2436 4333 2826 4391 claudendum
2851 4351 2916 4392 os
2935 4336 3160 4408 aperire
3183 4352 3296 4391 non
3321 4335 3447 4391 ausi
3470 4340 3628 4393 sunt.
3644 4337 3795 4394 Cum

389 4418 653 4480 Ecclesiae
686 4424 916 4478 decreta
936 4427 1253 4487 servantes,
1273 4423 1535 4478 Romana
1554 4425 1702 4479 tueri
1726 4428 2032 4498 protectio-
2140 4422 2602 4493 quatriduanum
2633 4424 2914 4479 Lazarum
2950 4424 3234 4480 Dominus
3275 4424 3638 4509 suscijasset,
3671 4442 3789 4481 non

387 4495 459 4588 ne
485 4511 868 4573 decrevimus.
897 4511 978 4566 Ea
1009 4515 1244 4583 propter
1269 4515 1523 4567 vestram
1555 4495 1898 4571 charitatem
1939 4515 2032 4572 lit-
2061 4523 2110 4588 Β
2137 4509 2353 4584 legitur
2380 4513 2451 4568 ad
2485 4511 2904 4567 absolvendum
2949 4529 3083 4569 eum
3128 4496 3635 4569 circumstantium
3679 4512 3790 4569 ali-

384 4584 524 4661 teris
546 4601 933 4675 praesentibus
956 4601 1359 4672 deprecamur,
1385 4605 1449 4655 ut
1470 4601 1668 4657 omnia
1684 4619 1810 4674 quae
1827 4620 2029 4662 eorum
2140 4600 2273 4672 quis
2305 4617 2367 4656 se
2396 4600 2690 4672 injecisse,
2723 4601 2865 4656 dum
2906 4601 3094 4673 ipsius
3137 4600 3450 4657 Salvatoris
3497 4606 3788 4673 praecepto

383 4682 523 4761 sunt
552 4707 653 4764 per
684 4691 960 4746 dicnceses
990 4692 1214 4744 vestras
1236 4689 1542 4756 tueamini,
1576 4706 1679 4745 nec
1699 4691 1784 4746 eis
1806 4697 1906 4746 aut
1925 4710 2030 4767 per
2128 4689 2255 4760 jam
2285 4688 2594 4757 viventem,
2618 4690 2745 4760 jam
2779 4694 3056 4758 stantem,
3089 4689 3360 4762 discipuli
3382 4688 3783 4758 absolverunt,

378 4764 504 4855 viis;
530 4784 629 4835 aut
660 4796 761 4855 per
792 4794 1069 4850 personas
1100 4775 1349 4847 aliquas,
1396 4776 1644 4849 injurias
1691 4779 1890 4836 inferri
1926 4764 2025 4839 vel
2135 4781 2201 4831 ut
2218 4778 2473 4849 profecto
2496 4777 2785 4832 secuturis
2808 4777 3047 4832 daretur
3064 4777 3420 4851 exemplum,
3442 4777 3582 4849 quia
3601 4777 3782 4834 etiam

378 4848 679 4927 molestias
708 4848 1036 4940 patiamini.
1060 4864 1166 4928 Qui
1193 4864 1345 4919 enim
1373 4848 1476 4937 pro
1500 4867 1653 4922 beati
1674 4870 2023 4925 confessoris
2133 4866 2421 4935 paenitens
2448 4863 2584 4937 quis
2615 4864 2930 4921 solvendus
2964 4882 3077 4920 non
3103 4871 3211 4933 est,
3245 4865 3359 4921 nisi
3384 4882 3486 4946 per
3508 4864 3668 4922 illius
3690 4883 3784 4922 ar-

375 4939 588 5027 C‘hristi
625 4939 855 5012 Martini
886 4953 1205 5020 devotione,
1239 4957 1296 5008 et
1319 4955 1645 5025 apostolicae
1678 4958 1832 5011 sedis
1866 4975 2020 5013 reve-
2128 4952 2393 5017 bitrinm,
2428 4955 2598 5022 cujus
2628 4970 2763 5009 voce
2794 4952 2881 5009 vel
2909 4955 3130 5027 gemitu
3160 4971 3194 5010 a
3216 4954 3483 5027 sepulcro
3505 4954 3780 5010 crimino-

372 5022 563 5111 réntia
593 5046 819 5115 adiutor
849 5042 932 5098 eis
961 5045 1017 5096 et
1046 5045 1335 5112 protector
1357 5022 1671 5107 exstiterit,
1691 5045 2018 5116 apostolicae
2128 5058 2230 5096 sus
2261 5041 2547 5096 educitur.
2579 5043 2691 5097 Sed
2724 5022 3088 5114 neque'illud
3119 5022 3551 5099 venerabilibus
3582 5042 3777 5100 fratri-

371 5125 1308 5230 sedisgratiamlipromerebitur;
1363 5130 1463 5201 qui
1508 5131 1871 5230 verohipisos,
1916 5138 2018 5191 aut
2125 5129 2237 5185 bus
2255 5130 3817 5230 arbitramurignotum,quiaDeussuperbisresistit,I

368 5206 495 5295 qiim
512 5206 1721 5293 eorumsunt,impugnare'prmsumpserit,
1747 5220 2014 5295 indigna-
2123 5234 2303 5291 prope
2327 5222 2415 5275 est
2446 5222 2639 5275 autem
2673 5220 2903 5276 obtritis
2953 5221 3144 5277 corde.
3200 5221 3371 5294 Super
3414 5237 3576 5293 quem
3622 5223 3778 5277 enim

362 5287 895 5383 tipfnis'apostolicm
927 5287 1119 5382 gladio
1151 5287 1409 5363 feriatur.
1520 5287 1537 5291 —
1707 5287 1713 5289 ﬁ
1873 5287 1904 5295 ν
2120 5287 2432 5379 respiciam,
2464 5309 2542 5363 ait
2562 5309 2845 5379 Dominus,
2864 5312 2976 5365 nisi
2995 5326 3159 5383 super
3176 5311 3439 5367 humilem
3459 5312 3777 5382 etquietum

432 5392 578 5456 Data
607 5399 866 5469 Pictavii,
900 5415 962 5453 ιιι
1012 5394 1303 5451 Kalendas
1349 5395 1568 5467 Aprilis
1615 5412 1719 5468 per
1766 5414 2010 5456 manum
2119 5405 2171 5453 et
2197 5400 2514 5453 trementem
2551 5397 2714 5453 verba
2760 5414 2881 5454 mea
2922 5400 3048 5471 (Isa.
3104 5407 3273 5467 LXVI).
3320 5398 3586 5455 Viderint
3630 5414 3776 5472 ergo

355 5450 601 5563 JgLannis
614 5492 824 5561 sanctae
840 5450 1111 5542 l’tomanae
1136 5482 1403 5539 Ecclesia:
1421 5483 1738 5544 cardinalis
1753 5486 2008 5563 diaconi,

2412 5450 2443 5451 η
2501 5450 2507 5451 ,
3343 5450 3584 5455 ._e-___-
3637 5450 3770 5472 μυ-

2178 5502 2235 5541 ιο
2266 5489 2433 5558 pacto
2464 5490 2825 5557 peccatorem
2856 5492 3142 5545 conentur
3190 5487 3511 5556 absolvere,
3561 5491 3781 5561 praeter

355 5502 384 5542 ,ι
432 5502 824 5553 anmssanctae
842 5502 1111 5542 uomanae
1139 5502 1403 5539 ωοοιεειεε
1421 5502 1738 5544 cardinalis
1753 5502 2008 5563 diaconi,
2118 5502 2235 5559 quo
2266 5502 2433 5558 pacto
2464 5502 2825 5557 peccatorem
2856 5502 3142 5545 conentur
3190 5502 3511 5556 ansowere,
3561 5502 3779 5561 praeter

350 5502 530 5641 nSict.
559 5558 640 5647 'i'v,
677 5552 830 5635 anno
864 5573 1095 5635 Domini
1142 5573 1165 5637 4
1181 5574 1306 5637 096,
1724 5600 1737 5606 -
2114 5574 2277 5643 illius
2316 5572 2408 5636 vel
2455 5576 2848 5654 praesentiam,
2898 5576 2986 5637 vel
3034 5581 3411 5657 praeceptum,
3463 5577 3634 5654 cujus
3679 5581 3779 5643 ut

719 5683 750 5715 ,ν
784 5708 787 5712 Ι
3053 5694 3059 5703 ,
