4004 6162
210 319 325 393 {rei

1394 316 1827 399 EPISTULA?
1846 333 1946 397 ET
1990 320 2470 401 PRIVILEGIA.

3508 314 3635 402 '46:

205 466 431 547 judicio
461 465 519 519 in
552 465 809 537 generali
839 468 1058 540 synodo
1091 470 1476 540 compeditus.
1501 470 1684 525 Nobis
1713 486 1875 537 sane,
1908 470 1963 536 Α
1993 469 2208 525 astutia
2226 471 2314 526 vel
2334 470 2607 526 violentia
2629 471 3145 543 prmponaturmisi
3163 487 3336 544 quem
3353 474 3417 527 tu
3436 471 3638 544 tuique

210 559 269 608 et
301 554 582 608 omnibus
614 555 715 626 qui
755 557 1008 612 Turonis
1039 557 1347 614 nobiscum
1385 564 1494 614 Deo
1527 558 1875 630 propitiante

210 647 627 707 convenerunt,
662 642 887 715 liquido
934 647 1151 718 paruit,
1183 652 1241 702 et
1292 646 1439 719 legis
1483 651 1540 702 et
1583 645 1874 718 Evangelii

211 736 267 787 et
314 735 656 788 sanctorum
707 749 998 789 canonum
1051 735 1439 803 documentis,
1485 733 1704 790 nullam
1758 735 1873 791 sol-

210 820 380 875 vendi
413 837 589 892 quem
622 838 730 876 nos
770 821 1084 894 ligavimus
1116 824 1466 880 fraternitati
1496 828 1702 879 vestrae
1731 840 1873 896 sup-

212 912 409 981 petere
439 913 811 981 potestatem.
843 910 1006 967 Unde
1050 917 1108 967 et
1156 912 1343 967 ﬁlium
1392 916 1657 969 nostrum
1692 913 1871 968 Fran-

208 1013 408 1053 corum
442 1015 664 1071 regem,
698 1000 882 1055 donec
911 1001 1028 1056 Deo
1075 1000 1136 1056 in
1187 1001 1357 1057 nobis
1408 1006 1465 1057 et
1514 1006 1727 1058 sanctae
1760 1003 1869 1057 Ro-

209 1104 395 1143 manis
426 1087 698 1144 Ecclesiae
736 1088 1079 1157 satisfaciat,
1107 1091 1679 1146 excommunicatum
1711 1108 1868 1146 asse-

207 1176 414 1236 rimus.
440 1182 496 1232 et
544 1181 665 1232 tam
713 1176 1038 1249 episcopos,
1070 1195 1247 1250 quam
1298 1178 1444 1235 alios
1498 1177 1790 1251 quoslibet
1820 1178 1872 1234 ei

206 1262 581 1334 pertinaciter
610 1263 1115 1320 communicantes
1151 1282 1278 1320 esse
1310 1264 1631 1331 sancimus,
1664 1269 1721 1320 et
1750 1265 1869 1336 pri-

193 1350 482 1423 vilegium
517 1352 824 1424 potestatis
865 1353 1156 1429 amittere,
1182 1354 1228 1408 si
1266 1354 1399 1425 quis
1445 1353 1502 1407 in
1547 1355 1675 1425 ejus
1706 1355 1871 1409 abso-

208 1439 428 1495 lutione
449 1440 790 1496 inconcessa
816 1440 978 1497 abuti
1005 1441 1444 1514 praesumpserit
1466 1446 1769 1512 potestate.
1790 1442 1870 1497 De

206 1533 411 1584 caetero
443 1530 747 1586 universos
776 1547 878 1585 vos
920 1530 1211 1586 Arelatem
1236 1532 1347 1598 (43)
1379 1531 1436 1585 in
1471 1531 1689 1587 octavis
1729 1547 1867 1602 apo-

204 1616 486 1673 stolorum
514 1617 662 1672 Petri
698 1623 751 1672 et
783 1618 945 1674 Pauli
972 1619 1042 1673 ad
1067 1619 1404 1687 concilium,
1433 1620 1588 1676 omni
1614 1621 1868 1692 seposita

205 1708 532 1774 occasione,
565 1707 907 1762 invitemus.

845 1822 1226 1879 CLXXXVIII.

207 1911 371 1967 Bulla
404 1912 613 1967 Urbani
637 1926 800 1982 papa:
831 1913 1004 2037 1Ιῆνό
1033 1913 1362 1967 monasterio
1393 1913 1535 1968 Novo
1564 1913 1868 1967 Pirtavien-

278 1984 345 2037 si.
374 2014 445 2022 -——
472 1983 863 2037 Monasterium
939 1999 1118 2037 ovum.
1152 1984 1309 2037 cuius
1340 1985 1623 2037 ecclesiam
1651 1982 1867 2037 dedica-

278 1984 345 2039 εἰ.
374 2014 445 2022 -——
472 1983 863 2038 Monastcrium
892 1982 1118 2047 Novum,
1152 1984 1309 2054 cujus
1340 1985 1623 2038 ecclesiam
1651 1982 1867 2038 dedica-

216 2084 221 2087 -
278 2063 449 2119 verat,
508 2055 609 2126 sub
664 2054 810 2109 sedis
868 2056 1184 2125 apostolicae
1238 2057 1566 2125 proiectione
1618 2056 1864 2126 suscipit,

278 2126 526 2197 illudque
556 2125 912 2181 Cluniacensi
939 2127 1274 2182 monasterio
1303 2127 1544 2198 subjicit.

834 2216 1020 2285 (Anno
1054 2215 1240 2281 1096.)
1546 2244 1549 2247 -

382 2303 552 2374 [Dom
582 2304 878 2365 Maerens,
925 2305 1186 2359 Thesaur.
1226 2303 1425 2359 Ancal.
1463 2304 1504 2370 Ι,
1536 2303 1689 2372 267.]

283 2419 559 2476 URBANUS
602 2419 933 2492 episcopus,
967 2436 1166 2474 servus
1208 2436 1506 2475 servorum
1555 2418 1676 2485 Dei,
1711 2434 1867 2473 reve-

210 2508 568 2564 rendissimo
603 2508 761 2563 fratri
795 2508 1044 2575 Hueom,
1074 2508 1444 2563 Cluniacensi
1478 2507 1695 2573 abbati,
1720 2506 1872 2563 salu-

210 2604 329 2653 tem
363 2600 419 2652 et
448 2596 826 2669 apostolicam
859 2597 1345 2653 benedictionem.

282 2686 365 2742 Ad
414 2686 525 2741 hoc
571 2703 699 2755 nos,
732 2686 1078 2758 disponente
1124 2686 1392 2751 Domino,
1431 2685 1488 2740 in
1540 2685 1866 2758 apostolicae

210 2774 371 2830 sedis
402 2775 703 2830 servitium
735 2778 1034 2846 promotos
1057 2775 1452 2847 agnoscimus,
1480 2778 1544 2828 ut
1573 2775 1700 2844 ejus
1730 2773 1868 2829 ﬁliis

210 2862 495 2918 auxilium
528 2861 982 2935 implorantibus
1025 2862 1339 2918 efﬁcaciter
1367 2863 1695 2928 subvenire,
1728 2867 1784 2917 et
1815 2862 1867 2917 ei

211 2952 549 3007 obedientes
577 2950 727 3006 tueri
778 2967 843 3005 ac
892 2955 1215 3022 protegere,
1250 2956 1422 3023 prout
1452 2951 1737 3006 Dominus
1768 2951 1868 3005 de-

214 3039 386 3103 derit,
435 3040 773 3094 debeamus.
808 3038 968 3094 Unde
1019 3045 1248 3111 oportet
1286 3056 1394 3094 nos
1436 3039 1867 3095 venerabilibus

213 3128 357 3184 locis
376 3144 615 3183 manum
640 3127 1017 3199 protectionis
1039 3128 1423 3199 porrigere,et
1443 3144 1743 3182 servorum
1767 3127 1867 3182 Dei

1896 1837 1944 1902 B

1986 575 2356 615 successores
2388 560 2713 615 secundum
2745 560 3017 616 timorem
3052 559 3149 616 Dei
3179 559 3487 634 elegeritis.
3523 562 3642 618 Ele-

1983 651 2112 703 ctus
2138 652 2333 703 autem
2357 665 2391 703 a
2415 649 2759 704 Pictaviensi
2782 648 3053 721 episcopo
3071 653 3462 715 consecretur,
3479 650 3640 707 omni

1982 736 2364 808 professionis
2412 737 2711 793 exactione
2751 736 3024 810 seposita.
3044 737 3522 795 Consecrationes
3556 737 3641 794 al-

1981 825 2197 879 tarium
2228 824 2347 880 sive
2372 824 3184 894 basilicarum,ordinationes
3214 827 3639 883 monachorum

1981 913 2102 968 sive
2133 913 2622 986 clericorum,qui
2653 916 2725 970 ad
2759 931 2958 971 sacros
2990 915 3209 970 fuerint
3237 913 3471 971 ordines
3503 932 3642 988 pro-

1981 1003 2271 1069 movendi,
2305 1003 2377 1057 ab
2419 1005 2622 1058 codem
2668 1002 2939 1076 episcopo
2990 1003 3310 1076 accipiant;
3344 1003 3640 1077 siquidem

1978 1092 2445 1166 gratiamiatque
2483 1091 2956 1148 communionem
2992 1090 3324 1163 apostolicae
3354 1091 3511 1148 sedis
3542 1091 3641 1149 ha-

1981 1179 2192 1245 buerit,
2218 1180 2263 1234 si
2298 1196 2365 1234 ea
2393 1180 2577 1251 gratis
2616 1196 2681 1235 ac
2712 1179 2837 1235 sine
2868 1180 3154 1251 pravitate
3195 1179 3448 1236 voluerit
3471 1179 3638 1236 exhi-

1979 1268 2113 1322 bere
2148 1284 2159 1322 :
2197 1268 2481 1339 alioquin,
2514 1267 2649 1323 licet
2694 1268 2778 1323 eis
2824 1268 3176 1324 catholicum
3206 1284 3383 1341 quem
3414 1268 3639 1325 malue-

1978 1356 2095 1411 rint
2125 1357 2286 1411 adire
2316 1356 2663 1424 antistitem,
2698 1360 2754 1412 et
2783 1357 2856 1412 ab
2892 1372 2958 1412 eo
3006 1356 3511 1413 consecrationum
3542 1374 3639 1414 sa-

1978 1450 2277 1500 cramenta
2307 1445 2624 1517 suscipere.
2657 1444 2802 1508 Quia
2831 1461 2967 1501 vero
2998 1445 3261 1517 ejusdem
3293 1445 3637 1502 monasterii

1977 1532 2244 1604 ecclesia,
2268 1533 2547 1605 largiente
2571 1532 2839 1602 Domino,
2860 1534 3079 1589 nostris
3101 1536 3190 1589 est
3210 1534 3486 1590 manibus
3508 1550 3641 1590 con-

1977 1627 2221 1689 secrata,
2244 1621 2350 1676 hoc
2373 1638 2607 1694 quoque
2631 1621 2903 1693 praesenti
2934 1621 3191 1694 capitulo
3216 1622 3638 1695 subjungimus

1978 1717 2042 1765 ut
2072 1727 2177 1765 nec
2215 1710 2511 1782 episcopo,
2546 1727 2650 1766 nec
2696 1710 2952 1783 episcopi
3000 1709 3325 1766 ministerio
3357 1711 3636 1782 cuiquam

1977 1799 2224 1855 facultas
2258 1800 2334 1854 sit
2363 1804 2581 1855 temere
2623 1799 2769 1855 citra
2816 1803 3075 1855 nostram
3106 1798 3195 1854 vel
3226 1798 3401 1871 legati
3450 1798 3637 1855 nostri

1978 1887 2276 1943 licentiam
2300 1887 2359 1942 in
2378 1886 2572 1943 locum
2590 1887 2759 1942 illum
2777 1886 3402 1944 excommunicationis
3418 1887 3638 1960 profer-

1977 1993 2038 2032 re
2061 1976 2432 2039 sententiam,
2450 1980 2738 2047 quatenus
2760 1980 2815 2031 et
2840 1976 3083 2031 abbates
3107 1976 3236 2048 ejus
3257 1979 3315 2031 et
3338 1974 3635 2045 monachi,

1977 2066 2049 2119 ab
2086 2065 2279 2120 omnis
2309 2064 2526 2120 servitii
2559 2065 2678 2120 sint
2707 2065 3075 2121 infestatione
3123 2064 3335 2134 securi,
3360 2063 3640 2137 omnique

1978 2153 2313 2226 gravamine
2336 2154 2646 2208 mundanae
2668 2154 3065 2225 oppressionis
3092 2153 3322 2221 remoti,
3346 2154 3406 2209 in
3436 2157 3641 2209 sancta

1978 2241 2275 2314 religionis
2306 2241 2708 2297 observatione
2743 2240 3273 2314 seduli,quietique
3297 2242 3639 2315 persistant,

1978 2348 2084 2386 nec
2106 2330 2207 2385 ulli
2231 2330 2327 2385 alii
2357 2331 2469 2387 nisi
2503 2330 2697 2385 abbati
2719 2330 3085 2387 Cluniacensi
3105 2330 3305 2402 aliqua
3326 2334 3639 2387 teneantur

1978 2420 2280 2475 occasione
2301 2420 2572 2489 subjecti.
2592 2418 2650 2473 Si
2674 2436 2789 2490 qua
2814 2436 2952 2475 sane
2972 2418 3369 2476 ecclesiastica
3398 2418 3645 2475 saecula-

1977 2509 2126 2564 risve
2157 2524 2409 2580 persona
2439 2508 2587 2562 hanc
2627 2511 2836 2563 nostra:
2890 2507 3328 2563 constitutionis
3359 2508 3635 2580 paginam

1977 2597 2188 2662 sciens,
2224 2600 2427 2651 contra
2467 2612 2597 2651 eam
2634 2596 2832 2651 venire
2871 2595 3194 2665 tentaverit,
3231 2596 3489 2653 secundo
3517 2599 3634 2652 ter-

1976 2686 2125 2742 tiove
2146 2685 2524 2750 commonita,
2540 2684 2588 2740 si
2611 2701 2726 2739 non
2747 2684 3147 2740 satisfactione
3164 2699 3424 2757 congrua
3438 2699 3635 2740 emen-

1977 2773 2219 2843 daverit,
2242 2772 2544 2844 potestatis
2592 2771 2949 2843 honorisque
2980 2771 3072 2828 sui
3103 2771 3386 2844 dignitate
3415 2775 3626 2841 careat,

1978 2879 2253 2934 reamque
2303 2878 2365 2917 se
2413 2861 2608 2917 divino
2631 2860 2858 2932 judicio
2889 2859 3133 2916 existere
3181 2860 3250 2915 de
3292 2863 3628 2933 perpetrata
3672 2863 3679 2868 ’

1976 2951 2286 3024 iniquitate
2315 2955 2647 3023 cognoscat,
2671 2955 2728 3005 et
2767 2966 2801 3005 a
2849 2948 3246 3005 sacratissimo
3295 2964 3534 3022 corpore
3571 2952 3630 3004 et

1977 3039 2263 3110 sanguine
2296 3039 2398 3093 Dei
2445 3042 2502 3092 et
2541 3037 2769 3092 Domini
2818 3036 3224 3106 Redemptoris
3270 3036 3456 3092 nostri
3484 3036 3628 3093 Jesu

1978 3128 2188 3185 Christi
2210 3127 2398 3182 aliena
2429 3128 2548 3194 ﬁat,
2578 3131 2751 3197 atque
2777 3126 2835 3180 in
2858 3130 3114 3181 extremo
3140 3126 3407 3181 examine
3438 3124 3632 3181 distri-

211 3217 394 3289 quieti
418 3217 699 3273 attentius
725 3216 1044 3288 providere.
1068 3215 1312 3271 Proinde
1334 3216 1647 3271 venerabili
1671 3233 1867 3272 mona-
1894 3202 1937 3269 C
1979 3223 2079 3272 circ
2113 3215 2318 3270 ultioni
2352 3215 2680 3284 subjaceat;
2712 3214 2938 3268 cunctis
2959 3217 3155 3269 autem
3178 3213 3367 3269 eidem
3388 3212 3515 3269 loco
3538 3213 3634 3283 ju-

211 3305 390 3361 sterio
414 3307 568 3378 quod
601 3305 766 3361 bona:
792 3304 1083 3359 memoriae
1105 3304 1475 3372 Guillelmus,
1502 3305 1866 3360 Pictavorum

212 3408 430 3459 comes,
456 3393 515 3447 in
544 3393 736 3464 ipsius
759 3392 924 3448 urbis
946 3393 1250 3458 suburbio,
1278 3393 1348 3446 ad
1375 3392 1654 3448 honorem
1688 3393 1870 3447 beatas

212 3482 409 3537 Maria;
440 3497 676 3554 semper
713 3480 976 3554 virginis,
1010 3485 1067 3536 et
1095 3487 1430 3537 sanctorum
1471 3480 1869 3553 apostolorum

213 3571 458 3628 Joannis
505 3575 563 3626 et
612 3570 854 3625 Andreae
894 3571 1238 3637 construxit,
1273 3587 1380 3625 nos
1427 3576 1549 3625 tam
1595 3587 1697 3641 pro
1745 3570 1870 3641 eju-

213 3660 382 3714 sdem
432 3658 683 3714 dominae
735 3663 1050 3725 nostrae,et
1087 3663 1424 3714 sanctorum
1474 3658 1871 3729 apostolorum

214 3745 731 3818 devotione.quam
768 3763 870 3818 pro
894 3751 1004 3801 tua
1038 3746 1335 3818 religionis
1357 3746 1581 3802 eximiae
1612 3747 1875 3803 dilectio-

216 3852 314 3899 ne,
336 3834 678 3906 hujusmodi
707 3834 1076 3907 privilegium
1098 3851 1167 3891 ex
1188 3835 1544 3907 benignitate
1566 3836 1723 3891 sedis
1744 3853 1877 3907 apo-

217 3923 435 3980 stolicae
465 3921 864 3995 indulgemus.
891 3922 1219 3979 Statuimus
1242 3923 1398 3979 enim
1427 3928 1492 3978 ut
1514 3941 1877 3998 quaecunque

218 4012 391 4078 bona,
440 4027 829 4082 quascunque
882 4011 1283 4082 possessiones
1318 4017 1876 4085 ‘supramemoratus

217 4116 434 4166 comes,
451 4116 553 4155 seu
580 4098 777 4154 ﬁdeles
798 4097 895 4153 alii
918 4099 988 4155 de
1020 4116 1124 4155 suo
1140 4100 1275 4171 jure
1305 4101 1493 4156 eidem
1524 4101 1877 4158 monasterio

219 4187 523 4243 contuleru
534 4191 683 4254 nt,et
703 4204 901 4259 quiecu
912 4204 1065 4260 nque
1086 4188 1259 4244 hodie
1272 4190 1437 4259 juste
1458 4190 1737 4260 possidet,
1759 4189 1879 4246 sive

220 4276 279 4331 in
311 4276 577 4331 futurum
603 4276 765 4346 juste
784 4280 842 4331 et
871 4276 1148 4332 canonice
1181 4277 1392 4348 poterit
1419 4277 1685 4349 adipisci,
1710 4280 1883 4335 ﬁrma

220 4381 454 4436 semper
482 4369 541 4419 et
570 4363 799 4420 illibata
845 4370 1246 4436 permaneant,
1277 4370 1397 4421 tam
1434 4383 1468 4421 a
1496 4370 1553 4421 te
1583 4384 1759 4438 quam
1809 4369 1882 4423 ab

219 4454 305 4510 eis
335 4454 437 4525 qui
472 4454 527 4508 in
562 4458 659 4508 tuo
692 4452 882 4508 ofﬁcio
919 4451 1162 4524 locoque
1195 4454 1607 4523 successerint,
1642 4473 1884 4530 perenni

1978 3309 2070 3360 sta
2098 3304 2466 3359 servantibus
2497 3303 2574 3358 sit
2604 3319 2715 3374 pax
2746 3301 2975 3357 Domini
3008 3302 3192 3356 nostri
3221 3301 3364 3356 Jesu
3394 3300 3630 3370 Christi,

1980 3397 2268 3464 quatenus
2301 3396 2356 3445 et
2386 3391 2445 3445 hi
2488 3390 2744 3445 fructum
2794 3389 2958 3445 bona:
3010 3387 3254 3443 actionis
3285 3387 3632 3460 percipiant,

1979 3487 2036 3537 et
2065 3481 2219 3552 apud
2251 3478 2582 3535 districtum
2616 3478 2881 3549 judicem
2913 3477 3155 3550 praemia
3196 3480 3424 3533 aeternas
3472 3476 3635 3551 pacis

1980 3570 2299 3625 inveniant.
2332 3570 2537 3633 Amen,
2569 3583 2763 3635 amen,
2796 3582 2989 3623 amen.

2054 3659 2260 3713 Datum
2294 3656 2448 3728 apud
2499 3654 2878 3727 Angeliacum
2937 3672 3038 3728 per
3096 3672 3338 3711 manum
3367 3654 3634 3724 Joannis,

1983 3753 2194 3805 sanctae
2220 3747 2491 3802 Romanae
2510 3745 2777 3801 Ecclesia:
2797 3744 3023 3801 diaconi
3047 3744 3385 3813 cardinalis,
3399 3763 3475 3803 vn
3496 3746 3638 3802 ldus

1982 3836 2223 3909 Aprilis,
2248 3834 2564 3890 indictione
2590 3852 2668 3902 1v,
2698 3851 2848 3889 anno
2878 3834 3192 3890 Dominicaa
3214 3832 3640 3891 Incarnationis

1986 3926 2143 3992 1096,
2168 3923 2547 3995 pontiﬁcatus
2582 3927 2779 3979 autem
2811 3922 3010 3979 domni
3040 3922 3253 3978 Urbani
3280 3923 3521 3979 secundi
3545 3939 3644 3996 pa-

1986 4031 2070 4086 pa:
2102 4030 2180 4067 1x.
2266 4038 2273 4044 ο

2648 4099 2973 4155 CLXXXIX.

2025 4192 2189 4246 Bulla
2215 4206 2315 4263 pro
2341 4190 2668 4246 monasterio
2687 4187 2877 4244 Sancti
2896 4188 3165 4245 Martialis
3195 4188 3603 4245 Lcmovicensis.

2631 4278 2819 4349 (Anno
2854 4277 3038 4349 1096.)

2224 4369 2486 4440 [ΒΑιυΖ.,
2520 4368 2746 4423 Miscell.
2777 4366 2940 4436 edit.,
2974 4367 3114 4422 Luc.
3148 4366 3219 4437 II,
3252 4368 3399 4438 178.]

2066 4458 2344 4514 Uassuus
2374 4458 2708 4530 episcopus,
2735 4471 2935 4511 servus
2962 4472 3260 4512 servorum
3289 4455 3410 4523 Dei,
3435 4455 3644 4513 dilecto

220 4547 504 4614 tempore,
539 4542 666 4597 sine
694 4541 1104 4614 inquietudine
1145 4542 1343 4616 aliqua
1383 4544 1757 4616 possidenda,
1792 4562 1882 4601 re-
1914 4566 1963 4631 D
1998 4546 2115 4603 ﬁlio
2134 4548 2434 4610 ADEMARO,
2454 4545 2651 4601 abbati
2679 4544 3110 4600 Lcmovicensis
3132 4544 3380 4600 ctenobii
3404 4545 3645 4617 quodin

221 4632 413 4704 genda
444 4649 512 4686 ac
556 4632 941 4702 disponenda,
976 4632 1128 4687 sicut
1159 4649 1193 4686 a
1222 4633 1646 4705 praedecessore
1686 4637 1884 4688 nostro

222 4725 442 4777 sanctas
500 4720 793 4776 memoriae
848 4721 1124 4793 Gregorio
1168 4721 1267 4776 VII
1318 4723 1493 4793 juxta
1548 4722 1885 4793 petitionem

224 4808 546 4880 supradicti
582 4808 818 4864 comitis
852 4809 1188 4864 institutum
1213 4813 1320 4865 est.
1346 4810 1723 4865 Decernimus
1752 4827 1888 4885 ergo

224 4903 293 4952 ut
326 4895 471 4952 nulli
498 4898 737 4952 omnino
768 4896 1076 4952 hominum
1103 4896 1277 4951 liceat
1297 4899 1562 4953 eamdem
1583 4898 1887 4955 ecclesiam

223 4991 444 5041 temere
488 4985 850 5058 perturbare,
877 4991 979 5041 aut
1023 4987 1151 5057 ejus
1186 4986 1586 5058 possessiones
1640 4989 1886 5055 auferre,

225 5072 315 5127 vel
348 5073 570 5129 ablatas
594 5074 863 5141 retinere,
881 5073 967 5129 vel
994 5074 1319 5130 temerariis
1342 5075 1743 5131 vexationibus
1768 5076 1891 5130 fati-

227 5179 388 5234 gare;
407 5164 507 5218 sed
525 5163 725 5218 omnia
741 5163 971 5235 integra
983 5168 1400 5219 conserventur
1416 5180 1614 5220 eorum
1634 5182 1736 5237 pro
1755 5182 1893 5237 quo-

230 5268 366 5307 rum
409 5251 839 5308 sustentatione
888 5257 945 5307 et
983 5252 1409 5324 gubernatione
1441 5270 1718 5309 concessa
1757 5257 1893 5309 sunt

231 5340 441 5397 usibus
462 5339 822 5396 omnimodis
849 5341 1174 5412 profutura.
1202 5341 1343 5396 Item
1365 5342 1784 5399 constituimus
1807 5348 1888 5412 ut,

229 5429 486 5486 obeunte
503 5429 737 5497 abbate,
753 5445 870 5484 non
889 5428 1040 5485 alius
1068 5430 1147 5485 ibi
1166 5446 1514 5502 quacunque
1537 5431 1892 5504 obreptionis

1994 4636 2212 4691 honore
2244 4634 2393 4689 beati
2427 4633 2709 4689 Martialis
2742 4633 3093 4690 aediﬁcatum
3120 4638 3208 4690 est
3237 4634 3482 4706 ejusque
3512 4649 3647 4690 suc-

1996 4722 2330 4779 cessoribus
2359 4721 2708 4795 regulariter
2732 4722 3161 4779 substituendis
3191 4723 3251 4778 in
3277 4726 3646 4795 perpetuum.

2066 4812 2149 4866 Ad
2164 4809 2619 4865 sollicitudinem
2636 4825 2702 4865 ac
2714 4810 3132 4882 benignitatem
3148 4810 3474 4884 apostolicae
3491 4810 3650 4868 sedis

1996 4899 2246 4972 pertinet
2275 4902 2332 4951 et
2361 4896 2703 4967 religionem
2728 4914 2939 4969 augere
2970 4903 3027 4955 et
3056 4899 3343 4972 religiosis
3367 4899 3510 4956 locis
3531 4898 3651 4956 sive

1997 4986 2261 5061 personis
2285 4985 2566 5041 auxilium
2591 5003 2709 5040 suis
2731 4988 3108 5058 protectionis
3126 4987 3483 5059 impendere.
3499 4989 3651 5053 Qua-

1998 5076 2258 5132 mobrem
2300 5074 2590 5131 devotioni
2636 5079 2775 5141 tuae,
2802 5073 2882 5129 ﬁli
2933 5075 2993 5130 in
3036 5074 3265 5131 Christo
3306 5075 3652 5132 charissima

1998 5166 2285 5221 Adcmare
2307 5164 2508 5231 abbas,
2534 5179 2649 5219 non
2673 5162 2987 5218 minimum
3020 5161 3386 5235 gratulamur
3404 5164 3560 5234 quod
3593 5164 3653 5220 in

1999 5255 2159 5310 Beati
2192 5253 2475 5310 Martialis
2509 5254 2662 5325 apud
2711 5252 3046 5308 Lemovices
3080 5251 3435 5307 monasterio
3466 5268 3570 5324 per
3597 5256 3656 5308 te

2000 5343 2399 5417 potissimum,
2426 5346 2710 5416 praecepto
2733 5340 2951 5398 scilicet
2981 5345 3157 5413 atque
3177 5340 3472 5397 industria
3501 5355 3657 5396 reve-

2001 5432 2329 5491 rentissimi
2361 5431 2620 5507 Hugonis
2643 5428 3043 5489 Cluniacensis
3073 5429 3322 5502 abbatis,
3357 5429 3659 5509 religionis

249 5562 269 5655 ’λ
304 5608 416 5694 (43)
442 5606 724 5668 Nemausi
755 5606 1116 5671 celebratum
1148 5606 1261 5668 fuit
1291 5623 1493 5669 menso
1517 5608 1702 5684 Julia,
1731 5627 1884 5673 anno
1906 5611 2068 5681 1096.
