3990 6156
395 264 514 324 463

1691 263 1760 326 Β.
1807 260 2110 327 ΠΗΒΑΝῘ-
2148 260 2202 324 lI
2246 259 2498 325 PAPE.

3680 257 3804 322 (σι

395 403 583 453 status
613 398 892 471 largiente
936 401 1181 456 Domino
1231 401 1590 456 instauratus
1620 404 1725 454 est.
1751 398 1930 461 Quam
1964 395 2042 451 in-
2073 399 2119 463 Α
2157 396 2569 468 Burdegalcnsi
2605 395 2878 451 ecclesias
2916 394 3108 451 Sancti
3157 394 3308 449 Petri
3357 393 3428 448 de
3458 391 3720 448 Tortirac
3751 397 3810 447 et

395 488 814 544 staurationem
835 505 938 560 per
959 490 1110 545 beati
1128 494 1183 546 et
1199 487 1502 561 apostolici
1521 485 1874 542 confessoris
1893 487 2044 541 Mar-

393 577 550 632 tialis
585 577 794 634 merita
824 579 1022 650 augeri
1055 582 1111 634 et
1141 577 1375 650 provehi
1407 576 1730 648 cupientes,
1764 592 1866 648 per
1897 592 2044 647 prae-

395 665 578 720 sentis
593 666 804 722 decreti
824 667 1096 740 paginam
1116 664 1452 744 stabilimus
1468 664 1661 720 locum
1681 665 1873 736 ipsum
1894 665 2046 718 sicut

395 753 569 810 hodie
596 759 704 822 est,
731 759 787 808 et
819 755 972 810 sicut
1000 755 1072 810 ab
1103 753 1374 826 episcOpo
1408 758 1586 826 atque
1616 753 1912 808 canonicis
1945 753 2042 806 Le-

381 843 744 911 movicensis
759 842 1025 898 Ecclesia;
1043 843 1306 898 noscitur
1321 843 1522 898 institu
1535 848 1810 908 tum,sem
1819 859 1920 914 per
1935 859 1998 896 su
2011 842 2045 895 b

395 931 538 986 disci
545 931 723 1002 plina,
746 931 1128 1004 dispositione
1149 937 1206 987 et
1235 932 1503 988 custodia
1523 930 1922 986 Cluniacensis
1945 930 2043 984 ab-

394 1017 548 1073 batis
569 1018 898 1089 persistere,
919 1023 975 1076 et
994 1023 1060 1074 ut
1080 1021 1330 1075 obeunte
1355 1020 1565 1075 abbate
1586 1017 1784 1074 nullus
1805 1017 1882 1073 ibi
1907 1035 2048 1089 qua-

393 1105 535 1162 libet
563 1107 960 1180 subreptionis
990 1109 1210 1164 astutia
1251 1108 1338 1165 vel
1367 1107 1643 1163 violentia
1678 1112 2049 1180 praeponatur

395 1195 506 1250 nisi
533 1213 702 1268 quem
729 1197 1006 1269 praefatus
1022 1197 1422 1253 Cluniacensis
1449 1197 1629 1252 abbas
1665 1195 1784 1251 illic
1802 1195 1890 1252 vel
1913 1212 2044 1252 suc-

393 1301 654 1342 cessores
675 1287 804 1358 ejus
827 1287 1153 1342 secundum
1172 1287 1271 1341 Dei
1292 1287 1562 1342 timorem
1581 1285 1880 1357 elegerint.
1901 1285 2047 1349 Quia

390 1390 525 1428 vero
557 1374 903 1446 disponente
933 1375 1182 1430 Domino
1224 1381 1280 1429 et
1319 1374 1505 1429 sancti
1536 1375 1664 1445 ejus
1695 1372 2048 1430 confessoris

391 1461 726 1535 dignatione
745 1463 962 1519 factum
980 1469 1068 1519 est
1085 1469 1149 1518 ut
1172 1481 1272 1536 per
1294 1481 1399 1519 nos
1416 1464 1576 1535 ipsos
1598 1464 1726 1534 ejus
1747 1460 2044 1516 tumulum

390 1551 627 1606 visitare
659 1558 716 1608 et
761 1551 870 1606 loci
912 1553 1098 1623 ipsius
1129 1553 1432 1608 eselesiam
1487 1552 1544 1606 in
1594 1553 1812 1606 honore
1860 1551 2044 1606 sancti

393 1639 710 1695 Salvatoris
733 1657 1072 1696 consecrare
1095 1641 1505 1706 meruerimus,
1527 1657 1635 1694 nos
1656 1657 1758 1712 pro
1779 1639 2044 1708 ejusdem

393 1727 741 1783 confessoris
787 1729 1087 1801 apostolici
1139 1729 1442 1784 devotione
1490 1734 1548 1784 et
1593 1727 2043 1784 reverentissimi
2076 1766 2124 1832 Β

393 1816 706 1872 confratris
755 1817 941 1872 nostri
991 1818 1252 1890 Hugonis
1305 1819 1532 1873 abbatis
1579 1818 1907 1883 dilectione,
1945 1833 2046 1889 pro

396 1910 508 1960 tua:
525 1905 701 1961 etiam
721 1905 1016 1978 religionis
1034 1907 1393 1978 petitione,et
1411 1907 1831 1962 monasterium
1851 1907 2044 1978 ipsum

396 2000 454 2050 et
483 2011 846 2067 quaecunque
875 1994 1062 2067 ipsius
1087 2000 1227 2050 sunt
1258 1997 1367 2050 sub
1399 1994 1578 2050 tutela
1599 1994 1929 2066 apostolicae
1961 2010 2048 2048 se-

395 2084 485 2138 dis
519 2089 796 2156 perpetuo
813 2085 1172 2140 confovenda
1196 2071 1582 2156 suscipimus;
1611 2085 1664 2137 in
1689 2083 1904 2154 quibus
1925 2082 2046 2137 hac

394 2172 647 2244 propriis
675 2172 1016 2228 nominibus
1038 2173 1316 2228 duximus
1335 2173 1732 2244 exprimenda.
1756 2172 1818 2226 In
1843 2171 2045 2226 Lemo-

393 2261 611 2316 vicensi
649 2265 796 2334 pago
843 2261 1264 2317 monasterium
1298 2263 1522 2316 Sanctae
1555 2259 1815 2324 Valeria),
1849 2259 2046 2314 Sancti

393 2350 660 2418 Valerici,
685 2351 910 2406 Sanctis
944 2351 1156 2414 Mariae,
1189 2368 1316 2421 qua:
1355 2355 1596 2406 vocatur
1633 2350 2045 2419 Subterrauea,

394 2439 677 2510 capellam
728 2439 798 2494 de
847 2439 1024 2506 Buxo,
1076 2440 1354 2494 ecclesias
1401 2440 1472 2494 de
1519 2437 1746 2506 Valera,
1781 2437 2049 2494 videlicet

395 2528 591 2584 Sancti
625 2528 879 2600 Sulpitii,
919 2532 1139 2582 Sanctae
1183 2529 1395 2594 Mariae,
1429 2528 1628 2583 Sancti
1672 2527 2044 2593 Martini,ec-

396 2615 632 2671 clesiam
663 2616 852 2671 sancti
884 2615 1165 2670 Martialis
1198 2617 1266 2670 de
1301 2615 1564 2680 llociaco,
1596 2617 1822 2670 Sanctae
1854 2614 2046 2670 Maria:

396 2705 467 2782 de
498 2703 836 2772 Claravalle,
865 2704 1018 2776 apud
1050 2703 1252 2759 Pairac
1281 2702 1557 2760 ecclesias
1586 2703 1783 2759 Sancti
1813 2702 2047 2758 Martini

397 2797 454 2850 et
485 2792 682 2848 Sancti
729 2791 1011 2864 Dionysii,
1043 2791 1183 2847 item
1229 2791 1428 2847 Sancti
1472 2791 1726 2864 Dionysii
1759 2792 1830 2848 de
1861 2792 2043 2860 Murs,

397 2881 622 2936 Sanctis
656 2880 846 2936 Mariae
897 2881 968 2936 de
1001 2881 1204 2947 Roera,
1230 2880 1424 2936 Sancti
1474 2881 1622 2936 Petri
1671 2881 1744 2936 de
1791 2881 2046 2948 Parazol,

397 2970 596 3025 Sancti
626 2968 840 3024 Silvani
884 2969 954 3025 de
1001 2968 1210 3038 Castel,
1242 2969 1435 3024 Sancti
1464 2968 1745 3024 Martialis
1794 2970 1865 3025 de
1915 2969 2045 3038 Rot,

395 3059 588 3114 Sancti
638 3057 920 3114 Martialis
951 3057 1022 3113 de
1054 3058 1255 3123 Roser,
1285 3057 1479 3114 Sancti
1529 3057 1680 3114 Petri
1709 3059 1781 3114 de
1809 3057 2044 3125 Vernol,

2153 487 2224 540 de
2261 484 2456 539 Fornel
2490 493 2549 540 et
2575 486 2647 538 de
2679 485 3000 540 Petraﬁcta.
3031 484 3094 539 In
3131 483 3326 538 Diensi
3356 481 3632 538 ecclesias
3662 481 3809 538 San-

2152 578 2256 628 cta:
2286 572 2477 628 Mariae
2509 573 2584 628 de
2609 573 2848 629 Sermea
2871 576 2928 628 et
2957 573 3036 628 de
3066 572 3250 627 Soant
3273 586 3406 626 eum
3439 569 3812 642 pertineatiis

2153 669 2210 716 et
2245 661 2610 733 appendieiis
2656 661 2802 716 suis.
2829 661 3198 732 Quaecunque
3226 665 3506 732 prmterea
3551 657 3616 714 in
3661 675 3809 731 pra-

2155 751 2302 805 senti
2334 755 2593 806 vestrum
2625 750 2956 806 ccenobium
2978 751 3140 821 juste
3168 749 3455 821 possidet,
3473 748 3598 804 sive
3629 747 3690 802 in
3718 747 3812 804 fu-

2153 844 2351 893 turum
2376 840 2536 910 juste
2565 843 2748 910 atque
2785 837 3064 894 canonice
3107 836 3318 910 poterit
3345 833 3614 908 adipisci,
3637 835 3814 894 firma

2152 927 2316 983 vobis
2346 927 2674 999 vestrisque
2714 926 3157 982 successoribus
3203 931 3259 981 et
3304 923 3534 980 illibata
3575 939 3810 995 perma-

2155 1033 2302 1071 nean
2313 1022 2349 1070 t.

2225 1104 2602 1164 Decernimus
2623 1121 2760 1178 ergo
2785 1109 2848 1160 ut
2873 1103 3018 1159 nulli
3043 1103 3284 1160 omnino
3306 1101 3816 1158 hominumlieeat

2157 1191 2310 1248 idem
2335 1191 2757 1250 monasterium
2785 1198 3001 1248 temere
3023 1192 3386 1264 perturbare,
3410 1195 3516 1246 aut
3530 1192 3658 1262 ejus
3675 1206 3808 1263 pos-

2155 1282 2448 1337 sessiones
2478 1281 2834 1351 auferre,vel
2871 1281 3094 1338 ablatas
3121 1281 3394 1347 retinere,
3416 1280 3700 1349 minuere,
3723 1277 3815 1335 vel

2155 1371 2482 1425 temerariis
2506 1371 2910 1426 vexationibus
2933 1370 3196 1442 fatigare,
3221 1369 3321 1425 sed
3353 1369 3560 1424 omnia
3579 1369 3816 1440 integra

2157 1468 2570 1515 conserventur
2598 1476 2800 1514 eorum
2849 1475 2952 1532 pro
2999 1475 3252 1531 quorum
3302 1449 3726 1516 sustentatione
3756 1462 3818 1519 αι

2155 1549 2579 1619 gubernatione
2611 1565 2889 1604 concessa
2919 1552 3059 1604 sunt
3079 1548 3287 1603 usibus
3307 1545 3818 1618 omnimodispro—

2157 1638 2370 1692 futura.
2393 1637 2562 1692 Salva
2597 1627 3024 1693 Leinovicensis
3050 1636 3309 1709 episcopi
3339 1635 3620 1694 canonica
3649 1651 3814 1694 reve-

2157 1725 2362 1792 rentia,
2377 1725 2665 1797 siquidem
2690 1725 3013 1782 catholicus
3039 1725 3214 1780 fuerit
3235 1729 3292 1780 et
3311 1724 3559 1798 gratiam
3580 1730 3638 1782 et
3658 1741 3818 1780 com-

2155 1831 2208 1867 m
2223 1832 2251 1866 υ
2265 1813 2492 1870 nionem
2512 1813 2840 1886 apostolicae
2860 1814 3016 1869 sedis
3038 1813 3325 1870 habuerit.
3341 1813 3611 1886 Alioquin
3629 1829 3816 1886 quan-

2155 1903 2254 1956 diu
2288 1904 2616 1974 t'orle,quod
2657 1903 2830 1968 absit,
2857 1901 3284 1958 Lemovieensis
3305 1901 3550 1959 ecclesia
3581 1905 3816 1975 pastore

2154 1991 2466 2058 carueruit,
2492 1993 2654 2047 vobis
2683 1992 3013 2063 vestrisque
3040 1991 3480 2048 successoribus
3518 1991 3688 2049 liceat
3718 2010 3814 2048 or-

2155 2079 2521 2135 dinationum
2557 2080 2675 2136 sive
2713 2081 3221 2136 eonsecrationum
3252 2080 3649 2152 quarumlibet
3675 2097 3814 2154 gra-

2153 2168 2236 2224 tia
2267 2169 2622 2224 catholicum
2667 2186 2841 2241 quem
2894 2168 3220 2225 malueritis
3263 2169 3601 2242 episcopum
3645 2170 3814 2224 adire

2153 2262 2210 2313 et
2234 2258 2306 2312 ab
2337 2274 2403 2313 eo
2430 2275 2556 2330 qua:
2578 2265 2716 2313 sunt
2737 2263 3065 2330 opportuna
3087 2257 3404 2329 suscipere.
3429 2262 3572 2314 Item
3595 2258 3814 2314 consti-

2152 2347 2378 2402 tuimus
2409 2349 2730 2403 secundum
2770 2347 3020 2419 antiquae
3049 2346 3496 2404 consuetudinis
3540 2347 3810 2413 modum,

2153 2435 2392 2490 absente
2441 2435 2734 2507 episcopo,
2766 2436 2922 2491 Beati
2954 2435 3236 2492 Martialis
3287 2435 3472 2494 abbas
3521 2435 3816 2509 praecipuo

2153 2540 2287 2580 cum
2314 2525 2638 2594 majoribus
2661 2525 2958 2580 canonicis
2981 2525 3410 2582 Lemovicensis
3435 2524 3686 2581 ecclesiae
3709 2541 3816 2581 eu-

2155 2629 2277 2668 ram
2309 2620 2492 2685 gerat,
2508 2617 2564 2667 et
2590 2611 2938 2684 episcopalis
2961 2612 3168 2670 electio
3192 2629 3261 2669 ex
3281 2613 3409 2685 ejus
3431 2613 3810 2686 potissimum

2154 2702 2392 2757 arbitrio
2415 2703 2781 2775 disponatur.
2807 2703 3094 2759 Praesente
3115 2719 3350 2776 quoque
3368 2703 3662 2777 episcopo,
3687 2720 3816 2760 non

2153 2791 2281 2848 sine
2311 2793 2576 2863 ejusdem
2599 2791 2832 2847 abbatis
2854 2791 3100 2848 consilio
3122 2792 3386 2866 graviora
3415 2792 3602 2864 ipsius
3631 2792 3816 2850 eccle-

2153 2879 2252 2937 siae
2285 2881 2518 2952 negotia
2547 2886 2919 2952 peragantur.
2947 2881 3066 2936 Hoc
3097 2897 3336 2953 quoque
3357 2881 3628 2954 praesenti
3656 2881 3816 2954 capi-

2150 2968 2274 3025 tulo
2306 2969 2724 3042 subjungimus
2754 2985 2826 3025 ne
2855 2986 2959 3041 pro
2989 2969 3287 3026 communi
3319 2969 3604 3042 parochiie
3633 2970 3814 3026 inter-

2151 3057 2308 3113 dicto
2337 3057 2424 3112 vel
2457 3058 3058 3115 cxcommunicatione
3096 3058 3519 3115 monasterium
3545 3063 3812 3116 vestrum

395 3147 589 3202 Sancti
624 3145 918 3220 Alpiniani
948 3147 1020 3202 de
1049 3148 1261 3212 Tarne,
1280 3135 1474 3202 Sancti
1505 3147 1786 3202 Martialis
1817 3147 1889 3203 de
1919 3147 2044 3202 Ma-
2075 3131 2118 3202 C
2155 3147 2464 3202 interdicto
2495 3146 3154 3203 excommunicationivc
3185 3148 3493 3216 subdatur,
3515 3154 3578 3204 ut
3607 3153 3814 3204 tamen

393 3253 559 3308 nave,
578 3237 874 3292 sbbatiam
891 3236 1086 3292 Sancti
1112 3237 1260 3292 Petri
1282 3236 1600 3302 Vosiensis,
1620 3237 2040 3292 monasterium

393 3325 590 3382 Sancti
623 3325 874 3382 Pardultt
905 3326 975 3381 de
1005 3327 1251 3390 Arnaeo,
1276 3325 1528 3397 capellas
1562 3327 1634 3381 de
1668 3325 1858 3382 Colret
1886 3329 1942 3382 et
1971 3325 2043 3381 de

393 3415 649 3483 Monzac,
682 3414 987 3471 ecclesiam
1037 3414 1109 3470 de
1153 3415 1334 3485 Sirae,
1378 3419 1600 3470 Sanctae
1640 3414 1834 3470 Marias
1882 3413 2041 3487 Mag-

391 3504 610 3559 dalena:
659 3505 730 3558 de
779 3504 1047 3574 Quadris,
1079 3503 1272 3558 Sancti
1318 3503 1600 3558 Martialis
1631 3504 1701 3559 de
1729 3503 1913 3572 Cossi,
1947 3519 2041 3559 ca-

393 3591 608 3664 pellam
657 3592 854 3648 Sancti
903 3591 1202 3646 Michaelis
1241 3607 1366 3662 que:
1413 3591 1626 3646 dicitur
1668 3593 1952 3659 Anteana,
1985 3596 2044 3648 et

393 3679 698 3736 castellum
725 3684 912 3734 vestro
945 3679 1298 3734 monasterio
1326 3679 1730 3736 circumsituni
1756 3697 1890 3736 cum
1918 3681 2043 3738 uni-

393 3769 577 3825 versis
608 3767 972 3840 pertinentiis
1005 3767 1149 3836 suis,
1174 3767 1328 3823 sicut
1357 3767 1500 3822 illud
1525 3768 1834 3839 religiosus
1864 3769 2043 3842 impe-

391 3862 548 3914 rator
580 3856 972 3912 Hlodouvieus
1002 3856 1170 3911 beato
1202 3855 1452 3911 Martiali
1484 3856 1796 3912 tradidisse
1827 3875 2038 3930 cogno-

393 3947 594 4001 scitur.
617 3946 679 4001 In
707 3943 1056 4000 Santonensi
1083 3944 1506 4000 monasterium
1532 3945 1725 4000 Sancti
1755 3945 2042 4003 Martialis

389 4034 543 4105 apud
577 4039 835 4089 castrum
867 4032 1180 4099 Colesium,
1207 4031 1403 4088 Sancti
1437 4032 1585 4088 Petri
1618 4034 1687 4090 de
1719 4034 1910 4090 Monte
1931 4039 2042 4091 An'
2073 4072 2094 4089 .

389 4123 514 4189 dro,
547 4123 740 4178 Sancti
790 4121 1020 4177 Martini
1070 4122 1141 4177 de
1189 4121 1443 4190 Saliono,
1475 4123 1670 4178 Sancti
1702 4123 2036 4192 Salvatoris,

389 4229 513 4284 qua:
558 4212 769 4267 dicitur
799 4211 929 4266 Vita
976 4217 1210 4280 aeterna,
1242 4211 1435 4266 Sancti
1483 4211 1634 4266 Petri
1684 4212 1754 4266 de
1803 4215 2035 4278 Anesio,

387 4299 690 4355 ecclesiam
723 4301 793 4354 de
825 4300 994 4354 Doaz.
1030 4299 1091 4354 In
1125 4301 1474 4354 Arvernensi
1506 4301 1810 4356 ecclesiam
1841 4303 2035 4358 Sancti

388 4387 620 4442 Martini
665 4387 736 4440 de
777 4386 1070 4460 γεωοςοι.
1105 4387 1166 4442 In
1217 4387 1560 4442 Bituricensi
1613 4390 2034 4446 monasterium

2150 3234 2632 3291 excommunicati
2664 3234 2783 3290 illic
2830 3235 2918 3292 vel
2970 3235 3258 3292 interdicti
3308 3252 3681 3309 nequaquam
3731 3238 3812 3293 ad

2151 3324 2348 3380 divina
2374 3325 2566 3380 officia
2595 3325 3004 3382 admittuntur.
3029 3325 3088 3382 Si
3111 3342 3229 3398 qua
3249 3340 3389 3381 sane
3409 3324 3814 3384 ecclesiastica.

2151 3413 2517 3470 saecularisve
2541 3429 2792 3486 persona
2811 3413 2962 3470 hanc
2991 3407 3674 3471 nostree‘eonstitutionis
3700 3431 3807 3487 pa-

2150 3504 2349 3576 ginam
2384 3503 2596 3568 sciens,
2621 3507 2822 3559 contra
2848 3519 2977 3558 eam
3003 3507 3223 3558 temere
3247 3502 3444 3558 venire
3473 3503 3808 3570 tentaverit,

2151 3592 2408 3649 secundo
2446 3592 2688 3646 tertiove
2731 3591 3107 3658 commonita,
3143 3592 3194 3646 si
3245 3607 3359 3648 non
3408 3590 3812 3654 satisfactione

2149 3697 2410 3752 congrua
2439 3680 2854 3744 emendaverit,
2889 3680 3194 3751 potestatis
3224 3679 3574 3750 honorisque
3596 3681 3688 3737 sui
3721 3679 3810 3736 di-

2149 3769 2372 3842 gnitate
2402 3773 2615 3837 careat,
2650 3785 2926 3840 reamque
2969 3785 3030 3826 se
3069 3769 3264 3825 divino
3304 3769 3528 3840 judicio
3557 3769 3808 3828 existere

2149 3858 2221 3913 de
2243 3862 2574 3929 perpetrata
2591 3857 2901 3928 iniquitate
2920 3863 3326 3929 eognosc.at,et
3345 3875 3380 3912 a
3403 3856 3810 3920 sacratissima

2149 3962 2388 4016 corpore
2418 3962 2485 4000 ac
2529 3946 2816 4018 sanguine
2847 3945 2948 4002 Dei
2981 3951 3039 4001 et
3069 3945 3296 4002 Domini
3341 3945 3524 4002 nostri
3555 3946 3806 4004 Redem-

2149 4035 2332 4108 ptoris
2377 4034 2519 4090 Jesu
2565 4033 3008 4100 Christi,.ah’ena
3054 4034 3174 4099 ttat,
3208 4039 3386 4106 atque
3433 4035 3493 4091 in
3542 4040 3810 4092 extremo,

2146 4125 2412 4180 examine
2443 4124 2720 4179 districtis
2761 4123 2966 4180 ultioni
2997 4123 3569 4194 subjaceat.Cunctis
3599 4129 3806 4182 autem

2145 4212 2333 4268 eidem
2368 4211 2492 4268 loco
2514 4213 2681 4282 justa
2709 4212 3076 4268 servantibus
3105 4213 3184 4269 sit
3214 4229 3324 4284 pax
3350 4212 3582 4270 Domini
3613 4215 3806 4270 nostri

2145 4301 2283 4358 Jesu
2316 4301 2848 4373 Christi,quatenus
2875 4306 2933 4357 et
2962 4301 3056 4355 hic
3087 4303 3342 4357 fructum
3363 4303 3530 4358 bona;
3552 4302 3810 4360 actionis

2143 4390 2467 4463 percipiant
2490 4396 2548 4445 et
2569 4391 2724 4462 apud
2747 4391 3076 4446 districtum
3093 4391 3355 4461 jndicem
3384 4391 3620 4462 praemia
3639 4395 3806 4448 aeter-

387 4475 583 4530 Saneti
614 4473 892 4530 Martialis
942 4475 1096 4547 apud
1148 4474 1479 4543 Rosiacum,
1511 4476 1816 4532 ecclesiam
1848 4478 2034 4535 sancti
2066 4495 2114 4559 Ι)
2145 4497 2229 4534 nae
2263 4481 2423 4550 pacis
2458 4479 2776 4535 inveniant.
2809 4482 3014 4547 Amen,
3048 4495 3242 4548 amen,
3277 4495 3467 4536 amen.

387 4564 723 4636 Leodegarii
756 4565 824 4618 de
879 4562 1150 4629 Malvera,
1182 4564 1378 4618 Sancti
1429 4564 1712 4622 Martialis
1741 4566 1812 4621 de
1843 4566 2030 4623 Duno.

386 4654 447 4731 ln
481 4652 824 4708 Pictaviensi
865 4652 1022 4726 apud
1065 4657 1320 4708 castrum
1357 4653 1694 4711 Monmorde
1724 4656 2031 4712 ecclesiam

386 4742 580 4800 Sancti
606 4742 839 4798 Martini
861 4743 930 4797 de
952 4743 1207 4810 Monzac,
1231 4741 1466 4813 etjuxta
1488 4743 1792 4800 castellum
1817 4763 2030 4801 novum

385 4832 534 4904 beati
567 4831 848 4888 Martialis
901 4830 1228 4887 ecclesiam.
1266 4831 1327 4886 ln
1378 4833 1690 4888 Rutenensi
1723 4834 2028 4890 ecclesiam

382 4925 452 4978 de
483 4922 750 4989 ’l‘euciac,
785 4921 1006 4976 Sancta:
1049 4921 1240 4976 Mariae
1274 4921 1342 4975 de
1383 4921 1624 4988 Panesa,
1650 4923 1845 4978 Sancti
1880 4924 2029 4978 Mar-

381 5012 536 5068 tialis
591 5013 661 5067 de
721 5010 858 5066 Rivo
889 5015 1138 5084 petroso.
1177 5010 1234 5064 In
1272 5010 1580 5066 Biterrensi
1631 5011 1906 5068 ecclesias
1959 5014 2030 5069 de

381 5100 640 5155 Laurenc
679 5105 736 5156 et
781 5099 853 5154 de
904 5098 1180 5154 Paimolo.
1215 5099 1275 5153 ln
1309 5099 1669 5156 Narbonensi
1718 5100 2028 5157 ecclesiam

380 5187 575 5244 Sancti
633 5189 912 5244 Cassiani.
976 5188 1038 5243 ln
1097 5187 1552 5260 Petrogorieensi
1607 5189 2028 5246 monasterium

380 5274 573 5330 Sancti
605 5276 888 5332 Martialis
919 5277 1072 5347 apud
1123 5275 1450 5331 Palnatum.
1487 5277 1548 5332 In
1599 5277 2028 5350 Engolismensi

381 5362 682 5418 ecclesiam
715 5365 912 5420 Sancti
947 5364 1227 5421 Martialis
1251 5366 1321 5420 de
1345 5365 1599 5421 Multene
1621 5369 1678 5421 et
1699 5367 1770 5422 de
1790 5368 2026 5426 Cantra-

379 5467 498 5507 zac.
530 5454 587 5505 et
615 5451 890 5522 capellam
941 5453 1000 5508 in
1045 5453 1189 5509 silva
1229 5454 1456 5527 Biarga,
1479 5458 1535 5509 et
1559 5453 1730 5510 aliam
1763 5455 1823 5510 in
1855 5457 2028 5513 bosco

377 5539 632 5614 Nigreto,
665 5544 721 5598 et
752 5539 948 5600 Sancti
993 5540 1195 5603 Hilarii
1247 5543 1306 5602 in
1353 5542 1589 5604 castello
1637 5543 1707 5603 de
1759 5544 1932 5608 Roca.
1966 5546 2030 5622 1n

2215 4573 2423 4624 Datum
2467 4568 2776 4624 Sanetonis
2826 4585 2929 4640 per
2978 4584 3222 4625 manum
3268 4568 3534 4637 Joannis,
3583 4571 3806 4626 saneta

2144 4657 2414 4712 Romana:
2435 4656 2693 4713 ecclesiae
2717 4656 2946 4713 diaconi
2968 4657 3304 4722 cardinalis,
3329 4675 3369 4714 ιι
3391 4658 3530 4714 ldus
3559 4657 3798 4729 Aprilis,

2141 4745 2458 4801 indictione
2501 4763 2578 4812 1v,
2618 4763 2771 4801 anno
2819 4746 3136 4801 Dominicis
3184 4745 3606 4802 Incarnationis
3635 4746 3798 4816 1097,

2140 4835 2514 4908 pontiﬁcatus
2545 4838 2738 4890 autem
2772 4834 2972 4890 domni
2998 4834 3216 4891 Urbani
3245 4833 3488 4892 secundi
3520 4850 3685 4907 papa
3713 4851 3794 4892 ix.

2143 4995 2347 5067 Urbani
2377 4996 2423 5050 ΙΙ
2451 5012 2604 5066 papa:
2650 4922 3398 5067 epistolacaficllaimundum
3446 4994 3794 5051 Ausciensm

2208 5065 2694 5138 arrhz'cpzkcbpum.
2728 5099 2796 5106 -—
2823 5066 3085 5122 Adversus
3140 5067 3364 5123 clericos
3411 5067 3510 5138 qui
3554 5074 3794 5122 eamete-

2209 5139 2357 5192 rium
2388 5137 2443 5192 S.
2481 5138 2714 5194 Orientii
2739 5139 3096 5193 violaverant.

2759 5209 2946 5280 (Anno
2981 5208 3165 5278 1096.)

2327 5278 2493 5351 [Dom
2526 5278 2814 5347 Bouousr,
2850 5282 3086 5348 Recueil,
3120 5286 3161 5336 t.
3195 5279 3340 5348 XIV,
3371 5297 3429 5353 p.
3460 5279 3616 5350 725.]

2210 5367 2489 5425 Uanmus
2519 5369 2852 5442 episcopus,
2883 5382 3085 5427 servus
3116 5383 3415 5426 servorum
3443 5367 3802 5435 Dei,dileeto

2139 5456 2304 5513 fratri
2353 5457 2685 5526 ΒΑιΜυΝυο,
2717 5459 2992 5514 Auxiensi
3043 5458 3502 5533 archiepiscopo,
3535 5459 3795 5518 salutem

2139 5550 2198 5612 et
2225 5545 2611 5624 apostolicam
2641 5547 3130 5611 benedictionem.
