4004 6162
244 388 373 456 ἦοῦ

238 615 400 673 "siam
424 613 648 672 noviter
666 614 751 672 sis
772 616 1099 685 ordinatus,
1116 616 1273 675 sedis
1291 615 1619 691 apostolicae
1649 616 1898 673 decretis

248 704 485 762 obedire
509 710 565 762 te
597 704 1078 780 irret‘ragabiliter
1101 711 1346 779 oportet.
1381 706 1732 763 Mandamus
1762 722 1898 779 ergo

250 793 602 851 fraternitati
628 798 746 849 tum
768 798 834 850 ut
853 794 925 851 de
945 794 1173 852 clericis
1212 796 1369 851 sedis
1390 800 1524 861 tum,
1554 794 1655 867 qui
1687 811 1897 851 cmme-

232 882 463 939 terium
487 882 639 957 quod
670 883 824 939 beati
875 900 1037 956 papae
1078 884 1288 940 Leonis
1317 888 1375 939 et
1427 887 1627 939 nostro
1667 883 1897 938 decreto

234 971 507 1029 ecclesia:
554 970 715 1027 Beati
752 971 1003 1029 'Orientii
1051 972 1351 1029 ﬁrmatum
1400 972 1608 1038 fuerat,
1656 970 1898 1028 violave-

242 1065 406 1130 ‘runt,
431 1059 728 1133 justitiam
752 1060 940 1118 facere
970 1060 1250 1118 canonica
1292 1059 1566 1133 aequitate
1598 1075 1895 1132 procures.

236 1153 330 1207 ‘De
389 1153 599 1207 caetero
650 1153 708 1205 et
756 1150 1015 1222 teipsum
1066 1155 1131 1206 et
1185 1153 1299 1206 tuae
1355 1149 1514 1205 sedis
1546 1148 1788 1205 clericos
1815 1148 1898 1204 ita

246 1238 569 1309 custodias,
600 1243 664 1294 ut
693 1239 967 1295 Romana:
993 1238 1262 1295 Ecclesiae
1292 1238 1521 1294 decreta
1553 1237 1898 1295 inconvulsa

236 1328 401 1401 apud
431 1343 556 1395 vos,
607 1327 853 1384 Domino
881 1327 1183 1401 largiente,
1216 1331 1633 1384 conserventur
1659 1331 1718 1383 et
1745 1325 1895 1383 inte-
1998 1338 2003 1341 ‘

232 1433 466 1563 pilata
496 1505 712 1575 Romae,
744 1522 810 1563 III
842 1506 1133 1564 Kalendas
1166 1505 1321 1563 Maii.

247 1731 497 1789 Urbanus
540 1732 588 1788 11
629 1731 953 1786 monasterii
985 1640 1287 1786 (Silicglbini
1332 1728 1737 1801 Andcgavensis
1763 1745 1887 1801 pos-

768 1803 1030 1863 sessiones
1058 1801 1364 1873 conﬁrmat.

865 1910 1057 1981 (Anno
1089 1907 1277 1977 1096.)

566 2015 876 2086 [301mm,
906 2016 1031 2072 Vita
1073 2014 1297 2080 Urbani,
1333 2030 1387 2085 p.
1420 2012 1572 2084 256.]

876 2118 889 2131 '
964 2130 1168 2188 CXCII.

246 2221 428 2293 Refert
448 2236 581 2293 qua:
608 2221 669 2275 in
697 2230 967 2277 conventu
1002 2220 1148 2293 apud
1176 2220 1233 2276 S.
1266 2220 1546 2275 Hilarium
1574 2217 1761 2293 habito
1788 2225 1894 2273 sta-

302 2291 431 2349 ‘tuta
450 2291 571 2348 sint
625 2294 908 2348 occasione
953 2291 1448 2348 controversiarum
1476 2307 1597 2362 qum
1630 2291 1774 2345 inter
1802 2305 1892 2344 ca-

312 2366 536 2421 nonicos
586 2364 642 2423 S.
673 2365 880 2423 Hilarii
933 2372 983 2420 et
1039 2363 1330 2419 monachos
1384 2362 1707 2419 monasterii
1758 2362 1894 2418 Novi

312 2437 678 2579 fictamfnsis
706 2438 768 2491 in
791 2437 1047 2513 prioratu
1077 2434 1132 2490 S.
1160 2435 1375 2491 Nicolai
1415 2434 1662 2505 degentes
1686 2442 1893 2490 exortae

340 2524 513 2563 ueran
546 2548 557 2562 .

340 2510 557 2563 'uerant.
972 2508 979 2513 ’

870 2596 1055 2667 (Anno
1090 2594 1274 2666 l096.)

470 2730 478 2737 α
563 2693 874 2766 [Roma-1',
913 2694 1047 2749 Vita
1072 2692 1295 2760 Urbani,
1330 2708 1385 2765 p.
1417 2688 1568 2765 255.]

228 2841 236 2849 δ
955 2816 1185 2873 CXCIII.

223 2908 452 2966 συνισπί
478 2907 529 2964 II
551 2921 713 2979 papae
740 2907 970 2979 epistola
1018 2907 1087 2961 ad
1125 2902 1887 2979 Anseulphum_Angeriacen-

311 2975 725 3047 sanabbatem.
760 2975 827 3019 ἐ·-
878 2979 1268 3033 Buriacensem
1309 2975 1362 3032 ei
1403 2976 1705 3041 ecclesiam,
1750 2975 1890 3030 dono

315 3051 553 3121 episcoi
611 3050 951 3107 Belvaccnsis
1002 3049 1348 3120 acquisitam,
1398 3050 1447 3103 ct
1502 3047 1892 3119 astipulatione

317 3124 460 3176 reuis
489 3067 826 3176 gramarum
853 3121 1126 3175 munitam
1163 3120 1470 3176 conﬁrmat.

317 3120 460 3191 regis
490 3120 826 3178 Francorum
853 3121 1126 3175 munitam
1163 3120 1470 3190 conﬁrmat.

867 3218 1051 3284 (Anno
1091 3216 1269 3287 1096.)

427 3308 592 3379 [Dom
628 3307 920 3383 Boeoun‘r,
954 3306 1191 3373 Rccucil,
1226 3310 1266 3359 t.
1297 3305 1440 3373 XIV,
1476 3322 1530 3376 p.
1560 3302 1713 3376 724.)

224 3396 229 3401 ’
319 3414 597 3471 Haemus
626 3413 1170 3486 episcopus,servus
1191 3428 1495 3467 servorum
1520 3411 1640 3479 Dei,
1665 3410 1891 3466 dilectis

246 3502 385 3559 ﬁliis
413 3505 783 3567 ANSCULPHO,
815 3499 1226 3575 Angeriacensi
1260 3499 1478 3567 abbati,
1511 3505 1568 3555 et
1613 3501 1741 3572 ejus
1772 3500 1891 3556 fra-

219 3591 455 3657 _tribus,
483 3590 735 3651 salutem
768 3593 825 3645 et
853 3587 1230 3663 apostolicam
1264 3587 1747 3645 benedictionem.

316 3680 463 3747 Quia
490 3680 839 3753 disponente
869 3677 1115 3741 Domino
1136 3676 1327 3733 locum
1364 3680 1619 3733 vestrum
1650 3695 1894 3751 pernos-

222 3770 529 3843 .metipsos
588 3768 828 3823 visitare
903 3765 1253 3833 meruimus,
1315 3766 1560 3840 dignum
1616 3766 1895 3822 duximus

226 3858 430 3932 -guieti
453 3862 659 3915 vestras
680 3855 1042 3913 auctoritatis
1085 3860 1295 3911 nostra:
1339 3854 1551 3911 litteris
1573 3855 1892 3929 providere.

247 3946 460 4005 Omnia
488 3946 669 4020 igitur
699 3963 827 4019 qua:
857 3944 1382 4017 impraesentiarum
1405 3945 1568 4016 juste
1600 3944 1896 4016 possidere

246 4036 551 4103 videmini,
585 4034 757 4090 firma
785 4032 949 4090 vobis
996 4038 1055 4089 et
1086 4033 1311 4107 integra
1359 4038 1635 4105 perpetuo
1662 4050 1897 4089 manere

226 4124 573 4193 sancimus.
606 4123 669 4179 In
712 4122 930 4195 quibus
977 4121 1143 4177 vobis
1188 4120 1536 4177 nominatim
1587 4121 1895 4191 Buriacen-

248 4214 493 4285 nemo“)
522 4210 830 4269 ecclesiam
848 4211 1289 4279 conﬁrmamus,
1314 4213 1378 4265 ut
1398 4209 1552 4287 sicut
1574 4209 1897 4266 reverendae

218 4358 225 4365 ,
251 4302 548 4359 memoria:
574 4300 749 4356 Wido
774 4297 1137 4356 Belvacensis
1184 4297 1497 4371 episcopus
1547 4304 1736 4355 vestro
1768 4315 1897 4354 eam

218 4444 221 4447 .
250 4388 608 4463 monasterio
630 4386 904 4457 contulit,
937 4385 1443 4443 conscn‘ientibus
1486 4386 1753 4444 videlicet
1773 4386 1898 4443 Bel-

250 4479 521 4535 vacensis
553 4476 824 4535 Ecclesiae
855 4475 1173 4547 canonicis,
1206 4478 1266 4532 et
1303 4474 1465 4549 sicut
1505 4476 1775 4532 eamdem
1804 4476 1901 4532 do-

244 4569 555 4625 nationem
588 4566 943 4623 Francorum
968 4580 1068 4620 rex
1096 4581 1206 4620 sua
1254 4562 1671 4636 astipulatione
1701 4564 1898 4620 ﬁrma-

1427 389 1841 458 EPIBTOLIE
1868 387 1985 458 ΕΤ
2022 390 2504 462 PRIVILEGIA.

241 536 251 543 ‘
320 525 470 583 Cum
494 525 558 582 in
588 523 868 583 ‘Auxiensi
901 525 1207 601 metropoli
1237 542 1340 601 per
1364 526 1687 585 Romanam
1710 526 1902 585 Eccle-
1925 529 1980 598 Α

3538 382 3661 462 466

2118 621 2368 698 Urbanus
2394 623 2459 698 !I_
2473 532 3196 698 Εεσιθξίιῖῇἷῗηῖἓιαηεηδίδ
3227 624 3547 697 privilegia,

2178 696 2396 764 petente
2424 696 2584 750 Petro
2612 694 2679 749 de
2708 695 2854 752 Roda
2879 694 3147 771 episcolio,
3179 694 3487 769 conﬁrmat.

2633 800 2820 872 (Anno
2853 802 3036 874 1096.)

2342 889 2636 960 [Roman
2676 892 2792 946 Vita
2821 892 3045 958 Urbani,
3082 909 3136 963 p.
3167 894 3319 965 260.]

2715 1014 2949 1072 CXCVI.

2005 1100 2169 1156 Bulla
2197 1102 2628 1172 conﬁrmationis
2669 1106 3091 1189 privilegiorum
3137 1109 3459 1164 monasterii
3507 1108 3654 1183 Moy-

2696 1192 2977 1232 stacensts.

2632 1262 2818 1333 (Anno
2854 1264 3036 1337 1096.)

2432 1349 2689 1424 [ΒΑιυΖ.,
2722 1353 2941 1409 Misccll.
2979 1354 3047 1421 II,
3081 1354 3230 1429 479.]

2002 1530 2006 1539 1
2076 1455 2353 1514 υιωΑΝυε
2383 1456 2925 1531 episcopus,scrvus
2955 1478 3254 1518 servorum
3286 1462 3652 1531 Dei,di1ectis

2006 1544 2285 1602 fratribus
2336 1549 2393 1602 et
2418 1547 2782 1621 coepiscopis
2835 1550 3046 1606 Isanxo
3105 1551 3412 1622 Tolosano,
3446 1554 3653 1610 Summ

2000 1634 2357 1705 Agennensi,
2390 1636 2659 1692 GERALDO
2703 1638 3062 1707 Caturcensi,
3097 1641 3426 1698 RAYMUNDO
3458 1643 3653 1699 Lecto-

2000 1722 2182 1797 _rcnsi,
2215 1724 2467 1781 salutem
2498 1730 2552 1781 et
2583 1726 2968 1797 apostolicam
2996 1727 3478 1787 benedictionem.

2074 1814 2515 1870 Fraternitatem
2573 1819 2827 1872 vestram
2869 1833 2984 1873 non
3032 1817 3302 1891 ignorare
3351 1820 3648 1879 credimus

1916 1902 1971 1969 Β
1992 1903 2154 1976 quod
2187 1902 2616 1976 Moyssiacense
2636 1905 3058 1962 monasterium
3093 1923 3320 1981 magnae
3352 1909 3649 1980 quondam

2003 1990 2302 2066 religionis
2332 1995 2389 2048 et
2417 2008 2642 2066 magnae
2674 1994 2841 2049 famas
2880 2011 3224 2069 magnaeque
3271 1997 3445 2053 fuerit
3473 1996 3653 2054 excel-

2001 2079 2215 2136 lentiae.
2239 2080 2615 2137 Postmodum
2649 2100 2780 2138 vero
2811 2100 2945 2140 cum
2973 2082 3095 2141 illic
3126 2084 3521 2142 habitantium
3551 2102 3649 2143 ne-

2000 2169 2283 2243 gligentia
2312 2169 2611 2243 religionis
2658 2171 2845 2244 gloria
2890 2173 3261 2241 decrevisset,
3294 2175 3652 2233 substantia-

2000 2274 2251 2331 rumque
2279 2258 2447 2331 c0pia
2476 2258 2770 2316 diminuta
2799 2265 2858 2316 et
2878 2276 3025 2333 pene
3045 2262 3117 2317 ad
3145 2261 3392 2319 nihilum
3416 2264 3652 2319 redacta

2000 2352 2109 2403 est.
2144 2346 2371 2403 Gratias
2391 2353 2587 2405 autem
2611 2349 2747 2418 Deo,
2780 2349 2881 2422 qui
2903 2350 3120 2406 nostris
3155 2351 3516 2424 temporibus
3547 2369 3652 2425 per

1999 2435 2472 2493 Cluniacensium
2502 2436 2781 2493 abbatum
2830 2438 3183 2495 industriam
3214 2438 3555 2514 religionem
3588 2440 3648 2496 in

2000 2542 2067 2581 eo
2087 2524 2212 2581 loco
2234 2523 2511 2581 abolitam
2536 2542 2805 2597 reparare
2818 2527 3093 2600 dignatus
3116 2532 3227 2584 est.
3249 2529 3487 2602 Oportet
3510 2546 3647 2602 ergo

2001 2617 2320 2670 etvestram
2341 2614 2766 2685 fraternitatem
2788 2632 2892 2688 pro
2913 2616 3222 2673 beatorum
3248 2618 3399 2677 Petri
3413 2621 3471 2674 et
3482 2618 3647 2675 Pauli

1999 2702 2321 2771 devotione,
2350 2719 2600 2774 quorum
2632 2703 2855 2759 nomini
2886 2703 3048 2761 locus
3107 2706 3232 2779 ipse
3280 2705 3508 2762 dicatus
3537 2710 3645 2776 est,

1999 2809 2237 2865 operam
2269 2792 2408 2849 dare
2452 2795 2743 2865 quatenus
2793 2792 3171 2867 antiquarum
3204 2795 3647 2867 possessionum

1999 2882 2364 2938 substantias
2402 2882 2655 2954 recipere
2686 2885 2743 2937 et
2757 2882 2980 2955 quasin
2996 2884 3266 2956 przesenti
3284 2887 3483 2940 tenent
3512 2883 3646 2940 reti-

1998 2987 2134 3027 nere
2157 2969 2425 3037 firmiter,
2449 2972 2519 3025 ad
2540 2988 2684 3028 usus
2706 2989 3003 3027 servorum
3026 2972 3244 3029 ibidem
3279 2973 3646 3030 manentium

1999 3064 2310 3115 mereatur.
2346 3058 2594 3114 Proinde
2646 3060 3003 3116 monasteria
3055 3060 3140 3115 vel
3203 3061 3475 3131 abbatias
3499 3078 3646 3134 quas

2000 3165 2153 3203 nunc
2170 3165 2353 3221 usque
2376 3151 2688 3204 tenuerunt
2708 3148 2795 3204 vel
2816 3152 3015 3205 tenent
3035 3150 3457 3207 conﬁrmamus
3474 3149 3648 3207 eccle-

1911 3270 1966 3310 ,ρ
2001 3237 2098 3293 siae
2132 3235 2544 3309 Moyssiacensi
2595 3230 2919 3309 apolelica
2967 3237 3332 3305 auctoritate,
3364 3242 3429 3294 ut
3457 3239 3646 3310 possi-

2002 3326 2173 3381 deant
2197 3330 2255 3382 et
2276 3329 2511 3381 teneant
2532 3325 2640 3381 sub
2664 3323 2922 3381 dominio
2961 3324 3364 3381 Cluniacensis
3395 3326 3645 3395 abbatis,

2003 3413 2224 3470 scilicet
2256 3414 2313 3468 in
2344 3413 2682 3485 episcopatu
2711 3412 2997 3469 Tolosano
3045 3412 3339 3469 abbatiam
3374 3414 3648 3470 Lezaten—

2003 3501 2214 3569 sem,in
2234 3499 2563 3574 Agennensi
2599 3500 2892 3557 abbatiam
2935 3501 3130 3557 Sancti
3154 3502 3411 3560 Gervasii
3443 3503 3651 3560 Exien-

2004 3592 2105 3658 sis,
2142 3591 2201 3646 in
2230 3589 2499 3646 Elenensi
2556 3590 2781 3645 Sanctae
2832 3589 3024 3647 Mariae
3075 3589 3401 3661 Arulensis,
3432 3591 3491 3647 in
3541 3595 3647 3648 Ge-

2004 3679 2285 3736 rundcnsi
2335 3679 2527 3734 Sancti
2578 3679 2726 3734 Petri
2774 3678 3235 3755 Qampirolundi.
3276 3681 3384 3736 Sed
3432 3681 3491 3736 in
3542 3681 3651 3737 hac

2003 3767 2417 3825 constituimus
2439 3769 2860 3826 etmandamus
2875 3774 3064 3827 utnon
3094 3769 3175 3826 ibi
3194 3770 3449 3842 amplius
3471 3770 3651 3826 abbas

2004 3858 2328 3927 ordinetur,
2342 3856 2443 3912 sed
2456 3874 2490 3912 a
2504 3856 2914 3929 Moyssiacensi
2930 3859 3141 3913 abbate
3155 3857 3232 3912 ibi
3253 3858 3413 3930 prior
3424 3876 3649 3931 praepo-

2006 3951 2197 4003 natur.
2231 3946 2559 4002 Prioratum
2584 3944 2760 4001 etiam
2789 3949 3009 4001 Sancto:
3028 3945 3233 4027 'Marim
3265 3944 3652 4013 Tolosae,San-

2006 4033 2250 4092 ctiPctri
2296 4034 2369 4090 de
2402 4032 2699 4105 Coquinis,
2733 4037 2789 4089 et
2819 4028 3013 4089 Sancti
3053 4032 3217 4091 Genii
3260 4034 3647 4092 Lectorensis.

2005 4128 2062 4181 et
2093 4120 2401 4178 Durivollis
2431 4126 2487 4176 et
2515 4119 2840 4176 Villzenovae
2887 4121 2946 4176 in
3003 4120 3367 4178 Ruthenensi
3392 4138 3565 4195 pago,
3595 4127 3652 4179 et

2006 4214 2471 4284 conquetascum
2490 4207 2851 4282 appendiciis
2872 4209 3018 4279 suis,
3033 4214 3092 4266 et
3109 4209 3307 4266 omnia
3336 4227 3463 4283 quae
3495 4228 3652 4268 nunc

2007 4300 2066 4357 in
2086 4298 2355 4372 praesenti
2372 4303 2586 4365 tonent,
2609 4297 2740 4361 utin
2762 4301 3045 4355 aeternum
3064 4298 3475 4372 possideantin
3513 4317 3653 4374 pace

2006 4388 2278 4447 volumus
2291 4388 2714 4446 etmandamus
2743 4406 2756 4455 ;
2781 4387 2967 4445 ethoc
2989 4405 3059 4444 ex
3081 4390 3385 4445 beatorum
3421 4395 3652 4463 aposto-

2006 4479 2197 4537 lorum
2220 4478 2367 4534 Petri
2387 4481 2445 4533 et
2463 4470 2981 4535 Pauliauctoritate
3016 4482 3286 4537 etnostra
3317 4476 3656 4551 adjicientes

2009 4572 2076 4624 ut
2095 4567 2151 4622 in
2174 4566 2423 4622 abbatiis
2456 4583 2636 4639 super
2668 4568 3027 4624 enumeratis
3057 4567 3182 4624 sine
3210 4568 3658 4641 Moyssiacensis

224 4657 355 4729 rvit,
407 4655 493 4712 sic
537 4671 688 4721 eam,
721 4671 790 4710 ex
835 4657 1047 4711 nostra:
1104 4634 1471 4709 auctoritatis
1529 4652 1733 4709 robore
1776 4652 1902 4708 sine
1932 4634 1979 4698 D
2010 4654 2498 4712 abbatisconsilio
2516 4634 2882 4712 etvoluntate
2914 4656 3096 4713 abbas
3130 4634 3464 4713 nullatenus
3482 4657 3659 4729 eliga-

234 4761 518 4818 .persome
547 4742 801 4815 alicujus
833 4741 1238 4817 inquietudine
1284 4740 1584 4814 possidere
1607 4740 1666 4796 in
1698 4756 1902 4814 perpe-

226 4840 430 4890 tuum
455 4831 910 4901 debeatis,sa1va
939 4829 1221 4889 nimirum
1252 4829 1618 4889 Belvacensis
1647 4828 1903 4903 episcopi

256 4923 540 4981 canonica
564 4919 909 4979 reverentia.

973 5025 1201 5084 CXCIV.

223 5123 231 5130 '
262 5117 512 5176 Urbanus
536 5118 589 5175 Ἠ
615 5118 945 5175 monasterio
973 5117 1328 5174 Cluniacensi
1352 5114 1547 5172 cellam
1587 5114 1643 5171 S.
1675 5115 1905 5171 Michae-

709 5190 779 5244 lis
802 5189 869 5243 de
895 5190 1071 5245 Monte
1098 5189 1217 5244 Atto
1246 5188 1460 5244 asserit.

883 5277 1070 5348 (Anno
1104 5276 1285 5348 1096.)

591 5368 900 5441 [Romam
939 5366 1055 5422 Vita
1087 5365 1310 5436 Urbani,
1342 5382 1398 5438 p.
1430 5367 1579 5436 258.]

326 5542 467 5618 (At)
492 5522 879 5618 _Buriacensis
933 5541 1179 5618 ecclesia
1230 5543 1599 5618 (B_ury-sur-le
1631 5543 1906 5618 Terain),

258 5613 610 5684 anno'1084,
658 5631 714 5670 v1
773 5613 924 5686 Kal._
957 5614 1172 5681 Martii,
1233 5613 1498 5686 adeoque
1538 5631 1703 5686 anno
1747 5614 1908 5683 1085,

258 5703 542 5747 concessa
569 5686 680 5743 fuit
724 5683 1248 5759 Angeliacensibus
1278 5683 1582 5743 monachis
1602 5685 1663 5743 in
1703 5686 1910 5744 Santo-

2009 4748 2109 4799 tur
2125 4742 2214 4799 vel
2235 4742 2307 4797 ab
2330 4741 2526 4815 aliquo
2548 4743 2869 4799 ordinetur.
2895 4743 3055 4810 Quod
3092 4744 3141 4799 si
3177 4744 3483 4818 contigerit
3511 4761 3657 4800 ausu

2012 4829 2324 4888 temerario
2357 4830 2430 4887 ab
2463 4828 2659 4902 aliquo
2700 4830 2847 4902 fieri,
2881 4835 2939 4888 et
2985 4828 3205 4887 electus
3255 4835 3311 4887 et
3356 4831 3656 4904 eligentes,

2014 4920 2319 4977 ordinatus
2340 4921 2396 4974 et
2434 4917 2754 4985 ordinator,
2779 4920 3360 4975 excommunicentur
3387 4923 3443 4974 et
3474 4936 3507 4973 a
3535 4919 3659 4975 suis

2016 5008 2323 5066 ordinibus
2343 5023 2413 5063 ex
2430 5006 2583 5063 beati
2600 5007 2748 5062 Petri
2768 5007 3109 5065 auctoritate
3132 5006 3244 5063 sub
3269 5007 3662 5064 anathematis

2016 5095 2491 5153 interminatione
2548 5094 2936 5167 deponantur.
2987 5098 3437 5167 Conqueruntur
3483 5095 3659 5153 etiam

2019 5187 2125 5260 ipsi
2147 5187 2351 5241 fratres
2384 5183 2843 5256 Moyssiacenses
2866 5178 3153 5257 plurimas
3181 5183 3272 5240 sui
3306 5184 3463 5256 juris
3478 5184 3660 5241 eccle-

2017 5275 2135 5332 sias
2157 5292 2191 5331 a
2210 5272 2376 5329 laicis
2397 5271 2739 5329 hominibus
2755 5271 3110 5347 occupari,in
3124 5272 3413 5330 Tolosano
3424 5273 3662 5346 quidem

2018 5363 2358 5437 episcopatu
2397 5360 2701 5418 ecclesiam
2750 5361 2947 5419 Sancti
2998 5362 3232 5418 Martini
3283 5363 3353 5419 de
3409 5362 3663 5438 Melzago

1988 5540 2233 5609 .nibus;
2264 5541 2434 5613 cujus
2465 5539 2883 5613 concessionis,
2929 5557 3152 5613 necnon
3204 5542 3667 5599 confirmationis

2019 5613 2175 5696 regis
2197 5612 2558 5696 Erancorum
2594 5612 2861 5667 meminit
2879 5612 3253 5671 Mabillonius
3284 5615 3427 5671 XCV
3454 5613 3664 5670 Annal.

2023 5684 2341 5751 Benedict.,
2373 5700 2432 5757 p.
2466 5684 2589 5739 144.
