4004 6162
366 358 485 426 46η

1596 392 1599 393 ί
1669 360 1741 427 Β.
1780 363 2082 447 URBANI
2125 367 2179 430 11
2219 366 2471 431 ΡΑΡιΕ.

3645 362 3775 455 468

369 493 491 568 [al.,
542 492 901 571 Mansacho],
958 496 1152 555 Sancti
1206 496 1446 564 Juliani,
1506 497 1704 555 Sancti
1756 497 2003 566 Rustici,
2035 500 2092 568 Α
2122 500 2490 560 infestatione
2529 501 2833 572 turbetur;
2867 503 2990 573 sed,
3017 502 3170 561 sicut
3219 500 3581 563 sanctissimi
3622 521 3771 578 prae-

367 584 675 641 ecclesiam
698 586 779 642 de
801 586 1116 654 Affiniano,
1139 588 1211 642 de
1240 587 1528 654 Corduba,
1561 587 1632 642 de
1663 587 2017 661 Bisingis,de

367 673 563 731 Monte
613 673 889 742 Berterio,
944 675 1004 729 in
1077 674 1409 747 Agennensi
1483 674 1758 731 ecclesias
1818 676 2013 731 Sancti

366 762 631 820 Amancii
653 764 725 819 de
755 764 1027 834 Trangon
1056 764 1178 833 [al.,
1212 763 1504 837 Tairago],
1538 764 1609 819 de
1640 765 2012 837 Verbegaria,

367 850 440 907 de
468 849 835 922 Angairiago,
868 850 927 904 in
961 851 1295 906 Caturcensi
1335 851 1608 908 ecclesias
1644 853 1840 908 Sancti
1872 854 2015 908 Mar-

366 938 475 995 tini
505 943 562 995 et
590 937 787 994 Sancti
808 938 1095 994 Vincentii
1119 939 1188 995 de
1208 941 1512 1012 Antejago,
1532 941 1730 996 Sancti
1758 941 1910 996 Petri
1941 942 2013 997 de

363 1026 544 1095 Biolo,
561 1026 756 1083 Sancti
782 1027 1063 1099 Stephani
1086 1028 1155 1083 de
1179 1028 1423 1096 Liciaco,
1453 1030 1676 1085 Sanctae
1709 1029 2008 1100 Liberatae,

362 1115 558 1172 Sancti
591 1116 880 1184 Amancii,
913 1117 1111 1173 Sancti
1152 1117 1404 1186 Martini,
1438 1118 1661 1174 Sancta
1708 1119 1925 1186 Mariae,
1956 1123 2014 1174 et

359 1204 555 1263 Sancti
586 1204 740 1262 Petri
789 1205 861 1261 de
911 1206 1142 1275 Casces,
1177 1207 1374 1261 Sancti
1432 1207 1731 1263 Saturnini
1772 1208 1843 1263 de
1876 1209 2006 1276 Bos,

360 1294 556 1352 Sancti
585 1294 832 1351 Joannis
859 1295 931 1350 de
968 1294 1212 1361 Pertica,
1242 1295 1547 1352 ecclesiam
1588 1297 1783 1352 Sancti
1812 1298 2011 1353 Satur-

360 1383 486 1441 nini
517 1399 646 1456 quae
691 1384 1007 1454 conjuncta
1050 1387 1139 1440 est
1183 1383 1437 1439 ecclesiae
1488 1385 1686 1440 Sancti
1750 1385 1923 1451 Petri,
1955 1389 2012 1440 et

355 1472 660 1531 ecclesiam
717 1472 1044 1545 d’Antiago,
1093 1472 1289 1528 Sancti
1340 1473 1493 1529 Petri
1542 1475 1612 1529 de
1672 1473 2005 1546 Burgarias,

356 1565 578 1619 Sanctae
600 1562 793 1619 Mariae
817 1562 887 1617 de
907 1560 1103 1617 Troilo
1124 1566 1183 1617 et
1227 1561 1537 1618 ecclesiam
1560 1563 1629 1618 de
1649 1566 2006 1636 Cogornago,

359 1646 863 1719 de'Gratacumba,
896 1650 1089 1706 Sancti
1120 1650 1267 1723 Lupi
1296 1651 1368 1707 de
1400 1650 1681 1720 Malausa,
1702 1650 2008 1707 ecclesiam

363 1756 496 1796 cum
518 1739 680 1795 curia
692 1755 819 1811 quae
832 1738 1045 1794 dicitur
1066 1740 1135 1794 de
1155 1738 1611 1805 Sals,eeclesiam
1645 1740 1714 1796 de
1746 1740 2006 1808 Arduno,

365 1827 671 1885 ecclesiam
712 1827 907 1884 Sancti
950 1827 1213 1900 Sulpicii,
1240 1828 1435 1883 Sancti
1459 1828 1744 1897 Mauricii,
1778 1829 1917 1884 item
1949 1828 2007 1883 in

365 1916 699 1974 Lectorensi
749 1917 1110 1989 episcopatu,
1142 1917 1202 1971 in
1253 1916 1529 1989 parochia
1578 1917 1888 1987 Lomaniae,
1923 1934 2013 1973 ec-

366 2005 606 2064 clesiam
627 2007 700 2063 de
730 2006 1091 2078 Sarraciago,
1116 2006 1186 2061 de
1216 2004 1614 2079 Flamalingis,
1634 2007 1705 2062 de
1732 2006 2013 2074 Aliciano,

367 2096 439 2152 de
468 2096 676 2163 Oriols,
728 2094 1049 2151 Ecclesiam
1098 2095 1297 2150 Sancti
1346 2094 1604 2163 Martini,
1638 2095 1834 2151 Sancti
1876 2095 2013 2162 Qui-

366 2184 530 2251 riaci,
588 2183 786 2241 Sancti
838 2182 1062 2252 Hilarii,
1103 2183 1295 2239 Sancti
1345 2184 1642 2239 Saturnini
1693 2185 2015 2241 Maneionis

362 2272 798 2329 villa.Vestram
818 2271 998 2344 igitur
1018 2272 1390 2344 prudentiam
1416 2270 1623 2329 litteris
1639 2272 2018 2329 exhortamur

304 2370 311 2375 ’
367 2364 543 2434 atque
574 2361 948 2433 praecipimus
1000 2366 1067 2416 ut
1112 2360 1584 2433 supradictarum
1634 2362 2013 2418 ecclesiarum

366 2453 744 2523 occupatores
774 2466 879 2522 pro
908 2450 1084 2506 vestri
1132 2449 1309 2505 ofﬁcii
1357 2450 1552 2506 debito
1594 2452 2017 2508 commoneatis

367 2543 435 2596 ut
463 2557 591 2612 quae
611 2538 709 2596 Dei
730 2538 912 2595 servis
933 2538 1021 2595 vel
1060 2538 1173 2611 ipsi
1197 2538 1285 2593 vel
1307 2537 1568 2611 ipsorum
1593 2545 1862 2612 parentes
1886 2558 2015 2612 per-

368 2646 568 2703 peram
599 2627 969 2685 abstulerunt
1000 2627 1308 2683 restituere
1351 2627 1734 2700 compellatis.
1771 2629 1932 2693 Quod
1965 2630 2014 2687 si

364 2718 576 2775 vestris
598 2716 896 2774 noluerint
916 2716 1469 2773 commonitionibus
1491 2716 2018 2785 obedire,noverint

370 2824 434 2865 se
460 2809 767 2864 beatorum
806 2805 1204 2879 apostolorum
1253 2804 1712 2877 indignationem
1746 2806 1900 2863 sicut
1923 2823 2015 2863 ec-

371 2896 830 2954 clesiasticarum
861 2911 1057 2951 rerum
1083 2910 1421 2968 pervaseres
1443 2895 1502 2949 in
1533 2894 1872 2967 pervasione
1889 2895 2018 2968 ipsa

370 2984 796 3044 contumaciter
823 2970 1233 3058 permanentes
1272 2983 1485 3039 habere
1516 2987 1571 3039 et
1619 2984 2015 3040 excommuni-

371 3077 532 3131 catos
563 3088 715 3130 esse.

441 3163 589 3219 Data
616 3160 835 3218 Tolosae
865 3161 1047 3218 Nonis
1073 3159 1230 3228 Maii,
1261 3160 1579 3217 indictione
1610 3179 1687 3228 ιν,
1721 3178 1872 3218 anno
1904 3162 2013 3219 Do-

2044 1874 2092 1939 B

2125 590 2448 665 decessoris
2482 593 2661 648 nostri
2699 594 2907 649 Leonis
2959 596 3046 662 IX,
3080 594 3426 651 auctoritate
3475 593 3775 651 sancitum

2125 683 2232 748 est,
2267 681 2463 752 quiete
2508 680 2565 735 in
2611 686 2959 753 perpetuum
3009 687 3354 756 perseveret.
3390 682 3638 738 Proinde
3669 700 3779 740 nec

2122 773 2284 824 extra
2316 771 2542 838 urbem,
2572 787 2677 826 nec
2711 770 2884 836 intra,
2915 771 3192 828 Auxiensi
3246 772 3685 845 archiepiscopo
3719 776 3782 827 et

2122 858 2250 929 ejus
2273 859 2568 915 canonicis
2588 859 2761 915 liceat
2786 876 2999 915 novum
3023 860 3420 917 ecemeterium
3444 862 3776 931 instituere;

2121 947 2221 1001 sed
2244 950 2365 1002 tam
2397 946 2816 1020 archiepiscopi
2847 965 3023 1020 quam
3056 948 3378 1022 regulares,
3413 955 3513 1005 aut
3544 950 3777 1024 irregu-

2117 1034 2273 1091 lares
2302 1035 2644 1105 clerici,sive
2674 1037 2805 1092 laici
2838 1039 2907 1093 de
2936 1038 3149 1110 quibus
3181 1039 3543 1095 consuetudo
3564 1038 3772 1095 hacte-

2120 1141 2233 1180 nus
2262 1125 2391 1191 fuit,
2425 1126 2737 1198 sepulturae
2770 1126 2965 1183 locum
3010 1128 3167 1200 apud
3218 1145 3320 1184 vos
3367 1128 3586 1184 futuris
3617 1132 3769 1184 tem—

2120 1212 2359 1285 poribus
2389 1213 2728 1281 sortiantur,
2761 1219 2867 1271 etc.

2190 1302 2334 1358 Data
2363 1304 2517 1375 apud
2552 1303 2942 1376 Moyssacum,
2975 1322 3077 1377 per
3125 1322 3365 1361 manum
3400 1306 3673 1373 Joannis,
3706 1307 3765 1373 S.

2120 1391 2391 1446 Romanae
2423 1392 2688 1448 Ecclesiae
2730 1393 2959 1449 diaconi
2983 1393 3318 1461 cardinalis,
3351 1413 3412 1451 ιιι
3443 1396 3578 1451 ldus
3608 1395 3768 1463 Maii,

2118 1480 2323 1536 indict.
2348 1498 2422 1547 ιν,
2451 1480 2765 1537 Dominicae
2799 1484 3024 1538 lncarn.
3058 1500 3210 1539 anno
3240 1485 3379 1539 1097
3409 1484 3543 1557 (45),
3576 1487 3771 1558 ponti-

2117 1569 2326 1625 ficatus
2356 1574 2552 1626 autem
2587 1571 2787 1626 domni
2820 1571 3039 1627 Urbani
3071 1589 3232 1646 papae
3267 1575 3336 1642 ΙΙ,
3372 1591 3526 1629 anno
3558 1592 3632 1630 1x.

2810 1732 3088 1789 CXCVIII.

2233 1847 2437 1904 Urbani
2458 1863 2613 1920 papas
2635 1848 2689 1904 II
2712 1849 3398 1975 άίρέοῖἷςιιάεμοηαιὶοηε
3427 1850 3666 1910 abbati}?

2837 1937 2864 1975 ε
2913 1938 2957 1975 ι-
3007 1937 3107 1975 om.

2837 1937 3107 1978 ειιι-ιιοεῑ.

2745 2030 2939 2095 (Anno
2972 2027 3155 2097 4096.)

2418 2133 2769 2199 [Bibliotheca
2804 2133 3195 2201 Cluniacensis,
3229 2151 3285 2207 p.
3318 2135 3469 2206 525.]

2199 2283 2465 2339 Unesraus
2495 2282 2825 2355 episcopus,
2856 2300 3061 2339 servus
3109 2301 3409 2341 servorum
3453 2286 3573 2355 Dei,
3606 2304 3775 2344 vene-

2126 2371 2297 2427 rabili
2331 2372 2494 2426 fratri
2527 2372 3153 2439 chom,Cluniacensi
3185 2374 3399 2443 abbati,
3433 2374 3682 2431 salutem
3715 2381 3775 2432 et

2128 2461 2510 2533 apostolicam
2537 2462 3026 2517 benedictionem.

2199 2549 2509 2605 Belli-Loci
2542 2549 2969 2606 monasterium
3000 2551 3190 2625 longis
3234 2552 3361 2622 jam
3404 2554 3772 2626 temporibus

2124 2638 2251 2694 sine
2275 2638 2609 2694 monasticw
2632 2638 2844 2711 regulae
2867 2638 3385 2711 disciplinafuit,et
3404 2642 3556 2697 sicut
3574 2659 3772 2699 rerum

2125 2727 2493 2783 saecularium
2519 2728 2910 2798 detrimentis,
2936 2729 3016 2783 ita
3054 2729 3231 2784 etiam
3282 2731 3614 2787 animarum
3641 2749 3771 2805 per-

2124 2815 2448 2872 ditionibus
2479 2817 2765 2889 patuit.Et
2797 2816 3066 2873 monachi
3100 2817 3258 2873 enim
3289 2818 3559 2876 abbatem
3594 2837 3770 2877 suum

2124 2904 2385 2960 saeculari
2412 2905 2679 2976 praesidio
2698 2905 2825 2960 fulti
2866 2905 3226 2977 expulerant,
3258 2910 3314 2962 et
3334 2908 3615 2964 adversus
3646 2926 3772 2965 mo-

2124 2993 2342 3049 nachos
2366 2993 2548 3049 abbas
2570 2993 2824 3050 assiduis
2846 2993 3202 3050 clamoribus
3229 2996 3774 3066 querebatur.Unde

2124 3083 2300 3138 etiam
2334 3082 2498 3138 locus
2531 3082 2625 3138 ille
2657 3099 2759 3155 per
2779 3082 3130 3139 confratrem
3153 3088 3419 3140 nostrum
3451 3084 3775 3141 Bituricen-

2124 3188 2248 3227 sem
2279 3170 2783 3243 archiepiscopum
2815 3170 3158 3244 aliquandiu
3184 3173 3774 3230 excommunicationi

370 3251 597 3327 Πιὶηὶοω
646 3250 1070 3308 Incarnationis
1120 3250 1277 3317 1097,
1311 3267 1413 3322 per
1469 3266 1711 3306 manum
1768 3250 2012 3307 Joannis
2043 3241 2085 3309 (ἶ
2126 3259 2395 3317 addictus
2427 3241 2615 3316 fuerat
2636 3241 2661 3329 ξ
2688 3264 2744 3315 et
2775 3241 2946 3316 miles
2977 3260 3072 3316 ille
3104 3261 3289 3335 Hugo,
3321 3263 3421 3334 qui
3454 3267 3654 3319 contra
3686 3264 3775 3320 fas

369 3344 583 3399 sanctae
615 3341 888 3397 Romanae
919 3338 1185 3397 Ecclesiae
1216 3338 1444 3396 diaconi
1474 3338 1808 3396 cardinalis.

1073 3444 1326 3501 CXCVII.

370 3536 613 3609 Epistola
652 3534 859 3592 Urbani
900 3534 952 3589 II
983 3548 1150 3617 papae
1177 3533 1248 3587 ad
1253 3534 1574 3658 egugonem
1610 3535 1858 3590 abbatem
1887 3536 2016 3591 Clu-

1028 3620 1252 3658 macens
1348 3647 1360 3658 .

1028 3620 1360 3660 ηιαωηδθηι.

996 3701 1186 3773 (Anno
1219 3701 1401 3773 1096.)

560 3790 729 3865 [Dom
760 3789 1051 3858 Bououa'r,
1082 3790 1317 3858 Recuez't,
1351 3794 1393 3844 t.
1428 3790 1563 3857 XIV,
1603 3808 1657 3863 p.
1691 3792 1839 3862 322.]

441 3880 715 3937 URBANUS
759 3878 1090 3951 episcopus,
1123 3894 1323 3934 servus
1364 3893 1662 3934 servorum
1684 3879 1815 3947 'Dei,
1849 3897 2015 3937 vene-

368 3967 539 4025 rabili
571 3968 734 4025 fratri
764 3968 1007 4037 HUGONI,
1041 3967 1236 4023 abbati
1259 3965 1647 4035 Cluniacensi,
1675 3967 1925 4025 salutem
1959 3974 2017 4025 et

367 4057 749 4131 apostolicam
780 4056 1265 4114 benedictionem.

436 4146 779 4222 Apostolica:
811 4146 967 4202 sedis
989 4144 1319 4202 sollicitudo
1351 4161 1456 4201 nos
1479 4145 1752 4202 admonet
1784 4146 2013 4220 religio-

368 4254 568 4295 sorum
597 4235 856 4293 locorum
889 4235 1071 4307 quieti
1105 4234 1386 4290 attentius
1436 4234 1755 4307 providere.
1795 4236 2013 4291 Idcirco

366 4332 521 4394 tuas,
575 4324 919 4382 charissime
950 4316 1164 4392 frater,
1224 4339 1327 4396 per
1391 4340 1763 4379 communem
1825 4324 2012 4380 ﬁlium

368 4415 696 4473 Guidonem
725 4418 780 4469 S.
813 4411 1057 4470 Orientii
1115 4411 1371 4485 priorem
1428 4416 1484 4468 et
1541 4412 1748 4468 fratres
1801 4412 2008 4485 ipsius,

365 4521 566 4579 preces
615 4519 990 4575 nequaquam
1031 4501 1506 4557 'contemnendas
1553 4501 1849 4570 duximus,
1884 4506 2009 4558 tum

2129 3348 2317 3404 eidem
2351 3348 2706 3404 monasterio
2736 3347 3132 3417 incumbebat,
3159 3350 3331 3406 etiam
3366 3350 3670 3407 monachis
3702 3352 3773 3407 ad

2129 3455 2304 3511 prave
2324 3438 2635 3494 vivendum
2658 3441 2937 3510 patronus
2959 3438 3423 3511 exstiterat,post
3453 3440 3775 3496 secundam

2127 3526 2215 3582 vel
2245 3527 2480 3583 tertiam
2513 3526 2927 3583 admonitionis
2969 3532 3177 3583 nostra:
3221 3528 3590 3585 dulcedinem
3621 3528 3775 3586 beati

2129 3614 2280 3669 Petri
2313 3613 2528 3688 gladio,
2562 3617 2619 3669 et
2637 3613 2927 3669 canonica:
2958 3612 3342 3669 districtionis
3392 3613 3612 3670 ultione
3644 3632 3774 3687 per-

2128 3720 2339 3760 cussus
2370 3702 2648 3759 est.Nunc
2670 3702 2995 3756 secundum
3017 3702 3434 3773 omnipotentis
3455 3702 3554 3758 Dei
3578 3704 3779 3776 dispo-

2127 3791 2421 3857 sitionem,
2454 3795 2509 3845 et
2535 3788 2711 3845 frater
2755 3788 2851 3844 ille
2890 3805 3063 3860 quem
3117 3807 3150 3844 a
3182 3791 3545 3845 monasterio
3566 3807 3773 3847 mona-

2126 3880 2368 3935 chorum
2400 3876 2659 3949 nequitia
2705 3878 3127 3943 exturbaverat,
3161 3877 3437 3933 humanis
3469 3879 3643 3933 rebus
3671 3895 3772 3935 ex-

2125 3973 2357 4041 emptus
2389 3972 2513 4022 est:
2543 3975 2599 4021 et
2652 3964 2820 4021 miles
2871 3963 2967 4020 ille
3017 3965 3116 4037 qui
3171 3964 3433 4021 saeculari
3482 3970 3773 4039 potestate

2126 4054 2545 4113 monasterium
2610 4054 2953 4126 occupabat,
3012 4058 3295 4126 praesente
3368 4056 3605 4111 domino
3658 4074 3773 4113 suo

2124 4145 2333 4202 comite
2356 4142 2708 4210 Raimundo,
2729 4142 3012 4214 quidquid
3039 4142 3131 4199 ille
3154 4142 3438 4200 hactenus
3465 4145 3773 4216 potestatis

2123 4235 2477 4299 exercuerat,
2528 4230 2744 4286 nostris
2788 4230 3062 4286 manibus
3123 4232 3429 4301 refutavit;
3472 4236 3530 4289 et
3577 4232 3772 4289 locum

2122 4324 2316 4396 ipsum
2336 4338 2438 4394 per
2463 4337 2569 4375 nos
2590 4320 2706 4375 Deo
2746 4337 2813 4375 ac
2857 4320 3024 4376 beato
3048 4320 3214 4376 Petro
3248 4320 3521 4388 restituit,
3556 4336 3773 4395 rogans

2121 4418 2176 4468 et
2202 4411 2516 4467 obsecrans
2546 4412 2608 4463 ut
2638 4425 2740 4480 per
2782 4412 2943 4464 tuam
2976 4412 3034 4465 et
3076 4410 3318 4465 fratrum
3352 4414 3587 4466 tuorum
3617 4410 3773 4467 solli-

2122 4500 2442 4556 citudinem
2476 4498 2535 4553 in
2566 4498 2770 4554 eodem
2820 4497 2945 4554 loco
2988 4498 3153 4570 vigor
3197 4498 3506 4554 monastici
3545 4498 3771 4557 ordinis

357 4592 603 4666 justitiae
622 4590 1018 4648 universitatis
1038 4589 1278 4657 intuitu,
1301 4594 1427 4645 tum
1460 4589 1699 4662 speciali
1729 4589 1833 4646 illa
1863 4591 2011 4647 dile-
2043 4606 2089 4672 Β
2123 4590 2442 4660 reparatur.
2498 4586 2678 4657 Cujus
2732 4585 2995 4657 petitioni
3052 4602 3361 4643 assensum
3421 4587 3765 4659 praebentes,

365 4682 555 4741 ctione
577 4697 756 4755 quam
779 4679 906 4748 tibi,
938 4680 1050 4735 sub
1082 4680 1252 4751 cujus
1283 4696 1423 4734 cura
1455 4684 1510 4734 et
1550 4678 1639 4735 sui
1672 4681 2010 4736 monasterii

355 4774 494 4846 jura
519 4767 1267 4840 consistunt,omnibusque
1301 4767 1576 4823 fratribus
1608 4767 1727 4823 tuis
1758 4785 1863 4841 pro
1894 4786 2012 4824 am-

361 4859 533 4935 pliori
588 4857 869 4932 religione
925 4856 1230 4912 debemus.
1290 4856 1486 4911 Sancti
1535 4855 1715 4929 igitur
1768 4855 2008 4912 Orientii

362 4947 787 5008 monasterium
808 4945 870 5003 in
892 4944 1164 5002 Auxiensi
1182 4943 1463 5000 suburbio
1485 4944 1688 5013 situm,
1721 4946 1812 5000 cui
1846 4962 2011 5018 cxpe-

362 5039 584 5095 rientiae
612 5041 725 5093 tuae
747 5038 1035 5110 prazcepto
1062 5051 1127 5090 ac
1150 5033 1532 5105 dispositione
1553 5033 1845 5105 praesidet,
1873 5052 2008 5091 cum

362 5126 650 5183 universis
673 5126 744 5182 ad
764 5125 820 5180 id
861 5122 1291 5198 pertinentibus
1312 5137 1416 5194 per
1444 5121 1657 5177 decreti
1706 5123 2008 5193 praesentis

362 5213 640 5287 paginam
669 5218 861 5271 vestro
891 5210 1262 5269 Cluniacensi
1287 5209 1547 5265 cmnobio
1571 5210 2006 5279 contirmantes,

365 5301 693 5374 apostolicae
725 5302 882 5359 sedis
939 5299 1281 5357 auctoritate
1311 5297 1652 5366 munimus;
1684 5296 1829 5354 illud
1863 5316 2009 5371 prae-

354 5388 525 5461 cipue
553 5406 621 5445 ac
651 5388 1027 5462 singulariter
1074 5390 1418 5454 statuentes,
1448 5389 1513 5440 ut
1544 5385 1789 5457 antiqua
1818 5386 2007 5459 ipsius

351 5476 666 5535 cmmeterii
690 5478 1030 5535 constitutio
1057 5477 1218 5534 nulla
1240 5474 1584 5533 aemulorum
1609 5476 2006 5546 quorumlibet

2120 4676 2393 4732 eumdem
2412 4674 2608 4731 locum
2629 4678 2747 4730 tam
2772 4677 2882 4730 tuae
2902 4692 3077 4747 quam
3100 4679 3336 4731 tuorum
3362 4692 3769 4733 successorum

2120 4783 2272 4821 curae
2291 4768 2569 4838 perpetuo
2590 4763 2907 4834 regendum
2922 4780 2986 4819 ac
3010 4763 3441 4836 disponendum
3462 4765 3769 4838 praesentis

2121 4854 2334 4910 decreti
2384 4850 2729 4908 auctoritate
2784 4850 3232 4925 committimus,
3267 4857 3539 4928 rogantes
3592 4859 3769 4927 alque

2120 4941 2521 5015 praecipientes
2562 4942 2627 4994 ut
2684 4937 2988 4995 Belli-Loci
3046 4943 3469 4999 monasterium
3527 4944 3767 5002 omnino

2120 5031 2702 5102 deinceps,tanquam
2727 5025 3387 5088 Cluniacensisemnobii
3407 5033 3763 5104 membrum,

2120 5120 2365 5176 sollicite
2425 5131 2629 5187 regas;
2663 5118 2719 5169 et
2769 5115 3039 5172 abbatem
3094 5118 3213 5175 illic
3265 5121 3337 5175 de
3393 5120 3764 5177 Cluniacensi

2119 5224 2349 5280 semper
2395 5203 2842 5276 congregatione
2885 5206 3226 5275 constituas,
3260 5213 3572 5281 quatenus,
3605 5209 3764 5265 auxi-

2116 5298 2296 5353 liante
2320 5293 2693 5366 Domino,per
2712 5298 2965 5350 vestram
2984 5295 3627 5372 sollicitudinem,vigor
3642 5298 3762 5356 illic

2118 5383 2404 5459 regularis
2437 5381 2761 5455 disciplinae
2789 5386 3169 5454 restauretur,
3202 5390 3260 5443 et
3289 5391 3686 5444 conservetur.

2188 5475 2401 5531 Datum
2433 5470 2677 5540 Tolosae,
2708 5489 2743 5527 x
2775 5470 2901 5528 Kal.
2934 5473 3117 5530 Junii.

424 5585 537 5656 (45)
568 5585 732 5640 Anno
764 5584 925 5652 1096,
967 5586 1067 5656 qui
1108 5601 1268 5642 more
1316 5582 1660 5639 Pisanorum
1709 5585 2160 5655 computabatur
2209 5596 2398 5639 annus
2448 5578 2607 5645 1097,
2662 5578 2950 5652 incoeptus
3000 5598 3033 5637 a
3087 5581 3179 5638 die
3240 5583 3430 5640 Martii
3476 5584 3549 5639 25
3595 5582 3760 5641 illius

355 5656 514 5714 annL
