4004 6162
250 283 373 352 469

961 421 1182 483 CXCIX.

250 531 313 588 In
367 530 599 588 concilio
650 530 800 605 apud
852 531 1202 603 Nemausum,
1259 533 1463 591 abolito
1512 532 1757 605 Gregorii
1780 604 1789 605 ί
1816 535 1906 592 VII

313 611 605 688 praecepto,
642 603 888 688 Urbanus
938 607 1270 688 monasteria
1310 603 1629 688 Figiaceuse'
1653 610 1705 660 et
1760 604 1898 688 (ξοη-

313 674 510 749 ehease
561 677 717 749 um’ri
742 680 906 749 vetuit.
944 678 1234 749 Utrumque
1262 674 1659 733 monasterium
1698 676 1896 745 guber-

314 748 446 803 nari
463 763 499 802 a
520 748 747 818 proprio
776 748 971 804 abbate
987 749 1162 819 jubet.

867 873 1054 944 (Anno
1089 873 1272 945 1096.)

278 996 568 1068 [Manum
602 994 730 1052 Acta
760 995 855 1051 SS.
902 995 1126 1064 Bened.,
1181 997 1303 1053 Smc
1329 996 1428 1066 III,
1464 1015 1519 1069 p.
1550 1013 1675 1069 II,p.
1709 997 1858 1069 448.]

312 1138 590 1196 Haemus
618 1138 950 1212 episcOpus,
986 1156 1189 1195 servus
1219 1156 1516 1195 servorum
1547 1139 1667 1195 Dei.

308 1229 454 1286 Cum
485 1246 590 1301 pro
620 1226 868 1302 negotiis
900 1226 1315 1285 ecclesiasticis
1358 1229 1417 1283 in
1471 1234 1666 1300 partes
1695 1228 1893 1284 Galliae

234 1317 625 1385 venissemus,
685 1319 840 1390 apud
898 1318 1234 1373 Arverniam
1300 1317 1586 1390 largiente
1644 1317 1891 1374 Domino

235 1405 560 1478 plenariam
619 1407 910 1480 synodum
969 1405 1438 1463 convocavimus.
1500 1406 1689 1463 Illica
1744 1406 1891 1463 Con-

234 1495 474 1552 cbensis
504 1496 843 1553 monasterii
878 1494 1158 1552 fratribus
1205 1495 1530 1551 reverendae
1591 1497 1891 1553 memoriae

232 1584 348 1642 GC.
381 1584 482 1640 VII
511 1584 617 1641 PP.
652 1584 858 1640 litterae
889 1588 1253 1659 praesentatae
1301 1588 1461 1651 sunt,
1496 1584 1888 1658 praecipientis

232 1673 570 1748 Figiacense
623 1673 952 1731 coenobium
1010 1672 1332 1729 Conchensi
1391 1673 1652 1729 ccenobio
1684 1672 1887 1729 unien-

1423 286 1835 358 EPISTOLIE
1858 288 1975 385 ‘E'l‘
2015 288 2485 385 PRIVILEGIA.

1933 428 1987 499 A
2791 432 2893 493 CC.

3510 380 3526 386 _
3543 299 3665 388 430

2080 519 2245 577 Bulla
2272 522 2481 579 Urbani
2507 524 2560 581 II
2579 539 2738 597 papae
2759 541 2859 598 pro
2891 524 2946 581 S.
2980 523 3214 584 Martiae
3243 522 3309 582 de
3340 524 3579 598 Campis.

2642 614 2828 684 (Anno
2858 616 3040 688 1096.)
3420 607 3439 619 ’

2009 696 2323 770 [Fx-mersa,
2382 700 2617 758 Histoire
2645 702 2711 758 de
2765 706 2952 846 Page],
3032 705 3299 772 Preuves,
3356 708 3512 763 tome
3566 704 3665 774 III,

2759 790 2815 846 p.
2908 818 2919 828 .
3056 818 3059 821 .

2077 874 2353 932 URBANUS
2381 876 2711 951 episcopus,
2738 895 2942 936 servus
2990 896 3291 938 servorum
3338 880 3460 951 Dei,
3494 899 3661 940 vene-

2005 963 2179 1020 rabili
2214 965 2377 1021 fratri
2399 967 2647 1035 Hucom,
2681 967 3047 1026 Cluniacensi
3078 970 3296 1040 abbati,
3331 971 3582 1026 salutem
3605 971 3663 1027 et

2005 1052 2386 1125 apostolicam
2409 1051 2899 1113 benedictionem.
3442 1121 3466 1127 η
3526 1104 3531 1109 .
3601 1105 3611 1113 ρ

2073 1141 2193 1197 Piae
2224 1143 2538 1214 postulatio
2598 1143 2914 1202 voluntatis
2971 1148 3180 1203 etl'ectu
3232 1148 3403 1203 debet
3458 1163 3656 1220 prose-

2003 1236 2217 1303 quente
2244 1231 2546 1305 compleri,
2575 1238 2868 1305 quatenus
2897 1239 2955 1291 et
2984 1236 3309 1292 devotionis
3348 1236 3656 1293 sinceritas

2000 1317 2372 1377 laudabiliter
2399 1321 2698 1390 enitescat,
2731 1326 2787 1378 et
2819 1323 3041 1380 utilitas
3070 1324 3363 1396 postulata
3385 1324 3536 1384 vires
3566 1324 3655 1381 in-

2001 1407 2338 1464 dubitanter
2367 1415 2653 1466 assumat.
2688 1412 2823 1466 Tuae
2857 1411 3038 1485 igitur
3067 1413 3348 1469 voluntati
3397 1417 3455 1470 et
3486 1430 3655 1469 com-

1999 1497 2199 1553 munis
2216 1497 2321 1552 filii
2352 1498 2616 1555 Ursionis
2639 1499 2849 1572 prioris
2875 1501 3373 1574 postulationibus
3396 1520 3653 1565 annuen-

1997 1589 2108 1653 tes,
2140 1587 2293 1642 beati
2324 1587 2557 1643 Martini
2598 1590 3024 1645 monasterium
3085 1591 3242 1662 quod
3286 1578 3367 1647 de
3416 1591 3651 1664 Campis

1997 1676 2211 1732 dicitur
2235 1676 2293 1731 in
2327 1676 2641 1734 Parisiensi
2669 1678 2947 1750 parochia
2994 1678 3195 1747 situm,
3229 1679 3532 1752 praesentis
3555 1680 3652 1736 de-

231 1763 395 1819 dum.
430 1763 500 1820 Et
523 1764 671 1863 quia.
691 1778 797 1835 per
814 1763 969 1819 idem
991 1767 1225 1865 tempus
1240 1761 1474 1865 utrique
1498 1762 1624 1819 loco
1646 1763 1886 1863 abbates
1917 1799 1967 1865 Β
1996 1765 2137 1821 creti
2149 1766 2492 1821 auctoritate
2514 1766 3423 1845 munimus,utquemadmodum
3448 1771 3654 1825 caetera

229 1852 449 1925 proprii
505 1851 915 1925 praesidebant,
976 1851 1256 1908 alterutro
1288 1851 1561 1908 defuncto
1617 1869 1752 1907 eum
1786 1851 1883 1924 qui

226 1945 527 2013 superstes
557 1945 732 2009 esset,
766 1940 1003 2013 utrique
1044 1940 1403 1996 monasterio
1435 1940 1880 2013 praeferendum.

227 2028 584 2086 Conchensis
613 2029 810 2101 itaque
841 2029 1090 2086 ccenobii
1151 2030 1352 2096 abbas,
1385 2028 1524 2101 quia
1552 2032 1756 2084 contra
1788 2027 1883 2083 lit-

224 2121 483 2174 terarum
541 2119 804 2190 ipsarum
860 2122 1124 2174 tenorem
1178 2118 1536 2174 substitutus
1585 2117 1788 2184 fuerat,
1822 2117 1881 2172 in

223 2208 426 2264 eodem
460 2206 703 2264 concilio
749 2207 1071 2280 depositus,
1105 2211 1162 2262 et
1218 2206 1595 2280 Figiacensis,
1627 2205 1726 2280 qui
1779 2224 1881 2263 su-

225 2297 572 2369 pervixerat,
606 2296 837 2369 utrique
866 2296 993 2353 loco
1024 2296 1298 2369 praelatus
1329 2300 1434 2352 est.
1488 2295 1691 2368 Coepit,
1741 2312 1878 2370 ergo

226 2386 380 2442 inter
409 2390 725 2459 utrumque
756 2386 1179 2442 monasterium
1218 2383 1509 2441 discordia
1559 2388 1723 2439 tanta
1751 2402 1874 2441 ver-

226 2477 365 2542 sari,
398 2479 464 2531 ut
492 2479 551 2531 et
579 2476 733 2531 bona
763 2474 1017 2547 plurima
1048 2474 1535 2540 distraherentur,
1570 2478 1626 2528 et
1655 2472 1875 2529 anima-

227 2581 358 2621 rum
398 2564 560 2621 salus
618 2564 985 2621 detrimentis
1043 2563 1315 2619 maximis
1368 2563 1869 2635 pessumdaretur.

223 2655 504 2710 Praeterea
530 2669 665 2709 cum
697 2653 768 2709 ad
790 2669 963 2710 aures
988 2651 1388 2708 Cluniacensis
1414 2651 1643 2707 abbatis
1670 2651 1872 2722 hujus-

223 2743 380 2799 modi
438 2740 775 2798 constitutio
836 2741 1214 2813 pervenisset,
1275 2742 1449 2812 coepit
1502 2741 1870 2812 supradictas

221 2831 336 2887 GG.
373 2831 475 2887 PP.
499 2830 722 2887 litteras
752 2833 1033 2902 tanquam
1065 2829 1445 2901 subreptitias
1498 2828 1866 2899 calumniari,

218 2925 281 2976 et
305 2919 702 2976 definitionem
732 2918 998 2990 ejusdem
1033 2918 1245 2991 negotii
1279 2935 1342 2973 se
1372 2922 1656 2991 praesente
1702 2917 1870 2973 aliter

219 3012 607 3080 perpetratam
665 3006 867 3064 testari
919 3023 932 3062 :
995 3005 1466 3078 quandoquidem
1528 3006 1600 3061 ab
1664 3006 1868 3061 eodem

1996 1852 2396 1910 Cluniacensis
2424 1854 2671 1911 omnobii
2704 1856 2969 1911 membra
3009 1872 3243 1927 semper
3271 1856 3383 1911 sub
3414 1860 3649 1935 aposto-

1994 1941 2117 1998 licae
2148 1943 2306 1999 sedis
2337 1943 2517 1999 tutela
2537 1948 2959 2016 permaneat,et
2979 1949 3187 2000 cuncta
3211 1961 3337 2016 qua:
3359 1946 3431 2001 ad
3453 1944 3648 2007 locum

1993 2030 2187 2102 ipsum
2206 2032 2287 2087 im
2306 2032 2682 2104 praesentiam
2694 2051 2748 2088 m
2771 2032 3063 2105 pertinere
3076 2033 3373 2102 videntur;
3394 2033 3647 2093 ecclesia:

1991 2119 2259 2176 videlicet
2277 2120 2349 2176 de
2377 2120 2702 2193 Agonvilla,
2725 2122 2797 2177 de
2828 2138 2974 2177 nova
3003 2121 3176 2187 Villa,
3209 2122 3552 2190 deMareio,
3576 2123 3648 2195 de

1990 2208 2555 2281 Monte-Martyrum,
2589 2210 2661 2265 de
2703 2208 2982 2278 Loveriis,
3004 2209 3074 2264 de
3106 2194 3398 2277 Castenio,
3431 2210 3501 2265 de
3522 2194 3646 2266 Noe

1989 2296 2183 2351 Sancti
2209 2296 2554 2369 Remigii,de
2584 2298 2704 2352 Noa
2727 2296 2925 2353 Sancti
2948 2297 3205 2368 Martini,
3231 2299 3300 2354 de
3326 2299 3636 2371 Renzegio,

1986 2385 2057 2440 de
2090 2383 2409 2453 Bolbineio,
2442 2387 2514 2440 de
2536 2385 2746 2453 Caleio,
2780 2386 2850 2440 de
2880 2386 3264 2454 Conﬂuentia,
3288 2386 3360 2447 de
3390 2386 3638 2459 Copeyo,

1983 2473 2055 2529 de
2095 2474 2388 2541 Fentanis,
2446 2475 2517 2531 de
2575 2462 3259 2547 Flamma-Regia-Villaj
3315 2475 3385 2531 de
3441 2474 3639 2531 Valle-

1980 2560 2236 2630 Villaris,
2269 2563 2340 2619 de
2381 2563 2699 2631 Monciaco,
2750 2562 2885 2617 villa
2932 2580 3058 2635 quae
3090 2563 3307 2619 dicitur
3363 2552 3631 2633 Bonzeia,

1979 2650 2262 2707 Nuceium
2294 2668 2597 2724 magnum,
2629 2651 2916 2713 Nuceium
2949 2650 3634 2724 minus,Anetum,Majo-

1979 2739 2175 2807 riolas,
2233 2740 2446 2796 Sancta
2475 2740 2738 2809 Gemma,
2774 2730 3179 2807 Rodanivilla,
3204 2739 3628 2806 Ursionisvilla,

1978 2828 2373 2897 Clamardum,
2434 2828 2763 2898 Sorvillare,
2827 2828 3162 2895 Pentinum,
3233 2828 3624 2898 Ceurennum,

1978 2917 2227 2973 Sanctus
2255 2916 2513 2973 Hilarius
2542 2934 2675 2973 cum
2703 2917 2964 2974 ecclesiis
2995 2922 3052 2973 et
3110 2918 3482 2991 pertinentiis
3531 2935 3629 2975 ea-

1977 3022 2128 3073 rum,
2162 3005 2407 3062 ecclesia
2434 3005 2609 3061 etiam
2643 3007 2712 3061 de
2742 3006 2916 3075 Cona,
2951 3007 3023 3062 de
3055 3005 3315 3073 Bonolla,
3360 3008 3431 3062 de
3462 3005 3624 3061 Prin-

220 3096 493 3168 pontiﬁce
521 3096 876 3169 Figiacensis
906 3094 1071 3152 locus
1117 3094 1480 3151 Cluniacensi
1515 3094 1868 3150 monasterio
1907 3162 1939 3169 _
1973 3093 2123 3166 gelo.
2158 3095 2454 3166 Quidquid
2504 3098 2782 3166 praterea
2825 3095 2980 3151 idem
3038 3092 3202 3151 locus
3252 3095 3424 3151 hodie
3463 3096 3625 3166 juste

219 3162 324 3257 per
342 3162 711 3258 privilegium
745 3184 919 3240 fuerit
947 3184 1348 3240 conﬁrmatus.
1383 3182 1568 3254 Igitur
1595 3198 1728 3238 cum
1757 3181 1868 3238 lar—
1896 3162 1940 3234 (ἶ
1977 3162 2243 3257 possidet
2300 3162 2383 3240 vel
2443 3162 2749 3239 collatione
2821 3184 2984 3239 bonae
3042 3183 3337 3239 memoriae
3395 3162 3627 3241 Henrici

219 3274 414 3347 gieute
441 3274 689 3330 Domino
720 3274 893 3329 tertia
922 3289 1024 3346 per
1050 3271 1389 3328 instantiam
1422 3275 1682 3326 nostram
1715 3271 1871 3343 apud

224 3364 580 3420 Nemausum
635 3364 895 3436 synodus
940 3361 1327 3426 convenisset,
1384 3359 1558 3432 ccepit
1604 3359 1869 3430 ejusdem

221 3451 435 3524 negotii
466 3452 710 3524 quaestio
740 3450 994 3525 graviter
1018 3449 1224 3522 agitari
1259 3489 1272 3503 .
1308 3449 1441 3505 Post
1466 3447 1708 3522 longum
1739 3464 1871 3504 vero

217 3558 394 3613 super
432 3541 541 3596 hac
580 3557 640 3597 re
666 3540 1075 3613 episcoporum
1106 3538 1503 3609 abbatumque
1533 3540 1867 3605 tractatum,

215 3630 435 3702 placuit
463 3646 596 3685 cum
625 3646 728 3702 pro
759 3626 1062 3700 apostolici
1100 3625 1386 3699 privilegii
1410 3625 1867 3692 conservatione,

213 3726 338 3775 tum
371 3735 476 3792 pro
497 3716 795 3774 communi
821 3715 1315 3774 monasteriorum
1337 3713 1618 3782 salute,nt
1635 3713 1868 3785 utrique

208 3805 354 3873 loco,
388 3794 541 3861 sicut
588 3807 759 3860 antea
789 3805 999 3874 fuerat,
1034 3802 1218 3858 abbas
1250 3800 1565 3858 cardinalis
1597 3801 1866 3856 restitue-

207 3900 388 3963 retur,
447 3898 506 3950 et
557 3892 920 3966 Figiacenses
973 3891 1246 3948 monachi
1295 3892 1404 3948 sub
1463 3889 1865 3946 Cluniacensis

207 3983 437 4040 abbatis
466 3999 610 4039 cura
655 3981 932 4054 deinceps
978 3986 1036 4037 et
1085 3978 1416 4054 provisione
1463 3977 1863 4051 persisterent.

208 4072 273 4127 Et
304 4089 412 4128 nos
442 4071 622 4145 igitur
651 4087 963 4127 commune
994 4068 1224 4126 concilii
1281 4069 1578 4124 decretum
1632 4072 1863 4141 aposto-

208 4160 328 4216 licae
357 4159 724 4217 auctoritatis
753 4160 1012 4233 pondere
1041 4159 1477 4225 conﬁrmantes,
1502 4157 1863 4213 definitionis

211 4251 388 4321 hujus
416 4250 684 4305 ordinem
717 4253 995 4322 perpetuo
1029 4263 1479 4320 permansurum
1540 4246 1725 4303 nostri
1757 4263 1861 4302 no-

208 4338 387 4395 minis
417 4338 627 4395 litteris
658 4337 945 4404 adnotari,
969 4341 1027 4393 et
1057 4335 1233 4410 sigilli
1271 4335 1450 4391 nostri
1477 4335 1861 4408 praecepimus

205 4426 592 4515 impresﬁe
624 4426 864 4483 firmari.
891 4426 948 4482 Si
985 4424 1120 4498 quis
1151 4431 1347 4481 autem
1374 4424 1623 4494 hujusce
1653 4422 1858 4478 defini-

1980 3272 2332 3328 Francorum
2355 3271 2636 3345 regis,qui
2669 3272 2933 3343 ejusdem
2953 3271 3063 3327 loci
3092 3272 3368 3328 fundator
3390 3271 3631 3341 exstitit,

1977 3360 2065 3417 vel
2095 3361 2199 3416 ﬁlii
2229 3362 2359 3433 ejus
2392 3360 2667 3433 Philippi,
2699 3361 2869 3431 cujus
2899 3360 3213 3416 donatione
3261 3358 3403 3417 cella
3434 3359 3639 3416 eadem

1980 3451 2051 3507 ad
2076 3450 2323 3507 vestium
2345 3450 2677 3506 coenobium
2700 3449 2964 3506 noscitur
2983 3448 3313 3522 pertinere;
3346 3449 3639 3529 quidquid

1979 3558 2013 3595 a
2043 3539 2411 3612 quibuslibet
2444 3537 2714 3594 ﬁdelibus
2744 3539 2816 3595 de
2840 3555 2944 3595 suo
2969 3539 3104 3610 jure
3134 3537 3321 3594 eidem
3346 3537 3473 3594 loco
3522 3539 3639 3595 col-

1980 3626 2165 3684 latum
2197 3633 2304 3697 est,
2339 3627 2424 3683 vel
2461 3627 2519 3682 in
2553 3627 2818 3683 futurum
2850 3627 3097 3683 conferri
3133 3626 3641 3699 contigeritﬁrma
3664 3629 3679 3636 ’

1979 3734 2210 3790 semper
2241 3721 2299 3773 et
2344 3715 2573 3772 illibata
2612 3720 3016 3788 permaneant,
3050 3719 3171 3771 tam
3203 3733 3238 3771 a
3269 3719 3322 3771 te
3353 3732 3530 3787 quam
3562 3716 3634 3771 ab

1977 3805 2069 3861 his
2102 3805 2199 3878 qui
2225 3823 2327 3878 per
2356 3810 2411 3861 te
2442 3803 2527 3860 vel
2559 3821 2927 3861 successores
2957 3809 3089 3860 tuos
3117 3804 3304 3860 eidem
3336 3803 3463 3860 loco
3497 3822 3636 3877 prae-

1970 3894 2152 3967 positi
2184 3893 2419 3963 fuerint,
2454 3896 2733 3965 perpctuo
2756 3892 3129 3966 possidenda,
3155 3893 3409 3964 regenda
3428 3909 3493 3949 ac
3512 3893 3630 3948 dis-

1975 3982 2263 4055 ponenda.

2044 4069 2422 4126 Decernimus
2443 4084 2581 4141 ergo
2606 4067 2829 4124 utnulli
2852 4066 3092 4125 omnino
3119 4067 3428 4123 hominum
3456 4067 3631 4125 liceat

1971 4160 2126 4216 idem
2159 4156 2489 4214 ctenobium
2525 4162 2737 4213 temere
2787 4157 3119 4230 pertubare,
3169 4160 3271 4212 aut
3316 4157 3447 4229 ejus
3495 4174 3628 4231 pos-

1971 4247 2266 4307 sessiones
2300 4247 2551 4312 auierre,
2585 4246 2673 4303 vel
2725 4245 2952 4303 ablatas
3011 4245 3281 4313 retinere,
3342 4246 3628 4315 minuere,

1970 4338 2055 4394 vel
2088 4338 2416 4394 temerariis
2450 4336 2856 4393 vexationibus
2887 4336 3167 4409 fatigare;
3198 4337 3299 4393 sed
3333 4336 3633 4392 omniain-

1973 4431 2133 4499 tegra
2151 4431 2570 4482 conserventur
2585 4442 2789 4481 eorum
2809 4442 2915 4498 pro
2937 4442 3187 4497 quorum
3208 4425 3633 4482 sustentatione

207 4517 386 4572 ιὶοηὶϐ
417 4511 684 4573 ιεῖιοτθω
716 4514 1028 4580 temerario
1059 4531 1207 4570 ausu
1258 4514 1433 4569 fuerit
1491 4519 1739 4567 Conatus
1787 4511 1870 4570 in-
1896 4528 1950 4598 Ι)
1980 4532 2045 4571 ac
2074 4516 2502 4587 gubernatione
2535 4531 2814 4570 concessa
2846 4518 2985 4569 sunt
3016 4514 3226 4570 usibus
3276 4514 3633 4570 omnimodis

203 4606 479 4678 fringere,
513 4605 659 4662 sciat
716 4604 1044 4676 apostolicae
1105 4600 1526 4675 indignationis
1576 4599 1859 4655 ultionem

201 4696 519 4763 incurrere,
541 4698 601 4751 et
628 4692 1044 4750 detrimentum
1076 4692 1168 4748 sui
1199 4690 1419 4747 ordinis
1450 4687 1537 4745 vel
1562 4687 1737 4744 ofﬁcii
1771 4688 1854 4742 in-

197 4783 418 4840 venire.

272 4874 482 4927 Actum
514 4870 574 4927 in
604 4870 847 4927 concilio
878 4870 1031 4943 apud
1090 4866 1447 4925 Nemausum
1501 4866 1561 4922 in
1610 4864 1856 4922 ecclesia

201 4961 432 5017 Sanctae
462 4959 657 5015 Mariae
687 4977 762 5014 vn
794 4959 879 5016 Id.
910 4957 1076 5027 Julii,
1110 4974 1264 5013 anno
1297 4955 1612 5012 Dominicis
1660 4955 1852 5012 Incer-

203 5048 461 5107 nationis
492 5049 634 5104 1096
662 5049 785 5121 [leg.
821 5047 1004 5118 1096],
1036 5046 1237 5103 indict.
1272 5063 1348 5114 ιν,
1381 5061 1534 5101 anno
1564 5061 1698 5100 vero
1720 5062 1858 5117 pon-

204 5139 461 5199 tificatus
491 5137 693 5194 domni
725 5135 942 5193 Urbani
976 5136 1023 5191 ΙΙ
1054 5135 1158 5192 ΡΡ.
1195 5152 1269 5191 1x.

277 5229 492 5285 Datum
524 5227 680 5299 apud
709 5224 937 5282 Vallem
999 5224 1330 5282 Flaviauam
1380 5222 1440 5278 in
1503 5222 1856 5279 monasterio

205 5317 407 5376 Sancti
436 5315 646 5389 Egidii,
679 5314 763 5372 Id.
794 5312 957 5372 Julii.

1976 4604 2304 4676 profutura.
2334 4603 2389 4656 Si
2422 4621 2539 4674 qua
2574 4602 2751 4675 igitur
2776 4602 2832 4657 in
2863 4604 3211 4670 crastinum,
3242 4602 3635 4663 ecclesiastica

1967 4690 2331 4748 saecularisve
2366 4708 2614 4762 persona
2649 4692 2827 4761 hujus
2858 4692 3075 4748 decreti
3127 4692 3403 4764 paginam
3435 4693 3631 4748 sciens

1962 4784 2164 4836 contra
2194 4796 2321 4834 eam
2357 4784 2571 4834 temere
2603 4779 2798 4835 venire
2858 4781 3190 4847 tentaverit,
3224 4782 3479 4837 secundo
3514 4786 3627 4837 ter-

1963 4870 2112 4925 tiove
2124 4866 2558 4935 commonita,si
2585 4884 2698 4923 non
2726 4867 3127 4924 satisfactione
3150 4885 3412 4941 congrua
3432 4862 3629 4925 e'men-

1963 4957 2205 5026 daverit,
2232 4954 2538 5029 potestatis
2570 4955 2929 5028 honorisque
2962 4955 3058 5012 sui
3095 4956 3379 5029 dignitate
3411 4963 3623 5025 careat,

1965 5063 2240 5119 reamqne
2272 5044 2464 5100 divino
2513 5043 2740 5115 judicio
2771 5061 2833 5100 sc
2895 5045 3142 5101 existere
3171 5045 3241 5099 de
3298 5048 3628 5116 perpetrata

1966 5134 2274 5208 iniquitate
2304 5136 2638 5207 cognoscat,
2672 5135 2729 5188 et
2759 5130 2939 5189 etiam
2994 5150 3028 5188 a
3075 5131 3469 5189 sacratissimo
3502 5148 3625 5189 cor-

1966 5242 2104 5297 pore
2163 5240 2230 5279 ac
2278 5222 2566 5296 sanguine
2624 5221 2725 5277 Dei
2786 5225 2844 5277 et
2916 5220 3150 5278 Domini
3219 5214 3627 5294 Redemptoris

1964 5311 2151 5369 nostri
2180 5311 2320 5369 Jesu
2375 5310 2586 5368 Christi
2637 5309 2831 5367 aliena
2861 5310 2985 5380 ﬁat,
3049 5313 3227 5384 atque
3260 5310 3320 5367 in
3369 5314 3627 5369 extremo

1966 5400 2235 5458 examine
2265 5400 2539 5457 districtis
2572 5399 2784 5458 ultioni
2810 5400 3129 5473 subjaceat.
3163 5400 3402 5458 Cunctis
3432 5404 3628 5458 autem

1967 5490 2157 5547 eidem
2189 5489 2313 5548 loco
2331 5490 2498 5562 justa
2525 5490 2903 5547 servantibus
2935 5489 3013 5546 sit
3042 5507 3155 5562 pax
3194 5490 3423 5548 Domini
3452 5489 3633 5547 nostri

1970 5579 2108 5638 Jesu
2132 5577 2671 5651 Christi,quatenus
2701 5582 2760 5636 et
2791 5579 2885 5636 hic
2917 5579 3174 5637 fructum
3207 5581 3371 5638 bonae
3390 5579 3635 5637 actionis
