4004 6162
381 318 504 386 ιῖί

1684 321 1757 389 Β.
1795 309 2096 391 ΠΗῚΒΑΝῙ
2126 324 2193 392 ἸΙ
2233 317 2491 393 ΡΑΡΕ.

3667 313 3799 391 ιτς

389 456 848 550 percipiantpet
870 459 1038 550 apud
1085 459 1428 550 districtum
1468 459 1730 531 judicem
1790 461 2030 533 praemia
2057 462 2114 530 Α
2138 466 2259 550 tus,
2290 465 2361 520 ad
2389 465 2712 521 Aucensem
2746 463 2836 519 sui
2866 462 3020 536 juris
3068 460 3393 550 proprietas
3442 467 3793 522 revertatur.

315 607 322 614 _
385 546 613 604 sternte
641 547 805 621 pacis
833 547 1148 604 inveniant.
1173 546 1376 612 Amen,
1407 565 1597 615 amen,
1631 565 1822 604 amen.

377 707 384 714 ε
457 636 670 693 Datum
701 637 973 692 Nemausi
1000 653 1110 708 per
1137 651 1380 691 manum
1399 636 1662 702 Joannis,
1687 641 1902 694 sancta:
1925 638 2032 694 Ro-

379 725 573 782 manis
600 722 865 781 Ecclesiae
899 719 1126 780 diaconi
1158 723 1495 790 cardinalis,
1530 743 1569 779 ιι
1605 725 2033 793 ldusJulii,in-

385 814 638 872 dictione
693 831 771 879 iv,
831 813 1253 869 Incarnationis
1299 814 1610 869 Dominicis
1669 833 1822 871 anno
1873 818 2031 883 1097,

378 885 759 977 pontiﬁcatus
783 901 978 958 autem
1001 901 1203 958 demni
1238 901 1454 958 Urbani
1486 903 1727 959 secundi
1759 921 1921 977 papae
1953 924 2031 962 1x.

389 1098 636 1155 Urbanus
662 1099 997 1167 Burgensem
1054 1099 1349 1154 Ecclesiam
1406 1101 1667 1156 Romana:
1722 1099 2036 1157 immediate

453 1167 696 1243 subiicit,
728 1169 895 1226 illam
922 1170 990 1225 ab
1046 1169 1291 1226 aliarum
1345 1171 1710 1243 metropoleon
1757 1171 2035 1228 absolvam

451 1241 778 1299 abedientia.

837 1320 839 1323 ’
1015 1332 1201 1401 (Anno
1221 1330 1407 1402 4096.)

601 1419 865 1492 [FLo'aez,
898 1422 1112 1492 Espaﬁa
1138 1414 1408 1491 'Sagrada,
1439 1418 1632 1489 XXVI,
1665 1419 1816 1492 464.]

455 1525 737 1584 Uae’anus
764 1526 1097 1600 episcopus,
1119 1542 1324 1582 servus
1355 1541 1655 1582 servorum
1689 1523 1811 1581 Dei.

455 1615 774 1688 Postquam
804 1616 958 1689 apud
989 1616 1349 1672 Nemausum
1380 1615 1828 1687 praesidentibus
1863 1614 2033 1671 nobis

383 1703 490 1776 per
518 1704 932 1778 omnipotentis
963 1703 1066 1760 Dei
1084 1703 1331 1777 gratiam
1361 1702 1621 1774 plenaria
1646 1703 1853 1759 fuisset
1871 1720 2039 1776 syno-

2138 543 2314 607 Porro
2347 553 2633 624 parochiae
2654 557 2900 624 partem,
2935 564 3109 623 quam
3135 547 3794 626 Burgensis‘episcopus

2141 647 2274 713 post
2298 641 2470 715 legati
2505 641 2903 697 deﬁnitionem
2935 641 3047 696 sibi
3100 641 3460 697 subtractam
3514 641 3797 697 reclama-

2141 730 2419 800 bat,idem
2453 730 2930 803 archiepiscOpus
2953 729 3250 786 asserebat
3280 728 3494 801 abipso
3524 730 3798 803 episcopo

2142 820 2202 875 in
2227 837 2466 875 manum
2492 836 2659 875 suam
2681 824 2889 891 sponte
2909 823 2964 874 et
2980 818 3387 891 episcoporum
3402 818 3627 889 judicio
3649 819 3802 874 refu-

2141 911 2494 964 tatam.Cum
2525 924 2659 963 vero
2691 907 3002 980 episcopus
3024 911 3328 980 gravatum
3357 923 3419 963 se
3444 911 3501 963 et
3529 912 3800 964 coactum

2141 996 2202 1052 in
2233 1011 2299 1052 eo
2329 995 2560 1069 negotio
2587 996 3105 1068 responderet.Nos
3126 999 3426 1060 tamen,ne
3447 995 3798 1052 confratrem

2143 1089 2410 1141 nostrum
2467 1086 2829 1141 Bernardum
2887 1083 3393 1157 archiepiscopum
3467 1084 3801 1142 videremur

2142 1173 2545 1230 vehementius
2575 1189 3155 1247 aggravare,causam
3185 1173 3335 1228 hanc
3367 1172 3519 1229 sicut
3546 1177 3688 1240 erat,
3715 1173 3800 1229 sic

2142 1277 2271 1319 esse
2301 1261 2698 1334 permisimus,
2731 1263 2912 1320 donec
2934 1261 3558 1334 refutationemipsam
3589 1263 3800 1334 sponte

2141 1356 2199 1407 et
2217 1351 2533 1423 judiciario
2562 1352 2766 1408 ordine
2795 1354 3186 1424 perpetratam
3219 1349 3445 1406 idoneis
3462 1349 3710 1407 testibus
3730 1344 3797 1406 in

2145 1445 2347 1496 nostra
2375 1445 2573 1511 posset
2602 1437 2899 1495 audientia
2923 1439 3321 1511 comprobare.

2216 1527 2432 1584 Datum
2462 1529 2616 1601 apud
2650 1527 2870 1584 Vallem
2901 1526 3234 1583 Flavianam
3266 1526 3325 1581 in
3349 1527 3700 1584 monasterio
3732 1529 3795 1584 S.

2147 1616 2331 1689 Egidii
2363 1617 2502 1672 ldus
2532 1615 2694 1685 Julii,
2720 1615 3037 1672 indictione
3069 1633 3145 1683 ιν,
3179 1631 3332 1672 anno
3364 1615 3680 1672 Dominice
3710 1619 3804 1674 ln-

2147 1704 2501 1760 Carnationis
2532 1705 2690 1770 1097,
2708 1704 3085 1777 pontiﬁcatus
3118 1707 3312 1759 autem
3345 1703 3546 1760 domni
3580 1704 3801 1762 Urbani

377 1793 525 1895 'dus.
548 1790 854 1894 celebrata,
905 1791 1167 1849 Toletani
1201 1791 1621 1895 archiepiscopi
1655 1791 1931 1895 Bel-nardi
1964 1793 2034 1892 ad
2064 1809 2117 1895 Β
2146 1810 2309 1866 papas
2342 1794 2392 1849 II
2422 1809 2574 1849 anno
2601 1811 2676 1861 1x,
2700 1808 2805 1866 per
2833 1809 3076 1849 manum
3105 1793 3351 1850 Joannis
3382 1794 3443 1849 S.
3478 1794 3544 1849 It.
3577 1794 3640 1849 E.
3673 1795 3801 1851 dia-

387 1881 748 1939 audientiam
778 1884 1042 1938 nostram
1073 1881 1311 1954 querela
1332 1880 1558 1954 perlata
1584 1885 1694 1947 est,
1719 1879 2039 1954 Burgensis
2069 1879 2116 1895 ”
2149 1883 2279 1938 coni
2311 1882 2648 1938 cardinalis.

381 1965 647 2043 episcopi
667 1966 956 2043 tanquam
991 1967 1342 2042 suifraganei
1372 1968 1588 2042 preprii
1648 1969 2038 2026 obedientiam

379 2057 768 2133 requirentis,
785 2059 958 2132 quasi
985 2057 1044 2114 in
1075 2058 1291 2114 Oximaz
1321 2057 1601 2130 parochia
1631 2057 1856 2131 Burgos
1889 2063 2042 2115 esset

390 2141 706 2204 aediﬁcata:
738 2147 946 2204 Oxima
1000 2145 1156 2203 enim
1199 2162 1335 2218 pars
1389 2145 1678 2201 Toletanae
1729 2146 2039 2219 provinciae

383 2243 507 2292 ἰιοη
527 2234 749 2292 incerta
765 2233 1153 2307 cognoscitur.
1173 2232 1273 2289 Ille
1294 2249 1427 2289 vero
1450 2235 1522 2290 ad
1541 2235 2039 2292 Tarraconensem

388 2323 585 2398 potius
613 2321 982 2396 metropolim
1015 2339 1184 2379 suam
1232 2321 1550 2379 Ecclesiam
1581 2323 1868 2396 pertinere
1902 2341 2039 2396 pro-

385 2411 748 2480 testabatur;
782 2428 960 2485 quam
1021 2411 1257 2483 quidem
1291 2427 1399 2468 nos
1431 2412 1788 2485 Burgensem
1832 2415 2036 2469 urbem

381 2499 556 2560 'Aucaa
590 2502 1030 2558 decreveramus
1059 2499 1263 2557 haberi
1321 2500 1621 2566 vicariam,
1654 2517 1804 2573 quas,
1838 2507 1902 2556 ut
1949 2503 2040 2556 di-

370 2580 897 2663 'citur,antiquitus
927 2589 1346 2645 Tarraconensi
1378 2589 1564 2644 fuerat
1594 2590 2038 2661 metropolitano

367 2678 516 2753 ‘jure
547 2677 827 2751 subjecta.
861 2678 1144 2734 Caeterum
1173 2676 1470 2745 Alfonsus,
1492 2677 1784 2750 Hispanias
1805 2677 2039 2735 Citerio-

374 2768 470 2826 'ris
499 2768 981 2842 rex,BUrgensem
1006 2767 1351 2839 episcopum
1384 2767 1804 2822 Tarraconensi
1828 2772 2039 2824 metro-

374 2857 646 2932 ’p‘oli't'ano
675 2857 1053 2930 nequaquam
1076 2855 1408 2928 patiebatur
1435 2871 1565 2911 esse
1591 2855 1942 2926 subjectum,
1971 2873 2040 2913 ea

375 2947 461 3004 'de
487 2961 667 3004 causa
697 2946 852 3018 quod
884 2945 1035 3000 infra
1064 2943 1228 3016 regni
1261 2943 1351 2998 sui
1385 2943 1664 2999 terminos
1686 2943 1913 3017 Burgus
1937 2945 2034 3014 sit,

385 3021 678 3092 Tarracon
710 3038 905 3090 autem
929 3033 988 3090 in
1011 3031 1456 3089 Barcinonensis
1479 3031 1709 3088 comitis
1731 3038 2035 3104 potestate.

2830 1979 2836 1984 ’
2895 1988 3049 2044 CCII.

2152 2079 2400 2136 Urbanus
2431 2080 2484 2133 II
2504 2093 2650 2149 papa
2678 2078 2966 2150 conﬁrmat
2994 2078 3134 2131 bona
3186 2079 3505 2133 monasterii
3554 2080 3800 2150 Rivipol-

2222 2150 2408 2222 tensis,
2440 2151 2532 2222 cui
2575 2149 2848 2222 nonnulla
2902 2150 3271 2205 immanitatis
3322 2165 3386 2205 ac
3436 2149 3799 2222 exemptiOnis

2215 2221 2510 2292 privilegia
2537 2219 2923 2277 conceduntur.

2772 2310 2958 2379 (Anno
2991 2307 3174 2378 1096.)

2654 2398 3049 2468 [ΟοουειιΝΕδ,
3080 2397 3151 2464 ll,
3183 2397 3301 2469 90.]

2220 2505 2497 2560 Uasmus
2523 2505 2864 2578 episcopus,
2889 2520 3093 2560 servus
3125 2519 3427 2560 servorum
3461 2503 3806 2571 Dei,dilecto

2147 2592 2266 2648 ﬁlio
2298 2598 2630 2658 Bsasaano,
2663 2593 2859 2650 abbati
2888 2591 3240 2648 venerabilis
3279 2593 3618 2649 monasterii
3647 2594 3801 2651 San-

2147 2687 2249 2737 ctaa
2271 2681 2468 2738 Marias
2490 2682 2644 2754 quod
2660 2681 3051 2754 Rivipollense
3067 2679 3365 2747 dicitur,in
3389 2682 3668 2738 comitatu
3690 2685 3804 2739 Au-

2139 2770 2546 2826 ‘sonensiinter
2568 2771 2683 2826 duo
2713 2769 2959 2825 flumina
2982 2771 3644 2842 constitutum,ejusque
3663 2788 3802 2829 suo-

2135 2860 2478 2916 -cessoribus
2509 2859 2856 2933 regulariter
2882 2858 3309 2914 substituendis
3334 2858 3393 2914 in
3424 2864 3795 2931 perpetuam.

2215 2948 2558 3020 Apostolicaa
2590 2947 2748 3004 sedis
2778 2947 3122 3003 auctoritate
3152 2947 3463 3019 debitaque
3488 2949 3798 3020 compelli-

2146 3054 2280 3093 mur
2308 3054 2414 3109 pro
2443 3037 2847 3093 universarum
2904 3034 3281 3091 ecclesiarum
3321 3039 3476 3091 statu
3506 3039 3797 3108 satagere,

377 3111 659 3197 “His'ergo
689 3124 760 3180 de
789 3116 984 3180 causis
1016 3126 1227 3179 nostra:
1258 3125 1316 3178 et
1336 3121 1582 3176 fratrum
1604 3121 1705 3193 qui
1729 3121 2033 3181 nobiscum
2063 3177 2107 3220 ,ἃ
2145 3131 2204 3182 et
2231 3142 2430 3182 earum
2463 3125 2643 3197 quieti
2682 3125 2996 3181 auxiliante
3047 3124 3295 3180 Domino
3345 3124 3661 3196 providere.
3712 3127 3800 3182 Ea

395 3215 640 3271 aderant
663 3210 1000 3270 diseretioni
1028 3213 1224 3269 visum
1255 3216 1344 3267 est
1379 3210 1452 3266 ad
1487 3209 1873 3267 Ecclesiarum
1904 3211 2036 3268 illa-
2056 3209 2109 3262 ὐ
2150 3218 2387 3286 propter
2416 3213 2796 3287 petitionibus
2825 3213 2965 3283 tuis,
2997 3212 3078 3268 ﬁli
3109 3213 3167 3268 in
3196 3211 3422 3269 Christo
3449 3212 3797 3271 charissime

391 3293 875 3360 ’rum‘sedandam
907 3301 1281 3368 seditionem,
1312 3304 1380 3355 ut
1417 3299 1736 3372 Burgensis
1767 3298 2042 3372 deinceps
2149 3303 2460 3370 Bernarde,
2492 3320 2606 3358 non
2638 3302 2932 3358 immerito
2993 3303 3372 3357 annuendum
3405 3318 3533 3357 esse
3563 3302 3795 3359 censui-

401 3392 1146 3467 episcopusmanutantu'm
1161 3388 1712 3460 Romanipontiﬁcis
1725 3391 2037 3460 regeretur,
2148 3407 2302 3459 mus,
2335 3395 2402 3445 ut
2431 3389 2819 3463 Rivipollense
2849 3389 3391 3456 monasterium,cui
3425 3390 3537 3446 Deo
3557 3395 3798 3446 auctore

395 3491 455 3542 et
484 3483 738 3541 Ecclesia
784 3481 885 3537 illa
913 3495 1155 3536 suorum
1185 3477 1514 3533 antistitum
1543 3476 2039 3532 consecrationem
2145 3479 2442 3551 prasides,
2476 3481 2548 3536 ad
2581 3480 3074 3552 praadecessorum
3125 3483 3459 3533 nostrorum
3519 3478 3701 3552 Sergii
3735 3484 3797 3535 et

388 3571 461 3629 ab
493 3569 812 3645 apostolica
842 3569 978 3625 sede
1009 3565 1352 3639 perciperet,
1387 3564 1499 3620 nisi
1559 3564 2036 3636 archiepiscopus
2144 3567 2367 3640 Agapiti
2387 3566 3022 3640 exemplarapostolica:
3045 3565 3202 3622 sedis
3219 3564 3517 3637 privilegio
3535 3569 3793 3624 munire-

382 3661 516 3735 ip‘sa
537 3660 682 3715 'eu‘m
708 3659 780 3714 ad
811 3673 873 3713 se
904 3656 1194 3728 pertinere
1229 3651 1563 3708 authentica
1584 3657 1782 3724 posset
1812 3655 2034 3709 ratione
2144 3652 3141 3728 mus.Perpraesentisigiturdecrcti
3170 3653 3444 3725 paginam
3467 3655 3792 3724 apostolica

382 3737 732 3806 monstrare.
784 3744 1024 3801 Interim
1067 3757 1201 3798 eum
1233 3741 1304 3796 ab
1336 3740 1643 3811 utriusque
1691 3741 2031 3813 metropolis

364 3836 782 3896 "obedientia'et
799 3831 1162 3905 subjectione
1192 3827 1572 3885 absolvimus.

444 3926 584 3984 Post
611 3924 734 3982 haec
765 3919 1080 3994 Burgensis
1111 3917 1419 3991 episcopus
1449 3914 1684 3972 Gomizo
1724 3917 2022 3976 adversus.

371 4015 644 4073 eumdem
675 4010 1182 4083 archiepiscopum
1216 4004 1512 4078 querelam
1556 4004 1830 4073 exercuit,
1866 4009 2020 4079 quod

363 4105 503 4177 "post
523 4103 781 4176 primam
815 4097 1203 4157 Massiliensis
1234 4095 1462 4152 abbatis
1484 4093 2018 4169 deﬁnitionem,qui

365 4192 471 4266 per
501 4193 558 4248 id
589 4196 822 4263 tempus
853 4185 1180 4263 apostolicae
1212 4183 1370 4240 sedis
1389 4182 1510 4239 vice
1530 4181 1648 4237 illis
1671 4184 1728 4238 in
1753 4185 2016 4255 partibus

365 4281 608 4336 functus
637 4268 846 4344 fuerat,
890 4281 1115 4348 partem
1148 4272 1466 4345 quamdam
1501 4272 1813 4343 Burgensis
1848 4289 2013 4344 paro-

361 4359 509 4426 chiaa
531 4362 1260 4440 usurpasset.Nominatim
1271 4375 1406 4417 vero
1419 4359 1733 4431 Burgensis
1746 4360 2012 4416 Ecclesiae

2140 3745 2481 3801 auctoritate
2512 3745 2829 3800 statuimus
2877 3747 2941 3797 ut
2989 3757 3347 3812 quaecunque
3397 3740 3570 3796 hodie
3626 3744 3784 3799 idem

2138 3834 2467 3891 cmnobium
2487 3834 2648 3903 juste
2681 3831 2956 3903 possidet,
3000 3829 3120 3885 sive
3151 3830 3210 3884 in
3245 3831 3508 3885 futurum
3540 3846 3781 3888 conces-

2135 3925 2298 3979 sione
2329 3921 2692 3994 pontiticum,
2743 3919 3086 3974 liberalitate
3116 3917 3469 3991 principum,
3498 3917 3782 3976 velobla-

2132 4014 2289 4068 tione
2321 4010 2581 4067 ﬁdelium
2605 4011 2764 4081 juste
2785 4013 2959 4080 atque
2979 4007 3255 4063 canonice
3281 4005 3489 4079 poterit
3509 4007 3778 4080 adipisci,

2133 4104 2300 4156 ﬁrma
2329 4101 2433 4155 tibi
2463 4100 2700 4171 tuisque
2730 4097 3168 4154 successoribus
3199 4101 3256 4152 et
3289 4095 3514 4151 illibata
3547 4113 3780 4168 perma-

2129 4195 2339 4257 neant;
2374 4189 2434 4245 in
2466 4189 2684 4261 quibus
2707 4187 2826 4242 haec
2849 4185 3100 4259 propriis
3127 4186 3406 4241 duximus
3436 4185 3778 4241 nominibus

2125 4279 2496 4334 adnotanda:
2529 4275 2835 4332 ecclesiam
2866 4274 3061 4331 Sancti
3092 4274 3244 4330 Petri
3264 4273 3453 4329 eidem
3478 4278 3776 4330 monaste-

2124 4367 2207 4422 rio
2244 4365 2611 4436 adjacentem
2642 4382 2776 4421 cum
2807 4363 3028 4420 caeteris
3077 4363 3127 4418 ei
3159 4363 3439 4434 subjectis
3462 4362 3728 4442 ecclesiis
3756 4381 3769 4419 :

363 4457 779 4532 proprietatem
811 4450 1232 4510 acdominium
1282 4451 1590 4520 occuparet
1629 4447 1850 4516 villam,
1881 4466 2009 4520 quae
2120 4454 2180 4508 in
2212 4458 2402 4509 castro
2423 4452 2704 4508 Cervariae
2735 4451 3038 4508 ecclesiam
3070 4449 3266 4507 Sancti
3300 4450 3555 4521 Mart.
3584 4449 3774 4522 capel-

360 4537 720 4603 Fenicularis
759 4541 997 4609 dicitur,
1052 4536 1502 4596 Valeranicense
1557 4536 2005 4605 monasterium,
2041 4545 2086 4624 ί)
2116 4543 2232 4598 lam
2265 4542 2462 4598 Sancti
2494 4539 2946 4608 Nicolai,cellam
2964 4538 3160 4596 Sancti
3186 4539 3334 4595 Petri
3357 4555 3493 4594 cum
3525 4537 3771 4595 ecclesia

360 4633 569 4692 'cellam
598 4632 660 4690 S.
702 4630 895 4689 Mariis
927 4630 997 4686 de
1053 4625 1391 4684 Ravenaria.
1448 4625 1634 4695 Super
1663 4623 1754 4680 his
1812 4625 2004 4682 tribus
2043 4623 2072 4624 ί
2115 4632 2290 4687 castri
2323 4630 2395 4686 de
2451 4630 2644 4685 Monte
2697 4626 2924 4694 Palatii,
2974 4627 3182 4683 cellam
3230 4628 3426 4684 Sancti
3481 4626 3767 4694 Quintini,

358 4723 516 4798 quod
543 4719 810 4779 Ecclesia
859 4717 1175 4790 Burgensis
1205 4731 1309 4807 seu
1353 4713 1633 4768 Aucensis
1679 4715 2002 4785 proprietas

353 4817 532 4880 esset,
553 4808 1034 4882 ‘archiepiscopus
1061 4805 1186 4879 ipse
1216 4801 1526 4868 concessit,
1559 4806 1614 4856 et
1661 4801 1999 4873 episcopum

350 4903 410 4959 in
430 4905 631 4959 nostra
645 4893 1284 4975 prasentia'revestivit.
1311 4891 1535 4963 Rogatu
1560 4894 1754 4944 tamen
1778 4896 1994 4961 nostro,

348 4990 746 5047 consentiente
777 4987 1069 5059 episcopo,
1101 4979 1543 5039 Valeranicense
1576 4982 1994 5036 monasterium

347 5093 534 5152 usque
571 5079 641 5135 ad
676 5088 862 5133 annos
891 5078 1010 5131 tres
1043 5071 1230 5127 eidem
1284 5065 1732 5138 metropolitano
1783 5067 1994 5124 habere

343 5165 744 5239 permisimus.
782 5162 989 5222 Villam
1044 5175 1177 5216 vero
1229 5152 1650 5219 Fenicularem,
1681 5159 1738 5209 et
1786 5155 1991 5212 cellam

343 5255 402 5310 S.
431 5242 632 5309 Mariae
658 5253 729 5308 de
755 5248 1082 5309 'Ravenaria
1114 5244 1318 5304 tandiu
1348 5244 1828 5322 teneat,quandiu
1853 5244 1994 5302 Oxo-

341 5357 606 5398 mensem
638 5341 696 5396 in
730 5357 904 5396 manu
940 5355 1049 5394 sua
1065 5332 1384 5393 Eccl’esiam
1416 5329 1806 5398 retinuerit,in
1820 5335 1990 5405 cujus

340 5428 617 5504 parochia
632 5421 832 5484 eadem
856 5427 982 5484 loca
1000 5427 1110 5484 sita
1146 5419 1411 5487 eunt,sed
1441 5419 1690 5473 Aucensi
1722 5420 1986 5478 Ecclesia:

338 5519 398 5574 in
448 5517 861 5591 proprietatem
894 5515 1196 5588 przeceptis
1227 5509 1526 5568 attributa.
1557 5509 1721 5573 Quod
1754 5509 1803 5565 si
1833 5511 1985 5568 Oxo-

341 5605 529 5665 men’si
556 5603 826 5664 Ecclesia?
859 5602 1173 5660 cardin'alis
1203 5599 1375 5657 fuerit
1402 5595 1712 5670 episcopus
1746 5599 1984 5656 restitu-

2114 4717 2536 4775 monasterium
2567 4717 2794 4772 Sancta:
2825 4714 3016 4771 Maria:
3048 4717 3205 4787 quod
3227 4715 3446 4772 dicitur
3462 4714 3763 4782 Gualterii,

2111 4807 2308 4863 Sancti
2337 4807 2583 4861 Andreas
2614 4804 2766 4860 inter
2815 4802 3125 4872 Pontonos,
3183 4805 3407 4860 Sanctae
3464 4803 3660 4861 Maria:
3683 4804 3763 4860 de

2108 4894 2423 4964 Panizaris,
2456 4894 2680 4948 Sanctae
2711 4891 2904 4947 Mariae
2936 4892 3008 4948 de
3038 4892 3234 4949 Monte
3290 4893 3544 4960 Serrato,
3573 4891 3760 4949 eccle-

2107 4984 2254 5039 siam
2288 4982 2484 5038 Sancti
2509 4979 2787 5051 Stephani
2817 4980 2887 5034 de
2919 4981 3340 5049 Grannolariis,
3375 4976 3573 5038 Sancti
3616 4981 3756 5038 ‘Ste-

2105 5073 2283 5146 phani
2315 5073 2386 5125 de
2419 5070 2564 5141 Ripa
2593 5085 2730 5124 cum
2776 5067 2986 5126 alodiis
3044 5071 3316 5127 Bernardi
3373 5069 3752 5137 vicecomitis,

2103 5179 2231 5234 qua:
2272 5159 2533 5216 cccnublo
2565 5155 2890 5230 delegavit;
2925 5158 3164 5215 mercati
3194 5176 3326 5216 vero
3385 5159 3540 5232 quod
3577 5173 3754 5231 penes

2101 5252 2256 5307 idem
2289 5245 2710 5303 monasterium
2740 5245 2866 5301 ﬁeri
2895 5247 3604 5317 consuevit,telcneum‘et
3630 5262 3756 5302 om-

2101 5355 2234 5394 nem
2257 5335 2556 5409 justitiam
2583 5333 2689 5389 tibi
2719 5333 2956 5407 tuisque
2978 5335 3753 5393 successoribusconﬁrma-

2100 5445 2254 5494 mus,
2286 5429 2547 5481 castrum
2588 5439 2822 5495 quoque
2881 5424 3122 5482 Menslei
3174 5443 3309 5482 cum
3366 5424 3636 5482 terminis
3694 5428 3751 5480 et

2096 5510 2464 5589 pertinentiis
2495 5511 2638 5580 suis,
2673 5517 2931 5568 castrum
2959 5515 3030 5570 de
3049 5515 3231 5570 Torsa
3251 5532 3386 5571 cum
3408 5513 3668 5570 ecclesiis
3690 5517 3749 5569 et

2097 5601 2566 5670 dominicaturis,
2598 5604 2653 5656 et
2685 5601 2954 5673 portibus
2987 5603 3187 5670 maris,
3221 5602 3656 5676 pictationibus,
3691 5606 3748 5658 et
