4004 6162
461 366 589 436 ne

1775 366 1846 433 Β.
1887 368 2186 436 suam
2221 367 2284 435 il
2319 369 2578 467 eam.

3752 370 3881 440 18.

461 504 794 581 regularem
827 505 1004 566 vitam
1035 505 1331 582 professis,
1353 508 1410 562 et
1437 521 1639 562 eorum
1669 503 2108 564 successoribus
2135 506 2192 576 Α
2221 506 3880 584 utnullaeisergapraapositumsuuminobedientimcausa

463 597 528 654 in
561 599 763 656 eadem
796 597 1076 672 religione
1105 597 1345 653 victuris
1397 596 1457 652 in
1489 600 1850 669 perpetuam.

538 689 704 745 Sicut
731 689 950 760 injusta
975 687 1350 759 poscentibus
1397 684 1596 741 nullus
1647 691 1735 741 est
1763 685 2112 742 tribuendus

459 777 812 842 'eﬁ'ectus,ita
835 776 1097 848 legitima
1117 774 1578 831 desiderantium
1603 792 1718 830 non
1732 781 1821 831 est
1840 775 2110 830 differen-

459 863 1029 939 dap‘etitioﬂuerela
1060 863 1606 935 siquidemillaquae
1625 863 1776 918 inter
1796 879 1898 918 vos
1923 867 1980 918 et
1998 863 2110 918 fra-

456 958 610 1011 trem
629 959 904 1009 nostrum
946 953 1234 1019 Isarnum,
1269 952 1625 1007 Tolosa-num
1655 952 2016 1024 episcopum,
2037 953 2111 1008 de

453 1043 822 1099 oblationum
855 1041 1056 1097 altaris
1087 1045 1142 1096 et
1169 1039 1425 1096 ecclesiae
1450 1045 1613 1112 parte
1643 1045 1852 1112 quarta
1873 1039 2110 1112 prolixis

453 1131 827 1203 temporibus
853 1130 1138 1202 agebatur
1169 1145 1270 1201 per
1295 1117 1710 1200 omnipotentis
1741 1129 1837 1184 Dei
1861 1129 2109 1202 gratiam

451 1220 845 1295 praesentibus
876 1218 1047 1274 nobis
1077 1219 1189 1285 (17)
1220 1218 1542 1290 synodique
1589 1222 1680 1274 est
1720 1218 1944 1289 judicio
1987 1236 2110 1291 per-

451 1313 705 1365 tractata
733 1311 789 1363 et
817 1306 1211 1379 legitimorum
1260 1307 1500 1361 testium
1550 1306 1650 1378 qui
1699 1307 2008 1362 audierant
2055 1312 2112 1363 et

454 1399 724 1454 viderant
745 1396 1134 1468 jurejurando
1167 1395 1334 1450 ﬁnita
1353 1395 1665 1450 est.Patuit
1685 1394 1839 1450 enim
1870 1395 2108 1452 clericos

448 1486 776 1560 quondam,
810 1485 908 1557 qui
942 1484 1094 1556 apud
1131 1483 1280 1538 beati
1313 1483 1612 1538 Saturnini
1637 1483 1942 1539 ecclesiam
1974 1489 2108 1540 ante

453 1573 646 1632 vestra
657 1580 921 1646 tempore
933 1573 1077 1628 citra
1088 1572 1427 1627 canonicam
1441 1571 1813 1644 disciplinam
1825 1572 2108 1642 vixerant,

2219 601 2277 653 et
2305 599 2591 670 superbia:
2623 599 3005 672 relinquatur.
3039 602 3213 658 Porro
3255 601 3670 675 przsposituraa,
3699 602 3875 659 deoa-

2222 687 2350 755 niae,
2384 688 3056 762 sacristiaa,capitiscolas,
3072 695 3135 748 et
3157 696 3360 747 cetera
3379 691 3641 747 ecclesiis
3668 696 3874 748 vestras

2215 777 2375 832 bona
2405 778 2604 834 omnia
2631 779 2794 835 vobis
2824 780 3148 852 vestrisque
3175 774 3623 837 'uccessoribus
3658 781 3874 837 confir-

2220 867 2998 924 mamus.Archidiaconatus
3027 870 3203 925 etiam
3227 869 3568 943 dignitatem
3589 874 3652 926 et
3669 885 3875 926 cmme-

2216 953 2454 1022 terium,
2499 955 2650 1011 sicut
2697 955 2757 1012 in
2807 957 3061 1029 episcopi
3111 963 3167 1014 et
3209 958 3626 1014 canonicorum
3669 958 3873 1014 Sancti

2215 1042 2495 1115 Stephani
2529 1043 2916 1118 chirographo
2947 1045 3294 1102 continetur.
3321 1045 3607 1103 Candelas
3635 1063 3873 1120 quoque

2216 1147 2434 1198 cereas,
2467 1149 2614 1204 quas
2661 1133 2819 1189 ﬁlius
2866 1139 3065 1190 noster
3113 1135 3500 1203 Raimundus,
3548 1135 3872 1192 Tolosanus

2213 1236 2434 1287 comes,
2459 1221 2524 1275 in
2553 1221 2807 1277 ecclesiae
2845 1223 3212 1279 dedicatione
3263 1223 3432 1279 nobis
3476 1225 3870 1298 praesentibus

2211 1308 2527 1374 abdicavit,
2560 1327 2632 1365 ne
2661 1310 2797 1382 quis
2827 1310 3075 1368 ulterius
3104 1311 3332 1385 exigere
3353 1309 3576 1369 audeat
3625 1313 3868 1369 interdi-

2206 1397 2819 1454 »cimus.Prohibemus
2849 1399 3022 1455 etiam
3057 1417 3129 1456 ne
3159 1401 3293 1472 quis
3319 1399 3581 1472 ejusdem
3612 1401 3868 1458 ecclesia

2207 1485 2538 1542 claustrum
2585 1487 2867 1544 violenter
2915 1489 3163 1555 insilire,
3193 1494 3295 1546 aut
3333 1490 3485 1545 infra
3509 1490 3570 1547 id
3598 1491 3868 1563 rapinam

2211 1581 2319 1630 aut
2361 1576 2636 1647 injuriam
2699 1579 2908 1633 audeat
2965 1578 3357 1650 irrogare.vAd
3417 1578 3538 1634 haec
3593 1579 3870 1636 ecclesias

445 1661 1143 1720 eblationumaltarisseu
1161 1661 1416 1716 ecclesiae
1438 1664 1493 1716 et
1515 1664 1852 1733 quartamet
1873 1665 2108 1719 caeteras
2207 1663 2373 1720 'Beati
2417 1665 2568 1721 Petri
2620 1666 2690 1722 de
2743 1665 2983 1723 Valeriis
3037 1671 3092 1723 et
3150 1669 3220 1722 de
3277 1671 3584 1736 Artaxena,
3631 1668 3868 1725 abbatis

447 1751 1023 1826 portionesintegras
1042 1749 1491 1816 tenuissegouod
1511 1749 1935 1806 videlicettunc
1959 1756 2104 1807 tem-
2215 1769 2448 1826 quoque
2502 1755 2693 1810 Sancti
2750 1755 2921 1826 Aviti,
2995 1755 3193 1811 Sancti
3244 1755 3548 1828 Cypriani,
3621 1756 3867 1814 ecclesia

446 1841 616 1942 poris
644 1840 949 1943 i’t-a'actum
999 1839 1199 1943 etiam.
1227 1843 1359 1943 apte
1388 1839 1649 1943 [testium
1703 1839 2103 1943 probationem
2125 1875 2182 1943 Ἦ
2214 1842 2411 1943 Sancti
2446 1844 2690 1943 Pctri‘de
2713 1831 2979 1943 Slan‘iacp
3011 1848 3067 1943 et
3097 1845 3166 1943 de
3197 1845 3544 1943 Miscarano,
3573 1845 3863 1943 quidquid

442 1930 702 2003 ipsemet
728 1928 1036 2000 episcopus
1067 1927 1671 1992 fatebatur.Quoniam
1704 1932 1835 1984 ante
1865 1929 2099 1985 Petrum
2135 1927 2181 1943 υ
2206 1936 2492 2004 praeterea
2519 1933 2721 1988 eadem
2752 1931 2995 1988 ecclesia
3013 1933 3177 2005 juste
3206 1933 3688 2005 possidet'sive'in
3711 1935 3864 1990 futu-

446 2016 1532 2092 1Rogeri,'l‘olosanumepiscopum,qui
1559 2017 2101 2074 oblationesomnes
2205 2037 2339 2075 rum
2391 2021 2551 2091 juste
2608 2025 2785 2094 atque
2839 2022 3117 2078 canonice
3145 2023 3366 2095 poterit
3396 2023 3661 2096 adipisci,
3689 2024 3864 2079 vobis

443 2124 629 2164 causa
658 2105 1009 2162 aedificanda
1055 2121 1216 2160 novae
1249 2105 1500 2161 basilicae
1531 2105 1827 2177 recollegit
1873 2107 1932 2162 in
1974 2108 2099 2164 suis
2204 2107 2531 2181 vestrisque
2551 2111 2992 2167 successoribus
3013 2110 3359 2184 regulariter
3377 2110 3702 2168 viventibus
3722 2127 3862 2167 con-

442 2196 724 2252 domi'bus
779 2195 1035 2250 viventes
1113 2193 1310 2249 clerici
1366 2193 1546 2249 libere
1586 2195 1741 2250 Beati
1797 2195 2098 2252 Saturnini
2207 2197 3024 2272 ﬁrmamus.Siquisigiturin
3049 2201 3370 2256 crastinum
3389 2199 3868 2273 archiepiscopus

441 2284 840 2341 oblationibus
873 2284 1237 2339 fruebantur.
1268 2283 1540 2356 Iniquum
1573 2285 1768 2357 itaque
1785 2286 1974 2342 visum
2011 2293 2100 2343 est
2207 2291 2310 2340 aut
2339 2286 2994 2360 episcopus,imperator
3023 2293 3126 2344 aut
3155 2289 3553 2361 rex,princeps
3591 2290 3695 2344 aut
3721 2289 3862 2358 dux,

441 2378 512 2430 ut
541 2374 698 2446 quod
721 2373 1102 2429 saecularibus
1117 2373 1345 2430 clericis
1363 2374 1682 2431 anteriores
1704 2374 1959 2448 episcopi
1975 2393 2100 2449 per—
2205 2390 2423 2440 comes,
2455 2375 3008 2448 vicecomes,judex,
3033 2381 3136 2432 aut
3162 2376 3558 2434 ecclesiastica
3588 2377 3870 2449 qualibet

437 2462 729 2519 miserant
753 2461 919 2518 vobis
938 2463 1065 2534 jam
1097 2478 1199 2533 per
1224 2462 1324 2517 Dei
1355 2463 1605 2535 gratiam
1629 2466 2018 2521 communiter
2038 2470 2096 2522 et

441 2549 553 2609 sub
584 2550 834 2624 regulari
865 2549 1178 2623 disciplina
1210 2550 1536 2607 viventibus
1571 2553 1916 2609 auferretur.
1934 2554 2096 2610 Unde

436 2640 804 2705 etiam-idem
835 2641 1013 2696 frater
1062 2644 1260 2697 noster
1309 2640 1548 2697 Isarnus
1594 2640 1654 2697 in
1704 2643 1997 2715 prmpositi
2039 2647 2097 2698 et

444 2730 833 2802 quorumdam
851 2730 922 2785 de
933 2729 1122 2785 vestro
1137 2729 1375 2802 collegio
1388 2734 1655 2803 quartam
1680 2735 1904 2803 partem
1929 2731 2092 2788 illam

441 2835 620 2892 quam
650 2819 884 2874 tenebat
912 2817 970 2873 in
1004 2823 1318 2890 conspectu
1367 2824 1570 2875 nostro
1599 2824 1659 2875 et
1698 2820 1942 2875 fratrum
1993 2822 2091 2894 qui

438 2908 748 2964 nobiscum
779 2907 1024 2964 aderant
1048 2907 1522 2980 refutavit,atque
1555 2913 1620 2964 ut
1650 2909 1708 2964 id
1754 2913 1952 2965 nostro
1984 2909 2096 2982 pri-

2203 2463 2577 2520 saecularisve
2609 2482 2859 2536 persona
2891 2466 3068 2539 hujus
3099 2466 3314 2523 decreti
3344 2466 3621 2539 paginam
3637 2467 3859 2536 sciens,

2207 2552 2353 2608 citra
2383 2569 2512 2608 eam
2545 2557 2763 2610 temere
2789 2555 2986 2611 venire
3005 2554 3598 2622 tentaverit,secundo
3620 2556 3863 2612 tertiove

2202 2639 2620 2711 Commonitus,
2647 2643 2696 2698 si
2725 2661 2840 2700 non
2873 2644 3276 2701 satistactione
3304 2659 3563 2718 congrua
3586 2643 3868 2701 emenda-

2203 2731 2369 2798 verit,
2405 2731 2710 2805 potestatis
2764 2733 3121 2805 honorisque
3168 2734 3261 2788 sui
3311 2733 3598 2806 dignitate
3631 2737 3865 2802 careat,

2199 2837 2486 2892 roumque
2517 2837 2581 2876 se
2609 2821 2806 2876 divino
2852 2821 3073 2893 judicio
3117 2822 3362 2877 existere
3409 2822 3483 2878 de
3521 2825 3867 2893 perpetrata

2202 2908 2511 2981 iniquitate
2541 2913 2873 2997 ci'oscat,
2906 2914 2965 2965 et
3012 2927 3046 2964 θ,
3089 2908 3490 2966 sacratissimo
3518 2926 3760 2982 corpore
3789 2919 3864 2967 ac

435 2995 648 3069 vilegio
680 2997 1015 3052 firmaretur
1045 2995 1389 3069 suppliciter
1435 2997 1707 3053 exoravit.
1755 2999 2090 3054 Secundum
2199 2998 2486 3070 sanguine
2527 2995 2743 3052 Dei'ac
2797 2997 3026 3053 Domini
3059 2998 3466 3070 Redemptoris
3497 2998 3679 3053 nostri
3703 2998 3862 3054 'Jeeu

435 3084 626 3157 ipsius
653 3101 790 3156 ergo
821 3087 878 3140 et
904 3089 1158 3140 vestram
1192 3084 1617 3156 petitionem,et
1639 3091 1909 3158 quartam
1929 3086 2088 3143 illam
2197 3085 2414 3142 Christi
2445 3085 2673 3142 alienus
2706 3083 2826 3152 fiat,
2860 3091 3036 3158 atque
3065 3086 3126 3142 in
3159 3092 3414 3143 extremo
3460 3085 3725 3142 examine
3767 3087 3860 3142 di-

435 3178 494 3231 et
525 3178 760 3230 caeteras
789 3173 1153 3229 oblationum
1186 3173 1387 3230 altaris
1406 3175 1496 3230 vel
1515 3175 1769 3231 ecclesiae
1796 3176 2091 3248 portiones
2140 3247 2150 3248 ί
2196 3174 2412 3231 strictae
2443 3174 2647 3230 ultioni
2675 3175 2998 3246 subjaceat.
3019 3174 3257 3231 Cunctis
3277 3171 3694 3229 autem-eidem
3725 3172 3860 3231 loco

437 3263 497 3318 in
529 3261 822 3335 integrum
843 3268 1032 3319 vestro
1053 3267 1501 3336 vestrorumque
1523 3247 1931 3321 successorum
1956 3265 2088 3322 usui
2120 3247 2165 3312 (ἶ
2194 3265 2358 3335 juste
2389 3263 2754 3320 servantibus
2786 3263 2862 3319 sit
2882 3281 2993 3336 pax
3009 3263 3240 3320 Domini
3259 3263 3594 3319 nostriJesu
3612 3261 3859 3331 Christi,

429 3368 541 3424 per
569 3351 1097 3424 praesentisdecroti
1120 3353 1393 3425 paginam
1408 3352 1726 3425 apostolica
1746 3355 2091 3411 auctoritate
2199 3357 2493 3425 quatenus
2517 3356 2576 3408 et
2602 3352 2697 3408 hic
2730 3352 2982 3408 fructum
3017 3353 3181 3409 bonae
3213 3352 3462 3408 actionis
3503 3350 3861 3424 percipiant,

428 3445 716 3514 'perpetuo
748 3441 1189 3509 confirmamus,
1231 3446 1290 3497 et
1336 3458 1408 3497 ne
1454 3442 1587 3514 quis
1635 3444 1946 3516 episcopus
1993 3460 2093 3501 eas

433 3527 712 3600 deinceps
771 3529 997 3600 exigere
1063 3528 1270 3585 debeat
1326 3531 1751 3587 interdicimus.
1813 3533 2094 3589 Praeterea

433 3613 718 3686 quoniam
731 3613 1014 3686 largiente
1033 3616 1279 3672 Domino
1295 3618 1448 3673 Beati
1467 3617 1771 3675 Saturnini
1786 3618 2091 3676 ecclesiam

431 3702 658 3759 nostris
689 3703 962 3759 manibus
994 3705 1548 3772 consecravimus,et
1567 3707 2092 3764 sanximusetsan-

433 3789 629 3846 cimus
661 3806 734 3846 ne
763 3790 897 3862 quis
936 3791 1246 3864 episcOpus
1294 3797 1397 3848 aut
1444 3794 1918 3867 archiepiscopus
1967 3797 2092 3853 sine

439 3884 641 3936 nostra
667 3879 755 3935 vel
781 3878 957 3951 legati
988 3881 1172 3936 nostri
1196 3881 1496 3938 audientis
1535 3881 1959 3941 interdictionis
2007 3885 2093 3942 vel

437 3968 1057 4025 excommunicationis
1090 3969 1147 4023 in
1178 3968 1372 4026 locum
1406 3972 1622 4027 audeat
1651 3974 1905 4045 proferre
1953 3991 2089 4031 sen-

427 4057 814 4122 'tentiam,nec
842 4057 1016 4112 alicui
1048 4056 1222 4114 liceat
1249 4075 1382 4114 eum
1402 4059 1633 4131 quiillic
1655 4061 1826 4118 hodie
1846 4060 2094 4119 habetur

439 4147 671 4202 statum
690 4146 913 4201 ordinis
943 4151 1339 4216 commutare;
1371 4165 1478 4205 nec
1499 4155 1632 4222 post
1660 4152 2090 4223 possessionem

435 4235 852 4291 canonicorum
910 4235 1184 4307 cuiquam
1242 4237 1489 4294 facultas
1547 4238 1626 4295 sit
1657 4243 1759 4295 aut
1788 4241 2091 4312 prOprium

426 4322 654 4379 habere
685 4328 784 4378 aut
807 4324 934 4379 sine
964 4324 1254 4396 praepositi
1270 4325 1356 4382 vel
1372 4328 1838 4399 congregationis
1858 4328 2094 4384 licentia

439 4410 794 4466 de-claustro
825 4411 1144 4468 discedere.
1177 4413 1337 4478 Quod
1371 4414 1418 4469 si
1449 4415 1805 4482 discesserit,
1841 4421 1899 4471 et
1928 4433 2093 4472 com-

441 4499 701 4555 monitus
731 4499 918 4556 redire
950 4503 1410 4575 comtempserit,
1441 4497 1735 4576 prmpositi
1759 4503 2007 4572 intersit,
2041 4507 2090 4562 si

439 4588 2091 4703 3R9?§§‘f?ﬁ"l..llf?fif-919955755393????“
2115 4613 2167 4678 Ι)
2197 4631 2437 4703 Ερίειοια
2472 4632 2677 4703 Urbani
2701 4646 2771 4703 pa

438 4677 1193 4736 interdicere.lnterdictum
1224 4697 1356 4736 vero
1378 4681 1786 4754 episcoporum
1810 4682 1896 4739 vel
1918 4683 2093 4739 abba—

428 4765 706 4822 tums’ine
723 4766 910 4838 ipsius
929 4768 1313 4838 permissione
1328 4768 1525 4826 nullus
1545 4769 2093 4828 absolvatﬂbeunte

439 4857 704 4928 ejusdem
736 4854 844 4912 loci
880 4858 1210 4929 praeposito,
1243 4858 1441 4915 nullus
1474 4859 1553 4914 ibi
1576 4860 1835 4932 qualibet
1855 4861 2092 4932 subrep-

437 4944 616 5001 tionis
648 4945 865 5001 astutia
893 4945 978 5002 vel
1027 4944 1302 5002 violentia
1348 4953 1738 5020 praeponatur,
1772 4948 1883 5004 nisi
1915 4965 2091 5020 quem

439 5033 650 5090 fratres
699 5033 996 5107 regulares
1044 5034 1341 5090 cemmuni
1378 5051 1676 5091 consensu
1725 5036 1814 5092 vel
1845 5037 2091 5093 fratrum

440 5138 575 5194 pars
605 5122 834 5179 consilii
865 5123 1116 5178 sanioris
1145 5125 1470 5178 secundum
1495 5124 1592 5178 Dei
1615 5125 1884 5181 timorem
1913 5125 2095 5196 provi-

441 5209 635 5265 derint
651 5211 994 5285 regulariter
1006 5211 1428 5282 eligendum.Si
1447 5213 1546 5284 qui
1579 5230 1719 5268 sane
1741 5213 1933 5270 clerici
1958 5231 2091 5269 cum

439 5295 849 5369 episcoporum
897 5317 1141 5356 suorum
1176 5299 1428 5356 licentia
1473 5301 1866 5358 conversionis
1905 5302 2097 5375 gratia

439 5381 634 5440 locum
667 5385 860 5457 ipsum
893 5387 1474 5461 adierint,przepo$ito
1499 5388 1756 5445 liberum
1779 5389 1857 5445 sit
1888 5399 2095 5463 praeter

441 5489 676 5529 omnem
689 5476 1222 5549 episcopiTolosani
1241 5477 1757 5533 contradictionem
1772 5479 2092 5552 suscipere,

516 5652 628 5724 (47)
660 5651 948 5711 Nimirum
973 5654 1033 5712 in
1066 5655 1311 5714 concilio
1341 5656 1748 5715 Nemausensi.

2191 3445 2257 3498 ret
2285 3443 2442 3513 apud
2471 3441 2804 3497 districtum
2827 3441 3092 3513 judicem
3137 3441 3378 3513 praemia
3417 3445 3642 3496 aeternas
3689 3440 3864 3512 pacis

2199 3530 2520 3586 inveniant.
2543 3533 2747 3586 Amen.
3267 3530 3269 3532 ’

2273 3620 2487 3675 Datum
2548 3620 2698 3692 apud
2749 3621 3002 3675 Montem
3046 3618 3346 3674 Andaonis
3398 3619 3457 3673 in
3491 3619 3865 3674 'monasmrio

2202 3709 2398 3764 Sancti
2428 3709 2667 3764 Andreae
2701 3724 2802 3779 per
2827 3723 3067 3762 manum
3097 3706 3366 3770 Joannis,
3386 3709 3444 3760 Β.
3462 3705 3529 3760 Η.
3551 3704 3864 3763 E.diaeoni

2193 3796 2536 3861 eardinalis,
2566 3814 2626 3851 χι
2659 3795 2786 3851 Kal.
2818 3795 3088 3868 Augusti,
3119 3793 3437 3850 indictione
3465 3811 3546 3856 Iv,
3570 3794 3864 3851 "lucerna-

2190 3885 2377 3942 tionis
2422 3884 2733 3940 Dominicis
2796 3901 2949 3940 anno
3013 3885 3174 3951 1097,
3233 3881 3607 3953 pontiﬁcatus
3649 3887 3868 3941 autem

2193 3973 2402 4030 'domni
2434 3973 2648 4030 Urbani
2687 3973 2731 4028 ll
2762 3989 2922 4045 papae
2953 3990 3031 4028 IX.

2929 4095 3120 4152 CCVI.

2200 4189 2223 4213 *
2259 4188 2506 4245 Urbanus
2536 4187 2857 4242 monasterii
2879 4187 2938 4241 ’S.
2971 4185 3204 4241 Andreae
3223 4184 3610 4242 Avenionensis
3625 4181 3865 4256 privile-

2572 4260 2670 4328 gia
2699 4263 2749 4313 et
2772 4259 3134 4330 possessiones
3163 4256 3471 4325 conﬁrmat.

2828 4348 3015 4418 (Anno
3047 4344 3234 4415 1096.)

2535 4437 2841 4508 [Rursum
2877 4437 2993 4491 Vita
3029 4435 3253 4500 Urbani,
3290 4449 3342 4505 p.
3374 4431 3528 4502 270.]

2928 4541 3137 4598 CCVII.

2811 4632 2944 4712 αξη
2963 4630 3038 4712 ad
3070 4630 3424 4712 Catonianum
3446 4616 3744 4712 Han-gaias
3775 4642 3862 4683 re-

2269 4697 2714 4829 ﬁgemypldversm‘
2749 4697 3068 4756 Guibcrtum
3115 4703 3456 4773 antipapam,
3485 4699 3572 4756 vel
3611 4697 3862 4753 Clemen-

2321 4791 2377 4827 m
2490 4816 2501 4827 .
3272 4791 3274 4794 ν

2829 4862 3015 4928 (Anno
3046 4860 3230 4932 1096.)
3776 4884 3778 4887 ·

2200 4950 2496 5022 [ΜεωΑΒω
2557 4949 2792 5004 Histoire
2828 4948 2921 5022 fdo
2948 4951 3152 5015 Nimes,
3213 4948 3410 5022 Paris,
3453 4947 3624 5016 1150,
3664 4945 3859 5014 inut“,

2749 5024 2790 5074 t.
2823 5021 2864 5086 Ι,
2897 5020 3166 5087 Preuves,
3200 5020 3314 5091 45.]

2271 5127 2547 5183 Unsmus
2579 5126 3117 5198 episcopus,servus
3149 5139 3450 5182 servorum
3477 5124 3607 5194 'Dei,
3641 5121 3858 5179 dilecto

2202 5215 2259 5271 in
2293 5215 2519 5270 Christo
2551 5213 2670 5271 ﬁlio
2717 5215 3088 5285 Commune,
3123 5215 3436 5288 magnifico
3488 5214 3861 5286 Ungarorum

2205 5304 2347 5376 regi,
2382 5302 2636 5360 salutem
2669 5307 2726 5360 et
2751 5302 3131 5376 apostolicam
3163 5301 3650 5361 benedictionem.

2273 5392 2592 5449 Audientes
2612 5392 3108 5466 magniﬁcentiam
3129 5396 3292 5450 tuam
3305 5388 3736 5464 omnipotentis
3749 5389 3865 5447 Dei

2205 5481 2591 5555 dispositione
2619 5481 2689 5537 ad
2725 5482 2997 5556 Ungarici
3046 5482 3208 5555 regni
3261 5481 3521 5554 regimen
3564 5495 3694 5537 esse
3725 5495 3868 5552 pro-
