4004 6162
153 273 274 334 481

1337 275 1743 342 EPISTULA:
1784 270 1885 338 ET
1926 271 2400 341 PRIVILEGIA.

3445 282 3578 346 481

155 413 410 477 vectam,
437 408 652 481 gaudio
706 426 820 466 non
875 411 1102 468 modico
1159 411 1542 469 exsultamus.
1583 409 1809 466 'lletulit
1841 416 1884 478 Α
1926 426 2055 464 nam
2091 415 2248 466 tuam
2281 412 2497 482 divina,
2533 420 2593 469 ut
2619 416 2932 487 credimus,
2965 418 3151 489 gratia
3199 416 3559 474 sublimavit.

155 497 320 554 enim
341 497 510 555 nobis
523 499 872 557 venerabilis
901 501 1058 558 filius
1107 505 1306 558 noster
1337 502 1522 568 Odilo,
1553 501 1617 555 S.
1657 498 1810 571 {Egi-

155 586 235 647 dii
267 587 474 655 abbas,
509 588 919 646 strenuitatem
977 596 1164 655 tuam,
1223 596 1436 662 praeter
1475 589 1814 645 saecularem

154 691 274 748 qua
303 673 582 747 praecellis
614 676 993 748 industriam,
1027 679 1345 750 Scripturis
1405 679 1581 734 etiam
1631 675 1812 732 eccle-

155 763 416 820 siasticis
439 763 754 830 eruditam,
777 770 835 822 et
863 767 1017 838 quod
1045 765 1812 840 potissimumjudiciariam

155 853 440 912 condecet
467 857 840 924 potestatem,
890 863 1232 912 sanctorum
1276 872 1566 911 canonum
1599 852 1814 926 pollere

155 942 424 1003 scientia.
467 944 630 1001 Unde
651 947 875 1015 oportet
899 950 975 1009 te,
1009 944 1088 999 tili
1111 945 1168 1000 in
1193 944 1425 1000 Christo
1445 941 1810 1022 charissime,

155 1051 340 1106 supra
367 1038 606 1091 caeteros
634 1031 735 1104 qui
791 1037 846 1088 te
877 1033 935 1087 in
987 1033 1253 1104 ejusdem
1316 1031 1477 1104 regni
1528 1031 1814 1104 regimine

155 1125 600 1194 praacesserunt,
663 1126 782 1177 tam
850 1138 954 1193 pro
985 1127 1086 1177 tua
1119 1138 1298 1194 quam
1339 1138 1443 1193 pro
1474 1120 1814 1176 commisso-

157 1229 289 1268 rum
313 1211 419 1268 tibi
438 1209 788 1285 populorum
811 1209 1000 1266 salute
1021 1227 1221 1266 curam
1237 1210 1531 1283 gerere.Et
1550 1213 1815 1282 potentes

155 1300 340 1367 enim,
399 1304 466 1357 ut
514 1299 718 1357 divina
771 1299 1076 1372 Scriptura
1131 1299 1492 1372 pronuntiat,
1553 1302 1816 1370 potenter

155 1393 453 1448 tormenta
473 1388 772 1462 patientur
791 1413 806 1454 ;
824 1387 993 1444 et‘cui
1021 1387 1152 1460 plus
1173 1387 1368 1454 datur,
1404 1385 1536 1460 plus
1559 1388 1816 1459 profecto

155 1477 430 1552 exigitur.
463 1477 632 1549 Erige
685 1476 885 1549 igitur,
919 1493 952 1530 ο
1022 1493 1145 1542 rex,
1203 1475 1478 1531 vexillum
1519 1474 1818 1531 catholicae

159 1567 291 1624 ﬁdei
321 1566 669 1639 gloriosum,
695 1565 849 1636 quod
873 1564 1254 1621 szecularibus
1285 1565 1445 1637 regni
1481 1564 1562 1619 tui
1593 1563 1818 1620 vexillis

157 1656 463 1712 victoriam
493 1655 702 1711 debeat
756 1659 813 1709 et
842 1653 1089 1726 gloriam
1121 1670 1483 1726 comparare.
1529 1653 1660 1708 Jam
1715 1653 1814 1708 diu

1927 497 2088 554 Unde
2135 517 2241 555 nos
2295 501 2534 572 quibus,
2575 502 2711 559 licet
2751 503 3033 579 indignis,
3086 523 3188 579 pro
3235 507 3574 580 apostolicis

1922 587 2078 644 sedis
2109 589 2436 645 ministerio
2479 591 2866 648 Ecclesiarum
2917 597 3184 650 omnium
3231 596 3564 652 sollicitudo

1921 674 2214 747 imminet,
2245 679 2384 749 quia
2410 679 2623 736 Griecis
2653 687 2711 737 et
2756 683 3043 750 barbaris,
3113 685 3478 757 sapientibus
3509 690 3568 741 et

1920 763 2641 836 insipientibusdebitores
2673 779 3067 838 sumus,tuam
3100 789 3276 844 super
3305 773 3397 829 his
3427 791 3564 846 pru-

1923 851 2182 908 dentiam
2207 855 2483 912 duximus
2501 859 2928 914 admonendam
2957 879 2970 915 :
3004 861 3086 916 tui
3111 864 3364 932 profecto
3383 864 3566 919 animi

1922 941 2278 998 voluntatem
2311 961 2626 1015 agnoscere
2670 953 2870 1002 utrum
2903 949 2973 1004 ad
3004 950 3253 1006 salutem
3286 952 3448 1023 regni
3481 953 3568 1008 tui

1922 1034 1978 1085 et
1998 1030 2070 1085 ad
2116 1031 2316 1104 populi
2342 1033 2422 1087 tui
2446 1036 2838 1092 eruditionem
2858 1039 3190 1109 apestolicze
3216 1040 3394 1107 sedis,
3427 1059 3574 1113 apo-

1921 1118 2215 1176 crisiarios
2245 1121 2526 1178 destinari
2571 1127 2923 1182 consentias.
2974 1130 3056 1182 Ad
3089 1132 3258 1200 cujus
3301 1128 3570 1189 videlicet

1924 1207 2117 1278 operis
2140 1209 2532 1267 ministerium
2558 1215 2960 1284 supradictum
2984 1216 3137 1272 beati
3157 1217 3365 1290 zEgid-ii
3397 1219 3570 1274 abba-

1924 1298 2037 1350 tem
2063 1303 2492 1368 cooperatorem
2525 1302 3084 1372 pradestinavimus.
3101 1305 3287 1377 Super
3305 1306 3412 1362 hoc
3432 1323 3570 1380 ergo

1925 1385 2155 1457 negotio
2206 1392 2425 1442 certam
2481 1390 2568 1444 tui
2616 1391 2798 1446 animi
2846 1393 3200 1450 voluntatem
3249 1395 3418 1452 nobis
3469 1413 3572 1467 per

1925 1471 2171 1530 latorem
2203 1478 2580 1547 praesentium
2630 1482 2934 1552 rescriptis
2975 1482 3090 1536 tuis
3139 1483 3409 1540 intimare
3454 1503 3570 1541 non

1927 1561 2179 1618 dilferas.
2200 1568 2373 1620 Porro
2395 1566 2465 1621 de
2492 1567 2658 1622 nobis
2686 1568 2766 1622 ita
2782 1575 2939 1624 tuam
2968 1570 3368 1628 excellentiam
3392 1575 3569 1630 confi-

1927 1651 2061 1706 dere
2088 1652 2451 1721 volumus,ut
2480 1656 2766 1727 quidquid
2786 1657 3045 1724 honoris,
3071 1660 3355 1732 quidquid
3381 1663 3570 1734 digni-

158 1745 320 1848 enim
337 1744 700 1848 Uggarorum
729 1742 928 1848 pppuli
953 1759 1218 1848 errorum
1240 1743 1402 1848 devia
1439 1743 1624 1798 secuti
1652 1748 1808 1810 sunt,
1850 1783 1896 1848 Β
1929 1742 2064 1848 tatis
2124 1744 2514 1848 praedecessor
2571 1751 2729 1844 tuus.
2764 1748 3096 1818 Stephanus
3155 1749 3228 1804 ab
3257 1751 3577 1822 apostolica

158 1831 544 1897 etderel‘ictis
557 1849 676 1889 suae
700 1830 910 1889 salutis
931 1832 1287 1903 pastoribus,
1322 1830 1650 1888 alienorum
1695 1847 1818 1904 gre-

159 1939 300 1995 gum
322 1921 594 1993 vestigiis
610 1920 910 1977 adbiescru
922 1925 998 1975 nt.
1031 1921 1388 1976 Reminiscat
1405 1924 1542 1976 tunc
1564 1919 1817 1976 strenui—

161 2015 374 2068 tastua
391 2008 650 2082 religiosi
676 2008 958 2081 principis
1001 2007 1302 2080 Stephani,
1336 2006 1438 2078 qui
1471 2007 1700 2079 generis
1733 2007 1818 2060 tui

162 2100 394 2172 primus
415 2115 450 2153 a
480 2101 687 2154 macta
704 2099 968 2154 Romana
988 2101 1044 2152 et
1065 2095 1386 2168 apostolica
1407 2095 1664 2150 Ecclesia
1686 2095 1818 2149 fidei

163 2186 509 2260 religionem
531 2186 873 2258 suscepit,et
904 2184 1187 2257 regularis
1217 2184 1523 2256 dignitatis
1544 2185 1682 2255 jura
1697 2200 1822 2255 per-

1932 1834 2129 1884 nostra
2153 1831 2408 1887 Ecclesia
2438 1833 2832 1903 promeruisse
2862 1837 3252 1908 cognoscitur,
3287 1844 3456 1894 certa
3474 1841 3571 1895 de-

1928 1919 2153 1974 votione
2197 1921 2491 1992 exquiras,
2545 1924 2718 1993 plena
2783 1922 3150 1981 liberalitatis
3211 1927 3573 2000 benignitate

1929 2007 2236 2078 percipias,
2269 2008 2587 2064 dummodo
2618 2009 2674 2065 in
2711 2011 2932 2066 unitate
2961 2013 3224 2083 ejusdem
3243 2016 3574 2088 apostolica:

1931 2094 2194 2150 Ecclesiae
2228 2098 2396 2152 firma
2427 2098 2742 2154 stabilitate
2787 2117 3152 2170 permaneas,
3197 2109 3254 2159 et
3301 2104 3353 2161 ei
3404 2107 3573 2178 quid-

1928 2183 2068 2254 quid
2093 2183 2348 2251 honoris,
2374 2185 2660 2258 quidquid
2681 2189 3030 2257 reverentiae,
3057 2195 3431 2262 rexprefatus
3453 2195 3572 2250 ins-

164 2275 406 2332 meruit.
439 2275 667 2339 Quanto
689 2274 846 2330 enim
868 2273 1124 2346 amplius
1145 2277 1199 2328 te
1226 2272 1407 2328 divini
1433 2271 1824 2344 dispositione
1929 2271 2108 2340 tituit,
2144 2273 2300 2329 fideli
2329 2275 2690 2347 benignitate
2722 2277 2962 2333 devotus
2993 2279 3288 2337 exhibeas.

159 2364 379 2436 judicii
397 2365 458 2420 in
479 2367 634 2419 terra
653 2363 939 2436 dignitate
961 2366 1296 2436 provectum
1328 2359 1625 2432 intelligis,
1659 2364 1820 2417 tanto

166 2452 466 2510 humilius;
485 2451 664 2508 debes
695 2451 999 2524 potestatis
1029 2450 1236 2506 divinas
1257 2449 1820 2522 principibus,Petro

166 2559 234 2598 ac
251 2542 457 2609 Paulo,
473 2541 556 2596 ﬁli
577 2541 946 2612 charissima,
978 2539 1232 2606 obedire,
1266 2544 1322 2595 et
1340 2555 1544 2594 eorum
1563 2535 1820 2594 ecclesia:

165 2630 590 2701 subjectionem
624 2635 684 2686 et
711 2629 992 2685 honorem
1024 2647 1057 2686 a
1088 2628 1322 2701 praefato
1354 2626 1614 2700 principe
1645 2626 1820 2682 insti-

161 2723 361 2778 tutum
391 2718 640 2776 ﬁdeliter
668 2718 958 2774 exhibere.
997 2717 1168 2776 Nulla
1212 2723 1268 2772 te
1298 2714 1816 2788 pseudoapostolo-

163 2823 300 2864 rum
325 2807 428 2878 qui
459 2821 659 2863 eorum
683 2805 990 2862 ecclesiam
1019 2803 1374 2870 invaserunt,
1419 2820 1640 2860 venena
1691 2820 1816 2859 cor-

161 2899 445 2968 rumpant
465 2913 483 2964 ;
504 2893 669 2951 nulla
688 2893 1080 2967 perversitasa
1099 2908 1232 2947 vera
1248 2891 1527 2964 religione
1553 2893 1814 2948 seducat.

163 2983 282 3044 Nec
302 2983 462 3040 enim
490 2983 668 3038 latere
699 2986 755 3038 te
780 2982 1074 3037 credimus
1097 2980 1542 3037 haeresiarcham
1574 2979 1816 3037 Guibcr-

160 3076 290 3128 tum
313 3070 687 3129 abomnibus
729 3071 1064 3142 ubicunque
1082 3069 1384 3126 catholicis
1415 3070 1813 3127 excommuni-

159 3163 362 3218 catum
391 3165 564 3233 atque
613 3161 980 3227 damnatum,
1038 3159 1142 3230 qui
1173 3164 1375 3214 contra
1421 3157 1627 3214 divinae
1662 3159 1804 3230 legis
1835 3144 1878 3212 C

158 3249 334 3316 scita,
367 3253 572 3306 contra
623 3247 917 3319 Evangelii
962 3252 1201 3312 statuta,
1234 3251 1437 3303 contra
1474 3251 1812 3304 sanctorum

158 3355 454 3395 canormm
483 3337 986 3404 decreta,viventis
1010 3337 1191 3408 patris
1211 3354 1273 3392 ac
1287 3336 1509 3392 domini
1527 3336 1716 3393 cubile
1730 3355 1817 3394 as-

161 3427 380 3494 cendit,
410 3425 742 3500 etGregorii
761 3426 994 3499 septimi
1009 3425 1342 3498 apostolica:
1355 3425 1647 3481 memoriae
1676 3443 1815 3497 pon-

157 3516 338 3572 tiﬁcis
358 3515 697 3572 cathedram
725 3515 956 3581 invasit,
991 3519 1238 3570 matrem
1258 3513 1517 3570 fidelium
1549 3515 1812 3570 omnium

159 3604 486 3662 Romanam
515 3603 835 3661 Ecclesium
885 3603 1223 3670 incestavit;
1252 3605 1356 3658 sed
1388 3603 1574 3659 furem
1601 3620 1735 3658 eum
1757 3609 1815 3659 et

152 3692 443 3749 latronem
465 3693 714 3750 existere
752 3709 857 3765 per
875 3693 1082 3748 divinae
1104 3690 1542 3748 clariﬁcationis
1574 3708 1812 3748 causam

151 3786 316 3838 totus
337 3797 481 3854 pene
495 3784 623 3853 jam
645 3783 804 3837 orbis
840 3782 1124 3854 agnoscit.
1169 3780 1318 3844 Quid
1355 3786 1532 3836 etiam
1573 3779 1630 3836 id
1659 3785 1810 3837 Hen-

155 3871 459 3942 ricumhuj
470 3870 948 3942 usceiniquitatis
959 3875 1017 3925 et
1029 3868 1502 3941 praesumptionis
1515 3874 1814 3927 auctorem

156 3959 368 4014 divinae
412 3959 744 4029 majestatis
790 3958 1025 4030 justitia
1063 3962 1304 4030 operata
1333 3958 1410 4014 sit
1439 3963 1497 4013 et
1521 3964 1809 4030 operetur,

156 4048 229 4103 ad
252 4053 416 4104 tuam
433 4047 824 4104 existimantis
845 4047 1114 4103 notitiam
1133 4046 1555 4118 pervenisse-Jn
1571 4062 1810 4103 sensum

156 4137 318 4192 enim
350 4136 666 4209 reprobum
693 4137 869 4193 datus
899 4140 955 4192 et
985 4152 1054 4192 ea
1099 4152 1227 4207 quae
1273 4152 1387 4190 non
1434 4136 1807 4203 conveniunt,

159 4227 282 4281 imo
310 4242 444 4298 qua
464 4225 580 4282 Deo
602 4230 660 4281 et
690 4225 1032 4282 hominibus
1079 4221 1460 4280 exsecrabilia
1506 4230 1645 4280 sunt
1673 4241 1808 4297 ope-

160 4313 580 4386 rans,publicis
600 4318 690 4370 est
712 4313 1382 4386 expositusignominiis.
1411 4313 1472 4367 In
1504 4312 1603 4369 illo
1635 4313 1807 4369 nimi-

157 4418 294 4456 rum
320 4401 466 4458 illud
479 4403 916 4473 quodammodo
947 4401 1154 4456 divinae
1177 4401 1485 4473 Scriptura:
1501 4401 1808 4472 impletum

2000 2361 2213 2416 Datum
2246 2378 2298 2417 v1
2334 2362 2454 2418 Kal.
2486 2364 2752 2435 Augusti.

2631 2452 2870 2508 CCVIII.

1932 2540 2140 2597 Urbani
2171 2541 2244 2621 “II
2544 2542 2774 2621 epistola
2821 2543 3317 2621 qd__Ge_behardum
3369 2552 3570 2621 episco-

1995 2628 2128 2705 pum
2162 2612 2726 2705 Consta'ntienf‘emglut
2757 2630 2790 2668 a
2823 2615 3366 2705 lipitenbuchepsibus
3394 2612 3575 2705 ignem-

1997 2681 2122 2806 rdlam
2151 2683 2476 2808 monachum
2507 2683 2957 2754 Scafhusensibus
2983 2689 3263 2745 monachis
3290 2681 3575 2751 restith-

2039 2769 2130 2806 um
2157 2769 2286 2808 cure
2315 2796 2326 2808 .

2039 2769 2130 2806 um
2157 2769 2326 2808 curet.

2543 2826 2731 2896 (Anno
2789 2827 2972 2898 1096.)

2283 2913 2434 2983 [Pi-zz,
2470 2913 2616 2969 Thes.
2650 2915 2844 2970 Anecd.
2872 2916 2968 2981 Vl,
2998 2933 3038 2985 ι,
3071 2920 3220 2990 297.]

1999 3001 2275 3056 Uneanus
2313 3001 2642 3073 episc0pus,
2679 3020 2885 3058 servus
2913 3021 3214 3061 servorum
3249 3009 3371 3076 Dei,
3402 3029 3574 3070 vene-

1927 3089 2098 3145 rabili
2133 3090 2296 3145 fratri
2324 3091 2388 3144 G.
2421 3091 2870 3148 CONSTANTIENSI
2908 3094 3203 3167 episcopo,
3237 3099 3489 3158 salutem
3519 3120 3582 3178 et

1923 3177 2304 3250 apostolicam
2343 3178 2828 3234 benedictionem.
3568 3177 3582 3185 ί

1997 3265 2150 3320 Inter
2178 3265 2615 3321 Scafusensium
2637 3272 2695 3322 et
2715 3267 3309 3329 Reitenbuchensium
3331 3292 3574 3349 congre-

1923 3354 2184 3426 gationes
2216 3371 2397 3425 quare
2442 3359 2497 3410 et
2528 3371 2707 3426 quam
2757 3355 2987 3412 diutina
3038 3359 3336 3418 discordia
3379 3365 3576 3435 fuerit,

1922 3443 2270 3497 fraternitati
2302 3447 2412 3497 tuae
2447 3442 2671 3515 liquido
2704 3445 3086 3518 patet.Nuper
3132 3464 3266 3505 cum
3319 3453 3573 3519 Turonis

1923 3548 2210 3587 essemus.
2247 3547 2348 3604 per
2380 3531 2568 3587 ﬁlium
2613 3536 2879 3589 nostrum
2914 3534 3351 3609 Manegoldum,
3387 3544 3572 3615 magi-

1923 3625 2111 3676 strum
2172 3619 2529 3690 scholarum,
2576 3621 2848 3693 paciﬁcos
2888 3639 2987 3679 eos
3008 3626 3576 3696 audieramus.Com-

1922 3709 2120 3764 munis
2150 3714 2347 3764 autem
2361 3709 2519 3765 ﬁlius
2537 3712 2848 3781 Gerardus,
2868 3712 3006 3767 Scaf
3007 3714 3236 3770 usensis
3249 3719 3573 3784 monachus

1921 3799 2183 3866 veniens,
2216 3799 2482 3854 eamdem
2537 3800 2692 3871 apud
2725 3817 2832 3857 nos
2893 3803 3191 3872 querelam
3250 3806 3570 3880 replicavit,

1921 3887 2062 3958 quia
2082 3886 2346 3942 videlicet
2385 3887 2693 3942 fratresilli
2713 3889 3066 3944 monachum
3098 3893 3340 3949 reddere
3371 3895 3571 3952 nolue-

1921 3980 2076 4031 runt.
2113 3976 2458 4030 Mandamus
2491 3976 2688 4047 itaque
2720 3977 3016 4032 dilectioni
3045 3983 3158 4034 tuas
3193 3984 3256 4035 ut
3287 3982 3358 4036 ad
3391 3984 3571 4039 refor-

1921 4064 2196 4118 mandam
2236 4063 2386 4117 inter
2445 4064 2605 4135 ipsos
2656 4065 3026 4120 concordiam
3085 4083 3219 4122 cum
3279 4067 3569 4142 religiosis

1919 4153 2110 4208 adhuc
2141 4149 2428 4223 invigiles.
2455 4151 2616 4214 Quod
2647 4152 2696 4205 si
2728 4153 2902 4207 modo
2932 4154 3169 4212 obedire
3186 4162 3572 4230 comtempse—

1917 4242 2058 4311 rint,
2091 4245 2148 4297 et
2205 4244 2334 4312 post
2392 4244 2726 4295 nostrarum
2778 4239 3106 4298 litterarum
3167 4247 3566 4318 acceptionem

1919 4332 2070 4387 infra
2097 4330 2222 4386 dies
2253 4347 2364 4384 xxx
2395 4328 2747 4384 monachum
2778 4329 2944 4385 illum
2979 4348 3080 4403 pro
3121 4349 3238 4405 quo
3286 4333 3440 4392 inter
3468 4353 3569 4394 eos

1915 4419 2208 4476 discordia
2230 4418 2430 4488 crevit,
2461 4418 2797 4474 Scafusensi
2822 4419 3015 4475 abbati
3040 4439 3157 4478 non
3179 4423 3567 4496 restituerint,

153 4489 388 4546 Viden"
426 4488 704 4562 0108mm:
742 4514 768 4540 “
821 4489 968 4579 Quid
999 4489 1266 4579 superbit
1304 4496 1458 4545 terra
1488 4493 1545 4579 et
1573 4491 1742 4557 οίηίεν
1779 4513 1808 4541 ”
1841 4512 1886 4576 Ι)
1916 4525 2016 4565 eos
2045 4507 2319 4579 deinceps
2337 4513 2537 4562 nostra
2557 4507 2847 4563 sententia
2877 4510 3104 4567 noveris
3136 4512 3492 4572 interdictos.

153 4579 296 4650 quia
329 4579 390 4634 in
419 4579 535 4636 vita
562 4595 671 4635 sua
703 4578 937 4651 projicit
995 4578 1200 4634 intima
1253 4595 1381 4634 sua.
1432 4578 1548 4649 Ipsi
1590 4579 1807 4651 quippe

153 4683 304 4739 quos
335 4667 574 4724 intimos
605 4667 912 4734 habuerat,
955 4684 1104 4740 quos
1134 4672 1416 4738 tanquam
1449 4683 1557 4721 sua
1587 4667 1808 4722 viscera

149 4756 454 4828 diligebat,
489 4775 604 4814 non
644 4762 872 4813 tantum
921 4756 1256 4820 familiares,
1313 4756 1416 4811 sed
1465 4755 1590 4828 ipse
1620 4755 1798 4810 etiam

147 4844 335 4913 ﬁlius,
368 4862 472 4918 pro
509 4845 636 4903 suis
663 4863 799 4901 eum
821 4845 1361 4902 abominationibus
1392 4843 1694 4911 exsecrati,
1727 4845 1798 4901 ab

147 4935 282 5005 ejus
297 4949 360 4989 se
383 4934 672 4992 consortio
713 4938 1177 5007 sequestrarunt.
1209 4933 1339 4989 Jam
1374 4950 1474 5006 per
1503 4933 1602 4988 Dei
1626 4935 1796 4990 mise-

146 5021 465 5079 ricordiam
495 5028 553 5080 et
571 5024 865 5096 judicium
906 5022 1288 5096 principalem
1319 5022 1480 5078 illam
1514 5024 1674 5095 regni
1707 5023 1801 5080 sui

147 5115 378 5184 partem
405 5129 506 5185 per
527 5129 705 5185 quam
726 5113 1000 5169 Romana:
1019 5111 1283 5168 Ecclesia:
1305 5111 1622 5168 incubabat
1654 5113 1798 5168 ami-

145 5201 246 5256 sit.
279 5200 436 5256 Inter
491 5201 599 5258 has
657 5201 957 5259 diabolicae
1014 5199 1438 5272 persecutionis
1496 5201 1800 5273 procellas,

139 5288 272 5359 jam
289 5289 394 5346 diu
410 5305 657 5362 regnum
691 5295 859 5346 tuum
894 5290 966 5346 ab
991 5288 1319 5363 apostolicae
1343 5289 1499 5345 sedis
1529 5289 1800 5347 obedien-

143 5378 505 5445 tiadescivit,
538 5379 817 5436 eterroris
830 5379 1012 5450 hujus
1033 5378 1396 5450 principibus
1412 5377 1804 5447 administris,

145 5467 414 5523 deditum
446 5484 550 5540 per
573 5467 797 5524 latioris
847 5468 951 5524 vite
982 5467 1150 5523 devia
1196 5468 1506 5523 seductum
1547 5471 1655 5524 est.
1688 5469 1803 5526 Nec

144 5556 388 5617 tandem
405 5555 483 5616 ad
502 5555 635 5634 ejus
650 5556 850 5635 pepuli
873 5555 1137 5619 velamen
1168 5555 1572 5628 auferendum,
1604 5573 1802 5634 perso-

1988 4597 2134 4652 Data
2161 4613 2238 4650 vn
2272 4597 2352 4651 Id.
2385 4599 2532 4668 Aug.
2575 4598 2726 4668 apud
2761 4598 2973 4654 Forum
3005 4599 3350 4660 Cholcherii.

2649 4686 2830 4741 CCIX.

1908 4773 2162 4846 Ejusdem
2187 4787 2350 4851 papae
2367 4774 2717 4851 epistoland
2735 4773 3069 4842 Odalrirum,
3101 4795 3196 4834 seu
3225 4779 3562 4851 Udalricum,

2010 4845 2369 4915 praepositum
2400 4844 2936 4901 ltez'tcnbuchonsem.
2973 4879 3037 4888 —
3067 4851 3140 4904 De
3159 4851 3346 4905 eadem
3374 4867 3453 4906 re.

2526 4932 2714 5002 (Anno
2759 4934 2940 5004 1096.)

2331 5019 2480 5090 [Paz,
2513 5019 2608 5074 ubi
2650 5036 2837 5091 supra,
2879 5039 2935 5094 p.
2991 5024 3136 5091 298.]

1982 5111 2258 5169 URBANUS
2277 5108 2607 5180 episcopus,
2637 5125 2843 5166 servus
2865 5127 3162 5168 servorum
3177 5113 3298 5181 Dei,
3330 5111 3560 5171 dilectis

1910 5201 2050 5257 ﬁliis
2079 5200 2144 5256 Ο.
2177 5196 2508 5271 praeposito,
2543 5197 2616 5252 Μ.
2670 5199 2888 5254 decano
2939 5201 3558 5274 Reitenbuchensium,

1911 5288 2159 5354 salutem
2190 5293 2248 5344 et
2275 5285 2654 5359 apostolicam
2674 5287 3163 5346 benedictionem.

1979 5377 2340 5434 Jamdudum
2373 5375 2739 5432 dilectionem
2762 5382 3016 5434 vestram
3034 5378 3232 5436 missis
3262 5396 3328 5437 ac
3359 5379 3559 5438 remis-

1912 5466 1994 5522 sis
2023 5465 2231 5522 litteris
2260 5464 2542 5522 exhortati
2573 5482 2781 5522 sumus
2813 5465 3396 5542 exhortationibus,et
3425 5487 3557 5544 pre-

1913 5573 2009 5618 ces
2039 5555 2384 5635 adjecimus,
2441 5558 2506 5615 ut
2563 5571 2697 5616 cum
2749 5556 3063 5616 venerabili
3113 5560 3556 5636 Scafuseneium
