4004 6162
398 227 519 288 483

1702 222 1771 282 Β.
1817 217 2111 283 URBANI
2155 218 2210 280 II
2253 219 2507 283 ΡΑΡιΕ.

3688 215 3826 283 4&4

399 361 608 418 abbate
650 357 735 413 vel
786 358 1235 433 congregatione
1262 358 1316 412 in
1347 372 1545 428 pacem
1570 355 1853 425 integram
1894 355 2039 407 redi-
2072 355 2122 419 Α
2158 371 2351 409 amore
2383 356 2729 419 corroboret,
2766 359 2819 409 et
2850 356 2923 410 ab
2955 356 3242 412 universis
3275 354 3527 427 peccatis
3565 357 3621 410 et
3650 370 3822 409 erro-

400 448 561 515 retis,
596 448 863 503 restituto
912 446 997 503 eis
1044 447 1221 502 fratre
1263 462 1435 516 quem
1461 460 1527 498 ex
1558 460 1758 497 eorum
1792 440 2046 497 claustro

399 535 619 593 dolosis
648 534 1241 592 circumventionibus
1301 531 1604 587 eduxistis.
1664 531 1784 587 Vos
1826 535 2045 595 autem,

400 626 556 698 quod
580 624 917 697 religionem
956 627 1204 678 vestram
1244 620 1485 675 minime
1515 620 1727 682 decuit,
1759 630 1817 675 et
1847 636 2048 690 preces

399 718 631 771 nostras
678 711 1001 784 sprevistis,
1033 714 1090 765 et
1132 709 1532 765 auctoritatem
1590 709 1650 763 in
1690 709 1859 763 nobis
1892 708 2047 764 sedis

399 800 731 875 apostolicae
762 797 1234 870 parvipendistis.
1292 797 1441 864 Quin
1499 797 1674 853 etiam
1705 798 1911 863 Deum,
1946 796 2046 869 qui

397 889 653 946 charitas
684 892 792 950 est.
847 886 1194 954 offendistis,
1229 903 1362 942 cum
1423 886 1726 958 religiosos
1780 885 1933 941 viros
1973 887 2045 941 ad

394 976 922 1034 reconciliationem
952 980 1211 1032 vestram
1242 978 1643 1048 congregatos,
1672 980 1728 1030 et
1746 975 2044 1031 venerabi-

392 1066 507 1122 lem
538 1065 977 1122 Seat'usensium
1011 1064 1303 1131 abbatem,
1343 1063 1465 1120 solo
1497 1063 1801 1119 charitatis
1829 1063 2045 1119 intuitu

391 1154 452 1210 in
481 1159 794 1226 conspectu
828 1158 1020 1209 vestro
1052 1151 1451 1219 humiliatum,
1489 1152 1729 1208 irridere
1750 1157 1807 1207 et
1834 1168 2045 1224 propo-

394 1244 505 1300 sita
541 1242 1005 1316 praesumpsistis
1062 1241 1479 1313 pollicitatione
1536 1240 1798 1296 frustari.
1857 1242 2091 1306 Quam“

392 1332 797 1388 inobedientim
817 1335 873 1385 et
894 1329 1220 1386 dolositatis
1246 1329 1501 1402 culpam,
1550 1346 1667 1402 qua
1696 1330 2045 1385 deberemus

393 1420 734 1476 austeritate
766 1419 1057 1491 persequi,
1089 1424 1343 1474 vestram
1376 1419 1637 1490 ipsorum
1670 1419 2045 1491 prudentiam

392 1510 452 1565 in
485 1510 678 1565 cordis
710 1507 911 1564 tabula
931 1507 1121 1581 legere
1165 1525 1280 1563 non
1303 1508 1649 1563 diffidimus.
1670 1508 1802 1563 Post
1833 1507 2043 1563 barum

392 1598 575 1670 igitur
604 1597 930 1652 litterarum
963 1597 1383 1667 acceptionem,
1433 1597 1545 1651 nisi
1593 1597 1745 1651 infra
1783 1596 1908 1652 dies
1936 1614 2045 1651 xxx

2159 444 2322 498 ribus
2335 444 2636 499 absolutos
2658 444 2728 499 ad
2754 461 2999 500 summa:
3023 444 3326 501 charitatis
3347 450 3558 500 etverte
3574 442 3825 515 pietatis

2157 533 2435 603 perducat
2468 532 2767 589 intuitum.

2228 622 2375 677 Data
2402 622 2719 693 Papiammi
2753 622 2875 677 Kal.
2907 623 3107 679 Octob.

2891 728 3064 784 CCXI.

2159 816 2366 873 Urbani
2394 817 2447 871 ΙΙ
2493 831 2656 887 papa:
2703 816 2872 881 bulla,
2894 832 3015 943 [qua
3043 816 3377 872 mom’alibus
3425 815 3813 871 Cremonensi-

2227 890 2325 942 bus
2356 888 2546 943 Sancti
2600 891 2836 943 Joannis
2940 890 3281 943 vanaclistte.
3326 889 3516 943 omnia
3571 888 3813 942 illarum

2227 890 2325 942 bus
2356 888 2546 943 Sancti
2600 891 2836 943 Joannis
2894 888 3281 957 Evangelistte,
3326 889 3516 943 omnia
3571 888 3815 942 illarum

2218 959 2354 1030 jura
2381 958 2683 1030 conﬁrmat.

2775 1049 2963 1119 (Anno
2997 1049 3181 1119 1096.)

2473 1138 2826 1208 [Mnemon],
2861 1139 3045 1208 Antzq.
3079 1138 3202 1193 Ital.
3240 1136 3311 1205 V,
3337 1135 3485 1203 809.]

2226 1243 2503 1298 Unmmus
2517 1245 2846 1315 episcopus,
2880 1260 3082 1299 servus
3104 1259 3403 1299 servorum
3426 1243 3547 1310 Dei,
3579 1242 3811 1298 dilectas

2155 1333 2285 1386 filiae
2317 1333 2548 1391 GlSILAt-J.
2582 1332 2889 1387 abbatissae
2948 1332 3286 1388 monasterii
3317 1331 3512 1388 Sancti
3558 1331 3812 1388 Joannis

2156 1422 2530 1494 Evangelistze
2588 1439 2755 1476 secus
2785 1428 3150 1488 Cremonam,
3200 1426 3263 1477 et
3288 1424 3419 1494 post
3449 1435 3577 1476 eam
3624 1436 3797 1492 regu-

2154 1509 2354 1565 lariter
2380 1510 2439 1564 in
2463 1511 2662 1565 eodem
2696 1510 2817 1565 loco
2850 1509 3280 1566 substituendis
3321 1509 3379 1564 in
3431 1514 3806 1582 perpetuum.

2230 1599 2588 1654 Desiderium
2644 1599 2798 1669 quod
2831 1600 2901 1653 ad
2947 1598 3287 1671 religiosum
3347 1597 3711 1671 propositum
3744 1602 3809 1653 et

394 1687 583 1743 eidem
613 1685 811 1743 abbati
835 1685 1594 1754 satisfeceritis,divinorum
1612 1685 1887 1758 deinceps
1918 1686 2043 1742 ol‘ﬁ-
2076 1723 2123 1787 Β
2154 1688 2484 1743 animarum
2516 1687 2766 1743 salutem
2799 1689 3091 1759 pertinere
3120 1690 3504 1751 monstratur,
3565 1692 3806 1742 auctore

394 1775 762 1831 ciorum......

394 1934 634 2007 Epistola
676 1935 891 2007 Urbani
929 1934 977 2007 II
1014 1862 1697 2007 papgcfddlononienses.
1749 1966 1814 1976 —
1844 1937 2046 1990 Eorum

464 2006 623 2076 ﬁdem
668 2006 876 2060 laudat.
921 2005 1179 2060 Omnibus
1235 2006 1330 2075 qui
1387 2005 1526 2060 bello
1557 2007 2043 2077 Ilierosolymitano

465 2079 837 2148 inter/uariat,
861 2085 1203 2147 peccatorum
1235 2078 1450 2131 veniam
1480 2079 1754 2147 proponit.

1001 2166 1186 2234 (Anno
1220 2166 1402 2235 1096.)

392 2236 667 2309 [8Ανιοιι,
712 2235 917 2291 Annali
973 2235 1610 2378 Bollognesi'337B1assano,
1657 2238 1815 2304 1784,
1850 2237 1933 2291 in-
1962 2239 2040 2304 4ο,

1088 2348 1102 2372 ,
1136 2324 1197 2371 n,
1230 2350 1235 2353 Α
1350 2349 1361 2361 .

1088 2348 1102 2372 ,
1136 2324 1197 2371 n,
1230 2324 1361 2361 Διόι.

462 2395 742 2450 Umman
764 2393 1096 2467 episcopus,
1129 2412 1332 2451 servus
1350 2412 1650 2452 servorum
1670 2396 1793 2461 Dei,
1814 2395 2043 2452 dilectis

392 2482 530 2538 ﬁliis
566 2481 867 2538 catholicis
888 2482 947 2538 in
970 2482 1376 2555 clero,populo
1409 2484 1758 2541 Bononiensi
1789 2485 2040 2541 salutem

393 2577 449 2629 et
478 2571 859 2645 apostolicam
893 2572 1378 2627 benedictionem.

462 2654 711 2716 Bonitati
742 2665 943 2717 vestrae
974 2660 1195 2732 gratias
1226 2662 1457 2734 agimus
1515 2662 1666 2732 quod
1701 2661 1852 2717 inter
1880 2662 2040 2716 schi-

394 2750 669 2805 smaticos
691 2753 745 2804 et
768 2749 1068 2804 haereticos
1091 2750 1415 2818 constituti,
1441 2749 1681 2822 quidam
1718 2767 1949 2822 semper
1980 2750 2038 2805 in

394 2838 505 2894 fide
539 2836 824 2893 catholica
854 2838 1281 2909 permansistis,
1325 2838 1562 2909 quidam
1626 2855 1757 2894 vero
1805 2856 1908 2910 per
1936 2839 2037 2893 Dei

392 2926 640 2998 gratiam
684 2926 924 2981 veritate
956 2931 1254 2997 comperta
1284 2932 1341 2981 et
1372 2943 1634 2981 errorum
1667 2927 1833 2982 devia
1861 2926 2036 2982 dimi-

392 3014 574 3087 sistis,
608 3018 666 3071 et
684 3015 811 3086 jam
843 3032 968 3086 qure
993 3013 1289 3070 catholicae
1313 3015 1447 3070 fidei
1473 3016 1857 3087 suntsapitis.
1894 3016 2035 3071 Hor-

2154 1777 2270 1832 Deo
2291 1777 2416 1831 sine
2440 1776 2637 1848 aliqua
2656 1781 2747 1831 est
2767 1776 3040 1831 dilatione
3072 1775 3506 1849 complendum.
3535 1774 3678 1830 Tuis
3699 1774 3807 1847 igi-

2153 1870 2426 1921 turtuaru
2435 1882 2610 1936 mque
2622 1881 2889 1920 sororum
2910 1866 3058 1921 votis
3076 1864 3411 1937 apostolica
3426 1862 3803 1936 benignitatis

2153 1971 2325 2010 aures
2357 1957 2597 2025 paterno
2628 1952 2981 2009 inclinamus
3015 1953 3249 2021 affectu,
3289 1956 3347 2009 et
3376 1953 3531 2009 beati
3560 1952 3807 2008 Joannis

2154 2042 2531 2114 Evangelistaa
2565 2042 3007 2110 monasterium,
3056 2042 3150 2098 cui
3179 2046 3414 2098 auctore
3458 2042 3574 2097 Deo
3603 2040 3805 2112 praesi-

2152 2133 2287 2187 dere
2336 2130 2716 2203 dignosceris,
2772 2131 3044 2186 Romana:
3094 2129 3457 2185 auctoritatis
3504 2127 3805 2202 privilegio

2152 2219 2778 2282 communimus.Quod
2810 2218 3076 2276 videlicet
3104 2218 3528 2275 monasterium
3564 2223 3807 2274 Bernar-

2152 2308 2264 2362 dus
2281 2323 2496 2374 comes,
2519 2314 2576 2362 et
2604 2324 2749 2363 uxor
2774 2309 2905 2379 ejus
2923 2308 3112 2376 Berta,
3147 2308 3492 2380 sumptibus
3518 2307 3641 2363 suis
3669 2308 3811 2362 aedi-

2152 2396 2487 2463 ficaverunt,
2522 2400 2580 2451 et
2610 2397 2667 2450 in
2714 2413 2929 2451 manus
2977 2396 3458 2452 reverentissime:
3506 2394 3806 2451 memoriae

2150 2483 2408 2557 Gregorii
2427 2483 3135 2556 septimi,pr:edecessoris
3155 2484 3339 2540 nostri
3353 2485 3538 2551 ,beato
3563 2484 3732 2540 Petro
3745 2488 3809 2540 et

2150 2578 2364 2629 sanctae
2396 2574 2523 2644 ejus
2556 2573 2828 2627 Romanae
2860 2572 3127 2629 Ecclesia:
3180 2572 3539 2628 obtulerunt.
3581 2572 3802 2627 Statui-

2150 2678 2283 2716 mus
2299 2678 2436 2733 ergo
2459 2665 2524 2716 ut
2544 2677 2908 2733 quaecunque
2923 2662 3076 2717 bona
3101 2662 3289 2717 eidem
3308 2660 3433 2717 loco
3463 2678 3566 2732 per
3593 2677 3804 2745 supra-

2148 2750 2333 2805 dictos
2349 2750 2592 2804 comites
2614 2748 2701 2803 vel
2719 2750 2916 2805 fideles
2937 2749 3231 2820 quoslibet
3246 2750 3317 2804 de
3331 2766 3437 2805 suo
3447 2750 3581 2821 jure
3593 2749 3755 2805 oblat
3768 2767 3805 2806 θ,

2147 2837 2397 2903 sunt,vel
2432 2838 2490 2892 in
2522 2838 2785 2892 futurum
2816 2837 3099 2910 largiente
3130 2838 3375 2894 Domino
3432 2838 3625 2893 otl‘erri
3654 2854 3799 2894 con-

2144 2927 2360 2997 tigerit,
2391 2927 2554 2982 vobis
2582 2930 2639 2980 et
2668 2926 2741 2980 iis
2790 2944 2918 2998 qum
2953 2932 3081 2998 post
3110 2944 3211 2982 vos
3241 2943 3597 2982 successurus
3629 2930 3796 2993 sunt,

2148 3018 2317 3071 ﬁrma
2345 3031 2576 3086 semper
2607 3014 2947 3087 illibataque
2975 3020 3375 3086 permaneant.
3418 3014 3800 3070 Decernimus

391 3108 735 3175 tamurergo
751 3104 806 3157 in
834 3103 1079 3158 Domino
1098 3102 1490 3172 dilectissimi,
1516 3112 1580 3159 ut
1605 3106 1659 3159 in
1683 3103 2045 3161 veritatisvia
2073 3087 2116 3154 C
2152 3119 2287 3175 ergo
2311 3108 2375 3158 ut
2396 3102 2791 3157 nulliomnino
2808 3102 3114 3159 hominum
3138 3102 3802 3160 liceateumdemlocum

387 3190 629 3263 viriliter
656 3191 929 3247 incidatis
961 3195 1018 3246 et
1059 3190 1230 3247 bonis
1258 3191 1439 3247 initiis
1489 3193 1758 3249 meliores
1790 3197 2032 3249 eventus

391 3281 603 3337 addere
635 3281 981 3353 procuretis.
1015 3281 1139 3335 Non
1190 3280 1346 3336 enim
1378 3280 1479 3351 qui
1512 3282 1769 3353 cmperit,
1805 3281 1905 3336 sed
1936 3281 2039 3353 qui

390 3359 839 3442 perseveraverit
861 3386 1046 3441 usque
1061 3369 1117 3423 in
1144 3370 1319 3424 tinem
1341 3369 1437 3424 hic
1452 3369 1647 3425 salvus
1661 3370 2042 3426 erit.Venera-

390 3457 568 3512 bilem
584 3458 823 3511 fratrem
839 3462 1104 3512 nostrum
1126 3462 1182 3512 et
1212 3456 1621 3529 coepiscopum
1655 3459 2035 3527 Bernardum,

390 3560 563 3614 quem
595 3544 885 3615 pastorem
908 3545 1072 3599 vobis
1096 3562 1198 3615 per
1214 3562 1424 3600 manus
1447 3550 1675 3602 nostras
1697 3546 1890 3601 divina
1909 3563 2040 3618 pro-

389 3630 645 3686 videntia
662 3632 920 3687 conferre
938 3631 1177 3704 dignata
1190 3638 1296 3701 est,
1332 3633 1604 3690 charitati
1617 3639 1822 3691 vestrae
1851 3639 2040 3690 atten-

390 3719 511 3775 tius
528 3720 1012 3775 commendamus
1035 3723 1099 3774 ut
1146 3720 1194 3775 si
1218 3721 1402 3776 Deum
1441 3722 1681 3795 diligitis
1703 3723 1763 3777 in
1795 3724 1922 3795 ejus
1953 3725 2040 3778 vi-

391 3796 548 3864 cario
582 3808 924 3864 ostendatis.
959 3808 1088 3880 Ipse
1109 3809 1263 3864 enim
1281 3809 1704 3882 dehujusmodi
1728 3811 1902 3867 dixit:
1937 3814 2043 3882 Qui

389 3913 480 3968 v.03
511 3896 686 3962 audit,
710 3913 796 3953 me
825 3897 999 3953 audit.
1034 3897 1360 3954 Nonnullos
1398 3904 1622 3955 vestros
1676 3900 1735 3955 in
1768 3901 2041 3958 Hierusa-

391 3985 507 4041 lem
543 3986 720 4043 eundi
752 3985 1110 4042 desiderium
1152 3988 1488 4058 concepisse
1520 3989 1851 4046 audivimus
1881 3992 2038 4062 quod

391 4074 559 4142 nobis
577 4075 896 4147 plurimum
921 4074 1280 4147 complacere
1309 4076 1818 4134 noveritis.Sciatis
1843 4083 2041 4135 autem

389 4164 474 4220 eis
505 4164 779 4219 omnibus
801 4164 902 4236 qui
936 4163 1074 4219 illuc
1106 4181 1220 4219 non
1254 4164 1467 4221 terreni
1499 4168 1788 4222 commodi
1819 4167 2043 4239 cupidi-

389 4255 529 4319 tate,
563 4253 661 4308 sed
685 4269 786 4324 pro
814 4252 939 4307 sola
978 4251 1187 4308 anima:
1205 4270 1324 4309 sua)
1356 4253 2040 4312 saluteetEcclesiaelibe-

393 4340 619 4417 ratione
642 4341 881 4412 profecti
908 4340 1545 4412 fuerint,p03nitentiam
1565 4347 1747 4399 totam
1782 4349 2040 4416 peccato-

2148 3196 2365 3247 temere
2386 3191 2718 3262 pertubare,
2749 3195 2849 3246 aut
2864 3191 2916 3246 ei
2950 3192 3217 3247 subbitas
3265 3192 3664 3264 possessiones
3695 3208 3803 3247 au-

2149 3280 2315 3347 ferre,
2349 3279 2726 3347 minuere,vel
2754 3280 3082 3335 temerariis
3096 3280 3496 3337 vexationibus
3522 3280 3803 3352 fatigare;

2148 3369 2249 3424 sed
2268 3368 2468 3424 omnia
2487 3368 2715 3441 integra
2734 3374 3152 3425 conserventur
3200 3386 3403 3425 earum
3420 3385 3524 3442 pro
3547 3384 3803 3441 quarum

2149 3458 2572 3513 sustentatione
2588 3461 2647 3513 et
2675 3458 3097 3529 gubernatione
3128 3474 3406 3514 concessa
3425 3457 3802 3525 sunt,usibus

2149 3546 2503 3601 omnimodis
2533 3546 2837 3618 profutura
2861 3564 2873 3611 ;
2909 3546 3068 3601 salva
3097 3546 3379 3601 canonica
3400 3546 3637 3617 justitia
3664 3545 3803 3601 Cre-

2149 3633 2449 3690 monensis
2478 3634 2756 3705 episcopi,
2816 3634 3109 3705 siquidem
3142 3631 3466 3688 catholicus
3517 3633 3713 3704 fuerit,
3746 3637 3811 3688 et

2149 3723 2621 3779 communionem
2640 3727 2695 3776 et
2715 3722 2962 3794 gratiam
2987 3721 3315 3792 apostolica:
3334 3722 3490 3776 sedis
3507 3721 3807 3777 habuerit.

2148 3812 2251 3867 Cui
2271 3817 2467 3867 tamen
2483 3808 2718 3866 omnino
2740 3826 2852 3865 non
2868 3809 3036 3864 liceat
3052 3809 3206 3864 idem
3221 3807 3644 3864 monasterium
3662 3826 3814 3880 prae-

2149 3917 2406 3973 gravare,
2439 3903 2541 3953 aut
2562 3898 2920 3953 exactionem
2941 3897 3028 3953 vel
3052 3897 3695 3969 consuetudinemque
3725 3898 3805 3952 li-

2149 3988 2357 4044 bertati
2387 3992 2446 4042 et
2465 3987 2645 4058 quieti
2667 3987 2999 4041 monasticae
3018 3985 3554 4054 noceat,sororihus
3571 3984 3693 4041 illic
3714 3987 3804 4041 vi-

2147 4076 2416 4132 ventibus
2439 4074 2871 4147 irrogare.Sane
2896 4073 2966 4129 ad
2998 4074 3280 4130 indicium
3304 4074 3488 4146 hujus
3513 4078 3803 4146 perceptae

2149 4183 2184 4221 a
2205 4166 2467 4220 Romana
2487 4162 2742 4219 Ecclesia
2763 4163 3161 4236 protectionis,
3195 4181 3299 4236 per
3325 4180 3510 4229 annos
3534 4163 3806 4236 singulos

2150 4251 2601 4309 Mediolanensis
2632 4258 2876 4308 monetae
2907 4252 3177 4309 denarios
3224 4252 3535 4308 duodecim
3573 4255 3805 4307 Latera-

2151 4340 2319 4398 nensi
2348 4340 2561 4413 palatio
2579 4340 3003 4412 persolvetis.Si
3032 4341 3163 4413 quis
3185 4341 3367 4414 igitur
3390 4342 3449 4397 in
3480 4341 3805 4397 crastinum

396 4444 528 4482 rum
560 4429 631 4482 de
661 4428 876 4499 quibus
891 4446 1087 4485 veram
1114 4435 1170 4484 et
1184 4431 1499 4501 perfectam
1522 4432 1944 4488 confessionem
1963 4434 2040 4488 fe-
2072 4449 2118 4515 D
2153 4430 2629 4503 archiepiscopus
2685 4434 2788 4485 aut
2814 4428 3145 4501 episcopus,
3204 4429 3521 4501 imperator
3550 4434 3656 4484 aut
3684 4445 3805 4494 rex,

393 4516 576 4571 cerint
594 4534 696 4588 per
736 4518 1155 4588 omnipotentis
1170 4518 1745 4575 Deimisericordiam
1768 4525 1825 4576 et
1856 4521 2044 4577 Eccle-

395 4604 492 4661 sia:
507 4604 802 4660 catholicae
822 4623 1039 4677 preces,
1076 4611 1194 4660 tam
1229 4612 1429 4662 nostra
1449 4624 1626 4678 quam
1650 4609 1911 4664 omnium
1948 4626 2045 4681 pe-

396 4710 467 4750 ne
500 4694 1071 4767 archiepiscoporum
1103 4698 1159 4749 et
1189 4696 1596 4767 episcoporum
1621 4696 1720 4767 qui
1752 4696 1811 4751 in
1846 4697 2049 4752 Galliis

395 4770 533 4839 sunt
547 4783 892 4838 auctoritate
905 4783 1570 4854 dimittimus,quoniam
1588 4801 1678 4840 res
1701 4789 1758 4841 et
1771 4801 2049 4857 personas

396 4889 535 4928 suas
552 4889 655 4944 pro
678 4872 775 4927 Dei
828 4878 883 4926 et
908 4870 1151 4943 proximi
1194 4871 1475 4926 charitate
1507 4877 1921 4944 exposuerunt,
1954 4891 2051 4929 ne-

397 4977 510 5032 que
528 4960 751 5016 clericis
765 4977 919 5027 vero,
954 4975 1141 5031 neque
1168 4959 1472 5015 monachis
1496 4960 1621 5015 sine
1644 4961 2049 5033 epiSCOporum

394 5048 483 5104 vel
513 5050 791 5105 abbatum
812 5048 1047 5104 licentia
1070 5048 1209 5103 illuc
1248 5048 1431 5103 eundi
1463 5049 1837 5105 concedimus
1870 5050 2049 5104 falcu-

396 5141 597 5191 tatem.
631 5138 806 5194 Porro
854 5136 1111 5209 episcopi
1151 5153 1290 5191 cura
1307 5136 1384 5191 sit
1409 5153 1479 5191 ne
1496 5136 1883 5207 parochianos
1912 5155 2052 5194 suos

403 5225 529 5279 sine
548 5224 892 5289 clericorum
911 5225 1159 5282 concilio
1183 5229 1239 5281 et
1257 5224 1581 5297 provisione
1606 5225 1924 5283 dimittant.
1957 5228 2055 5284 Ju-

403 5312 647 5367 venibus
668 5314 843 5369 etiam
866 5314 1194 5387 conjugatis
1207 5312 1631 5385 providendum
1655 5317 2055 5372 estnetemere

402 5403 635 5455 tantum
652 5401 758 5456 iter
774 5401 900 5458 sine
926 5402 1297 5459 conniventia
1320 5417 1565 5457 uxorum
1587 5419 1829 5459 suarum
1851 5421 2053 5478 aggre-

406 5488 663 5560 diantur.
719 5488 1100 5568 Omnipotens
1158 5492 1312 5556 Deus
1363 5490 1423 5553 in
1482 5507 1588 5553 suo
1619 5507 1720 5552 vos
1748 5491 1957 5555 timore
2000 5498 2058 5557 et

2152 4520 2425 4591 princeps
2450 4522 2552 4574 aut
2571 4518 3482 4589 dux,comes,vieecomes,judex,
3502 4520 3606 4573 aut
3632 4516 3811 4573 eccleé

2158 4608 2396 4663 siastica
2425 4604 2696 4677 quaelibet
2716 4605 3080 4661 saacularisve
3111 4622 3381 4678 persona,
3415 4606 3565 4661 hanc
3595 4611 3809 4661 nostras

2157 4694 2591 4771 constitutipnis
2620 4694 2896 4766 paginam
2946 4693 3157 4762 sciens,
3190 4700 3392 4751 contra
3429 4710 3559 4751 eam
3591 4700 3811 4750 temere

2156 4784 2351 4840 venire
2409 4781 2738 4848 tentaverit,
2810 4783 3067 4838 secundo
3130 4784 3370 4840 tertiove
3430 4784 3811 4853 commonita,

2159 4872 2207 4927 si
2239 4889 2349 4927 non
2383 4869 2732 4925 satisfecerit
2757 4871 3164 4926 emendatione
3189 4888 3470 4945 congrua,
3501 4872 3816 4945 potestatis

2160 4959 2517 5030 honorisque
2538 4956 2628 5012 sui
2650 4957 2935 5029 dignitate
2967 4962 3178 5026 careat,
3210 4976 3491 5032 reamque
3521 4976 3585 5015 se
3613 4959 3809 5015 divino

2152 5048 2374 5120 judicio
2423 5045 2666 5100 existere
2683 5046 2754 5100 de
2772 5050 3103 5117 perpetrata
3132 5048 3440 5119 iniquitate
3469 5053 3831 5121 cognoscat,“

2161 5143 2218 5192 et
2240 5154 2273 5191 a
2297 5131 2690 5191 sacratissimo
2748 5150 2984 5206 corpore
3001 5140 3057 5191 et
3073 5137 3357 5209 sanguine
3378 5136 3477 5193 Dei
3498 5140 3554 5191 et
3576 5136 3811 5191 Domini

2163 5242 2228 5281 ac
2249 5221 2650 5293 Redemptoris
2672 5223 2854 5278 nostri
2876 5228 3015 5281 Jesu
3037 5224 3249 5281 Christi
3271 5225 3463 5282 aliena
3480 5224 3600 5293 ﬁat,
3630 5228 3825 5296 atque

2163 5315 2221 5369 in
2252 5316 2511 5368 extremo
2568 5310 2832 5366 examine
2887 5312 3163 5368 districta:
3223 5312 3432 5369 ultioni
3484 5313 3807 5385 subjaceat.

2164 5400 2609 5458 Cunctisautem
2631 5400 2821 5457 eidem
2847 5398 3149 5472 locojusta
3191 5401 3559 5458 servantibus
3590 5402 3668 5457 sit
3700 5418 3814 5472 pax

2164 5488 2396 5551 Domini
2424 5487 2609 5549 nostri
2628 5488 2768 5551 Jesu
2789 5489 3001 5551 Christi
3032 5495 3322 5569 quatenus
3345 5494 3404 5551 et
3432 5489 3526 5552 hic
3555 5490 3827 5555 fructum.
