4004 6162
172 282 310 348 485

1364 279 1766 351 ΕΡΙεΤοωΕ
1808 268 1929 350 Er
1951 282 2432 351 PRIVILEGIA.

3473 294 3592 356 486

180 421 354 477 bonae
383 416 632 476 actionis
661 416 1002 494 percipiant,
1026 424 1083 476 et
1112 422 1266 495 apud
1298 421 1631 477 districtum
1674 422 1835 493 judi-
1865 427 1917 491 Α
1951 421 2114 476 rabili
2163 422 2323 477 fratri
2361 423 2607 490 HUGONI,
2662 423 3027 482 Cluniacensi
3077 425 3294 494 abbati,
3346 429 3594 500 ejusque

180 525 311 566 cem
344 508 582 582 prmmia
612 514 837 566 aeternae
866 510 1027 584 pacis
1058 510 1374 567 inveniant.

254 599 375 671 Ego
408 597 705 665 URBANUS,
736 598 1032 655 catholicae
1054 599 1324 656 Ecclesiae
1356 599 1687 672 episcopus,
1707 599 1843 655 sub-

178 686 419 761 scripsi.

259 780 471 832 Datum
501 776 794 832 Cremonae
809 794 913 851 per
933 794 1178 834 manum
1200 777 1469 845 Joannis,
1496 782 1711 833 sancta:
1736 777 1843 833 Ro-

182 882 374 922 manae
429 865 699 921 Ecclesiae
727 865 958 922 diaconi
998 866 1335 929 cardinalis.
1386 883 1500 922 xvu
1551 866 1843 922 Kalendas

183 954 554 1021 Novembris,
588 954 907 1012 indictione
946 973 1000 1024 v,
1054 956 1478 1013 lncarnationis
1532 955 1841 1011 Dominicae

186 1060 344 1100 anno
359 1044 519 1111 1096,
532 1043 910 1117 pontiﬁcatus
927 1050 1122 1102 autem
1144 1045 1346 1102 domni
1362 1044 1577 1101 Urbani
1600 1044 1842 1101 secundi

186 1150 353 1207 papa
386 1149 562 1189 nono.

915 1240 1118 1296 CCXII.

192 1329 402 1387 Urbani
432 1330 483 1385 II
520 1330 747 1402 epistola
790 1327 860 1385 ad
897 1330 1154 1385 Marium
1187 1330 1845 1401 ConstantinOpolitamtm

214 1409 219 1415 '
265 1403 676 1472 imperatorem.
700 1432 769 1442 -—
800 1402 872 1456 De
900 1401 1243 1473 expeditione
1260 1405 1315 1456 in
1352 1410 1551 1457 terram
1578 1411 1845 1466 sanctam,

256 1481 312 1529 et
335 1473 404 1527 de
431 1488 591 1528 cruce
618 1474 986 1545 suscipienda.

819 1561 1007 1633 (Anno
1040 1562 1221 1634 1096.)

620 1650 853 1722 [ΜΑΝ81,
884 1650 1089 1706 Concit.
1126 1650 1236 1721 XX,
1267 1652 1418 1721 660.]

264 1757 548 1814 Uamuus
577 1757 894 1825 secundus,
949 1757 1248 1813 Romanus
1294 1756 1572 1830 pontifex,
1604 1758 1839 1826 ALEXIO,

192 1842 843 1919 Constantinopolitano
866 1846 1228 1920 imperatori,
1262 1850 1370 1903 etc.

266 1936 413 1992 Cum
446 1940 735 1991 statutum
771 1934 975 1991 fuisset
996 1935 1069 1991 ad
1099 1934 1333 1990 Clarum
1364 1939 1625 1990 montem
1645 1937 1853 1990 Arver-

204 2018 311 2080 nis:
344 2030 410 2080 ut
440 2024 1023 2080 communibusvotis
1069 2023 1289 2080 bellum
1331 2024 1607 2079 adversus
1655 2023 1852 2078 Sarra-

207 2129 380 2170 cenos
420 2118 743 2186 gereretur,
768 2117 934 2170 tanta
974 2113 1280 2169 hominum
1322 2110 1638 2167 multitudo
1686 2128 1854 2167 cruce

202 2202 433 2275 signata
458 2205 569 2270 est,
601 2206 667 2257 ut
714 2201 785 2256 ad
830 2205 1087 2257 trecenta
1125 2201 1430 2256 hominum
1474 2198 1659 2256 millia
1680 2217 1856 2256 censa

196 2289 670 2346 fuerint.Ducum
701 2295 895 2345 autem
928 2289 1386 2345 fortissimorum
1418 2292 1619 2345 tantus
1660 2289 1854 2357 ardor,

198 2383 261 2433 ut
289 2379 360 2435 de
406 2379 813 2450 recuperanda
856 2377 1255 2451 Hierosolyma
1306 2376 1562 2433 multum
1621 2394 1855 2450 sperare

197 2467 538 2523 debeamus.
554 2467 787 2522 Primus
801 2467 1064 2522 omnium
1090 2466 1292 2523 Petrus
1313 2466 1554 2522 eremita
1582 2466 1853 2522 innume-

199 2555 485 2612 rabilibus
514 2572 578 2611 se
606 2556 815 2611 ducem
847 2555 1113 2626 praebuit,
1136 2555 1229 2610 cui
1249 2556 1628 2623 Godcfredus,
1652 2556 1856 2612 Eusta-

200 2644 366 2700 chius
395 2649 455 2700 et
470 2642 797 2699 Balduinus
823 2643 1305 2710 fratres,Bolionii
1327 2644 1661 2712 comites,se
1692 2644 1854 2700 addi-

202 2733 696 2803 derunt,majore's
728 2732 901 2787 etiam
936 2732 1133 2804 copias
1156 2737 1525 2805 paraverunt.
1559 2733 1705 2789 Hinc
1750 2738 1857 2789 Po-

203 2821 425 2877 diensis
448 2820 758 2894 episcopus
789 2820 925 2876 belli
973 2822 1110 2888 dux,
1142 2827 1198 2876 et
1248 2821 1617 2878 Raimundus
1659 2822 1855 2878 Sancti

207 2909 415 2983 Egidii
439 2925 656 2977 comes,
682 2909 818 2965 inde
842 2910 1007 2981 Hugo
1035 2909 1305 2983 Magnus.
1329 2910 1578 2983 Philippi
1610 2911 1854 2966 Franco-

205 3014 335 3053 rum
363 2998 521 3071 regis
534 2998 794 3064 frater,et
816 2998 1107 3053 Robertus
1137 2998 1595 3065 Northmanniea,
1628 3000 1677 3054 ei
1713 2998 1858 3053 alter

208 3084 495 3143 Robertus
527 3085 831 3155 Flandriaa,
866 3092 921 3141 et
950 3088 1279 3159 Stephanus
1311 3087 1551 3143 Carnuti
1590 3087 1853 3142 comites.

1950 511 2388 567 successoribus
2418 510 2762 585 regulariter
2804 513 3232 572 substituendis
3290 516 3346 571 in
3393 534 3594 590 perpe-

1947 604 2134 655 tuum.

2019 689 2165 744 Cum
2197 689 2462 745 omnium
2491 690 2752 748 ﬁdelium
2786 694 3170 766 petitionibus
3195 700 3251 752 et
3281 697 3598 753 neCessita-

1948 777 2109 833 tibus
2139 778 2446 834 subvenire
2477 779 2684 836 debeat
2712 783 3041 854 apostolicae
3070 784 3373 841 charitatis
3389 786 3595 859 gratia,

1952 866 2134 921 multo
2166 867 2354 939 magis
2378 866 2470 922 his
2499 873 2588 924 est
2616 869 3006 942 impertienda
3036 873 3165 944 ejus
3196 873 3458 931 beneﬁcii
3480 876 3599 932 cle-

1954 957 2191 1022 mentia,
2225 972 2372 1028 quos
2422 956 2800 1029 singulariter
2843 959 2995 1015 ﬁlios
3041 977 3100 1015 se
3149 963 3364 1035 gaudet
3387 964 3601 1021 habere

1954 1045 2218 1101 Romana
2248 1049 2437 1100 mater
2464 1045 2739 1101 Ecclesia.
2774 1048 2929 1103 In‘ter
2972 1066 3118 1120 quos
3160 1050 3435 1121 quoniam
3468 1052 3602 1108 Clu-

1953 1132 2249 1189 niacensis
2298 1135 2694 1207 congregatio,
2747 1136 2943 1191 divino
2996 1137 3350 1196 charismate
3381 1142 3602 1198 caeteris

1954 1222 2183 1278 imbuta
2212 1221 2464 1294 plenius,
2499 1228 2565 1279 ut
2594 1223 2740 1279 alter
2762 1225 2849 1279 sol
2882 1227 3063 1280 enitet
3084 1227 3141 1281 in
3173 1229 3515 1296 terris,adeo
3541 1233 3606 1286 ut

1955 1311 2048 1366 his
2080 1328 2236 1366 nunc
2289 1313 2572 1383 temporis
2621 1312 2731 1384 ipsi
2784 1314 2979 1386 potius
3024 1318 3330 1373 conveniat
3376 1321 3532 1390 quod
3573 1338 3608 1376 a

1955 1400 2202 1457 Domino
2233 1400 2456 1455 dictum
2502 1405 2610 1466 est,
2648 1402 2743 1458 Vos
2762 1405 2890 1457 estis
2924 1404 3024 1457 tua:
3051 1406 3264 1474 mundi,
3297 1423 3363 1462 eo
3394 1408 3603 1481 magis,

1956 1507 1988 1545 ο
2020 1489 2364 1545 charissime
2397 1490 2573 1545 frater
2615 1490 2800 1563 Hugo,
2845 1492 3225 1550 sublimitatis
3274 1496 3606 1568 apostolicae

1956 1577 2275 1633 auctoritas
2305 1579 2532 1650 cogitur
2563 1581 2817 1651 praebere
2850 1581 3059 1637 vestris
3100 1583 3476 1653 petitionibus
3507 1604 3603 1642 as-

1956 1682 2197 1721 sensum
2222 1684 2234 1733 ;
2268 1683 2401 1721 cum
2435 1667 2609 1722 etiam
2634 1685 2734 1739 pro
2749 1669 3139 1725 sanctimonia
3162 1672 3287 1726 vitae
3301 1674 3608 1731 desideriis

1959 1755 2168 1810 vestris
2198 1770 2399 1825 parere
2414 1754 2682 1810 novimus
2702 1758 3012 1811 Auctorem
3034 1758 3319 1815 omnium.
3336 1762 3413 1816 Ea
3435 1779 3607 1834 prop-

1964 1843 2672 1915 terquidquidlibertatis,
2706 1844 2989 1917 quidquid
3015 1846 3299 1917 tuitionis,
3321 1849 3608 1922 quidquid

1963 1932 2331 1987 auctoritatis
2351 1922 2804 2005 praad&essores
2830 1934 3016 1989 nostri
3045 1935 3313 1992 Ecclesia
3338 1938 3610 1996 Romana:

1964 2020 2291 2090 pontiﬁces,
2323 2022 2644 2092 praesertim
2680 2022 3009 2094 apostolicae
3058 2025 3352 2081 memoriae
3395 2027 3611 2101 Grego-

1965 2108 2089 2164 rius
2114 2109 2235 2179 VII,
2266 2116 2457 2165 vestro
2490 2111 2845 2166 monasterio
2872 2116 2928 2167 et.
2957 2111 3098 2168 locis
3129 2114 3198 2169 ad
3235 2115 3291 2170 id
3323 2117 3612 2187 pertinen-

1964 2197 2124 2252 tibus
2172 2197 2563 2254 contulerunt.
2610 2199 2725 2254 Nos
2775 2216 3007 2273 quoque
3055 2202 3324 2274 praesenti
3381 2206 3610 2263 decreto

1965 2290 2200 2341 auctore
2233 2291 2342 2342 Deo
2375 2287 2813 2356 conﬁrmamus,
2844 2289 3063 2343 scilicet
3082 2296 3144 2345 ut
3172 2297 3383 2347 cuncta
3412 2293 3536 2351 loca
3555 2300 3613 2351 et

1965 2376 2324 2430 monasteria
2351 2376 2423 2431 ad
2450 2374 2831 2432 Cluniacense
2878 2379 3205 2434 cmnobium
3237 2382 3608 2454 pertinentia,

1967 2481 2093 2536 quae
2142 2465 2215 2519 ab
2262 2463 2557 2536 aliquibus
2615 2464 2887 2521 ﬁdelibus
2935 2465 3300 2534 Christianis,
3351 2471 3608 2543 regibus,

1965 2552 2275 2625 episcopis,
2295 2553 2885 2621 ducibus,comitibus
2905 2572 3004 2610 seu
3029 2556 3609 2630 principibus,eidem

1966 2641 2090 2697 loco
2123 2646 2261 2697 sunt
2289 2646 2650 2709 concessa,et
2679 2641 2751 2697 ab
2770 2644 3239 2701 antecessoribus
3269 2646 3387 2703 tuis
3418 2650 3613 2721 acqui-

1965 2731 2161 2795 sita,et
2192 2746 2552 2802 quaecunque
2591 2731 2661 2785 ad
2696 2731 2966 2787 eumdem
3000 2732 3189 2788 locum
3223 2733 3417 2807 aliquo
3440 2738 3612 2794 modo

1965 2819 2255 2891 pertinere
2277 2819 2566 2888 videntur,
2593 2817 2683 2875 vel
2714 2819 2772 2874 in
2805 2824 3107 2892 posterum
3144 2822 3460 2893 dabuntur,
3494 2827 3613 2883 sive

1966 2912 2157 2974 terrae,
2188 2908 2309 2963 sive
2340 2907 2616 2971 ecclesiae,
2669 2908 2787 2981 sive
2834 2909 3093 2976 decima},
3146 2916 3202 2966 et
3249 2928 3612 2987 quaecunque

1967 3013 2456 3069 quorumcunque
2493 2996 2773 3052 beneﬁcia
2825 2997 3108 3067 ﬁdelium,
3154 3001 3378 3073 absque
3434 3003 3613 3060 ullius

1966 3086 2429 3141 contradictione
2461 3101 2596 3139 cum
2630 3102 2841 3157 magna
2871 3087 3064 3158 quiete
3112 3092 3165 3142 ct
3209 3090 3519 3149 securitate
3548 3097 3611 3150 tu

202 3174 352 3240 Quid
402 3175 593 3231 dicam
626 3176 697 3230 de
727 3176 1062 3232 Boamundo
1102 3176 1229 3246 ipso
1280 3176 1380 3248 qui
1413 3176 1636 3248 ingenti
1668 3176 1851 3232 animi
1884 3159 1927 3226 C
1965 3179 2022 3229 et
2052 3175 2137 3229 tui
2170 3174 2539 3245 possidentis,
2582 3178 2640 3228 et
2682 3191 2784 3245 per
2830 3179 2887 3229 te
2937 3176 3193 3231 universi
3243 3195 3613 3237 successores

204 3263 688 3336 magnanimitate
717 3264 791 3319 iis
820 3281 882 3320 se
902 3264 1169 3319 comitem
1194 3263 1458 3335 adiunxit
1477 3281 1610 3319 cum
1637 3269 1857 3337 septem

204 3350 467 3408 millibus
499 3352 734 3408 delectae
768 3352 1099 3424 juventulis
1142 3352 1371 3419 Italicae,
1433 3352 1633 3408 relicta
1692 3354 1856 3409 fratri

202 3455 397 3495 rerum
413 3440 680 3496 omnium
695 3457 979 3513 cura,quo
994 3456 1128 3496 cum
1157 3441 1256 3495 diu
1278 3440 1425 3496 bello
1442 3442 1859 3498 contenderat?

202 3522 286 3584 Ad
317 3527 426 3584 hos
457 3527 595 3585 belli
645 3529 933 3584 maximos
976 3535 1295 3601 apparatus
1346 3546 1528 3584 unum
1577 3529 1726 3585 illud
1753 3529 1860 3585 im-

204 3616 414 3690 primis
444 3621 534 3673 est
562 3618 980 3685 necessarium,
1016 3622 1080 3672 ut
1106 3622 1205 3673 tuo
1254 3618 1524 3690 praesidio
1564 3635 1857 3675 commea-

207 3710 388 3778 tuque
409 3710 585 3762 tantae
615 3707 795 3779 copia!
827 3707 1312 3772 iuventur.Quare
1336 3707 1410 3762 ab
1441 3712 1495 3762 te
1519 3712 1649 3779 peto
1681 3710 1859 3780 majo-

210 3810 333 3849 rem
364 3794 423 3848 in
454 3795 792 3861 modum,ut
821 3793 1272 3866 quibuscunque
1295 3794 1469 3849 rebus
1488 3796 1705 3866 poteris
1725 3797 1856 3868 jus-

209 3881 439 3938 tissime
457 3881 611 3937 bello
641 3882 1011 3955 gloriosoque
1033 3882 1401 3939 faveas.lllud
1420 3888 1637 3953 autem,
1653 3890 1857 3940 tamet-

212 3964 265 4025 si
296 3986 409 4025 non
443 3970 707 4025 dubitem
740 3971 845 4025 abs
876 3974 931 4025 te
963 3975 1231 4025 curatum
1262 3969 1355 4039 iri,
1387 3970 1539 4027 volui
1574 3975 1766 4028 tamen
1799 3978 1858 4029 te

206 4054 314 4131 per
340 4056 567 4115 litteras
597 4064 828 4114 nostras
858 4059 1007 4114 scire
1034 4059 1092 4114 id
1120 4058 1260 4114 mihi
1291 4064 1347 4115 et
1368 4060 1646 4116 universae
1668 4060 1859 4117 Chris-

206 4142 381 4204 tiane
410 4146 1267 4220 reipublicaajucundissimum
1298 4147 1438 4204 fore.
1472 4148 1633 4204 Vale.

232 4234 235 4237 ’
280 4236 497 4303 Roma,
527 4240 637 4292 etc.

919 4326 1152 4381 CCXIII.

210 4412 419 4469 Urbani
444 4413 673 4484 epistola
695 4415 765 4468 ad
787 4414 1085 4469 Gerardum
1111 4415 1557 4471 Tarvannensem.
1593 4444 1659 4454 —
1684 4415 1858 4471 Cano-

384 4501 521 4540 num
550 4489 942 4557 contemptores
971 4485 1517 4541 excommunicandos
1544 4501 1677 4541 esse.

664 4573 844 4646 (Intra
874 4591 1093 4629 annum
1124 4574 1407 4642 l088-97.)

651 4666 786 4729 llvo,
810 4663 1042 4730 Decret.,
1078 4679 1153 4730 ιν,
1186 4679 1235 4717 c.
1267 4662 1417 4731 219.]

279 4766 580 4824 Canonum
611 4772 1045 4841 contemptores
1075 4767 1620 4824 excommunicandi
1653 4771 1862 4823 suntet

201 4850 553 4929 damnandi,
583 4857 1059 4929 quandoquidem
1105 4873 1138 4911 a
1169 4857 1355 4912 sacris
1405 4856 1607 4911 altaris
1646 4861 1858 4928 myste-

201 4926 312 5000 riis
342 4948 432 5000 est
460 4926 856 5002 removendus“
874 4945 973 5017 qui
1008 4944 1189 4999 sacris
1222 4962 1336 4999 non
1368 4945 1492 4999 vult
1511 4926 1743 5000 obedire
1764 4961 1856 4999 ca-

202 5031 482 5089 nonibus.

917 5121 1144 5180 CCXIV.

207 5209 464 5268 Urbanus
493 5213 812 5267 monasterii
843 5211 1222 5267 Ctuniacensis
1253 5212 1522 5267 libertates
1546 5219 1598 5267 et
1620 5210 1857 5283 privile-

234 5295 254 5305 ‘
668 5284 762 5353 gia
788 5283 1078 5352 conﬁrmat
1100 5286 1386 5354 augetque.

831 5370 1019 5443 (Anno
1050 5371 1233 5440 1097.)

602 5459 884 5530 [Biblioth.
920 5459 1192 5527 Cluniae,
1226 5475 1283 5531 p.
1316 5460 1465 5530 520.]

232 5564 237 5567 ’
279 5560 560 5625 URBANUS
592 5564 921 5645 episcopus,
962 5578 1166 5626 servus
1198 5580 1498 5626 servorum
1531 5564 1654 5640 Dei,
1685 5581 1854 5629 vene-

1967 3262 2052 3318 tui
2085 3263 2143 3317 in
2178 3266 2544 3333 perpetuum.
2578 3262 2808 3316 Necnon
2856 3264 2966 3318 sub
3014 3264 3194 3319 divini
3228 3267 3437 3337 judicii
3480 3287 3613 3341 pro-

1967 3349 2348 3422 mulgatione,
2380 3355 2436 3406 et
2484 3350 2943 3418 conﬁrmatione,
2989 3356 3045 3406 et
3095 3354 3485 3412 anathematis
3522 3357 3611 3412 in-

1967 3439 2311 3495 terdictione
2368 3438 2809 3494 corroborantes
2870 3440 3234 3499 decrevimus
3292 3449 3356 3498 ut
3413 3445 3614 3503 nullus

1968 3527 2299 3600 episcopus,
2324 3543 2427 3583 seu
2458 3526 2704 3599 quilibet
2753 3529 3083 3586 sacerdotes
3112 3531 3172 3586 in
3205 3533 3410 3589 eodem
3440 3551 3615 3592 vene-

1968 3615 2134 3671 rabili
2167 3615 2451 3681 ccenobio,
2483 3631 2671 3686 neque
2716 3617 2953 3672 omnino
2985 3617 3042 3672 in
3086 3618 3283 3692 aliquo
3324 3620 3448 3679 loco
3480 3624 3616 3680 huic

1966 3705 2201 3760 subdito
2233 3720 2336 3777 pro
2376 3703 2575 3776 aliqua
2614 3704 2977 3763 ordinatione
3020 3724 3120 3763 seu
3181 3714 3617 3772 consecratione

1967 3793 2191 3860 altaris,
2226 3793 2312 3849 vel
2347 3794 2629 3861 ecclesiae,
2668 3795 3160 3867 presbyterorum,
3207 3800 3296 3854 vel
3335 3802 3615 3860 diacono-

1966 3898 2097 3936 rum
2131 3882 2565 3953 missarumque
2597 3882 3004 3950 celebratione,
3032 3885 3141 3940 nisi
3163 3887 3234 3941 ab
3260 3889 3470 3945 abbate
3486 3893 3617 3961 ejus

1967 3969 2234 4036 cmnobii,
2294 3968 2383 4023 vel
2444 3970 2736 4041 prioribus
2801 3971 2987 4025 eidem
3044 3975 3305 4029 cmnobio
3365 3977 3617 4035 subditis

1966 4058 2245 4113 invitatus
2273 4056 2668 4123 fuerit,venire
2698 4059 2766 4112 ad
2802 4061 3092 4130 agendum
3130 4068 3467 4133 praesumat.
3503 4067 3614 4122 Sed

1964 4144 2135 4201 liceat
2155 4143 2462 4200 monachis
2483 4144 2603 4199 tuis
2621 4145 2954 4218 ubicunque
2978 4148 3617 4226 positis,cujuscunque

1963 4234 2253 4291 voluerint
2268 4232 2652 4289 ordinationis
2684 4235 2932 4306 gradum
2959 4238 3255 4310 suscipere
3285 4240 3617 4315 ubicunque

1965 4324 2072 4379 tibi
2130 4327 2189 4379 et
2243 4322 2375 4377 aliis
2430 4323 2758 4394 vestrisque
2817 4327 3252 4382 successoribus
3310 4328 3614 4402 placuerit.

1966 4412 2375 4468 Interdicimus
2395 4415 2593 4467 autem
2615 4413 2726 4466 sub
2749 4411 2925 4468 simili
2953 4415 3342 4475 anathematis
3363 4419 3619 4492 promul-

1890 4521 1937 4587 D
1968 4500 2223 4574 gatione,
2259 4505 2325 4556 ut
2367 4517 2554 4571 neque
2601 4500 2969 4568 Cluniacum,
3003 4520 3192 4577 neque
3248 4506 3375 4563 loca
3430 4510 3502 4564 ad
3557 4510 3615 4566 id

1972 4588 2324 4660 pertinentia
2355 4588 2690 4660 ubicunque
2733 4591 2990 4664 episcopi
3023 4592 3107 4649 vel
3159 4597 3476 4654 sacerdotis
3518 4599 3616 4655 de-

1971 4676 2301 4746 primantur
2330 4676 2758 4752 inici-dictionis
2789 4678 2977 4745 titulo,
3006 4696 3108 4735 seu
3149 4687 3616 4742 excommunica-

1971 4764 2149 4819 tionis
2178 4763 2410 4819 vinculo
2458 4763 2544 4819 vel
2594 4764 3009 4822 anathematis.
3042 4769 3166 4824 Non
3207 4772 3365 4827 enim
3397 4774 3620 4846 patitur

1970 4853 2128 4909 sedis
2161 4857 2371 4907 sanctae
2402 4853 2733 4924 apostolica:
2765 4856 3101 4924 auctoritas,
3134 4864 3198 4913 ut
3229 4859 3388 4917 illius
3417 4864 3615 4933 cujus-

1969 4958 2201 5013 cunque
2222 4958 2481 5013 persona:
2515 4941 2873 5015 obligatione
2904 4947 3316 5016 proscindatur
3345 4967 3379 5004 a
3408 4965 3471 5005 se
3500 4950 3618 5005 cui-

1967 5030 2111 5086 libet
2139 5046 2415 5087 concessa
2438 5029 2726 5086 libertatis
2757 5033 3165 5103 potestas.Non
3198 5033 3379 5107 igitur
3408 5036 3615 5095 fratres

1968 5120 2054 5175 tui
2089 5125 2145 5176 et
2176 5118 2469 5186 monachi,
2501 5118 2859 5191 ubicunque,
2907 5121 3310 5195 cujuscunque
3358 5125 3614 5198 episcopi

1964 5208 2051 5264 vel
2087 5208 2532 5275 maledictionis,
2563 5208 2654 5265 vel
2701 5210 3344 5280 excommunicationis,
3390 5230 3493 5269 seu
3520 5214 3615 5271 in-

1966 5297 2331 5354 terdictionis
2361 5295 2591 5353 vinculo
2620 5302 2930 5354 teneantur
2959 5299 3199 5355 astricti.

2037 5387 2198 5452 Quod
2233 5387 2282 5442 si
2302 5386 2435 5459 quis
2452 5386 2643 5443 sciens
2666 5387 2815 5442 banc
2828 5395 3084 5443 nostram
3107 5389 3615 5462 paginam,contra

1965 5474 2117 5531 hanc
2147 5476 2334 5533 facere
2364 5476 2824 5549 przesumpserit,
2871 5468 3214 5535 auctoritate
3252 5480 3406 5538 beati
3436 5482 3610 5550 Petri,

1966 5562 2060 5624 cui
2085 5564 2363 5626 Conditor
2387 5564 2651 5625 omnium
2699 5563 2921 5640 ligandi
2951 5570 3125 5647 atque
3155 5567 3415 5632 solvendi
3444 5576 3612 5651 potes
