4004 6162
384 243 500 306 487

1678 240 1750 304 Β.
1798 239 2088 304 URBANI
2133 240 2185 302 Π
2229 238 2480 304 ΡΑΡιΕ.

386 383 594 432 etatem
627 376 944 442 commisit,
980 377 1224 434 ecclesia
1254 383 1446 433 vestra
1489 384 1541 433 et
1592 378 1702 448 ipsi
1765 376 2029 430 monachi
2065 378 2115 440 Α
2153 376 2223 428 rit
2253 376 2560 447 episcopus
2611 377 2946 432 advocetur.
2990 375 3267 431 Praeterea
3297 371 3710 429 constituimus
3742 376 3813 424 ut

385 465 781 522 absolvantur.
821 468 888 522 Et
935 467 987 523 is
1036 467 1370 537 quicunque
1430 467 1524 530 sit,
1561 466 1658 536 qui
1709 465 2036 536 apostolicae

385 555 542 610 sedis
571 554 756 610 filium
781 555 984 624 ligare,
1000 555 1118 609 sive
1137 555 1480 609 maledicere
1511 558 1712 608 contra
1742 555 2038 608 decretum

384 647 650 700 nostrum
709 643 975 708 voluerit,
1019 641 1426 697 maledictione
1486 647 1764 713 perpetua
1804 641 2037 712 ligetur,

382 732 926 796 anathematizetur,
961 731 1398 786 condemnetur.
1434 730 1494 786 Si
1543 747 1659 802 qua
1709 747 1838 786 vero
1879 746 2034 785 com-

383 826 586 894 petens
639 823 785 875 ratio
817 819 1094 874 adversus
1143 818 1467 890 quidquam
1507 820 1770 888 moverit,
1826 824 1884 874 et
1927 818 2036 874 hoc

381 909 546 964 aliter
575 905 950 963 determinari
982 907 1072 962 vel
1104 906 1346 962 difﬁniri
1371 907 1719 978 nequiverit,
1741 907 2035 978 judicium

381 995 788 1068 apostolicum,
824 995 978 1066 quod
1032 996 1178 1051 nulli
1233 997 1635 1068 praejudicium
1682 996 2036 1068 praetendere

379 1085 803 1156 patitur,super
833 1083 941 1139 hoc
975 1084 1262 1156 patienter
1291 1085 1672 1156 praestoletur,
1707 1090 1765 1140 et
1794 1083 2034 1140 humili-

377 1163 465 1229 ter
493 1171 1053 1243 requiratur.Liceat
1082 1190 1318 1245 quoque
1346 1174 1637 1230 vobis-ceu
1669 1173 1951 1229 fratribus
1973 1173 2030 1228 in

377 1260 640 1317 ecclesiis
669 1261 878 1316 vestris
910 1262 1281 1333 presbyteros
1330 1261 1566 1333 eligere,
1609 1261 1691 1316 ita
1739 1267 1934 1317 tamen
1968 1265 2033 1317 ut

378 1351 450 1406 ab
480 1350 788 1423 episcopis,
823 1349 912 1404 vel
935 1351 1008 1404 ab
1031 1351 1436 1424 episcOporum
1455 1350 1686 1406 vicariis
1698 1350 2031 1406 animarum

377 1455 577 1494 curam
608 1440 831 1510 absque
857 1437 1167 1494 venalitate
1199 1438 1543 1512 suscipiant,
1578 1457 1722 1511 quas
1771 1439 1818 1494 si
1870 1456 2030 1494 com-

379 1529 606 1584 mittere
637 1528 902 1599 illi,quod
937 1528 1111 1593 absit,
1147 1545 1214 1583 ex
1244 1529 1528 1600 pravitate
1560 1527 1872 1592 noluerint,
1891 1533 2029 1583 tunc

379 1617 699 1688 presbyteri
748 1633 815 1670 ex
863 1616 1192 1688 apostolica:
1243 1616 1401 1672 sedis
1450 1617 1806 1689 benignitate
1837 1616 2030 1672 ofﬁcia

377 1705 707 1760 celebrandi
733 1705 1024 1760 licentiam
1045 1705 1854 1777 assequantur.Eeclesiarum
1873 1722 2025 1770 vero,
2059 1743 2106 1808 Β

376 1810 476 1850 seu
510 1792 783 1848 altarium
817 1793 1284 1850 consecrationes
1335 1795 1404 1849 ab
1455 1795 1744 1866 episcopis
1791 1794 1848 1848 in
1881 1811 2023 1865 quo-

375 1900 506 1937 rum
537 1882 883 1937 dimcesibus
915 1887 1076 1948 sunt,
1128 1882 1390 1938 locorum
1442 1886 1768 1942 astrorum
1817 1883 2023 1940 fratres

373 1972 693 2043 accipiant;
729 1971 1017 2041 siquidem
1051 1974 1231 2042 gratis
1260 1989 1325 2028 ac
1356 1972 1482 2027 sine
1514 1971 1796 2044 pravitate
1827 1971 2022 2027 volue-

374 2060 493 2115 rint
521 2059 1090 2131 exhibereAlioquin
1122 2079 1154 2116 a
1185 2059 1490 2126 catholico,
1545 2076 1719 2132 quem
1755 2060 2024 2116 malueri-

371 2149 466 2212 tis,
501 2149 771 2221 episcopo
801 2150 1309 2205 consecrationum
1359 2148 1623 2220 ipsarum
1657 2151 2024 2205 sacramenta

374 2236 721 2309 suscipiant.

440 2325 818 2382 Decernimus
845 2325 1021 2380 etiam
1054 2324 1212 2380 illius
1243 2325 1411 2395 cuius
1443 2326 1586 2393 vice,
1619 2325 1887 2398 quamvis
1927 2326 2020 2381 in—

368 2413 552 2488 digni,
585 2412 968 2486 fungimur,et
999 2413 1338 2470 auctoritate
1385 2414 1704 2483 sancimus,
1757 2420 1822 2471 ut
1863 2415 2019 2471 idem

367 2503 531 2559 locus
589 2506 645 2558 et
701 2501 826 2558 loca
882 2502 932 2558 ei
992 2502 1228 2558 subdita
1296 2504 1572 2558 omnibus
1639 2505 1710 2558 ob
1766 2503 2018 2559 salutem

367 2591 841 2664 confugientibus
873 2591 992 2646 sint
1021 2591 1438 2648 misericordiae
1469 2591 1657 2660 sinus,
1695 2592 1814 2647 sint
1838 2592 2019 2649 totius

368 2679 600 2753 pietatis
657 2684 715 2735 et
744 2679 952 2736 salutis
1002 2684 1243 2751 portus;
1277 2681 1540 2737 obtineat
1588 2682 1647 2735 in
1703 2681 1774 2736 iis
1821 2680 2015 2737 locum

360 2771 581 2841 justus,
615 2785 719 2824 nec
769 2767 1086 2840 repellatur
1132 2769 1411 2840 paenitere
1457 2768 1654 2824 volens
1707 2769 2012 2840 injustas;

366 2858 692 2930 praabeatur
720 2856 1130 2913 innocentibus
1161 2857 1416 2914 charitas
1443 2863 1661 2913 mutuae
1693 2859 2016 2914 fraternita-

366 2948 464 3016 tis,
498 2964 612 3002 non
641 2950 882 3018 negetur
909 2946 1148 3002 offensis
1177 2962 1313 3020 spes
1341 2945 1548 3002 salutis
1572 2951 1628 3002 et
1651 2947 2016 3019 indulgentia

366 3034 694 3107 pietatis.Et
723 3034 772 3089 si
804 3032 1015 3105 aliquis
1043 3035 1218 3091 etiam
1268 3036 1672 3107 cujuscunque
1722 3033 2015 3108 obligatus

367 3106 736 3180 anathemate
784 3124 1052 3178 eumdem
1113 3123 1306 3178 locum
1359 3123 1447 3178 vel
1505 3106 1627 3178 loca
1682 3123 1733 3179 ei
1778 3106 2012 3180 subdita
2043 3106 2087 3173 (ἶ

365 3210 812 3286 expetierit,sive
840 3228 944 3284 pro
975 3212 1234 3284 corporis
1267 3211 1588 3284 sepultura,
1621 3229 1719 3268 seu
1774 3213 2016 3270 alterius

369 3301 638 3357 utilitatis
663 3317 729 3356 ac
757 3299 969 3356 salutis
1000 3299 1209 3372 gratia,
1233 3299 1476 3355 minime
1493 3318 1526 3356 a
1558 3301 1725 3356 venia
1745 3307 1801 3356 et
1820 3305 2018 3372 optata

367 3388 765 3446 misericordia
821 3387 1184 3455 excludatur,
1247 3389 1346 3445 sed
1415 3388 1539 3444 oleo
1608 3388 2016 3448 medicamenti

369 3478 644 3534 salutaris
699 3477 983 3532 lovendus
1046 3476 1375 3550 benigniter
1430 3477 1737 3550 obligetur,
1787 3479 1927 3549 quia
1962 3482 2019 3534 et

361 3567 592 3638 justum
627 3565 710 3619 sic
741 3569 919 3631 est,ut
947 3564 1006 3618 in
1039 3565 1210 3620 domo
1241 3565 1476 3637 pietatis
1501 3571 1556 3621 et
1579 3567 1739 3636 justo
1769 3567 2020 3638 praebea-

368 3661 467 3710 tur
523 3652 755 3709 dilectio
814 3657 1026 3708 sanctie
1087 3654 1486 3721 fraternitatis,
1543 3661 1600 3710 et
1658 3655 1730 3710 ad
1788 3655 2017 3710 veniam

371 3741 726 3812 confugienti
765 3741 1050 3813 peccatori
1103 3757 1215 3796 non
1251 3748 1495 3814 negetur
1525 3743 2016 3798 medicamentum

371 3829 743 3902 indulgentia)
801 3833 859 3883 et
914 3827 1143 3885 salutis.
1202 3829 1290 3884 Sit
1357 3834 1554 3884 autem
1608 3831 1884 3886 omnibus
1934 3831 2016 3886 ibi

369 3917 814 3976 advenientibus
845 3934 1018 3973 causa
1069 3916 1277 3973 salutis
1305 3918 1399 3973 hic
1437 3924 1494 3973 et
1535 3919 1593 3973 in
1646 3925 2014 3991 perpetuum,

368 4007 573 4064 divinae
605 4004 996 4061 miserationis
1027 4011 1084 4062 et
1115 4005 1347 4078 pietatis
1378 4008 1755 4079 refugium,et
1783 4015 2017 4080 aposto-

367 4095 490 4150 licae
521 4094 944 4150 benedictionis
973 4099 1032 4150 et
1062 4093 1446 4151 absolutionis
1476 4096 1832 4167 praesidium.
1857 4097 2016 4153 Hanc

368 4184 543 4239 etiam
573 4182 736 4239 vobis
769 4184 1206 4256 praerogativam
1239 4184 1618 4240 concedimus
1649 4189 1713 4240 ut
1746 4185 2017 4257 quisquis

369 4273 440 4327 ad
472 4288 574 4327 vos
605 4271 777 4327 alieni
810 4271 1142 4327 monasterii
1176 4272 1498 4328 monachus
1531 4290 1632 4344 pro
1662 4274 1788 4328 vitae
1820 4274 2017 4329 melio-

369 4361 592 4416 ratione
667 4360 985 4427 transierit,
1054 4359 1296 4416 licenter
1365 4361 1701 4433 recipiatur,
1779 4362 2016 4418 remotis

369 4449 580 4521 prioris
631 4447 739 4503 loci
797 4449 1204 4520 querimoniis,
1265 4454 1348 4516 ut,
1409 4449 1689 4522 largiente
1747 4450 2010 4520 Domino,
2045 4473 2091 4538 D

369 4536 577 4593 salutis
609 4553 785 4608 quam
819 4553 1076 4608 quaerere
1127 4538 1362 4593 videtur
1403 4539 1558 4609 apud
1604 4553 1706 4595 vos
1758 4539 2016 4611 potiatur

367 4626 595 4682 effectu.
627 4624 877 4680 Clericos
909 4641 1141 4696 quoque
1173 4626 1489 4699 regulares,
1524 4643 1672 4698 quos
1703 4629 2013 4684 canonicos

365 4719 589 4778 vocant,
626 4713 726 4786 qui
760 4714 846 4770 vel
893 4713 953 4769 in
985 4713 1126 4769 locis
1168 4715 1291 4771 suis
1337 4715 1549 4771 salvari
1595 4733 1709 4772 non
1745 4723 2010 4788 possunt,

365 4805 456 4860 vel
510 4820 611 4877 pro
670 4803 1114 4859 necessitatibus
1145 4805 1216 4859 ad
1262 4804 1388 4860 loca
1418 4809 1608 4859 vestra
1650 4805 2014 4877 confugiunt,

366 4893 744 4966 suscipiendi,
777 4896 834 4946 et
865 4897 1120 4946 vestrum
1159 4893 1514 4963 propositum
1555 4895 1900 4948 admittendi
1947 4893 2015 4948 li-

367 4983 617 5037 centiam
652 4982 1043 5054 impertimur.
1066 4981 1441 5037 Decernimus
1473 4987 1768 5054 praeterea,
1801 4987 1858 5036 et
1887 4999 2014 5036 om-

367 5071 505 5126 nino
530 5071 963 5137 constituimus,
997 5075 1062 5125 ut
1091 5071 1347 5142 praedicti
1383 5069 1488 5126 loci
1511 5071 1762 5126 obeunte
1784 5071 2012 5146 abbate,

367 5175 482 5214 non
514 5159 593 5213 ibi
624 5159 1107 5230 alicujuscunque
1125 5175 1382 5230 personis
1403 5158 1674 5215 violentia
1702 5158 2016 5215 constitua-

366 5249 464 5300 tur
484 5246 864 5314 ordinandus,
899 5247 1000 5303 sed
1033 5247 1103 5302 ab
1135 5247 1264 5319 ipsa
1299 5247 1746 5319 congregatione
1790 5247 1899 5303 loci
1929 5265 2014 5305 se-

369 5333 627 5388 cundum
679 5335 949 5390 timorem
983 5337 1082 5391 Dei
1115 5341 1172 5392 et
1199 5335 1627 5392 institutionem
1660 5335 2013 5408 legislatoris

369 5419 857 5489 Benedicti,Pater
885 5424 985 5494 qui
1018 5423 1128 5479 sibi
1170 5440 1414 5496 praeesse
1463 5423 1693 5489 debeat,
1739 5423 2008 5496 eligatur,

369 5514 544 5590 atque
555 5507 628 5569 ad
651 5525 785 5569 eum
798 5510 1190 5573 ordinandum
1205 5510 1763 5593 qualiscunqueillis
1784 5511 2012 5589 placue-

2152 465 2294 519 nulli
2329 465 2567 519 omnino
2599 465 2905 520 hominum
2933 463 3118 520 liceat
3166 468 3424 520 vestrum
3477 459 3809 518 venerabile

2148 553 2472 610 emnohium
2501 559 2555 609 et
2607 553 2734 608 loca
2775 553 2826 608 ei
2877 552 3114 609 subdita
3170 557 3387 609 temere
3441 549 3802 622 perturbare,

2147 643 2247 697 sed
2279 659 2480 698 eorum
2511 641 2789 710 ecclesias,
2814 642 3072 709 decimas,
3107 641 3509 714 possessiones
3553 643 3615 694 et
3650 639 3807 694 bona

2146 734 2369 797 caetera,
2399 748 2526 802 qua:
2554 746 2656 803 pro
2688 730 3019 786 animarum
3055 730 3384 800 salutejam
3405 728 3617 784 donata
3638 730 3801 796 sunt,

2144 818 2231 874 vel
2259 819 2320 874 in
2352 821 2640 886 futurum,
2672 819 2918 876 Domino
2953 819 3288 886 miserante,
3306 816 3508 873 donari
3534 815 3800 888 contige-

2145 907 2419 977 rit,firma
2448 908 2614 965 vobis
2643 907 2965 980 vestrisque
3009 907 3443 966 successoribus
3485 909 3544 961 et
3568 904 3803 960 illibata.

2143 997 2611 1069 permaneant.Si
2643 1015 2756 1068 qua
2787 997 2967 1069 igitur
2995 996 3387 1054 ecclesiastica
3429 993 3797 1052 secularisve

2143 1103 2395 1158 persona
2418 1087 2570 1142 hanc
2593 1092 2855 1143 nostram
2875 1085 3350 1143 constitutionem
3373 1084 3796 1150 sciens,contra

2142 1191 2271 1231 eam
2321 1180 2538 1230 temere
2595 1176 2788 1231 venire
2847 1174 3172 1239 tentaverit,
3235 1173 3490 1231 secundo
3550 1171 3793 1228 tertiove

2141 1264 2516 1330 commonita,
2549 1265 2597 1320 si
2632 1281 2745 1320 non
2795 1264 3194 1320 satisfactione
3233 1277 3492 1335 congrua
3519 1261 3794 1316 emenda-

2141 1354 2306 1420 verit,
2359 1353 2662 1424 potestatis
2705 1352 3059 1424 honorisque
3105 1351 3195 1408 sui
3243 1351 3531 1424 dignitate,
3574 1353 3789 1416 careat,

2140 1458 2418 1512 reamque
2449 1457 2512 1496 se
2561 1441 2754 1497 divino
2786 1441 3002 1512 judicio
3051 1441 3297 1498 existere
3343 1440 3419 1496 de
3461 1443 3792 1512 perpetrata

2139 1529 2449 1602 iniquitate
2479 1534 2810 1601 cognoscat,
2843 1534 2902 1584 et
2949 1547 2984 1584 a
3025 1527 3400 1585 sanctissimo
3447 1543 3686 1599 corpore
3731 1530 3790 1583 et

2138 1619 2424 1690 sanguine
2455 1619 2579 1682 Dei,
2621 1623 2678 1673 et
2709 1618 2937 1673 Domini
2986 1617 3390 1689 Redemptoris
3435 1614 3618 1671 nostri
3645 1614 3786 1670 Jesu

2137 1707 2354 1763 Christi
2397 1707 2587 1762 aliena
2617 1708 2739 1773 fiat,
2773 1712 2947 1778 atque
2991 1707 3048 1762 in
3082 1711 3338 1762 extremo
3369 1704 3635 1772 examine
3664 1704 3786 1759 dis-

2137 1797 2318 1852 tricta:
2350 1794 2552 1851 ultioni
2585 1795 2902 1867 subjaceat.
2936 1795 3174 1851 Cunctis
3197 1795 3363 1865 justa
3384 1794 3574 1850 eidem
3597 1809 3785 1860 cccno-

2136 1886 2231 1940 bio
2263 1885 2504 1956 suisque
2533 1884 2674 1939 locis
2698 1886 3065 1940 servantibus
3096 1885 3173 1940 sit
3203 1901 3314 1956 pax
3335 1881 3566 1938 Domini
3599 1882 3784 1942 nostri

2130 1975 2270 2030 Jesu
2301 1973 2536 2041 Christi,
2571 1978 2863 2046 quatenus
2893 1973 2987 2028 hic
3036 1974 3291 2028 fructum
3342 1973 3504 2028 bona:
3535 1971 3792 2040 actionis,

2134 2063 2478 2135 percipiant,
2527 2068 2583 2118 et
2633 2063 2786 2134 apud
2851 2061 3184 2118 districtum
3234 2061 3494 2134 judicem
3545 2058 3789 2136 praemia

2131 2156 2354 2208 aeternas
2385 2151 2545 2223 pacis
2577 2150 2892 2206 inveniant.
2925 2152 3127 2206 Amen.

2203 2240 2412 2295 Datum
2445 2237 2713 2295 Laterani
2745 2256 2779 2293 ν
2812 2239 2946 2294 Idus
2973 2238 3260 2306 Januarii,
3293 2237 3610 2295 indictione
3638 2253 3691 2292 v.

2849 2344 3050 2400 CCXV.

2133 2435 2340 2492 Urbani
2381 2435 2430 2490 Il
2455 2450 2613 2507 papa:
2641 2434 2867 2507 epistola
2894 2433 2965 2507 ad
3015 2434 3224 2507 clerum
3265 2440 3316 2490 ει
3339 2431 3612 2504 populum
3649 2431 3780 2488 Tra-

2709 2505 2894 2561 nensis
2918 2505 3190 2560 Ecclesia.

2752 2595 2938 2665 (Anno
2978 2591 3155 2654 1097.)

2403 2684 2556 2753 [Acta
2579 2687 2911 2747 sanctorum,
2942 2686 2983 2737 t.
3017 2682 3038 2736 Ι
3069 2682 3232 2750 Jun.,
3258 2697 3313 2753 p.
3347 2681 3497 2752 249.]

2199 2773 2472 2828 Uneaxus
2504 2773 2833 2844 episcopus,
2866 2786 3070 2826 servus
3114 2786 3413 2827 servorum
3459 2769 3580 2835 Dei,
3622 2767 3780 2825 clero

2125 2868 2182 2916 et
2212 2861 2423 2926 ordini,
2456 2860 2755 2916 nobilibus
2783 2865 2838 2914 et
2879 2858 3034 2931 plebi
3075 2858 3253 2914 Trani
3297 2856 3774 2925 consistentibus,

2124 2950 2374 3006 salutem
2406 2955 2462 3005 et
2491 2949 2872 3021 apostolicam
2895 2947 3380 3003 benedictionem.

2195 3039 2342 3094 Cum
2373 3038 2656 3110 largiente
2683 3037 2927 3092 Domino
2949 3052 3134 3107 nuper
3156 3052 3291 3091 cum
3320 3049 3529 3107 magna
3553 3033 3791 3106 episcoo-

2125 3145 2331 3201 porum
2363 3127 2759 3198 abbatumque
2793 3125 3121 3197 frequentia
3151 3122 3427 3197 synodale
3455 3121 3772 3185 concilium

2124 3233 2451 3290 ageremus,
2483 3213 2828 3272 venerabilis
2871 3213 3050 3269 frater
3080 3217 3279 3269 noster
3325 3211 3642 3278 Bisantius,
3672 3227 3768 3268 ve-

2125 3312 2257 3361 strae
2287 3303 2536 3361 civitatis
2561 3301 3414 3375 archiepiscopus,venerabilis
3429 3299 3764 3360 viriNicolai

2124 3393 2246 3466 (qui
2269 3393 2422 3466 apud
2454 3409 2554 3449 vos
2569 3391 2916 3464 Peregrinus
2945 3389 3305 3460 nominatur)
3346 3385 3628 3444 nonnulla
3659 3384 3769 3442 mi-

2126 3481 2325 3538 racula
2347 3499 2542 3538 coram
2574 3481 2844 3537 universo
2875 3478 3118 3536 concilio
3163 3477 3378 3550 scripto
3429 3477 3586 3534 edita
3629 3476 3778 3534 reci-.

2125 3573 2287 3632 tavit.
2320 3578 2377 3626 et
2403 3571 2675 3626 eumdem
2708 3569 2809 3624 Dei
2841 3565 3517 3634 hominem,auctoritate
3550 3569 3772 3636 nostra,

2125 3661 2183 3715 in
2217 3666 2554 3715 sanctorum
2604 3655 2863 3728 catalogo
2911 3653 3287 3711 annumerari
3337 3653 3770 3720 instantissime

2126 3747 2460 3822 postulavit.
2494 3752 2610 3802 Nos
2661 3744 2838 3817 igitur
2879 3760 3119 3798 causam
3167 3743 3356 3812 ipsam
3387 3741 3576 3797 eidem
3607 3739 3775 3797 fratri

2124 3842 2324 3894 nostro
2355 3833 2790 3897 commisimus,
2822 3833 2893 3887 de
2914 3832 3043 3902 ejus
3076 3830 3358 3885 nimirum
3390 3828 3678 3902 probitate
3707 3845 3778 3886 ac

2125 3925 2370 3983 scientia
2401 3921 2547 3979 nihil
2578 3921 2939 3985 haesitantes,
2975 3925 3039 3974 ut
3070 3919 3223 3991 quod
3257 3919 3308 3973 ei
3343 3915 3630 3973 revelante
3660 3915 3775 3972 Do-

2126 4015 2284 4070 mino
2314 4013 2504 4068 visum
2536 4009 2729 4074 fuerit,
2755 4008 3059 4064 maturiori
3109 4007 3526 4064 deliberatione
3558 4006 3776 4076 consti-

2125 4107 2283 4169 tuat;
2318 4101 2389 4156 ad
2420 4099 2654 4154 laudem
2683 4103 2739 4153 et
2763 4096 3008 4170 gloriam
3040 4095 3200 4152 illius
3248 4096 3346 4168 qui
3379 4094 3636 4169 gratuita
3665 4093 3774 4156 mi-

2125 4189 2442 4247 sericordia
2489 4186 2744 4243 famulos
2787 4203 2924 4243 suos
2979 4186 3222 4242 miriﬁce
3269 4185 3598 4257 gratificare
3645 4201 3779 4244 cen-

2125 4279 2330 4336 suevit.

2835 4362 3056 4419 CCXVI.

2221 4457 2425 4514 Urbani
2453 4457 2502 4512 II
2531 4454 2763 4528 epistola
2792 4451 2876 4528 ad_
2903 4456 3191 4522 llugonem
3218 4449 3683 4522 archiepiscopum

2727 4522 3156 4595 Lugdunensem.

2736 4615 2923 4683 (Anno
2964 4611 3148 4681 4097.)

2377 4704 2633 4776 [ΒΑιυΖ.,
2666 4701 2886 4756 Miscell.
2922 4700 3060 4754 edit.
3096 4699 3234 4754 Luc.
3271 4698 3340 4766 ΙΙ,
3376 4697 3518 4765 180.]

2200 4812 2475 4867 υιιΒΑΝυε
2505 4809 2835 4880 episcopus,
2863 4823 3066 4862 servus
3097 4822 3395 4861 servorum
3445 4803 3564 4874 Dei,
3601 4819 3776 4859 vene~

2127 4899 2293 4955 rabili
2327 4900 2489 4954 fratri
2519 4903 2575 4952 et
2595 4895 2933 4968 coepiscOpo
2964 4895 3212 4961 HUGONI,
3243 4892 3572 4967 apostolicae
3615 4890 3774 4958 sedis

2123 4988 2335 5060 legato,
2370 4986 2619 5041 salutem
2643 4989 2700 5039 et
2731 4983 3106 5054 apostolicam
3139 4981 3624 5039 benedictionem.

2193 5075 2354 5140 Quod
2367 5076 2437 5130 de
2449 5070 2798 5144 Guapicensi
2815 5087 2917 5126 seu
2931 5071 3125 5128 Diensi
3149 5070 3510 5144 coepiscopis
3522 5070 3772 5143 pruden-

2121 5166 2265 5222 tiam
2279 5169 2440 5219 tuam
2453 5161 2642 5235 egisse
2660 5158 3001 5233 significasti
3021 5160 3189 5216 nobis
3203 5160 3518 5217 admodum
3535 5163 3770 5233 gratum

2122 5258 2291 5318 est,et
2317 5252 2364 5308 si
2387 5253 2512 5321 jam
2544 5248 2799 5322 amplius
2827 5252 3022 5303 actum
3063 5253 3234 5318 esset,
3259 5247 3492 5322 gratius
3523 5247 3772 5303 habere-

2122 5359 2274 5408 mus,
2311 5345 2373 5395 ut
2402 5343 2458 5394 et
2485 5337 2808 5408 Guapensis
2841 5336 2912 5391 ab
2942 5337 3274 5394 incubantis
3309 5336 3464 5410 porci
3497 5335 3772 5392 faucibus

2119 5432 2501 5499 erueretur,et
2519 5427 2744 5483 Diensis
2771 5430 3001 5499 pastore
3021 5442 3198 5498 quem
3222 5427 3443 5500 appetit
3457 5426 3767 5481 frueretur.

2120 5521 2185 5581 In
2217 5517 2472 5580 Ecclesia
2502 5515 2895 5579 Lemovciensi
2913 5515 2996 5577 nil
3043 5515 3350 5593 potestatis
3371 5513 3772 5576 confratriae-
