4004 6162
150 342 290 417 "489

1352 356 1759 422 EPISTOLE
1802 355 1903 421 ΕΤ
1944 356 2417 422 PRIVILEGIA.

3460 359 3582 422 490

169 494 290 546 stro
312 491 377 545 Α.
403 505 510 545 nos
549 488 781 546 dedisse
825 505 1163 561 cognoscas,
1200 490 1315 546 nisi
1373 491 1527 563 quod
1582 506 1716 546 cum
1743 493 1814 548 ab
1843 494 1897 561 Α
1929 493 2272 565 perveniens
2295 495 2719 550 monasterium
2740 496 2897 568 quod
2910 492 3344 550 Glann‘afolium
3366 484 3581 548 dicitur

170 580 296 652 ipso
318 595 421 652 pro
443 578 646 635 eadem
680 578 939 635 Ecclesia
978 596 1342 653 rogaremur,
1375 584 1440 635 ut
1461 580 1615 654 apud
1639 580 1819 637 comi-

167 672 282 724 tem
296 668 661 725 Lemovicem
677 664 1009 726 consuleret
1022 685 1126 742 pro
1141 668 1409 741 ampliori
1427 667 1822 726 familiaritate

165 757 567 833 praecipimus.
586 756 938 814 Electionem
969 758 1152 830 igitur
1176 759 1295 815 sive
1321 759 1820 815 consecrationem

167 845 287 902 illic
310 863 427 902 non
451 848 588 919 jure
618 846 833 904 factam
852 864 960 903 nos
992 848 1230 921 quidem
1261 847 1486 904 irritam
1508 848 1817 917 habemus,

167 935 267 992 sed
299 935 493 992 adhuc
542 937 889 1009 sententiam
922 954 1025 1009 pro
1082 954 1199 993 non
1250 938 1580 1009 spernenda
1618 936 1819 993 domni

166 1024 351 1101 patris
363 1025 549 1081 nostri
564 1023 969 1099 Cluniacensis
988 1024 1214 1081 abbatis
1233 1025 1624 1098 postulatione
1638 1026 1821 1081 distu-

167 1113 366 1171 limus.
394 1112 749 1189 Suppliciter
764 1114 920 1170 enim
955 1115 1293 1171 exoravitne
1311 1115 1370 1170 in
1395 1115 1635 1171 fratrem
1651 1114 1817 1170 illum

166 1203 541 1277 impatienter
563 1204 1016 1277 ageremus.Nos
1037 1205 1308 1261 autemin
1330 1204 1491 1261 nullo
1509 1203 1817 1277 legationis

167 1298 279 1348 tuae
289 1293 393 1365 jus
409 1298 684 1365 operante
701 1291 948 1349 Domino
961 1293 1320 1359 minuemus,
1345 1298 1402 1349 et
1418 1310 1543 1365 qua:
1562 1292 1818 1349 dictante

158 1380 397 1453 justitia
418 1382 536 1455 oris
575 1398 948 1454 nequaquam
970 1400 1074 1455 per
1112 1400 1220 1439 nos
1256 1399 1363 1439 suo
1397 1384 1603 1438 robore
1624 1399 1815 1439 cessa-

165 1471 333 1526 bunt.
367 1470 448 1527 De
472 1470 877 1527 Aurelianensi
909 1472 1063 1544 quod
1094 1472 1351 1529 statuisti
1383 1476 1579 1529 et'nos
1610 1471 1815 1528 statui-

163 1559 623 1632 mus,siquidem
651 1578 776 1633 quae
807 1561 879 1617 de
909 1577 974 1617 eo
998 1565 1117 1617 tam
1146 1561 1302 1635 apud
1329 1578 1436 1617 nos
1455 1577 1636 1633 quam
1661 1560 1816 1633 apud

162 1655 218 1706 te
239 1647 497 1722 allegata
525 1654 668 1704 sunt
695 1666 831 1705 vera
863 1667 991 1707 esse
1038 1650 1386 1706 constiterit.
1422 1650 1585 1716 Quod
1618 1653 1816 1705 autem

163 1739 235 1794 de
264 1737 702 1795 Senonensibus
732 1738 959 1795 clericis
1001 1738 1315 1811 postulasti
1345 1738 1625 1794 libentius
1655 1755 1814 1795 exse—

162 1843 436 1901 quemur,
468 1827 519 1882 si
550 1826 744 1883 clerici
770 1829 883 1900 ipsi
931 1845 1035 1901 pro
1080 1827 1248 1884 electi
1278 1828 1371 1884 sui
1403 1844 1581 1884 causa
1606 1828 1678 1884 ad
1708 1841 1817 1883 nos

160 1917 310 1972 forte
339 1917 725 1989 pervenerint.
755 1917 836 1973 De
866 1916 1200 1974 Belvacensi
1246 1917 1421 1973 etiam
1456 1918 1612 1990 quod
1644 1915 1818 1990 egisti

161 2006 334 2062 nobis
354 2006 594 2061 omnino
617 2023 734 2062 non
756 2006 1045 2079 displicet,
1064 2006 1202 2079 quia
1224 2023 1327 2079 pro
1349 2005 1616 2080 personis
1638 2004 1817 2061 nullis

159 2097 397 2151 sanctos
418 2109 671 2150 canones
695 2093 970 2151 volumus
991 2100 1092 2151 aut
1111 2095 1354 2167 impune
1377 2098 1692 2168 praestante
1713 2093 1820 2150 Do-

160 2183 323 2239 mino
355 2182 615 2256 patimur
645 2182 996 2239 conculcari.
1032 2183 1138 2240 Pro
1187 2200 1366 2240 causa
1415 2183 1818 2239 Cluniacensis

161 2272 505 2329 monasterii
537 2272 947 2328 strenuitatem
978 2274 1143 2327 tuam
1175 2272 1487 2328 sollicitam
1520 2271 1815 2341 volumus,

159 2365 230 2417 ut
256 2378 393 2418 cum
425 2378 460 2417 a
487 2361 723 2417 domino
757 2361 965 2416 abbate
997 2360 1313 2434 requisitus
1346 2360 1549 2428 fueris,
1568 2361 1639 2416 de
1670 2361 1817 2417 duce

161 2450 536 2524 Burgundios,
574 2450 643 2505 de
672 2450 915 2506 Aimone
946 2451 1327 2519 Borbonensi,
1347 2449 1447 2523 qui
1477 2466 1577 2506 eos
1607 2449 1820 2506 acriter

162 2539 802 2611 molestant,congruen
810 2543 925 2595 tem
934 2540 958 2611 j
969 2539 1235 2596 ustitiam
1249 2538 1693 2611 exsequaris.De
1706 2542 1822 2593 sta-

162 2634 228 2684 tu
247 2632 448 2684 nostro
469 2628 777 2684 nobiscum
813 2629 930 2684 Deo
953 2629 1173 2701 gratias
1197 2645 1323 2702 age,
1357 2629 1498 2701 quia
1526 2642 1715 2699 usque
1745 2627 1817 2683 ad

166 2718 379 2774 Urbem
429 2733 566 2772 cum
612 2720 769 2773 Com.
830 2717 908 2772 M.
963 2717 1201 2789 paciﬁca
1254 2716 1544 2784 venimus,
1610 2716 1817 2772 urbem

163 2806 585 2863 honestissime
646 2822 782 2862 cum
834 2807 1271 2878 procedentium
1332 2805 1647 2879 stipatione
1704 2805 1817 2861 fre-

161 2895 560 2968 quentissima
585 2894 978 2951 introivimus.
1002 2895 1215 2951 Urbem
1242 2896 1433 2967 ipsam
1455 2893 1665 2965 majori
1687 2894 1816 2966 jam

159 3002 229 3041 ex
258 2987 425 3057 parte
455 2983 762 3041 habemus.
811 2984 1109 3056 Synodum
1157 2984 1424 3040 Laterani
1481 2982 1821 3040 solemniter

166 3072 613 3130 celebravimus.
637 3071 802 3129 Cives
824 3072 995 3129 nobis
1016 3077 1074 3128 et
1090 3072 1358 3146 regiones
1388 3087 1594 3128 omnes
1618 3086 1817 3127 sacra-

160 3162 382 3219 mentis
430 3161 838 3234 astringimus.
890 3161 1119 3217 Gratias
1177 3161 1315 3228 Deo,
1357 3160 1619 3228 honeste,
1671 3162 1816 3227 tute,

1930 581 1989 637 in
2048 581 2549 639 Andecavensium
2603 583 2859 652 dicecesi,
2905 583 3102 641 divina
3143 581 3330 656 gratia
3377 591 3581 652 prose-

1933 675 2165 743 quente,
2199 672 2543 741 construxit,
2577 673 2732 745 quod
2781 672 3086 730 Casinensi
3116 669 3397 739 ccenobio,
3427 656 3583 726 unde

1931 759 2242 833 prodierat,
2280 760 2703 830 commisit,ubi
2735 778 2870 818 cum
2893 761 3163 835 plurimis
3190 759 3583 817 virtutumin-

1932 848 2220 922 signibus,
2253 853 2598 922 cooperante
2629 846 3581 920 Domino,eii‘nlsisset,Bertulfum

1932 938 2292 1012 discipulum
2324 942 2499 996 suum
2531 941 2802 997 abbatem
2854 942 3243 1007 substituens,
3276 930 3580 994 monachis

1929 1026 2349 1085 Casinensibus
2381 1030 2480 1101 qui
2513 1046 2632 1086 una
2686 1046 2884 1086 secum
2932 1032 3210 1087 venerant
3238 1042 3416 1100 super
3444 1034 3579 1083 eum

1931 1115 2240 1173 sollicitius
2280 1116 2584 1190 invigilare
2607 1119 2902 1191 praecepit,
2935 1134 3007 1174 ne
3028 1118 3088 1173 in
3122 1116 3319 1189 aliquo
3348 1131 3383 1172 a
3411 1114 3580 1172 recti-

1926 1204 2130 1262 tudine
2147 1205 2431 1280 regularis
2446 1205 2699 1262 tramitis
2713 1207 2994 1277 deviaret,
3020 1207 3218 1279 sicque
3238 1204 3578 1278 temporalis

1926 1297 2056 1351 vitae
2079 1296 2256 1351 finem
2302 1295 2544 1351 sortitus
2566 1299 2673 1365 est,
2700 1313 2768 1352 ac
2808 1295 3096 1369 sepultus.
3130 1294 3267 1363 Post
3296 1286 3580 1351 nonnulla

1927 1384 2107 1457 igitur
2127 1401 2415 1440 annorum
2439 1384 3011 1458 curricula,peccatis
3025 1380 3576 1457 exigentibus,idem

1928 1473 2350 1529 monasterium
2383 1491 2417 1529 a
2445 1472 2716 1530 Gaidulfo
2749 1476 3045 1548 quondam
3068 1475 3454 1544 destructum,
3473 1474 3575 1530 sed

1929 1563 2305 1635 postmodum
2351 1561 2758 1636 religiosorum
2806 1563 3065 1620 virorum
3118 1563 3312 1620 studio
3342 1579 3576 1635 repara-

1926 1655 2075 1707 tum.
2108 1653 2187 1708 Eo
2204 1652 2402 1724 itaque
2418 1654 3033 1725 temporevenerandze
3067 1650 3577 1708 memoriaeAdria-

1927 1757 2041 1797 nus
2063 1757 2213 1814 papa
2230 1740 2406 1797 simul
2424 1756 2559 1797 cum
2575 1740 2940 1815 Carolo,rege
2957 1741 3313 1797 Francorum
3324 1744 3382 1796 et
3402 1740 3583 1813 patri-

1926 1829 2007 1885 tio
2036 1829 2455 1899 Romanorum,
2473 1830 2782 1903 praefatum
2810 1829 3234 1886 monasterium
3264 1828 3580 1885 Glannafo-

1930 1918 2112 1975 liense
2165 1919 2481 1975 venerabili
2540 1919 2963 1976 Theodemario
3021 1918 3326 1976 Casinensi
3383 1917 3580 1973 abbati

1928 2023 2104 2079 super
2133 2007 2243 2063 hac
2270 2024 2331 2063 re
2355 2007 2783 2080 querimoniam
2815 2009 3069 2077 facienti,
3103 2007 3338 2082 cognita
3357 2006 3581 2063 ratione

1925 2096 2204 2164 restituit,
2239 2100 2417 2169 atque
2447 2097 2789 2153 auctoritate
2838 2096 3158 2169 apostolica
3186 2095 3575 2152 conﬁrmavit.

1925 2189 2141 2240 Verum
2166 2185 2305 2258 quia
2321 2186 2425 2242 Dei
2442 2185 2671 2257 judicia
2694 2185 2944 2259 abyssus
2965 2185 3173 2253 multa,
3199 2186 3327 2257 jam
3350 2182 3575 2240 dictum

1925 2274 2658 2330 cmnobiumbarbarorum
2682 2274 2923 2331 incursu
2945 2277 3241 2331 vastatum
3274 2273 3488 2329 iterum
3519 2270 3576 2329 et

1925 2363 2288 2419 destructum
2312 2362 3098 2435 asseritur.Depopulationis
3118 2364 3255 2434 ergo
3270 2359 3430 2416 illius
3442 2361 3576 2417 bar-

1925 2451 2134 2508 baricae
2149 2451 2465 2508 solitudine
2482 2456 2880 2524 permanente,
2898 2450 3221 2508 illustrium
3244 2448 3575 2523 principum

1926 2540 2121 2597 studio
2134 2541 2436 2613 provisum
2458 2541 2571 2596 fuit
2583 2545 2873 2613 quatenus
2884 2538 3375 2597 Glannafoliensis
3388 2538 3576 2604 locus,

1925 2630 2285 2685 monachicae
2316 2633 2458 2685 tunc
2489 2628 2671 2701 quieti
2702 2630 3084 2703 incongruus,
3118 2642 3223 2701 per
3270 2628 3580 2685 Fossaten-

1926 2735 2020 2775 ses
2050 2719 2373 2775 monachos
2405 2719 2841 2792 disponeretur;
2866 2735 2995 2791 quae
3015 2718 3253 2791 quidem
3275 2710 3582 2788 dispositio

1926 2824 2114 2880 usque
2150 2808 2221 2864 ad
2251 2810 2519 2879 tempora
2548 2810 2750 2863 nostra
2801 2805 3188 2863 immobiliter
3223 2803 3579 2878 perduravit.

1925 2896 2210 2952 Caeterum
2237 2911 2371 2952 cum
2405 2896 2772 2953 Fossatensis
2791 2897 2967 2953 etiam
2990 2895 3156 2953 locus
3205 2895 3279 2951 ab
3309 2895 3581 2951 observa-

1925 2985 2087 3040 tione
2135 2984 2435 3057 religionis
2484 2984 2774 3053 desiisset,
2807 2984 3304 3041 Glannafoliensis
3335 2981 3582 3039 ecclesia

1926 3090 2030 3145 per
2058 3073 2168 3129 loci
2199 3073 2386 3145 ipsius
2425 3074 2769 3146 praepositos
2796 3090 2913 3130 non
2934 3078 3056 3129 tam
3095 3072 3382 3145 disposita
3402 3085 3577 3143 quam

1927 3162 2213 3234 dissipata
2234 3161 2458 3217 diutius
2487 3161 2814 3217 videbatur.
2850 3161 3104 3233 Contigit
3133 3163 3329 3217 autem
3367 3160 3575 3215 divinae

164 3250 437 3308 alacriter
457 3266 685 3307 sumus.
719 3249 836 3306 Vos
857 3250 1167 3307 nobiscum
1186 3250 1302 3306 Deo
1320 3249 1540 3323 gratias
1557 3247 1731 3320 agite,
1759 3250 1817 3303 et
1846 3234 1889 3303 C
1922 3249 2307 3323 dispositione
2319 3248 2805 3316 clementiae,cum
2827 3265 2930 3320 pro
2952 3247 3363 3304 ecclesiasticis
3380 3247 3575 3302 causis

162 3339 472 3413 pronobis
502 3340 631 3411 ejus
666 3338 1130 3395 misericordiam
1162 3343 1412 3403 exorate,
1445 3354 1635 3409 neque
1665 3336 1817 3392 inter

160 3429 290 3485 hac
312 3429 485 3484 matri
513 3431 718 3484 vestrae
768 3427 1041 3485 Romane
1089 3426 1356 3483 Ecclesiae
1397 3425 1703 3483 subvenire
1730 3428 1813 3481 at-

159 3516 391 3574 tentius
418 3514 750 3589 negligatis.

877 3630 1128 3687 CCXVII.

162 3724 185 3745 θ
225 3720 479 3779 Urbanus
536 3720 694 3775 Petro
746 3720 1183 3791 Aragonensium
1221 3726 1273 3775 et
1313 3716 1820 3791 Pampilonensium

234 3794 351 3862 regi
380 3792 693 3863 ceterisque
722 3789 916 3846 earum
944 3793 1230 3863 regionum
1258 3789 1512 3862 ﬁdelibus
1540 3791 1820 3845 ecclesiam

233 3863 715 3935 Pampilonensem
737 3863 1097 3919 commendat.
1782 3874 1787 3879 ’

798 3952 987 4019 (Anno
1017 3950 1203 4020 4097.)

503 4039 811 4110 [Romamn
849 4041 968 4096 Vita
1002 4039 1227 4106 Urbani,
1258 4054 1315 4111 p.
1346 4037 1498 4111 282.]

858 4154 1141 4211 CCXVIII.

164 4245 417 4302 Urbanus
450 4243 729 4307 Oderisio,
761 4243 1040 4299 cardinali
1073 4243 1320 4299 Ecclesiae
1349 4247 1616 4301 Romanae
1644 4251 1696 4299 et
1723 4242 1819 4298 ab-

240 4316 357 4370 bati
384 4317 709 4371 monasterii
755 4314 1087 4383 Casinensis,
1122 4332 1156 4369 α
1196 4331 1307 4370 sese
1352 4321 1684 4382 consecrato,
1714 4330 1825 4370 mo-

240 4390 550 4442 nasterium
597 4387 1060 4458 Glannafoliense,
1092 4385 1373 4442 monachis
1419 4386 1823 4443 Fossatensibus

237 4458 621 4530 adjudicatum
650 4459 905 4514 restituit.
1510 4474 1511 4477 ‘

795 4548 984 4616 (Anno
1022 4547 1201 4617 1097.)

607 4635 843 4705 [Mausn
875 4635 1080 4691 Concil.
1108 4634 1221 4702 XX,
1245 4635 1396 4705 928.]

243 4759 524 4816 Unamus
557 4760 891 4833 episcopus,
924 4776 1126 4816 servus
1165 4775 1465 4816 servorum
1513 4756 1633 4824 Dei,
1672 4772 1829 4813 reve-

166 4848 512 4906 rentissimo
558 4852 615 4904 et
671 4848 1016 4905 charissimo
1069 4849 1234 4906 fratri
1292 4849 1586 4919 ODERISIO,
1614 4845 1831 4903 nostris

168 4954 281 5011 per
312 4938 409 4993 Dei
440 4937 693 5011 gratiam
746 4938 1020 4993 manibus
1055 4942 1112 4993 et
1138 4938 1196 4993 in
1229 4936 1583 4993 cardinalem
1616 4940 1830 4992 sanctas

170 5028 458 5082 Romanis
502 5025 768 5083 Ecclesiae
812 5027 1121 5095 sacerdoti,
1154 5030 1213 5083 et
1257 5026 1318 5082 in
1371 5026 1642 5082 abbatem
1669 5026 1833 5081 Casi-

168 5114 383 5170 nensis
413 5114 753 5173 monasterii
784 5118 1143 5182 consecrato,
1194 5116 1440 5187 ejusque
1488 5114 1835 5171 successori-

170 5204 296 5259 bus
328 5202 676 5275 regulariter
706 5203 1137 5261 substituendis
1167 5204 1226 5258 in
1258 5207 1626 5275 perpetuum.

250 5291 424 5349 Pater
451 5296 509 5349 et
537 5293 811 5366 princeps
838 5291 1191 5350 monachicae
1214 5291 1622 5361 institutionis,
1648 5291 1837 5366 gratia

172 5384 238 5436 et
267 5379 508 5437 nomine
538 5381 907 5450 Benedictus,
951 5380 1308 5454 discipulum
1357 5397 1532 5437 suum
1573 5380 1839 5437 beatissi-

175 5484 349 5526 mum
377 5468 651 5526 Maurum
684 5468 757 5525 ob
788 5468 1087 5543 religionis
1128 5469 1391 5525 studium
1421 5468 1750 5526 docendum
1780 5472 1839 5525 et

173 5558 523 5632 augendum
546 5559 608 5614 in
637 5546 853 5616 Gallias
875 5557 1207 5630 destinavit,
1237 5557 1390 5615 sicut
1417 5557 1478 5613 in
1511 5574 1711 5615 eorum
1737 5573 1837 5632 ge-

174 5646 290 5707 stis
318 5646 451 5706 luce
481 5645 700 5705 clarius
740 5648 1094 5721 reperimus,
1126 5646 1229 5724 qui
1274 5648 1347 5706 ad
1387 5646 1516 5707 loca
1544 5648 1838 5709 destinata

508 5772 776 5843 PATROL.
823 5773 967 5839 GLI.

1926 3340 1985 3394 in
2003 3337 2222 3394 Gallias
2234 3338 2658 3395 transissemus
2671 3353 2778 3393 nos
2800 3337 2995 3393 locum
3016 3335 3183 3391 illum
3199 3350 3331 3390 cum
3346 3334 3576 3391 confra-

1925 3428 2115 3484 tribus
2136 3427 2355 3483 nostris
2382 3426 2673 3499 episcopis
2712 3429 2769 3482 et
2787 3425 3061 3482 Romana
3084 3423 3354 3481 Ecclesiae
3384 3423 3574 3479 cardi-

1927 3513 2163 3571 nalibus
2190 3514 2478 3570 visitasse.
2518 3515 2783 3570 Fratrum
2814 3512 2995 3587 igitur
3041 3513 3157 3569 Deo
3190 3511 3572 3569 servientium

1925 3602 2045 3659 illic
2076 3606 2134 3659 et
2163 3603 2386 3658 circum
2420 3601 2815 3659 habitantium
2854 3601 3144 3659 nobilium
3174 3600 3436 3658 virorum
3468 3606 3577 3658 nos

1927 3693 2103 3749 turba
2130 3691 2519 3748 circumstetit
2566 3701 2745 3765 super
2797 3691 3180 3765 dissipatione
3225 3688 3580 3747 multimoda

1929 3780 2413 3851 conquerentium
2443 3796 2572 3852 qua
2595 3780 2666 3837 ab
2690 3780 2784 3836 his
2808 3780 3448 3852 inferebatur,quorum
3480 3786 3579 3835 eos

1930 3873 2269 3942 oportuerat
2317 3868 2613 3926 industria
2653 3869 2970 3942 gubernari
3000 3887 3013 3937 ;
3042 3868 3279 3938 adjectis
3319 3866 3414 3923 his
3444 3868 3586 3923 sunt

1931 3956 2262 4014 communis
2293 3957 2394 4011 filii
2422 3957 2608 4014 nostri
2638 3956 2903 4024 Joannis,
2925 3957 2984 4012 S.
3013 3952 3289 4012 Romanae
3312 3952 3585 4010 Ecclesia

1932 4045 2158 4102 diaconi
2176 4045 2511 4114 cardinalis,
2539 4050 2597 4102 et
2615 4045 2793 4102 vestri
2814 4043 3148 4100 Casinensis
3180 4041 3431 4098 coenobii
3461 4056 3588 4097 mo-

1932 4134 2125 4202 nachi,
2160 4151 2264 4207 pro
2294 4137 2457 4206 parte
2488 4139 2590 4189 tua
2634 4137 2692 4190 et
2737 4131 3086 4189 venerabilis
3144 4131 3343 4188 fratris
3402 4129 3589 4187 nostri

1933 4222 2173 4280 Goii‘ridi
2213 4222 2643 4279 Andecavensis
2691 4221 2971 4295 episcopi,
2998 4225 3054 4276 et
3101 4218 3207 4276 ﬁlii
3238 4219 3423 4276 nostri
3454 4216 3587 4275 Ful-

1934 4313 2096 4368 conis
2118 4312 2550 4369 Andecavensis
2599 4310 2833 4368 comitis
2878 4326 3104 4384 preces,
3138 4309 3445 4383 proprium
3475 4307 3589 4364 loci

1933 4401 2018 4457 illi
2042 4401 2314 4458 abbatem
2336 4402 2446 4457 sub
2468 4401 2749 4458 ditionem
2765 4399 3101 4457 Casinensis
3125 4398 3589 4455 ecclesiaaaucto-

1933 4489 2102 4546 ritate
2133 4491 2290 4546 sedis
2341 4490 2670 4563 apostolicae
2729 4488 2956 4547 restitui
2998 4486 3447 4562 postulantium,
3481 4496 3587 4542 nec

1855 4599 1901 4663 Ι)
1933 4595 2144 4651 parum
2174 4578 2233 4633 in
2266 4580 2424 4635 brevi
2472 4580 2798 4653 profectum
2829 4578 2954 4636 loco
3004 4582 3350 4636 eventurum
3385 4592 3585 4649 spera-

1936 4668 2160 4735 bant,et
2180 4667 2250 4722 de
2271 4667 2591 4735 tricesimo,
2616 4669 2716 4740 qui
2747 4682 2902 4723 nunc
2926 4669 3137 4739 inerat,
3163 4664 3586 4723 monachorum

1937 4771 2207 4821 numero,
2239 4759 2473 4827 repente
2513 4755 2859 4827 ampliorem
2907 4756 3195 4823 futurum,
3230 4754 3523 4825 siquidem
3555 4760 3590 4808 a

1941 4842 2381 4900 Possatensium
2403 4842 2587 4914 erepti
2606 4843 2914 4916 tyrannide
2936 4843 3166 4899 abbatis
3186 4841 3406 4914 proprii
3438 4839 3590 4913 regis

1941 4932 2099 4988 mine
2122 4931 2471 4987 fruerentur.
2504 4930 2750 4987 Proinde
2796 4930 3243 4988 Fossatensibus
3283 4926 3590 4984 monachis

1942 5021 2097 5077 diem
2120 5024 2343 5076 certum
2370 5019 2709 5084 statuimus,
2729 5036 2845 5092 quo
2871 5036 2933 5076 se
2954 5023 3167 5075 nostrae
3202 5012 3590 5083 audientiae,si

1942 5109 2228 5167 habentes
2259 5108 2576 5181 privilegiis
2607 5111 3044 5181 praesentarent.

2013 5196 2610 5271 Considentibusergo
2643 5197 2948 5254 nobiscum
2978 5196 3039 5251 in
3067 5192 3591 5251 Turonensieccle-

1944 5288 2033 5344 sia
2050 5285 2527 5360 archiepiscOpis,
2558 5287 2847 5360 episc0pis
2878 5290 2937 5342 et
2971 5284 3308 5353 abbatibus,
3342 5296 3590 5340 numero

1946 5376 2337 5450 quadraginta
2348 5380 2599 5449 quatuor
2613 5379 2763 5434 facta
2776 5378 2846 5433 de
2858 5375 2968 5433 hoc
2991 5373 3223 5448 negotio
3249 5373 3593 5447 quastione,

1946 5466 2209 5522 chartam
2223 5465 2391 5522 nobis
2404 5466 2663 5539 praedicti
2677 5466 2882 5523 fratres
2894 5465 2955 5521 in
2975 5463 3277 5521 communi
3296 5460 3597 5520 audientia

1946 5559 2392 5630 praesentarunt,
2417 5555 2584 5629 quasi
2599 5555 2845 5613 Romani
2866 5553 3161 5631 pontiﬁcis
3180 5551 3442 5620 Adriani,
3464 5554 3594 5625 qua

1948 5646 2188 5706 omnino
2202 5644 2351 5704 falsa
2363 5643 2689 5705 manifestis
2707 5649 2797 5706 est
2812 5644 3045 5707 indiciis
3063 5643 3460 5716 comprobata.
3475 5637 3596 5702 Pla~

3202 5769 3277 5837 ιϐ
