4004 6162
440 314 554 379 491

1660 358 1665 365 η
1736 320 1807 383 Β.
1853 315 2147 384 URBANI
2194 316 2247 383 ll
2294 318 2540 385 PAPJE.

3719 319 3843 387 499

414 452 557 517 _cuit
578 452 775 525 itaque
806 454 1034 510 cunctis
1067 455 1122 510 in
1157 470 1465 510 commune
1506 454 1786 510 fratribus
1817 455 1916 527 qui
1949 471 2080 511 con-
2108 456 2162 525 Α
2191 459 2325 512 stat.
2359 457 2416 511 Si
2446 474 2561 529 qua
2586 475 2727 514 sane
2759 459 2816 513 in
2849 457 3170 513 crastinum
3210 456 3623 530 ecclesiastica,
3655 474 3836 516 saecu-

434 542 726 613 sederant,
756 545 1233 617 quandoquidem
1264 544 1322 599 in
1347 543 1677 599 Fossatensi
1726 545 2080 600 monasterio

437 631 736 705 religionis
776 634 1143 689 observantia
1182 634 1306 705 jam
1356 650 1459 705 per
1505 637 1769 705 tempora
1806 633 1932 689 loca
1989 636 2077 705 [f.,

439 720 637 795 longa]
669 722 973 790 defecerat,
1007 729 1062 778 et
1091 721 1579 779 Glannafoliensis
1606 721 1767 778 locus
1823 740 1926 796 per
1982 740 2079 778 eos

438 828 554 866 non
588 809 1101 880 meliorationi,sed
1123 810 1551 867 deteriorationi
1572 811 1879 868 videbatur
1907 829 2077 885 expe-

438 899 610 966 situs,
646 886 935 955 cessante
967 916 1145 956 causa
1200 900 1376 956 etiam
1434 905 1687 956 cessaret
1730 901 1991 969 effectus,
2025 906 2080 957 et

434 986 1005 1045 Glannafoliensibus
1033 989 1337 1046 monachis
1368 990 1597 1045 abbatis
1642 988 1955 1046 cardinalis
1986 1006 2077 1045 so-

430 1076 636 1132 latium
669 1078 1029 1134 redderetur.
1066 1080 1136 1134 Et
1164 1083 1305 1135 tunc
1336 1096 1473 1151 ergo
1522 1079 1817 1134 communi
1849 1080 2078 1135 decreto

431 1167 819 1234 sancimus,ct
847 1185 1001 1223 nunc
1028 1185 1130 1241 per
1159 1169 1465 1241 praesentis
1486 1167 1770 1241 privilegii
1804 1168 2078 1241 paginam

430 1253 761 1327 legitimum
791 1256 1213 1329 sempiternum
1247 1257 1565 1330 apostolica
1593 1256 1936 1313 auctoritate
1968 1261 2082 1313 sta-

427 1343 674 1414 tuimus,
696 1350 760 1400 ut
784 1345 844 1400 in
877 1346 1001 1402 loco
1023 1346 1124 1401 illo
1151 1346 1467 1402 venerabili
1500 1362 1649 1418 szepe
1672 1346 1943 1418 superius
1975 1364 2079 1401 no-

430 1434 653 1490 minato
683 1434 996 1491 cardinalis
1028 1436 1211 1491 abbas
1241 1436 1539 1508 perpetuis
1578 1436 1943 1507 temporibus
1976 1436 2076 1490 ha-

429 1523 658 1590 beatur,
692 1524 853 1579 salva
884 1543 985 1597 per
1032 1526 1229 1581 omnia
1278 1524 1613 1591 reverentia,
1649 1529 1705 1579 et
1752 1524 2080 1580 obedientia

430 1613 636 1668 matris
683 1599 814 1668 sum
873 1614 1125 1670 ecclesia:
1174 1615 1533 1670 Casinensis.
1580 1614 2076 1670 Przedecessorum

418 1704 767 1777 nostrorum
800 1718 936 1774 ergo
970 1704 1363 1759 Romanorum
1390 1704 1733 1776 pontiﬁcum
1764 1703 2000 1758 Adriani
2022 1707 2079 1759 et

422 1788 650 1863 _Nicolai
672 1789 916 1862 vestigia
935 1793 1304 1860 comitantes,
1320 1792 1804 1864 przenominatum
1824 1792 2076 1847 Glanna—

433 1876 677 1934 foliense
701 1872 1030 1935 coenobium
1063 1898 1193 1936 cum
1228 1882 1504 1937 omnibus
1528 1880 1897 1953 pertinentiis
1929 1882 2072 1950 suis,

432 1967 591 2024 salva
613 1956 882 2025 libertate
902 1974 960 2024 et
980 1970 1264 2042 dignitate
1285 1971 1547 2042 ejusdem
1569 1969 1699 2038 loci,
1724 1970 1829 2025 tibi
1859 1973 2076 2043 tuoque

430 2055 733 2112 Casinensi
782 2059 1138 2115 monasterio
1196 2060 1498 2130 praesentis
1554 2059 1738 2114 nostri
1792 2056 2074 2132 privilegii

426 2146 642 2217 pagina
673 2163 804 2201 cum
825 2147 1100 2202 omnibus
1122 2148 1594 2219 possessionibus
1617 2148 1740 2203 suis
1771 2149 2077 2203 conﬁrma-

427 2250 583 2290 mus.
620 2235 683 2290 ln
714 2236 932 2306 quibus
964 2235 1083 2291 haec
1132 2237 1382 2309 propriis
1430 2236 1705 2292 duximus
1739 2237 2075 2293 nominibus

422 2312 779 2394 adnotanda.
814 2324 878 2378 In
909 2323 1117 2396 primis
1147 2323 1282 2379 villa
1334 2324 1569 2391 Blazon,
1605 2329 1716 2381 etc.
1745 2325 2075 2381 Statuimus

426 2410 604 2493 etiam
640 2416 703 2465 ut
732 2412 983 2479 obeunte
1014 2412 1257 2468 Girardo
1308 2432 1461 2469 nunc
1510 2414 1638 2485 ejus
1690 2414 1801 2469 loci
1844 2414 2072 2483 abbate,

431 2499 628 2556 nullus
656 2500 737 2555 ibi
762 2501 1156 2572 subreptionis
1187 2502 1403 2558 astutia
1442 2502 1530 2557 vel
1554 2502 1823 2558 violentia
1853 2519 2073 2575 prmpo-

423 2578 619 2657 natur,
654 2591 765 2646 nisi
815 2607 991 2663 quem
1039 2591 1247 2647 fratres
1294 2592 1589 2647 communi
1644 2609 1953 2659 consensu,
1984 2591 2073 2648 vel

427 2678 673 2735 fratrum
707 2696 842 2752 pars
872 2678 1099 2735 consilii
1150 2679 1399 2737 sanioris
1448 2680 1770 2736 secundum
1812 2685 1867 2736 B.
1904 2682 2077 2736 Bene-

426 2768 565 2828 dicti
599 2767 863 2841 regulam
893 2766 1194 2839 elegerint,
1231 2769 1385 2839 apud
1427 2768 1700 2824 Casinum
1751 2769 2073 2824 secundum

422 2846 687 2913 tenorem
709 2856 1145 2929 privilegiorum
1159 2874 1398 2912 suorum
1422 2857 1882 2913 benedicendum
1912 2858 2075 2924 Quod

429 2946 477 3004 si
512 2946 678 3015 forte,
704 2946 859 3017 quod
883 2945 1110 3003 evenire
1131 2945 1222 3000 vix
1246 2945 1561 3014 credimus,
1586 2947 1644 3000 in
1676 2947 1805 3019 ipsa
1835 2963 2074 3019 congre-

420 3024 658 3107 gatione
687 3034 903 3107 aliquis
933 3036 1005 3090 ad
1030 3035 1137 3090 hoc
1159 3035 1416 3090 ofﬁcium
1444 3036 1690 3091 idoneus
1722 3052 1834 3090 non
1861 3035 2073 3108 reperi-

422 3129 540 3205 tur,
565 3125 636 3180 de
657 3124 953 3203 Qasinensi
985 3124 1245 3205 coenobio
1286 3124 1555 3180 abbatem
1579 3124 1689 3179 sibi
1714 3123 1931 3197 eligant
1962 3124 2071 3179 ibi-

2109 1824 2156 1889 B

2190 544 2397 600 larisve
2424 563 2673 619 persona
2697 546 2850 602 hanc
2868 552 3082 603 nostrae
3106 546 3540 603 constitutionis
3561 546 3835 620 paginam

2190 634 2400 699 sciens,
2425 640 2625 691 contra
2638 652 2769 691 eam
2782 640 2999 692 temere
3017 635 3209 691 venire
3225 635 3553 705 tentaverit,
3579 638 3837 693 secundo

2190 724 2431 779 tertiove
2463 725 2839 795 commonita,
2872 724 2921 780 si
2955 742 3068 780 non
3124 724 3521 781 satisfactione
3580 740 3839 797 congrua

2189 813 2602 880 emendaverit,
2654 814 2956 886 potestatis
3002 813 3358 885 honorisque
3410 813 3500 868 sui
3551 812 3835 886 dignitate

2187 905 2399 961 careat.
2425 919 2702 974 reamque
2724 920 2787 958 se
2803 903 3045 959 existere
3066 902 3261 958 divino
3277 901 3501 973 judicio
3520 903 3592 958 de
3623 919 3835 975 perpe-

2188 995 2338 1046 trata
2368 991 2675 1063 iniquitate
2705 997 3033 1064 cognoscat,
3068 997 3125 1048 et
3168 1010 3200 1047 a
3253 991 3630 1047 sanctissimo
3660 994 3719 1047 et
3742 1008 3834 1047 sa-

2189 1079 2518 1136 cratissimo
2550 1097 2789 1153 corpore
2820 1085 2876 1135 et
2906 1080 3195 1154 sanguine
3224 1080 3323 1136 Dei
3370 1083 3427 1136 et
3459 1080 3691 1135 Domini
3725 1079 3832 1135 Re-

2189 1169 2511 1242 demptoris
2539 1170 2678 1226 Jesu
2708 1169 2921 1225 Christi
2942 1170 3132 1226 aliena
3163 1170 3466 1240 ﬁat,atque
3486 1167 3548 1224 in
3577 1171 3832 1224 extremo

2187 1258 2451 1313 examine
2484 1259 2757 1315 districtze
2789 1259 2998 1315 ultioni
3031 1260 3352 1331 subjaceat.
3376 1257 3613 1314 Cunctis
3634 1261 3831 1314 autem

2186 1348 2374 1403 eidem
2404 1353 2711 1421 vestroque
2734 1348 2992 1404 coenobio
3024 1349 3190 1420 justa
3236 1347 3604 1403 servantibus
3622 1346 3699 1402 sit
3721 1363 3831 1417 pax

2190 1437 2419 1491 Domini
2449 1438 2627 1491 nostri
2647 1438 2787 1492 Jesu
2811 1437 3045 1505 Christi,
3070 1441 3361 1509 quatenus
3384 1440 3440 1491 et
3460 1435 3553 1491 hic
3573 1422 3828 1490 fructum

2188 1526 2349 1580 bona:
2380 1526 2625 1580 actionis
2656 1526 2981 1598 percipiant
3027 1531 3084 1581 et
3134 1525 3289 1597 apud
3321 1524 3655 1581 districtum
3680 1525 3836 1597 judi-

2187 1631 2311 1669 cem
2344 1615 2584 1686 praemia
2614 1620 2838 1670 aeternae
2872 1614 3035 1687 pacis
3066 1613 3367 1670 inveniant
3396 1632 3409 1680 ;
3439 1630 3829 1681 amen,amen.

2258 1703 2550 1776 Scriptum
2587 1722 2687 1776 per
2718 1720 2959 1759 manum
2996 1704 3169 1771 Petri,
3205 1702 3498 1759 scriniarii
3551 1702 3701 1759 sacri
3729 1719 3832 1775 pa-

2186 1788 2330 1845 latii.

2258 1885 2400 1935 Data
2447 1882 2598 1952 apud
2648 1881 3019 1936 Tarracinam
3064 1898 3168 1955 per
3207 1897 3446 1936 manum
3476 1878 3742 1945 Joannis,
3768 1879 3827 1933 S.

2185 1970 2253 2024 Π.
2310 1969 2368 2023 Ε.
2417 1969 2644 2024 diaconi
2697 1969 3031 2038 cardinalis,
3075 1988 3155 2026 χιι
3215 1969 3337 2025 Kal.
3397 1968 3635 2043 Aprilis,
3676 1968 3831 2023 indi-

2184 2058 2370 2113 ctione
2401 2076 2454 2123 v,
2487 2075 2638 2113 anno
2669 2058 2982 2114 Dominicas
3033 2058 3456 2115 Incarnationis
3483 2058 3641 2125 4097,
3675 2074 3830 2135 anno

2185 2151 2377 2203 autem
2410 2147 2780 2219 pontiﬁcatus
2813 2148 3014 2202 domui
3046 2165 3206 2220 papas
3247 2146 3464 2204 Urbani
3495 2146 3738 2203 secundi
3768 2164 3827 2215 x,

2189 2325 2431 2381 Urbanus
2470 2326 2524 2380 ll
2571 2341 2711 2395 papa
2758 2341 2978 2379 sacrum
3025 2324 3316 2380 Casinense
3364 2324 3665 2380 ccenobium
3692 2324 3837 2395 ejus-

2254 2397 2479 2466 demque
2526 2396 2664 2450 bona
2714 2396 2783 2449 ab
2838 2397 2989 2450 omni
3034 2396 3425 2467 jurtsdz'ctz'one
3470 2396 3703 2450 liberum
3732 2395 3834 2450 sub

2254 2476 2461 2523 sanctae
2519 2468 2778 2522 Romana?
2834 2468 3091 2524 Ecclesiae
3146 2469 3480 2538 protectione
3524 2468 3833 2538 conﬁrmat,

2253 2541 2572 2610 exterasque
2619 2554 2719 2608 per
2768 2538 3104 2594 Occidentem
3146 2539 3494 2594 monasteriis
3530 2540 3841 2610 praeferen-

2254 2609 2383 2664 dum
2410 2626 2521 2664 esse
2551 2610 2817 2664 declarat.

2806 2698 2993 2767 (Anno
3027 2698 3212 2765 1097.)

2340 2770 2721 2840 [MARGARINI,
2754 2770 2966 2824 Bullar.
3003 2768 3211 2835 Casin.,
3244 2773 3284 2823 t.
3322 2769 3390 2834 ll,
3427 2787 3481 2841 p.
3518 2770 3665 2839 119.]

2255 2857 2533 2913 Uanaxus
2563 2857 3106 2929 episcopus,servus
3126 2875 3425 2914 servorum
3448 2857 3842 2927 Dei,reveren—

2184 2945 2411 3001 tissime
2435 2962 2499 3001 ac
2526 2945 2875 3001 charissima
2896 2946 3058 3001 fratri
3081 2946 3597 3014 Onsmsno,nostris
3611 2963 3714 3017 per
3726 2946 3833 3002 Dei

2183 3035 2432 3105 gratiam
2453 3034 2749 3101 manibus,
2781 3034 2911 3089 etin
2935 3033 3294 3090 cardinalem
3318 3040 3528 3090 sanctae
3551 3034 3833 3089 Romanae

2185 3122 2453 3179 Ecclesia;
2482 3127 2539 3178 et
2570 3123 2953 3192 sacerdotem,
2990 3128 3047 3179 et
3079 3124 3137 3179 in
3182 3124 3450 3199 abbatem
3498 3122 3837 3180 Casinensis

421 3200 553 3291 dem
576 3198 1359 3279 similviter'benedicendum,
1383 3212 1584 3284 sicque
1624 3214 2069 3286 prmposituram
2102 3181 2145 3247 Ο
2184 3212 2523 3267 monasterii
2556 3216 2890 3267 consecrato
2916 3214 3163 3285 ejusque
3191 3196 3631 3289 successoribus
3662 3228 3837 3285 regu-

423 3304 799 3374 Qasinensem
826 3308 884 3359 et
914 3303 1255 3360 vicariatum
1301 3302 1565 3374 ejusdem
1614 3302 1944 3358 Casinensis
1976 3303 2072 3358 ab-

429 3394 580 3451 batis
592 3411 694 3466 per
705 3397 887 3450 totam
902 3391 1148 3448 Galliam
1167 3391 1455 3464 accipiens
1470 3392 1540 3447 ad
1556 3408 1726 3447 suum
1743 3391 2070 3447 cmnobium

428 3484 644 3547 redeat.
688 3481 975 3538 Omnibus
1023 3485 1217 3536 autem
1261 3479 1728 3551 quinqueannis
1771 3480 1976 3535 limina
2006 3481 2069 3535 B.

428 3568 725 3624 Benedicti
757 3568 1091 3625 Casinensis
1107 3568 1320 3633 visitet,
1354 3567 1413 3622 in
1450 3554 1634 3623 Mauri
1668 3568 1792 3624 loco
1824 3569 2075 3624 resideat

427 3657 489 3712 in
503 3656 795 3723 Casino,et
814 3655 871 3710 in
896 3655 1168 3711 omnibus
1186 3655 1346 3713 cellis
1372 3656 1420 3726 ej
1434 3673 1499 3711 us
1520 3672 1698 3728 super
1715 3673 1850 3712 eum
1874 3655 2072 3713 nullus

428 3745 612 3803 abbas
643 3745 861 3811 sedeat,
895 3748 952 3800 et
982 3743 1128 3799 nulli
1159 3744 1271 3800 alio
1308 3743 1455 3811 loco,
1489 3744 1599 3800 nisi
1651 3748 1879 3801 tantum
1913 3746 2069 3801 Casi-

428 3834 630 3891 nensis
660 3834 967 3890 subdatur.
998 3833 1058 3889 Si
1082 3832 1221 3905 quid
1260 3850 1392 3889 vero
1416 3833 1485 3889 de
1516 3834 1717 3889 ordine
1748 3835 2070 3892 monastico

427 3924 799 3981 tractandum
812 3923 985 3978 fuerit
1001 3922 1242 3977 arbitrio
1257 3926 1377 3977 tam
1400 3922 1691 3994 praepositi
1713 3923 2068 3991 Casinensis,

426 4030 603 4087 quam
626 4017 681 4068 et
707 4011 934 4068 abbatis
957 4010 1212 4067 B.Mauri
1235 4011 1859 4085 disponatur.lnsuper
1874 4018 2069 4070 autem

425 4103 695 4177 praesenti
725 4101 1027 4174 privilegio
1067 4101 1467 4172 supradictum
1513 4102 1705 4156 locum
1761 4120 1879 4158 una
1935 4119 2069 4159 cum

425 4191 702 4248 omnibus
733 4191 857 4246 suis
889 4190 1337 4262 pertinentibus,
1373 4188 1638 4246 ecclesiis
1667 4194 1723 4245 et
1752 4193 2070 4263 possessio-

422 4280 597 4334 nibus
621 4297 721 4351 per
743 4283 929 4333 totum
956 4279 1154 4333 orbem
1172 4279 1538 4346 roboramus,
1560 4282 1736 4350 atque
1758 4284 1822 4335 ut
1848 4280 2070 4336 nullius

425 4366 967 4432 alteriusecclesize,
997 4365 1085 4421 vel
1114 4367 1565 4439 episcopi,-nisi
1619 4368 1952 4424 Casinensis
1984 4386 2070 4425 ec-

424 4455 612 4511 clesia:
635 4454 954 4510 ditionibus
978 4455 1725 4521 submittatur,auctoritate
1749 4457 2069 4528 apostolica

2178 3299 2379 3355 lariter
2408 3300 2839 3355 substituendis
2872 3300 2931 3355 in
2964 3305 3333 3373 perpetuum.
3664 3374 3687 3378 η

2252 3389 2465 3445 Praeter
2492 3388 2761 3462 generale
2790 3389 3096 3446 cbaritatis
3135 3390 3422 3458 debitum,
3450 3392 3659 3463 praeter
3707 3386 3835 3445 sin-

2180 3477 2443 3551 gularem
2498 3481 2700 3535 vestrae
2759 3478 3006 3534 coenobii
3077 3480 3543 3555 praerogativam,
3591 3494 3719 3551 qua;
3767 3476 3837 3557 in

2181 3567 2517 3623 monasticae
2558 3566 2946 3639 legislatione,
2972 3571 3028 3622 et
3048 3566 3230 3623 latore
3254 3568 3626 3623 sanctissimo
3659 3567 3842 3622 Bene-

2181 3654 2354 3724 dicto,
2382 3655 2787 3712 universorum
2822 3671 2923 3726 per
2943 3654 3313 3710 Occidentem
3335 3654 3831 3729 monasteriorum

2180 3749 2358 3818 caput
2381 3743 2674 3801 aDomino
2702 3744 3037 3799 institutum
3061 3746 3150 3798 est
3177 3761 3190 3811 ;
3226 3741 3326 3798 illa
3356 3742 3531 3797 etiam
3564 3742 3841 3816 benigni-

2179 3836 2317 3889 tatis
2340 3832 2929 3905 magnificentia,qua3
2953 3846 3205 3902 semper,
3222 3834 3279 3885 et
3301 3830 3515 3885 nostris
3536 3826 3839 3903 precipue

2179 3922 2567 3993 temporibus,
2607 3918 2976 3992 congregatio
3022 3922 3235 3987 vestra,
3288 3921 3500 3973 sanctae
3550 3918 3841 3976 Romanas

2179 4010 2448 4066 subvenit
2496 4006 2782 4075 Ecclesiae,
2819 4006 3070 4062 multum
3131 4024 3238 4063 nos
3284 4006 3472 4062 eidem
3532 4005 3656 4063 loco
3708 4007 3840 4066 fore

2178 4097 2476 4170 compellit
2503 4096 2804 4152 obnoxios.
2839 4096 2894 4152 Is
2925 4096 3082 4151 enim
3115 4095 3298 4164 locus,
3319 4099 3655 4152 nostrorum
3686 4113 3838 4169 pau-

2178 4203 2387 4259 perum
2434 4184 2726 4255 relevatio,
2780 4184 3147 4257 fugientium,
3189 4183 3503 4256 refugium,
3538 4184 3834 4241 fessorum

2177 4268 2335 4341 sedis
2357 4272 2688 4347 apostolicae
2711 4272 2963 4329 ﬁliorum
2988 4272 3218 4345 requies
3236 4273 3530 4330 indefessa
3550 4289 3832 4345 perman-

2177 4363 2254 4421 sit
2283 4368 2340 4420 et
2371 4366 2694 4437 permanet.
2722 4363 2793 4418 Et
2822 4379 2928 4419 nos
2959 4379 3095 4435 ergo
3124 4366 3246 4418 tam
3286 4362 3492 4417 divinae
3536 4362 3831 4418 constitu-

2177 4453 2377 4522 tionis,
2420 4469 2596 4526 quam
2655 4456 2712 4509 et
2767 4452 3033 4508 fraternas
3091 4451 3470 4525 benignitatis
3528 4447 3830 4507 dulcedini

422 4544 1227 4616 interdicimusQuazcunque
1257 4547 1537 4616 praterea
1567 4544 1626 4600 in
1659 4546 1926 4603 futurum
1953 4548 2071 4604 sive
2101 4547 2148 4613 D
2178 4542 2621 4615 respondentes,
2656 4540 2848 4596 locum
2894 4540 3111 4611 ipsum,
3135 4544 3193 4595 et
3247 4540 3518 4596 universa
3564 4539 3639 4594 ad
3688 4554 3829 4594 eum

425 4633 796 4690 concessione
829 4632 1328 4705 pontiﬁcum,sive
1358 4633 1703 4690 liberalitate
1733 4637 2065 4710 principum

420 4722 511 4779 vel
542 4722 832 4779 oblatione
854 4721 1110 4777 fidelium
1127 4724 1287 4794 juste
1309 4726 1483 4794 atque
1507 4722 1781 4779 canonice
1804 4726 2068 4796 poteritis

422 4811 688 4886 adipisci,
722 4800 891 4867 firma
921 4811 1110 4866 eidem
1143 4810 1267 4866 loco
1311 4815 1367 4866 et
1408 4810 1633 4866 illibata
1664 4819 2061 4884 permaneant.

420 4902 801 4977 Decernimus
832 4916 968 4973 ergo
992 4902 1056 4954 ut
1084 4899 1229 4954 nulli
1284 4900 1522 4955 omnino
1554 4900 1859 4957 hominum
1895 4902 2065 4958 liceat

418 4991 575 5047 idem
597 4990 922 5046 ccenobium
958 4993 1174 5044 temere
1198 4989 1661 5060 perturbare,aut
1683 4991 1811 5060 ejus
1840 5007 2065 5062 posses-

419 5079 614 5134 siones
675 5066 907 5134 auferre
948 5076 1034 5134 vel
1094 5076 1320 5132 ablatas
1378 5075 1649 5144 retinere,
1684 5078 1948 5134 minuere
1977 5079 2061 5136 vel

418 5167 744 5223 temerariis
766 5152 1167 5223 vexationibus
1189 5165 1462 5237 fatigare;
1488 5165 1588 5220 sed
1611 5166 1811 5222 omnia
1838 5166 2065 5240 integra

420 5261 834 5310 conserventur
858 5272 1057 5311 eorum
1091 5271 1192 5326 pro
1242 5269 1491 5324 quorum
1546 5255 1966 5311 sustentatione
1997 5272 2063 5311 ac

421 5342 840 5415 gubernatione
871 5360 1147 5399 concessa
1177 5345 1315 5396 sunt
1336 5341 1542 5397 usibus
1569 5343 1843 5398 omnibus
1872 5342 2062 5400 modis

419 5430 743 5502 profutura;
764 5430 1124 5503 sepulturam
1147 5446 1381 5502 quoque
1399 5430 1663 5499 ejusdem
1685 5431 1793 5486 loci
1816 5430 2060 5489 liberam

419 5533 548 5573 esse
582 5518 848 5586 facim-us,
880 5526 946 5575 ut
973 5536 1174 5577 eorum
1206 5518 1307 5591 qui
1340 5516 1455 5572 illic
1505 5518 1735 5591 sepeliri
1784 5519 2064 5579 delibera-

417 5605 607 5675 verint
637 5606 926 5669 devotioni
956 5614 1013 5668 et
1040 5614 1307 5669 extremis
1355 5605 1640 5667 voluntati
1684 5606 1883 5670 nullus
1910 5610 2063 5674 obsi-

2178 4630 2757 4704 pertinentia,quieta
2787 4627 3308 4701 semper,omnium
3333 4625 3829 4700 mortaliumjugo

2178 4719 2361 4775 libera
2391 4734 2750 4791 permanere,
2783 4721 2840 4773 et
2877 4717 2988 4772 sub
3047 4716 3231 4773 solius
3286 4720 3500 4773 sancte:
3552 4717 3827 4772 Romanae

2177 4806 2441 4862 Ecclesiae
2461 4807 2594 4876 jure
2632 4820 2696 4859 ac
2731 4803 3069 4859 defensione
3086 4807 3366 4876 perpetua
3391 4802 3591 4869 haberi
3624 4803 3831 4858 decer-

2175 4896 2391 4951 nimus.
2427 4893 2535 4948 Sed
2573 4892 3065 4963 praedecessorum
3113 4895 3444 4947 nostrorum
3491 4890 3829 4953 munimina

2170 4984 2412 5040 Casinen
2422 4982 2467 5036 si
2483 4979 2742 5037 coenobio
2756 4972 3296 5052 collata,proprium
3310 4980 3485 5036 robur
3498 4979 3823 5037 obtineant.

2171 5071 2525 5145 Eorumdem
2556 5072 2612 5124 et
2642 5085 2747 5124 nos
2794 5067 3058 5140 vestigiis
3108 5068 3471 5136 insistentes,
3501 5068 3826 5124 Casinense

2172 5158 2501 5217 coenobium
2532 5156 2754 5213 cmteris
2797 5174 2899 5230 per
2947 5155 3319 5213 Occidentem
3364 5156 3644 5213 coenobiis
3671 5172 3817 5227 prae-

2173 5247 2477 5304 ferendum
2516 5245 2856 5314 asserimus,
2888 5250 2943 5300 et
2965 5251 3084 5301 tam
3130 5249 3186 5301 te
3229 5261 3404 5316 quam
3451 5258 3823 5301 successores

2169 5342 2304 5409 tuos
2335 5334 2394 5388 in
2417 5331 2577 5389 omni
2594 5338 2875 5389 conventu
2894 5334 3433 5406 episcoporum,seu
3459 5324 3824 5406 principum,

2171 5421 2531 5496 superiorem
2554 5420 2829 5477 omnibus
2849 5421 3161 5478 abbatibus
3179 5422 3516 5492 consedere,
3550 5425 3726 5492 atque
3758 5420 3821 5476 in

2171 5511 2446 5587 omnibus
2458 5509 2703 5581 judiciis
2745 5508 2995 5583 priorem
3029 5510 3251 5567 caeteris
3299 5510 3384 5565 tui
3404 5509 3819 5587 ,ordinisjuris

2170 5585 2475 5667 scientiam
2507 5598 2764 5676 proferre
2795 5598 3112 5663 sancimus.
3143 5597 3203 5658 Si
3235 5597 3368 5677 quis
3398 5585 3539 5678 sane
3563 5597 3625 5659 in
3655 5614 3817 5663 cras-
