4004 6162
180 308 303 377 493

1358 323 1765 387 EPISTOLE
1806 325 1907 389 ET
1951 326 2431 392 PRIVILEGIA.

3469 339 3593 401 494

182 455 376 510 tinum
409 451 882 542 archiepiscopus
912 455 1011 508 aut
1041 453 1711 526 episcopus,imperator
1734 461 1835 512 aut
1863 457 1920 525 Α
1946 458 2278 533 episcopus,
2310 461 2399 517 vel
2431 464 2836 538 episcoporum
2860 468 3147 533 minister,
3167 483 3343 542 super
3362 468 3455 527 bis
3468 486 3591 529 m0-

183 561 303 613 rex,
328 544 602 618 princeps
630 540 716 598 vel
750 542 886 611 dux,
919 558 1138 611 comes,
1172 542 1511 613 vicecomes,
1529 544 1710 616 judex
1732 550 1837 603 aut

182 631 581 689 ecclesiastica
609 648 711 688 seu
752 629 1047 688 szecularis
1094 649 1364 705 persona,
1428 632 1578 690 hanc
1626 638 1837 693 nostra:

181 720 623 779 constitutionis
653 719 1175 794 paginam'sc-iens,
1208 726 1411 779 contra
1442 740 1572 780 eam
1621 728 1837 781 temere

178 811 469 869 contraire
482 809 1074 878 tentaverit,secundo
1086 810 1329 867 tertiove
1340 813 1697 870 commonita
1710 813 1757 869 si
1773 830 1836 869 se

177 918 298 958 non
311 898 710 957 satisfactione
741 915 1002 971 congrua
1035 899 1448 968 emendaverit,
1472 900 1712 957 honoris
1742 899 1834 958 sui

177 990 465 1065 dignitate
487 992 701 1057 careat,
724 1005 999 1061 reamque
1022 1005 1083 1045 se
1119 988 1314 1045 divino
1336 988 1562 1061 judicio
1589 990 1833 1047 existere

178 1082 250 1138 de
280 1078 931 1154 perpetratainiquitate
943 1081 1274 1151 cognoscat,
1292 1082 1348 1134 et
1367 1096 1401 1134 a
1431 1078 1832 1136 sacratissimo

177 1188 439 1245 corpore,
473 1175 532 1226 et
588 1167 871 1241 sanguine
897 1166 1000 1223 Dei
1031 1171 1089 1223 et
1145 1167 1373 1223 Domini
1426 1168 1830 1242 Redemptoris

176 1260 365 1319 nostri
413 1260 553 1316 Jesu
583 1257 799 1315 Christi
848 1256 1038 1314 aliena
1094 1256 1222 1325 ﬁat;
1257 1260 1433 1329 atque
1461 1256 1522 1312 in
1573 1261 1830 1314 extremo

174 1356 446 1415 examine
475 1349 750 1408 districtis
780 1346 989 1403 ultioni
1020 1345 1340 1417 subjaceat.
1373 1345 1611 1403 Cunctis
1633 1350 1829 1403 autem

175 1446 367 1504 eidem
395 1443 523 1500 loco
546 1441 711 1513 justa
740 1436 1131 1504 servantibus,
1164 1435 1242 1492 sit
1262 1452 1373 1509 pax
1388 1435 1613 1493 Domini
1645 1437 1828 1493 nostri

171 1536 317 1593 Jesu
334 1530 573 1599 Christi,
596 1533 887 1602 quatenus
917 1531 974 1581 et
1002 1524 1095 1581 hic
1110 1525 1364 1581 fructum
1397 1525 1561 1581 bona:
1582 1525 1829 1582 actionis

174 1623 502 1699 percipiant
530 1626 588 1677 et
607 1619 762 1691 apud
779 1614 1384 1686 districtumjudicem
1416 1615 1828 1688 priemiaecter-
1867 1638 1874 1653 ο
1939 1622 1961 1645 '

174 1732 263 1771 nm
297 1712 458 1786 pacis
490 1708 808 1777 inveniant.
840 1707 1048 1772 Amen,
1081 1720 1273 1760 amen.

244 1802 544 1876 Scriptum
578 1815 680 1872 per
711 1811 952 1853 manum
994 1793 1146 1850 Petri
1192 1791 1483 1850 scriniarii
1537 1793 1687 1849 sacri
1717 1810 1822 1866 pa-

165 1892 310 1950 latii.

234 1986 448 2038 Datum
479 1976 745 2034 Laterani
768 1991 870 2048 per
899 1989 1141 2030 manum
1159 1972 1424 2039 Joannis,
1457 1974 1671 2027 sanctis
1704 1971 1817 2027 Ro-

162 2089 352 2129 mana:
409 2065 677 2125 Ecclesiae
733 2054 959 2121 diaconi
1019 2061 1353 2127 cardinalis,
1415 2078 1471 2116 1v
1529 2058 1817 2117 Kalendas

156 2160 392 2235 Aprilis,
424 2174 579 2215 anno
610 2153 924 2212 Dominicae
976 2150 1398 2208 Incarnationis
1452 2151 1608 2219 1097,
1662 2166 1815 2205 anno

151 2255 351 2308 autem
382 2247 759 2322 pontiﬁcatus
784 2242 985 2299 domni
1010 2240 1229 2297 Urbani
1269 2257 1431 2313 papae
1464 2240 1511 2295 Il
1558 2238 1809 2296 decimo.

152 2428 518 2498 Privilegium
573 2423 777 2498 Urbani
826 2423 878 2477 ΙΙ
923 2435 1099 2498 papa
1136 2420 1205 2476 ad
1257 2423 1316 2498 ις.
1379 2421 1811 2498 Hugonem__pro

230 2490 579 2558 ieiununilale
620 2495 887 2551 cellarum
924 2490 1378 2547 'Cluniacensium
1409 2495 1460 2547 et
1496 2490 1806 2560 interdicto,

226 2590 289 2627 ac
320 2571 569 2627 libertate
597 2563 929 2623 convocandi
974 2563 1119 2635 apud
1158 2563 1481 2635 Cluniacum
1528 2579 1689 2633 quem
1717 2578 1809 2618 vo-

230 2644 397 2698 luerit
426 2641 731 2697 antistitem
756 2638 826 2692 ad
857 2633 1097 2692 chrisma
1125 2633 1522 2706 conﬁciendum
1547 2638 1599 2689 el
1627 2635 1809 2690 oleum

235 2712 675 2770 benedicendum.

542 2778 551 2785 ·
784 2781 972 2851 (Anno
1004 2778 1188 2849 1097.)

639 2870 877 2943 [Bullarx
907 2869 1177 2936 Cluniac.,
1207 2866 1323 2937 28.]

232 2965 506 3021 Uasmus
535 2959 867 3032 episcopus,
901 2973 1103 3014 servus
1133 2972 1433 3012 servorum
1482 2955 1604 3023 Dei,
1648 2970 1803 3011 reve-

151 3053 492 3112 rentissimo
523 3047 925 3105 fratriHucom
948 3044 1240 3113 abbati,et
1256 3043 1539 3101 universis
1569 3042 1803 3100 Clunia-

152 3145 347 3201 censis
376 3138 624 3197 ccenobii
676 3126 977 3203 fratribus,
1029 3133 1280 3192 salutem
1329 3137 1387 3189 et
1416 3132 1799 3205 apostolicam

153 3230 642 3289 benedictionem.

223 3321 509 3386 Quoniam
532 3314 1189 3386 abundanteiniquitate
1202 3310 1527 3385 refrigescit
1549 3310 1804 3367 charitas

150 3410 500 3475 multorum,
534 3408 759 3478 oportet
789 3420 895 3460 nos
912 3402 1139 3475 proloci
1156 3402 1328 3458 nobis
1358 3399 1636 3457 divinitus
1651 3416 1806 3456 com—

149 3499 318 3556 missi
352 3495 636 3570 regimine
664 3509 1007 3567 paucorum,
1041 3492 1099 3546 id
1122 3496 1214 3548 est
1237 3507 1539 3548 servorum
1560 3488 1661 3545 Dei
1679 3489 1807 3546 reli-

145 3586 311 3663 gioni
340 3584 623 3643 attentius
654 3582 974 3656 providere.
1009 3581 1116 3637 Per
1144 3579 1278 3636 illos
1309 3580 1467 3636 enim
1510 3578 1805 3653 plerisque

150 3678 214 3733 in
247 3676 390 3733 locis
423 3673 693 3732 serviDei
725 3675 781 3729 et
802 3670 1071 3728 monachi
1101 3670 1807 3744 periurbantur,perquos

150 3764 530 3841 potissimum
559 3780 660 3820 eos
704 3760 881 3819 foveri
931 3777 997 3816 ac
1045 3759 1265 3832 protegi
1313 3758 1626 3832 expediret.
1673 3759 1806 3824 Quae

152 3855 443 3911 nimirum
462 3851 635 3924 culpa
664 3848 977 3907 nonnullos
991 3849 1175 3905 nostri
1187 3847 1471 3921 temporis
1498 3848 1806 3922 episcopos

151 3942 411 4016 respicit,
445 3940 545 4013 qui
575 3940 715 3995 dum
748 3937 998 3995 terrenis
1028 3936 1281 4002 inhiant,
1313 3953 1414 3994 eos
1444 3937 1545 4009 qui
1577 3942 1807 3993 terrena

151 4033 426 4088 videntur
456 4028 790 4102 despexisse
828 4028 1194 4100 perturbant.
1247 4026 1507 4091 Quorum
1546 4026 1806 4099 profecto

155 4119 440 4177 molestiis
462 4135 565 4191 per
589 4115 919 4191 apostolicae
942 4115 1097 4173 sedis
1113 4114 1614 4188 dispensationem
1638 4115 1804 4171 duxi-

154 4207 656 4267 musobviandum
680 4209 1000 4279 ;quatenus
1030 4203 1350 4278 opitulante
1364 4204 1478 4260 Deo
1509 4221 1543 4260 a
1573 4203 1807 4261 saecula-

152 4300 318 4356 ribus
350 4295 706 4354 tumultibus
732 4295 1057 4361 liberi,tam
1090 4310 1193 4366 pro
1225 4294 1414 4365 nobis,
1429 4311 1607 4366 quam
1636 4298 1807 4366 etpro

150 4389 323 4463 ipsis.
345 4393 402 4444 et
417 4385 707 4442 universis
723 4384 939 4440 Christi
966 4383 1236 4440 ﬁdelibus
1249 4399 1484 4440 exorare
1497 4382 1807 4440 sollicitius

146 4476 415 4534 valeatis.
450 4473 728 4530 Praesenti
747 4472 927 4545 igitur
955 4472 1371 4528 constitutione
1402 4471 1806 4540 sancimus,ne

1945 545 2177 604 lestiam
2201 549 2365 605 vobis
2397 550 2678 626 ingerere,
2719 560 2777 612 et
2808 556 3025 614 nostris
3074 558 3593 616 constitutionibus

1948 636 2176 694 obviam
2209 638 2292 695 ire
2321 643 2780 716 praesumpserit,
2813 646 3089 718 prosedis
3118 647 3447 722 apostolicis
3465 665 3598 707 con-

1946 728 2193 821 tempta,
2226 731 2553 821 secundum
2572 732 2726 821 beati
2754 733 2966 790 Gelasii
2994 737 3364 805 sententiam,
3383 737 3599 797 suierit
3690 816 3695 821 Α

1945 815 2171 873 ordinis
2200 820 2258 873 et
2286 818 2526 876 honoris
2557 820 2752 878 elisor.

2014 905 2309 979 Scriptum
2368 926 2472 982 per
2524 926 2736 968 manus
2787 912 3115 984 Lanfranci,
3174 914 3384 972 notarii
3440 916 3592 975 sacri

1942 994 2163 1068 palatii.

2012 1085 2225 1141 Datum
2260 1087 2527 1145 Laterani
2552 1105 2655 1162 per
2684 1106 2924 1147 manum
2939 1091 3210 1166 Joannis,
3239 1097 3454 1150 sancta
3480 1094 3588 1152 Ro-

1941 1191 2127 1230 manae
2185 1175 2452 1234 Ecclesize
2503 1178 2731 1235 diaconi
2788 1180 3126 1250 cardinalis,
3166 1199 3242 1239 xv
3294 1182 3585 1242 Kalendas

1940 1263 2099 1333 Maii,
2134 1264 2448 1322 indictione
2476 1284 2533 1335 v,
2582 1284 2736 1323 anno
2790 1267 3104 1326 Dominicis
3161 1271 3585 1331 Incarnationis

1938 1352 2099 1423 4097,
2129 1354 2332 1427 pontiﬂ
2340 1359 2504 1412 catus
2518 1359 2713 1413 autem
2728 1357 2929 1414 domui
2941 1357 3157 1417 Urbani
3168 1376 3331 1435 papa
3343 1363 3584 1420 secundi

1939 1459 2092 1499 anno
2124 1442 2371 1500 decimo.

2648 1534 2871 1592 CCXXI.

2022 1621 2269 1704 Urbanus
2294 1623 2344 1679 II
2384 1623 2633 1704 Ecclesiae
2689 1626 3046 1704 Arvemensis
3062 1628 3372 1704 privilegia
3389 1631 3585 1704 etpos-

2005 1695 2287 1773 scssionea
2318 1695 2624 1773 conﬁrmat,
2671 1718 2699 1747 α
2730 1695 3144 1773 statuitque—ut
3167 1695 3285 1773 ejus
3330 1695 3588 1760 Ecdiciae

2008 1765 2233 1841 antistes
2266 1768 2325 1841 in
2372 1766 2723 1841 ordinatione
2763 1765 3206 1841 mtropolilani'
3225 1771 3586 1831 Biluricensis

1853 1831 1902 1897 Β
1996 1838 2246 1907 primum
2276 1838 2454 1893 locum
2483 1839 2742 1896 obtineat.
2777 1862 2806 1889 ››

2553 1910 2740 1981 (Anno
2773 1910 2958 1984 1097.)

2261 1997 2557 2067 [Burman
2596 1999 2714 2056 Vita
2743 1999 2969 2072 Urbani,
3001 2019 3059 2075 p.
3089 2001 3240 2074 285.]

1928 2156 2212 2242 Urbani]!
2228 2173 2396 2242 papae
2441 2087 3184 2242 epistolg‘gﬁxgaimundum
3227 2163 3578 2242 Ausciemem

1993 2229 2584 2306 archiepiscopumgg—A
2601 2230 2869 2306 Adversus
2897 2232 3144 2300 clericos,
3199 2236 3298 2306 qui
3325 2244 3575 2292 eamete-

1993 2301 2144 2355 rium
2174 2300 2227 2355 S.
2263 2300 2501 2357 Orienlii
2528 2303 2891 2360 violaverant.

2546 2390 2737 2463 (Anno
2768 2392 2953 2460 1097.)

2108 2459 2274 2531 [Dom
2305 2459 2596 2530 BonoUi-zr,
2626 2463 2862 2530 Recueil,
2896 2459 2942 2519 t.
2968 2463 3111 2534 XIV,
3140 2482 3198 2539 p.
3228 2465 3383 2538 725.]

1991 2548 2260 2605 Uasmus
2286 2550 2616 2622 episcopus,
2650 2566 2853 2607 servus
2883 2568 3184 2609 servorum
3203 2552 3329 2622 Dei,
3363 2554 3573 2611 dilecto

1917 2637 2081 2693 fratri
2114 2638 2180 2694 R.
2219 2635 2887 2708 [Raruusno],Auxien’si
2921 2640 3380 2716 archiepiscopo.
3413 2643 3571 2701 salu-

1916 2731 2035 2783 tem
2066 2732 2125 2783 et
2152 2727 2532 2800 apostolicam
2562 2728 3048 2787 benedictionem.
3334 2718 3379 2747 ‘

1986 2816 2131 2873 Cum
2162 2817 2223 2873 in
2253 2817 2531 2875 Auxiensi
2563 2819 2873 2892 metropoli
2893 2836 2997 2893 per
3025 2819 3352 2878 Romanam
3376 2820 3572 2878 Eccle-

1915 2905 2062 2962 siam
2095 2907 2317 2963 noviter
2336 2907 2419 2964 sis
2440 2908 2768 2977 ordinatus,
2800 2908 2958 2965 sedis
2973 2908 3305 2982 apostolica)
3318 2909 3569 2968 decretis

1916 2995 2154 3052 obedire
2182 2999 2240 3052 te
2269 2995 2751 3069 irrefragabiliter
2772 3000 3018 3070 oportet.
3038 2998 3391 3056 Mandamus
3421 3014 3563 3073 ergo

1916 3083 2266 3140 fraternitati
2301 3088 2418 3140 tum
2448 3088 2513 3139 ut
2541 3084 2613 3140 de
2643 3084 2870 3142 clericis
2883 3086 3042 3142 sedis
3068 3091 3203 3155 tuas,
3237 3086 3339 3159 qui
3360 3103 3567 3145 cosme-

1831 3198 1874 3265 ο
1913 3171 2125 3265 torium
2157 3172 2501 3265 quodeeati
2529 3189 2693 3265 papa:
2740 3174 2982 3265 Leonis-
3009 3179 3067 3231 et
3096 3178 3294 3265 nostro
3333 3177 3564 3234 decreto

1912 3258 2168 3316 ecclesia
2194 3259 2351 3315 Beati
2383 3258 2627 3315 Orientii
2645 3258 2943 3316 ﬁrmatum
2955 3260 3165 3330 fuerat,
3180 3259 3565 3331 violaverunt,

1903 3348 2202 3421 justitiam
2253 3349 2440 3404 facere
2498 3348 2780 3404 canonica
2810 3348 3083 3419 aequitate
3139 3364 3438 3421 procures.
3485 3347 3566 3405 De

1914 3439 2119 3493 caetero
2148 3442 2206 3493 et
2231 3437 2488 3509 teipsum
2500 3442 2559 3492 et
2571 3440 2682 3492 tuas
2696 3435 2856 3493 sedis
2875 3435 3118 3495 clericos
3141 3436 3225 3494 ita
3241 3436 3568 3507 custodias,

1914 3531 1980 3582 ut
2008 3526 2282 3581 Romanis
2312 3523 2582 3581 Ecclesiae
2613 3524 2846 3582 decreta
2872 3524 3214 3584 inconvulsa
3251 3526 3409 3600 apud
3439 3541 3566 3599 vos,

1915 3614 2163 3673 Domino
2193 3612 2497 3687 largiente,
2531 3618 2952 3672 conserventur
2980 3619 3038 3673 et
3066 3615 3317 3689 integra.

1986 3705 2134 3761 Data
2162 3705 2378 3773 Romae,
2411 3718 2474 3760 ιιι
2496 3701 2784 3761 Kalendas
2813 3702 2970 3761 Maii.

2600 3792 2887 3851 CCXXIII.

2049 3883 2376 3940 Salmoriaci
2398 3899 2578 3956 pagus
2605 3881 2870 4009 Eccleiiae
2899 3883 3445 3956 Gratianepolitanz

2591 3970 2764 4009 assert
2791 3970 2879 4009 ur.

2591 3970 2879 4011 assemur.

2538 4042 2728 4115 (Anno
2756 4041 2945 4115 1097.)

2225 4114 2527 4186 [Romamn
2547 4111 2685 4170 'Vita
2718 4111 2944 4183 Urbani,
2976 4111 3072 4181 IIl,
3104 4113 3254 4187 366.]

1987 4204 2266 4260 Uasauus
2313 4202 2646 4277 episcopus,
2678 4218 2880 4259 serms
2922 4216 3224 4259 servorum
3254 4201 3382 4273 Dei,
3411 4216 3569 4260 reve-

1915 4294 2251 4351 rentissimo
2284 4292 2445 4349 fratri
2477 4298 2536 4348 et
2562 4290 2907 4366 coepiscopo
2936 4291 3188 4361 Hucom,
3237 4289 3571 4366 apostolica:

1915 4383 2074 4441 sedis
2102 4382 2339 4453 vicario,
2395 4380 2646 4440 salutem
2694 4385 2754 4439 et
2782 4380 3163 4456 apostolicam
3211 4380 3571 4445 benedictio-

1915 4490 2072 4530 nem.

148 4565 432 4622 cellarum
462 4566 789 4620 vestrarum
822 4560 1071 4617 ubilibet
1099 4561 1428 4632 positarum
1470 4560 1679 4616 fratres
1699 4576 1803 4633 pro
1836 4569 1883 4634 Ι)
1984 4562 2171 4625 Quam
2202 4565 2562 4633 arroganter,
2596 4576 2773 4632 quam
2804 4558 3045 4635 indigne
3076 4561 3360 4618 adversus
3387 4575 3496 4617 nos
3516 4562 3576 4617 et

149 4654 478 4711 vicinarum
505 4651 821 4708 dioecesum
848 4648 1275 4721 interdictione,
1300 4649 1389 4706 vel
1410 4649 1811 4706 excommuni-

151 4743 382 4799 catione
412 4742 743 4798 divinorum
765 4739 1094 4797 ofﬁciorum
1122 4739 1570 4812 suspensionem
1587 4741 1809 4813 patian-

151 4830 380 4898 tur,sed
393 4835 515 4885 tam
530 4828 800 4885 monachi
815 4827 949 4901 ipsi,
974 4844 1152 4900 quam
1167 4832 1223 4884 et
1237 4828 1442 4885 famuli
1457 4846 1682 4899 eorum,
1709 4833 1813 4904 qui

150 4919 423 4976 videlicet
446 4918 782 4975 monasticae
814 4935 876 4974 se
889 4917 1630 4990 professionidevovcrunt,
1653 4919 1812 4977 clau-

153 5009 241 5064 sis
273 5006 653 5064 ecclesiarum
674 5006 901 5078 januis,
946 5023 1063 5062 non
1113 5005 1389 5063 admissis
1420 5007 1812 5081 .dioecesanis,

152 5097 363 5179 divinas
410 5096 708 5153 servitutis
768 5095 961 5153 ofﬁcia
1011 5094 1323 5163 celebrent,
1382 5100 1439 5152 et
1495 5096 1811 5170 sepulturae

153 5185 355 5244 debita
383 5189 686 5259 peragant.
717 5184 1203 5257 Vobisprseterea,
1238 5184 1337 5258 qui
1369 5184 1567 5259 inipso
1586 5185 1814 5243 Clunia-

155 5275 315 5333 censi
348 5274 1098 5348 cmnobiozcommoramini,
1120 5275 1416 5332 licentiam
1433 5275 1813 5350 indulgemus

152 5371 220 5421 ut
250 5365 321 5420 ad
354 5364 616 5421 chrisma
630 5364 1080 5436 conﬁciendum,
1106 5365 1227 5421 sive
1245 5363 1438 5421 oleum
1466 5365 1813 5423 benedicen-

151 5455 296 5511 dum
325 5455 535 5511 vestris
552 5457 999 5527 vestrorumque
1018 5453 1246 5523 usibus,
1282 5471 1458 5526 quem
1483 5455 1813 5512 malueritis

154 5542 510 5604 catholicum
543 5543 885 5616 episcopum
913 5542 1224 5611 advocetis,
1259 5543 1358 5616 qui
1391 5549 1591 5603 nostra
1629 5544 1813 5602 fultus

151 5633 507 5703 auctoritate
553 5648 683 5713 qua
713 5631 1017 5713 postulant
1046 5631 1364 5710 indulgeat.
1415 5633 1477 5697 Si
1517 5634 1651 5717 quis
1678 5650 1812 5697 vero

1920 4653 2187 4708 sanctam
2221 4649 2547 4705 Romanam
2577 4648 2896 4707 Ecclesiam
2946 4650 3128 4707 frater
3166 4653 3368 4708 noster
3394 4649 3575 4707 Vien-

1916 4738 2119 4796 nensis
2144 4736 2615 4809 archiepiscopus
2632 4737 2821 4795 Guido
2852 4755 2914 4796 se
2943 4738 3236 4809 habuerit,
3267 4737 3576 4797 scientiam

1920 4833 2172 4884 vestram
2206 4841 2580 4897 nequaquam
2612 4824 2789 4896 latet;
2822 4832 3032 4901 praeter
3058 4831 3267 4884 caetera
3292 4843 3427 4885 vero
3446 4843 3576 4883 cer—

1920 4917 2103 4973 vicem
2134 4932 2307 4972 suam
2339 4914 2621 4970 adversus
2674 4913 3071 4971 humilitatem
3119 4917 3381 4971 nostram
3430 4914 3577 4970 adeo

1921 5003 2182 5073 sustulit,
2216 5008 2281 5060 ut
2309 5008 2367 5060 et
2379 5003 2806 5059 Romanensem
2826 5002 3173 5059 abbatiama
3202 5001 3371 5058 nobis
3395 5001 3577 5058 inter-

1920 5094 2136 5152 dictam
2168 5092 2548 5161 reinvaderet,
2569 5091 2801 5149 etfratri
2813 5095 3012 5148 nostro
3042 5088 3579 5164 Gratianopolitano

1920 5185 2192 5257 episcopo
2222 5181 2499 5240 ecclesias
2529 5198 2680 5254 quas
2710 5180 3020 5238 nobiscum
3072 5180 3198 5254 ipse
3244 5179 3582 5237 restituerat

1921 5272 2287 5346 sinejudicio
2330 5272 2672 5329 reauferret.
2721 5272 2910 5328 Tuam
2958 5285 3096 5345 ergo
3152 5269 3581 5327 fraternitatem

1921 5380 2025 5436 pro
2054 5361 2225 5419 nobis
2254 5361 2496 5419 omnino
2518 5361 2590 5417 ad
2613 5359 2914 5434 justitiam
2930 5359 3168 5416 excitari
3184 5359 3582 5435 pracipimus.

1922 5451 2148 5510 Sentiat
2177 5456 2241 5508 ut
2287 5452 2661 5509 adamantem
2692 5454 2751 5507 et
2780 5447 3010 5507 silicem
3038 5449 3249 5507 faciem
3281 5452 3470 5519 tuam,
3500 5466 3589 5508 re.

1922 5544 2200 5616 motaque
2256 5540 2559 5617 praeteritae
2612 5538 2874 5597 lenitatis
2945 5539 3290 5611 reverentia,
3349 5537 3590 5598 omnino

1922 5631 2251 5695 secundum
2275 5629 2573 5709 justitiam
2604 5627 3156 5712 Gratianopolitanis
3184 5627 3457 5693 Ecclesiae
3479 5644 3591 5690 sua
