4004 6162
397 370 512 430 593

1701 359 1770 427 Β.
1819 354 2113 427 URBANI
2160 359 2206 422 Il
2255 354 2498 422 ΡΑΡᾸῗ.

3679 354 3806 418 498

389 505 529 574 jura
558 501 858 574 restituas,
891 509 948 562 et
979 504 1306 578 apostolicae
1340 501 1496 559 sedis
1529 499 1771 571 injurias
1803 497 2047 554 ulcisca-
2080 497 2134 563 Α
2165 496 2560 566 apostolorum
2593 496 2880 566 omnium,
2901 495 2958 550 in
2974 495 3120 550 festo
3152 494 3214 550 Β.
3249 489 3808 559 Martini,insolem-

401 594 502 660 ris,
533 593 594 648 in
626 594 1031 668 episcoporum
1073 591 1501 650 mutationibus
1532 590 1818 646 hactenus
1869 586 2047 642 nimis

401 681 548 738 lenis
561 699 666 755 pro
683 683 1013 756 apostolicae
1028 679 1495 738 mansuetudinis
1515 680 1702 752 gratia
1731 677 2050 734 Gallicana.

400 789 532 827 rum
564 773 947 844 petitionibus
972 770 1520 838 condescendimus,
1550 768 1824 840 deinceps
1855 771 2049 822 autem

400 858 458 914 id
486 860 718 931 penitus
747 857 1052 931 prmcaveri
1083 856 1680 930 praecipimusmeque
1703 853 1857 909 enim
1880 852 2053 907 Niem-

403 965 487 1002 nae
517 947 744 1020 synodi,
777 963 954 1019 quam
983 963 1145 1018 aeque
1167 951 1231 1000 ut
1257 949 1527 1001 sanctum
1560 942 1937 1016 Evangelium
1957 958 2052 996 ve-

401 1052 695 1102 neramur,
720 1034 1124 1091 auctoritatem
1141 1034 1480 1106 hujusmodi
1499 1031 1905 1089 occasionibus
1924 1047 2052 1086 cva-

401 1121 559 1178 euari
591 1121 837 1179 ulterius
869 1124 1184 1196 patiemur.

473 1209 618 1268 Data
648 1211 950 1270 Lateranis
980 1230 1020 1268 n
1041 1211 1239 1268 Nonas
1265 1213 1448 1268 Junii.

1091 1318 1366 1374 CCXXIV.

408 1409 615 1466 Urbani
668 1411 720 1464 II
769 1426 928 1480 papa:
981 1409 1208 1480 epistola
1271 1407 1340 1463 ad
1411 1407 1776 1480 Bcrtrandum
1819 1406 2056 1480 _Narbo-

475 1498 697 1536 nensem
748 1478 1232 1552 archiepiscopum.
1282 1513 1346 1520 —
1386 1480 1635 1535 Ecclesiae
1696 1478 2059 1535 Narbonensis

470 1553 768 1624 privilegia
802 1553 1139 1609 corroborat.

1031 1643 1217 1711 (Anno
1251 1639 1432 1708 4097.)

635 1723 724 1799 τι).
755 1731 1044 1798 Bououe'r,
1078 1729 1312 1795 Recueil,
1339 1735 1380 1784 t.
1417 1729 1558 1801 XIV,
1593 1747 1649 1802 p.
1681 1731 1826 1797 727.]

481 1837 758 1893 Unsaxus
782 1837 1112 1909 episcopus,
1136 1853 1341 1893 servus
1370 1853 1668 1892 servorum
1701 1835 1824 1904 Dei,
1851 1836 2061 1893 dilecto
2095 1869 2141 1936 Β

409 1927 470 1982 in
500 1926 730 1982 Christo
759 1925 923 1981 fratri
954 1931 1321 1991 Bsn'rnmoo,
1354 1925 1720 1982 Narbonensi
1781 1925 2063 1998 archiepi-

407 2031 604 2088 scopo,
636 2017 975 2088 perpetuam
1007 2013 1258 2070 salutem
1293 2015 1351 2069 in
1379 2013 1650 2070 Domino.

481 2105 830 2160 Potestatem
864 2103 1084 2176 ligandi
1118 2109 1294 2176 atque
1323 2102 1580 2159 solvendi
1615 2103 1674 2158 in
1718 2103 1877 2160 cmlis
1915 2107 1971 2158 et
2003 2103 2062 2158 in

411 2197 565 2249 terra
596 2193 657 2248 Β.
691 2191 860 2248 Petro
887 2192 1132 2264 ejusque
1163 2192 1626 2259 successoribus,
1661 2197 1892 2248 auctore
1923 2193 2060 2260 Deo,

411 2280 813 2354 principaliter
837 2280 1115 2336 traditam
1138 2279 1255 2336 illis
1269 2281 1523 2337 Ecclesia
1550 2281 1744 2337 verbis
1776 2281 2060 2354 agnoscit,

412 2371 627 2442 quibus
656 2371 891 2426 Petrum
923 2375 1012 2426 est
1043 2370 1325 2428 Dominus
1356 2369 1682 2426 allocutus:
1720 2371 2064 2442 Quam-anque

415 2461 672 2529 ligtweris
699 2475 862 2532 super
913 2461 1144 2529 terram,
1204 2463 1366 2515 erant
1426 2461 1596 2532 ligata
1641 2461 1781 2518 etin
1835 2462 1984 2516 cretis
2013 2469 2064 2517 et

413 2563 754 2622 quaecunque
782 2550 1006 2606 solveris
1043 2566 1208 2621 super
1254 2558 1478 2608 terram.
1511 2553 1672 2605 erant
1719 2551 1894 2606 solata
1923 2558 1974 2606 et
2003 2552 2062 2606 in

409 2640 559 2694 caelis
591 2638 798 2711 (Matth.
829 2653 988 2707 xvm,
1038 2641 1116 2709 8).
1150 2639 1267 2710 Ipsi
1317 2654 1551 2711 quoque
1601 2644 1658 2695 et
1689 2639 1931 2712 propriae
1964 2639 2061 2695 ﬁr-

413 2727 587 2784 mitas
617 2731 674 2782 et
701 2727 901 2784 alienae
948 2727 1081 2783 ﬁdei
1131 2728 1519 2794 conﬁrmatio,
1565 2729 1769 2784 eodem
1815 2728 2064 2784 Domino

414 2822 668 2884 auctone,
720 2819 1051 2888 praestatur,
1111 2831 1246 2871 cum
1280 2817 1351 2872 ad
1403 2833 1537 2872 eum
1570 2815 1826 2872 dicitur:
1861 2818 2065 2886 Rogavi

408 2923 512 2979 pro
536 2909 608 2972 te,
639 2915 835 2962 utnon
864 2905 1084 2977 deﬁciat
1109 2906 1240 2975 ﬁdes
1260 2913 1374 2962 tua.
1405 2908 1470 2962 Et
1500 2910 1559 2961 tu
1589 2906 1883 2979 aliquando
1934 2923 2062 2963 con-

412 3013 597 3054 versus
626 3012 720 3054 con
733 2996 888 3054 ‘irma
915 2997 1116 3066 fratres
1147 2999 1264 3051 tuos
1291 2997 1440 3066 (Luc.
1489 3012 1626 3063 xxu,
1663 2997 1773 3067 32).
1827 2996 2064 3069 Oportet

415 3101 550 3158 ergo
583 3101 710 3149 nos,
743 3085 866 3158 qui,
897 3083 1034 3140 licet
1081 3084 1328 3156 indigni,
1361 3085 1514 3140 Petri
1565 3086 1763 3141 sedem
1793 3085 2062 3142 videmus

415 3174 648 3242 habere,
683 3190 859 3245 prava
887 3174 1195 3245 corrigere,
1230 3177 1386 3230 recta
1416 3174 1670 3240 ﬁrmare,
1718 3179 1774 3230 et
1803 3174 1862 3229 in
1898 3175 2060 3231 omni

414 3263 672 3322 Ecclesia
689 3263 772 3318 ad
799 3264 998 3319 a3terni
1032 3262 1337 3319 arbitrium
1350 3262 1569 3334 judicis
1595 3262 1679 3318 sic
1698 3263 2065 3336 disponenda

415 3353 742 3426 disponere,
774 3357 840 3408 ut
871 3353 943 3408 de
973 3351 1134 3408 vultu
1167 3352 1298 3423 ejus
1320 3352 1613 3423 judicium
1647 3357 1911 3409 nostrum
1940 3369 2069 3424 pro-

415 3444 568 3509 deat,
597 3446 656 3499 et
667 3441 825 3498 oeuli-
848 3441 1033 3498 nostri
1045 3441 1278 3497 videant
1298 3440 1652 3512 aequitatem.
1671 3442 2067 3498 Fraternitatis

419 3531 600 3602 igitur
628 3535 740 3585 tua:
789 3529 966 3600 justis
1022 3529 1403 3600 petitionibus
1453 3547 1740 3598 annuens,
1801 3535 2065 3588 sanctam

417 3619 856 3677 Narbonensem
890 3616 1225 3686 Ecclesiam,
1275 3619 1368 3674 cui
1401 3618 1596 3675 divina
1641 3618 1923 3691 largiente
1951 3619 2063 3676 cle-

419 3706 640 3762 mentia
665 3706 964 3778 praesides,
999 3706 1436 3778 possidendam,
1467 3708 1802 3780 regendam,
1849 3725 1914 3764 ac
1943 3709 2063 3764 dis-

418 3796 748 3867 ponendam
791 3795 1096 3868 prazsentis
1129 3795 1231 3851 tibi
1263 3796 1476 3852 decreti
1521 3797 1733 3870 pagina
1763 3798 2066 3854 conﬁrma-

418 3900 475 3939 m
487 3901 574 3940 us.
600 3884 716 3940 Nos
729 3884 884 3940 enim
897 3888 954 3940 te
969 3884 1027 3939 in
1044 3884 1429 3941 Nem‘au‘sensi
1448 3885 1704 3941 Ecclesia
1723 3885 2062 3960 episcopum

415 3973 908 4040 consecravimus,
937 3977 1012 4036 et,
1046 3974 1309 4046 exigente
1326 3974 1693 4043 necessitate,
1719 3977 1787 4030 ad
1823 3981 1985 4032 tuam
2007 3981 2064 4034 te

415 4063 718 4119 transferri
765 4063 1134 4135 metropolim
1170 4079 1274 4135 per
1302 4063 1809 4136 suil'ragancorum
1839 4065 2065 4122 electio-

417 4168 551 4207 nem
582 4152 946 4208 auctoritatis
977 4156 1188 4209 nostrae
1208 4153 1440 4225 scriptis
1471 4154 1880 4224 permisimus;
1909 4157 2062 4228 quod

417 4240 560 4320 nulli
595 4240 867 4320 deinceps
899 4241 1274 4298 concedimus
1312 4242 1795 4315 permittendum.
1821 4244 1936 4298 Has
1964 4245 2064 4317 igi-

416 4335 512 4384 tur
535 4314 799 4384 civitates
829 4329 1018 4385 eidcm
1049 4314 1447 4386 Ecclesizetum
1489 4332 1835 4388 fraternitati
1870 4314 2060 4389 sanci-

417 4433 550 4472 mus
573 4433 700 4473 esse
730 4419 1352 4490 subjectas,Tolosam,
1369 4422 1812 4490 Carcassonam,
1836 4421 2058 4490 Elxam,

419 4507 707 4572 Biterrim,
737 4508 984 4580 Aydam,
1003 4508 1392 4582 Magalonam,
1418 4511 1794 4581 Nemausum,
1814 4510 2058 4582 Uticem,

417 4595 764 4667 Lugdevem,
785 4595 942 4652 salvo
959 4597 1224 4653 tamenin
1239 4599 1512 4654 omnibus
1545 4600 1701 4655 sedis
1731 4601 2061 4673 apostolicae
2092 4613 2139 4677 Ι)

409 4685 564 4754 jure.
599 4685 876 4741 Praeterea
905 4686 1222 4758 primatum
1246 4689 1501 4760 Aqucnsi
1543 4689 1902 4763 metropolis,
1937 4709 2066 4763 qua:

415 4778 504 4829 est
530 4771 892 4831 Narbonensi
927 4777 1204 4842 secunda,
1233 4781 1290 4832 et
1320 4777 1606 4850 quidquid
1655 4778 1956 4851 dignitatis
1974 4781 2059 4836 vel

414 4861 928 4920 honoriseamdem
943 4865 1381 4921 Narbonensem
1411 4866 1724 4922 Ecclesium
1741 4869 2067 4940 antiquitus

403 4951 541 5022 jure
573 4952 852 5009 habuisse
906 4954 1256 5020 constiterit,
1321 4972 1427 5009 nos
1481 4973 1712 5028 quoque
1766 4960 2066 5028 pnrscntis

415 5041 628 5096 decreti
655 5043 866 5114 pagina
893 5041 1309 5098 inconcussum
1344 5045 1399 5097 et
1429 5043 1757 5099 inviolabile
1789 5050 2066 5118 perpetuo

293 5169 322 5198 ο
416 5137 651 5184 manere
683 5125 1071 5187 decernimus.
1093 5131 1340 5187 Pallium
1365 5135 1557 5186 autem
1594 5131 1939 5188 fraternitati
1956 5140 2069 5190 tua:

416 5219 486 5272 ad
521 5219 838 5275 missarum
867 5225 1096 5276 tantum
1130 5220 1410 5276 solemnia
1441 5219 1789 5276 celebranda
1817 5239 1885 5277 ex
1909 5239 2067 5280 more

415 5307 810 5376 concedimus,
863 5327 978 5380 quo
1024 5309 1082 5366 in
1135 5309 1486 5382 subscriptis
1539 5310 1644 5365 tibi
1697 5310 2066 5368 solummodo

414 5393 614 5450 licebit
645 5392 1037 5466 utidiebus,in
1070 5399 1403 5472 epiphauia,
1423 5398 1482 5452 in
1497 5399 1772 5455 omnibus
1797 5400 2067 5456 B.Marizn

411 5481 849 5553 festivitatibus,
915 5489 975 5544 in
1027 5505 1192 5545 coena
1241 5485 1490 5556 Domini,
1523 5488 1583 5543 in
1642 5491 2067 5546 resurrectione

415 5569 646 5627 Domini
672 5572 902 5630 duobus
946 5578 1176 5648 diebus,
1225 5577 1282 5632 in
1315 5575 1668 5633 Ascensione
1721 5575 1972 5645 Domini,
2007 5580 2065 5634 in

418 5665 776 5734 Pentecoste,
807 5665 865 5724 in
917 5668 1214 5725 nativitate
1256 5667 1319 5724 Β.
1369 5666 1636 5740 Joannis,
1670 5667 1726 5723 in
1785 5668 2066 5726 natalitiis

2159 584 2440 640 nitatibus
2471 585 2528 640 S.
2563 589 2884 657 martyrum
2918 584 3070 640 Justi
3103 589 3160 639 et
3200 581 3479 648 Pastoris,
3529 597 3595 636 ac
3640 578 3808 636 Pauli

2159 673 2530 743 confessoris,
2565 673 2624 729 in
2656 674 3088 730 consecratione
3119 673 3525 746 episcoporum
3547 674 3603 726 et
3631 670 3810 727 eccle-

2161 763 2405 830 siarum,
2437 762 2495 818 in
2558 763 2923 819 ordinatione
2981 762 3345 818 clericorum.
3393 762 3457 816 In
3490 775 3606 834 quo
3662 760 3807 834 quid

2161 853 2434 924 ponderis
2453 853 2554 907 tibi
2571 869 2637 908 ac
2665 851 3074 908 sollicitudinis
3092 851 3422 924 injungitur
3439 850 3808 906 considerare

2160 945 2215 996 te
2247 941 2696 1012 diligentissime
2727 941 3012 998 convenit.
3048 941 3236 1012 Hujus
3289 940 3447 994 enim
3483 938 3814 995 indumenti

2164 1027 2350 1084 honor
2381 1029 2682 1086 humilitas
2705 1034 2879 1102 atque
2902 1029 3137 1102 justitia
3165 1033 3273 1098 est,
3309 1033 3418 1084 etc.

2233 1119 2528 1191 Scriptum
2556 1135 2658 1193 per
2687 1135 2929 1176 manum
2962 1119 3136 1186 Petri,
3171 1117 3462 1174 scriniarii
3515 1117 3666 1174 sacri
3699 1134 3808 1191 pa-

2163 1207 2312 1264 latii.

2236 1298 2444 1352 Datum
2472 1297 2754 1366 Laterani,
2790 1303 2889 1354 vui
2924 1299 3060 1354 Idus
3088 1297 3450 1366 Novembris,
3471 1314 3575 1371 per
3603 1313 3818 1353 manus

2169 1387 2686 1456 Laufranci,vicem
2707 1387 2934 1460 agentis
2959 1386 3474 1455 cancellarii,anno
3501 1386 3819 1442 Dominicae

2167 1475 2593 1532 Incarnationis
2615 1477 2770 1542 1097,
2802 1476 3121 1532 indictione
3134 1493 3208 1544 vr,
3225 1475 3600 1548 pontiﬁcatus
3620 1479 3818 1532 autem

2169 1565 2367 1619 domui
2406 1565 2616 1620 lIrbani
2654 1565 2698 1620 ΙΙ
2731 1581 2892 1638 papa:
2920 1581 3074 1621 anno
3107 1583 3162 1620 x.

2981 1672 3095 1704 .'V\7

2981 1673 2994 1682 .
3027 1673 3042 1690 ,
3079 1673 3095 1704 γ

2174 1761 2378 1817 Urbani
2404 1761 2453 1815 ΙΙ
2469 1777 2632 1832 papa:
2661 1673 3268 1832 epistolfcafixb’etrum
3310 1757 3553 1834 Gom'edi
3607 1761 3822 1834 Aquen-

2241 1849 2354 1888 sem
2429 1834 2914 1904 archiepiscopum.
2976 1865 3040 1874 —
3098 1833 3317 1890 Munda:
3370 1833 3430 1888 at
3482 1833 3822 1890 Narbonmsz

2241 1906 2664 2030 prcltiicpiwopo,
2700 1909 2963 1976 tanquam
2991 1907 3243 1977 primali,
3274 1907 3634 1961 reverentiam
3666 1905 3824 1961 exhi-

2259 1993 2337 2030 n’a
2371 2017 2384 2030 .

2259 1993 2384 2030 7W”.

2795 2049 2982 2120 (Anno
3018 2048 3200 2118 1097.)

2397 2138 2486 2207 [υ.
2521 2137 2803 2205 Βυιόυετ,
2837 2137 3070 2193 Recueit.
3103 2141 3145 2192 t.
3180 2137 3325 2203 XIV,
3361 2154 3417 2210 p.
3447 2139 3598 2208 728.]

2244 2225 2521 2281 Unesxus
2555 2226 2886 2299 episcopus.
2919 2243 3120 2282 servus
3136 2242 3437 2284 servorum
3470 2227 3592 2296 Dei,
3613 2226 3826 2284 dilecto

2171 2315 2333 2370 fratri
2365 2315 2621 2387 Aquensi
2655 2315 3113 2388 archiepiscopo,
3159 2315 3412 2372 salutem
3462 2321 3518 2372 et
3549 2316 3828 2390 apostoli-

2173 2421 2300 2460 cam
2337 2403 2820 2460 benedictionem.

2247 2493 2670 2550 Fi'aternoster
2723 2493 3116 2550 Narbonensis
3164 2494 3641 2568 archiepiscopus
3689 2513 3827 2560 con-

2173 2589 2416 2654 questus
2448 2586 2732 2655 estsuper
2754 2588 2830 2653 te,
2864 2583 3018 2655 quod
3070 2584 3118 2640 ei
3161 2585 3297 2655 jure
3347 2585 3636 2656 primatus
3685 2585 3830 2641 obe-

2171 2673 2294 2728 dire
2351 2678 2711 2727 contemnas.
2776 2673 3164 2728 Przesentibus
3225 2673 3403 2746 igitur
3453 2672 3666 2730 litteris
3708 2678 3825 2730 tua:

2170 2759 2464 2815 dilectioni
2493 2761 2845 2817 mandamus
2892 2765 2958 2816 ut
3003 2761 3369 2818 Narbonensi
3416 2761 3681 2819 Ecclesia:
3730 2780 3823 2819 re-

2170 2849 2488 2904 verentiam
2522 2849 2775 2904 debitam
2837 2849 3136 2918 exsolvas;
3199 2850 3482 2924 alioquin,
3535 2857 3822 2923 tanquam

2170 2937 2500 3010 apostolica:
2522 2939 2677 2994 sedis
2689 2943 3073 3012 contemptor,
3089 2940 3416 3012 apostolicae
3431 2941 3826 3012 sedisjudicio

2171 3028 2300 3099 subj
2311 3028 2525 3084 acebis.

2861 3118 3137 3174 CCXXVI.

2093 3239 2135 3306 ρ
2179 3207 2813 3306 ΛΙΙξΗίδιοΙαΙειιίι
2854 3210 3141 3306 Κιξρᾼωῖιᾈι
3178 3209 3588 3306 Lugdunensem
3634 3211 3824 3306 urebi.-

2245 3281 2787 3353 episcopmn.U——_Ut
2842 3285 3142 3353 Aqucnsem
3190 3281 3654 3353 archiepiscopum
3705 3283 3826 3352 pri-

2245 3300 2572 3350 epzscopum.
2621 3311 2689 3318 ——
2724 3300 2787 3336 υι
2842 3300 3142 3352 aquensem
3190 3300 3524 3353 aruuepiseo
3545 3300 3654 3335 mm
3705 3300 3826 3352 prl-

2249 3351 2516 3476 mrliltitsuo
2571 3351 2918 3407 Narbonensi
2960 3351 3361 3424 archiepiscopo
3412 3300 3628 3408 obedire
3677 3369 3828 3406 com-

2243 3437 2310 3494 pc
2357 3439 2390 3476 a
2421 3464 2432 3476 .

2801 3513 2992 3582 (Anno
3024 3513 3208 3581 1097.)

2393 3601 2482 3673 [1).
2515 3601 2806 3670 Bouous'r,
2837 3602 3073 3670 Recueil,
3108 3605 3149 3655 t.
3185 3602 3332 3669 XIV,
3364 3618 3420 3672 p.
3453 3603 3606 3674 728.]

2246 3689 3073 3763 Unaaxusepiscopusﬁervus
3095 3705 3393 3746 servorum
3408 3689 3838 3762 Dei,venerabi-

2173 3777 2213 3833 li
2245 3779 2831 3851 Hucom,apostolicze
2846 3778 3000 3834 sedis
3015 3778 3227 3834 vicario
3251 3777 3500 3834 salutem
3517 3784 3829 3852 etaposto-

2173 3867 2346 3924 licam
2378 3867 2860 3924 benedictionem.

2248 3959 2444 4012 Frater
2481 3959 2680 4012 noster
2736 3953 3131 4012 Narbonensis
3164 3956 3638 4029 archiepiscopus
3687 3975 3838 4015 con-

2173 4049 2416 4118 questus
2438 4049 2528 4100 est
2543 4045 2975 4116 superAquensi
2991 4045 3612 4118 archiepiscopo,quod
3630 4047 3679 4103 ei
3691 4049 3835 4118 jure

2175 4133 2462 4206 primatus
2491 4133 2728 4188 obedire
2761 4137 3117 4189 contemnat.
3151 4133 3314 4190 Unde
3341 4135 3688 4191 fraternitati
3713 4142 3830 4193 tuae

2173 4221 2704 4296 prmsentiascripta
2718 4221 3461 4296 dirigimus,przecipientes
3477 4227 3829 4282 uteumdem

2174 4313 2499 4384 Aquensem
2533 4310 3038 4384 archiepiscopum
3079 4313 3252 4383 juxta
3294 4312 3449 4368 sedis
3491 4314 3830 4385 apostolica:

2171 4400 2442 4456 instituta
2472 4399 2704 4472 primati
2737 4405 2836 4456 tuo
2869 4400 3101 4456 obedire
3133 4401 3471 4474 compellas.
3511 4401 3664 4458 Vale.

2848 4507 3144 4564 CCXXVII.

2455 4599 2818 4670 Privilegia-m
2830 4613 2928 4669 pro
2958 4598 3194 4653 Ecclesia
3227 4598 3495 4654 Verulana
3514 4638 3528 4653 .

2803 4688 2984 4756 (Anno
3019 4686 3202 4754 4097.)

2511 4775 2798 4848 [UanLLI,
2830 4775 2987 4830 Italia
3019 4791 3197 4844 saera,
3229 4775 3270 4842 1,
3303 4775 3487 4846 11390.]

2251 4865 2528 4922 Unnsuus
2559 4865 2883 4936 episcopus,
2908 4879 3112 4919 servus
3141 4881 3442 4920 servorum
3477 4864 3596 4930 Dei,
3617 4863 3829 4922 dilecto

2179 4955 2338 5008 fratri
2372 4957 2658 5019 ALBERTO,
2689 4952 2991 5008 Veruleusi
3015 4953 3567 5028 episcopo,ejusque
3594 4971 3828 5024 succes-

2179 5044 2410 5099 soribus
2441 5041 2713 5098 canonice
2745 5041 3172 5099 substituendis
3203 5043 3261 5098 in
3279 5049 3644 5116 perpetuum.

2247 5132 2278 5186 J
2289 5131 2435 5187 ustis
2456 5131 2603 5186 votis
2635 5147 2943 5186 assensum
2975 5132 3251 5204 praebere,
3277 5132 3578 5205 justisque
3602 5132 3832 5206 petitio-

2178 5221 2356 5276 nibus
2388 5235 2558 5276 aures
2591 5219 3031 5276 accommodare
3063 5237 3169 5276 nos
3201 5221 3488 5288 convenit,
3515 5219 3637 5292 qui,
3691 5218 3832 5276 licet

2179 5309 2425 5382 indigni,
2441 5307 2680 5380 justitiae
2703 5309 2978 5365 custodes
2992 5313 3166 5382 atque
3189 5325 3484 5384 preacones
3513 5309 3571 5364 in
3603 5306 3834 5365 excelsa

2178 5397 2572 5472 apostolorum
2606 5397 2886 5471 principis
2919 5399 3069 5454 Petri
3099 5403 3156 5454 et
3173 5397 3338 5455 Pauli
3370 5399 3608 5473 specula
3629 5398 3832 5471 positi,

2178 5488 2426 5544 Domino
2475 5487 2819 5560 disponente
2865 5488 3132 5544 videmur
3160 5488 3424 5546 existere.
3458 5487 3598 5545 Tuis
3625 5487 3836 5560 igitur,

2179 5577 2425 5632 fraterin
2449 5576 2678 5632 Christo
2709 5575 3053 5632 charissima
3097 5575 3346 5646 Alberte,
3373 5578 3555 5650 justis
3604 5574 3835 5651 petitio-

2181 5667 2353 5724 nibus
2385 5670 2730 5736 annuentes,
2763 5669 2817 5724 S.
2855 5665 3201 5725 Verulanam
3233 5667 3574 5739 Ecclesium,
3605 5665 3698 5726 cui
3731 5682 3838 5724 au-
