4004 6162
170 346 298 425 ΜΠ

1358 338 1764 405 EPLSTOLJE
1805 339 1905 403 ET
1951 337 2423 403 PRIVILEGIA.

3470 337 3592 399 498

177 488 337 561 ctore
386 480 504 543 Deo
553 477 851 559 prasides,
894 476 1224 556 apostolicos
1274 476 1432 536 sedis
1486 475 1828 534 auctoritate
1856 479 1910 551 Α
1940 490 2188 548 rumque
2236 488 2642 548 personarum,
2688 467 2840 531 hanc
2889 475 3103 531 nostra
3156 471 3593 531 constitutionis

177 573 505 630 munimus.
540 572 872 630 Statuimus
903 572 1059 628 enim
1110 576 1175 626 ut
1226 585 1609 643 quaecumque
1639 567 1827 622 eidem

177 661 497 719 venerabili
550 661 675 717 loco
725 679 759 716 a
806 660 1167 733 quibuslibet
1214 657 1554 715 hominibus
1604 656 1836 729 proprio

170 752 308 825 jure
329 753 460 824 jam
491 750 707 808 donata
737 754 895 819 sunt,
927 749 1011 805 vel
1054 749 1115 804 in
1166 748 1429 803 futurum
1463 747 1837 802 concessione

178 840 547 914 pontiﬁcum,
606 837 952 895 liberalitate
1000 838 1355 911 principum,
1403 834 1490 891 vel
1546 833 1836 890 oblatione

179 929 467 996 ﬁdelium,
500 929 616 984 Deo
648 928 984 993 miserante,
1016 925 1224 993 collata
1254 924 1491 991 fuerint,
1529 921 1837 979 ﬁrmatibi

178 1018 417 1090 tuisque
448 1017 889 1073 successoribus
920 1021 976 1071 et
996 1014 1220 1072 illibata
1249 1010 1838 1087 permaneant.Vallis

180 1106 408 1164 scilicet
435 1107 507 1162 de
536 1106 806 1175 Literana
835 1121 970 1161 cum
1002 1103 1279 1159 affinibus
1304 1102 1459 1170 suis;
1490 1100 1653 1157 lacus
1703 1116 1838 1154 cum

178 1195 553 1269 pertinentiis
581 1194 1064 1263 suis,Astianum,
1098 1193 1359 1261 Pattena,
1384 1191 1837 1253 Mundezanum,

176 1286 519 1353 Paternum,
551 1282 974 1355 casale,Criptze
1005 1281 1290 1346 Anselmi,
1322 1279 1669 1336 Cassianum
1704 1294 1839 1333 cum

176 1391 383 1432 eorum
414 1372 817 1447 pertinentiis;
850 1370 1095 1428 ecclesia
1134 1372 1191 1427 8.
1240 1369 1463 1439 Crucis,
1509 1370 1567 1424 S.
1623 1367 1837 1435 Mariae,

177 1480 309 1537 quae
343 1462 562 1518 dicitur
592 1461 883 1531 Rotunda,
937 1461 997 1516 8.
1046 1458 1414 1532 Archangeli,
1442 1463 1499 1512 8.
1546 1456 1737 1513 Mariae
1770 1457 1841 1511 de

178 1552 408 1608 Paretis
438 1568 571 1607 cum
604 1549 969 1623 pertinentiis
994 1547 1729 1619 suis,Molendinum,quod
1754 1548 1842 1602 est

184 1641 243 1696 in
277 1641 539 1705 Masena,
573 1656 708 1694 cum
739 1637 1108 1711 pertinentiis
1140 1637 1285 1706 suis,
1315 1635 1561 1693 ecclesia
1610 1636 1665 1691 S.
1712 1635 1843 1690 Ste-

180 1728 388 1802 phani,
422 1731 480 1785 et
510 1730 567 1784 S.
600 1727 714 1783 Viti
747 1744 880 1782 cum
914 1726 1279 1800 pertinentiis
1326 1742 1554 1793 earum,
1596 1723 1841 1780 ecclesia

179 1819 283 1874 SS.
313 1820 536 1875 Cosme:
566 1820 622 1872 et
651 1816 940 1882 Damiani,
975 1832 1110 1871 cum
1161 1814 1526 1887 pertinentiis
1567 1814 1712 1882 suis,
1749 1830 1840 1869 ec-

179 1905 359 1964 clesia
388 1906 447 1961 S.
475 1903 677 1977 Augeli
710 1904 781 1960 de
814 1908 1036 1977 Forgna
1068 1921 1202 1959 cum
1252 1903 1414 1960 silvis
1445 1907 1502 1959 et
1533 1902 1840 1959 territoriis

177 1995 328 2061 suis,
362 1992 606 2050 ecclesia
646 1997 702 2047 S.
737 1992 982 2048 Joannis
1032 1991 1090 2046 in
1142 1992 1432 2048 territorio
1478 1990 1840 2059 Frusinonis,

180 2101 311 2158 quae
342 2083 459 2139 sita
488 2086 576 2138 est
595 2081 767 2153 juxta
798 2081 1015 2136 ﬁumen
1066 2097 1265 2137 casam
1297 2097 1432 2137 cum
1463 2079 1738 2135 omnibus
1769 2082 1841 2136 ad

182 2172 381 2246 ipsum
414 2170 863 2242 pertinentibus.
877 2171 1055 2226 Lacus
1071 2170 1143 2225 de
1156 2169 1533 2235 Masciano,et
1554 2169 1840 2240 quidquid

176 2263 239 2317 in
270 2259 562 2317 territorio
592 2258 841 2315 Surricis
874 2275 976 2331 per
1006 2258 1345 2315 authentico.
1366 2257 1701 2314 chartarum
1727 2274 1844 2314 mo-

180 2353 468 2407 numenta
515 2347 703 2405 eidem
752 2346 1057 2404 Verulana;
1107 2347 1375 2404 Ecclesia:
1426 2346 1714 2418 pertinere
1744 2363 1838 2402 co-

170 2439 502 2514 gnoscitur.
540 2438 645 2494 Per
692 2438 883 2510 ipsam
932 2436 1130 2510 itaque
1179 2442 1299 2493 tam
1350 2437 1477 2504 tibi,
1511 2453 1688 2507 quam
1722 2436 1839 2492 tuis

178 2524 626 2584 successoribus
657 2524 971 2598 episcopali
997 2525 1133 2596 jure
1163 2524 1417 2597 regenda
1441 2529 1740 2596 perpetuo,
1774 2542 1841 2581 ac

178 2615 550 2689 disponenda
599 2615 995 2680 concedimus,
1030 2618 1207 2686 atque
1256 2615 1562 2670 ﬁrmamus
1609 2613 1841 2670 civitate

180 2703 490 2760 Verulana:
541 2720 675 2759 cum
726 2703 1002 2758 omnibus
1034 2702 1437 2774 adjacentibus
1470 2702 1622 2757 Eccl.
1656 2703 1836 2773 intus,

178 2792 270 2850 vel
302 2793 446 2850 foris
476 2791 886 2860 Frusinonem,
918 2807 1053 2849 cum
1107 2792 1384 2847 omnibus
1429 2792 1572 2847 suis.
1615 2792 1841 2865 Oppida

181 2883 463 2949 Turricis,
494 2879 789 2951 Larnaria,
823 2880 1058 2953 Paphen
1100 2897 1235 2936 cum
1284 2880 1544 2937 ecclesiis
1575 2882 1632 2937 8.
1663 2881 1840 2949 Petri,

180 2975 243 3029 et
267 2974 325 3027 S.
359 2969 675 3038 Columba,
717 2969 1140 3026 monasterium
1187 2970 1246 3025 8.
1295 2968 1591 3041 Sylvestri.
1640 2969 1837 3041 Hipas,

183 3058 476 3117 Castrum.
504 3062 703 3115 monte
731 3058 997 3132 Nigrum,
1035 3058 1427 3113 Fabrateriam
1458 3074 1591 3114 cum
1625 3058 1841 3114 ﬁnibus

182 3153 244 3213 et
297 3147 668 3222 pertinentiis
723 3164 947 3215 earum,
1007 3150 1430 3219 Ceperannum,
1489 3148 1838 3217 Cannetum,

1945 566 2220 638 paginam
2247 566 2670 634 sciens,contra
2699 579 2827 620 eam
2850 568 3067 620 temere
3095 562 3292 620 venire
3322 580 3597 643 praesum-

1946 655 2146 729 pserit,
2178 654 2480 727 potestatis
2512 652 2867 726 honorisque
2915 652 3006 715 sui
3058 654 3341 726 dignitate
3381 658 3594 721 careat,

1944 761 2230 817 reumque
2262 759 2325 799 se
2352 743 2547 799 divino
2579 742 2804 813 judicio
2852 743 3098 799 existere
3147 744 3218 800 de
3267 747 3601 817 perpetrata

1948 833 2259 905 iniquitate
2309 837 2647 905 cognoscat,
2681 837 2737 887 et
2786 830 2897 886 nisi
2944 848 3013 887 ea
3064 848 3190 904 quae
3221 832 3293 888 ab
3333 830 3433 887 illo
3465 835 3604 891 sunt

1948 921 2099 977 male
2130 922 2345 987 ablata,
2373 919 2802 989 restituerit,vel
2834 921 3011 994 digna
3032 921 3375 993 poenitentia
3403 906 3603 979 illicite

1949 1015 2078 1066 acta
2108 1010 2420 1079 deﬁeverit,
2454 1028 2488 1066 a
2519 1009 2919 1067 sacratissimo
2951 1026 3188 1083 corpore
3218 1014 3275 1065 et
3313 1010 3601 1083 sanguine

1948 1100 2049 1155 Dei
2062 1117 2128 1155 ac
2147 1099 2377 1156 Domini
2397 1099 2783 1173 redemptoris
2796 1099 2979 1155 nostri
2991 1100 3021 1156 J
3029 1116 3130 1155 esu
3146 1098 3360 1155 Christi
3375 1099 3601 1155 alienus

1950 1190 2070 1258 ﬁat,
2121 1192 2295 1261 atque
2338 1188 2396 1243 in
2448 1192 2703 1244 extremo
2753 1188 3018 1245 examine
3067 1187 3341 1247 districta:
3374 1188 3600 1267 ~ultioni

1949 1279 2266 1349 subjaceat.
2297 1277 2534 1333 Cunctis
2559 1281 2753 1333 autem
2784 1276 2973 1333 eidem
3005 1276 3129 1333 loco
3155 1278 3317 1357 justa
3364 1295 3598 1334 servan-

1947 1367 2128 1433 tibus,
2163 1366 2239 1421 sit
2269 1385 2382 1439 pax
2413 1371 2474 1422 Ι).
2508 1368 2574 1422 Ν.
2608 1366 2658 1422 J.
2696 1367 2781 1433 C.,
2805 1371 3098 1438 quatenus
3130 1371 3186 1423 et
3217 1366 3310 1423 hic
3341 1367 3598 1439 fructum

1949 1459 2113 1513 bonae
2142 1456 2408 1522 actionis,
2448 1454 2788 1528 percipiant,
2822 1462 2879 1512 et
2909 1457 3065 1528 apud
3094 1455 3424 1512 districtum
3449 1456 3604 1533 judi-

1949 1564 2074 1601 cem
2108 1545 2346 1618 praemia
2375 1549 2599 1601 azternae
2631 1545 2791 1618 pacis
2821 1544 3135 1602 inveniant.
3169 1551 3375 1615 Amen,
3409 1564 3603 1614 amen,

1950 1652 2143 1691 amen.
3602 1644 3605 1647 '

2022 1724 2319 1796 Scriptum
2350 1723 2578 1790 Albani,
2603 1728 2659 1779 et
2689 1725 2891 1780 datum
2924 1739 3026 1796 per
3058 1741 3301 1779 manum
3332 1725 3605 1779 Lanfran-

1951 1812 1999 1868 ci
2030 1814 2185 1870 vices
2206 1813 2460 1886 gerentis
2499 1813 2852 1883 cancellarii,
2887 1830 3039 1870 anno
3068 1813 3298 1869 Domini
3330 1815 3488 1881 1097,
3522 1813 3605 1867 in-

1953 1901 2204 1958 dictione
2236 1906 2418 1972 sexta,
2451 1902 2672 1959 domini
2704 1902 2922 1959 Urbani
2952 1903 3001 1959 II
3028 1920 3190 1976 papae
3221 1920 3372 1959 anno
3402 1922 3458 1958 x.

2610 2018 2943 2075 CCXXVIII.

1957 2108 2201 2165 Urbanus
2232 2110 2279 2163 11
2300 2108 2541 2164 ecclesiae
2569 2107 2625 2163 S.
2655 2106 2839 2164 Μανίας
2864 2110 3200 2166 Buronensz's
3215 2110 3605 2180 p'rotectz'onem

2020 2180 2276 2250 suscipit,-
2308 2180 2447 2233 bona
2489 2180 2791 2249 conﬁrmat,
2820 2181 3120 2251 privilegia
3162 2182 3465 2249 constituit,
3498 2181 3601 2234 im-

2016 2253 2191 2322 posito
2220 2251 2487 2322 [rat-ribus
2511 2251 2745 2305 bimntii
2774 2253 2934 2306 aurei
2958 2262 3133 2307 censu.
3153 2267 3355 2308 annuo.

2577 2340 2763 2410 (Anno
2796 2340 2981 2411 1097.)

1949 2429 2201 2494 Perses,
2235 2428 2431 2484 Suem’a
2464 2430 2849 2501 ecclesiastica.
2905 2431 3180 2501 Augustae
3231 2433 3289 2493 et
3335 2427 3599 2501 Dillingee

2432 2500 2593 2569 1699,
2625 2498 2843 2571 in-fol.,
2876 2518 2931 2573 p.
2964 2498 3116 2569 212.)
3172 2498 3175 2503 ’

2022 2617 2297 2673 ΠΒΒΑΝυε
2329 2616 2659 2688 episcopus,
2692 2632 2894 2672 servus
2925 2633 3229 2673 servorum
3264 2616 3598 2684 Dei,dilecto

1950 2704 2068 2761 ﬁlio
2098 2706 2437 2761 Bsn'rnocno
2470 2704 2804 2777 prmposito,
2835 2706 3079 2777 ejusque
3110 2704 3386 2762 fratribus
3415 2705 3475 2765 in
3505 2722 3600 2762 ec-

1950 2794 2129 2850 clesia
2156 2794 2249 2849 cui
2281 2793 2629 2853 vocabulum
2679 2798 2768 2849 est
2813 2794 2876 2850 B.
2912 2793 3168 2863 Martini,
3221 2812 3348 2866 qua:
3393 2811 3595 2861 conse-

1949 2884 2169 2939 eranda
2192 2888 2281 2940 est
2328 2884 2387 2938 in
2435 2881 2716 2939 honorem
2747 2883 2812 2939 B.
2845 2884 3038 2941 Mariae
3067 2883 3345 2956 Virginis,
3379 2884 3440 2940 in
3469 2884 3594 2951 loco

1951 2973 2048 3044 qui
2080 2973 2274 3029 Buron
2307 2972 2537 3041 dicitur,
2571 2972 2722 3028 inter
2750 2972 2897 3029 duos
2923 2977 3171 3039 montes,
3199 2990 3376 3047 super
3404 2974 3593 3047 ripam

1950 3060 2213 3116 ﬂuminis
2244 3061 2514 3126 Danubii,
2546 3062 2606 3116 in
2637 3061 2932 3117 territorio
2963 3062 3593 3137 Constantiensi,‘cano-

1949 3150 2138 3205 nicam
2172 3149 2350 3205 vitam
2384 3149 2682 3222 professis,
2716 3167 3036 3223 eorumque
3066 3152 3508 3211 successoribus
3536 3151 3601 3209 in

183 3237 505 3295 Castellum
562 3253 799 3305 novum,
858 3235 1422 3309 Strangulagallum,
1490 3235 1839 3309 Carpenum,
1874 3223 1916 3291 C
1954 3242 2323 3311 perpetuum.

186 3328 445 3384 Montem
478 3327 536 3383 8.
571 3325 837 3395 Joannis,
869 3343 1004 3382 cum
1034 3326 1302 3398 ejusdem
1336 3326 1594 3382 nominis
1643 3342 1844 3381 mona-

182 3414 651 3474 sterio.Ecclesia
677 3415 736 3471 S.
770 3415 921 3470 Petri
954 3415 1025 3471 de
1055 3413 1330 3483 Arenuls,
1361 3420 1417 3469 S.
1453 3415 1847 3481 Pudentianaa,

190 3506 495 3562 Babucum
547 3521 683 3561 cum
733 3503 1009 3560 omnibus
1057 3503 1318 3567 ecclesiis
1368 3504 1557 3559 eidem
1612 3503 1849 3559 castello

190 3595 261 3649 ad
261 3595 285 3666 j
294 3593 1031 3665 acentibus.Du0prae_terea
1045 3592 1458 3649 canonicorum
1475 3593 1848 3661 monasteria;

187 3699 377 3739 unum
409 3680 680 3737 videlicet
708 3682 766 3737 S.
803 3680 1157 3749 Pater-niani,
1193 3680 1440 3736 alterum
1486 3684 1542 3736 S.
1577 3681 1729 3735 Petri
1782 3682 1854 3737 de

178 3770 734 3841 .Canneto.Ecclesia
757 3770 1065 3827 S.Joannis
1088 3770 1143 3824 in
1172 3770 1492 3841 Ceperano,
1517 3772 1573 3825 et
1593 3770 1851 3842 S.Magni

188 3876 327 3916 cum
360 3859 638 3915 omnibus
671 3857 823 3914 aliis.
854 3858 1113 3915 Ecclesia
1144 3859 1203 3915 8.
1238 3858 1531 3914 Benedicti
1571 3859 1724 3914 inter
1752 3864 1852 3914 Ca-

190 3952 405 4014 strum,
442 3951 499 4002 et
530 3950 790 4003 montem
822 3947 1065 4020 Nigrum
1097 3946 1210 4002 sita
1239 3962 1373 4001 cum
1423 3946 1547 4001 suis
1580 3946 1857 4003 omnibus

192 4034 582 4110 pertinentiis.
618 4035 874 4092 Ecclesia
903 4037 962 4093 S.
998 4034 1198 4108 Angeli
1248 4035 1318 4090 de
1369 4035 1671 4103 Meruleta,
1705 4039 1763 4090 et
1794 4035 1853 4089 8.

194 4123 479 4196 Stephani
512 4140 648 4180 cum
674 4123 948 4179 omnibus
981 4124 1131 4191 aliis,
1166 4129 1300 4188 tuae,
1333 4127 1689 4195 tuorumque
1720 4140 1857 4178 suc-

197 4229 500 4270 cessorum
533 4211 903 4285 dispositioni
935 4216 1214 4285 perpetuo
1246 4213 1485 4268 subesse
1535 4212 1855 4268 sancimus.

193 4303 265 4361 In
296 4301 656 4358 monasterio
686 4301 1291 4372 monachorum,quod
1324 4301 1538 4357 dicitur
1567 4301 1859 4357 SS.Joan-

202 4388 862 4461 nisetPauli,quidquid
877 4389 948 4445 ad
973 4389 1279 4460 antiquum
1302 4388 1578 4444 Verulani
1601 4390 1860 4461 episcopi

190 4479 296 4550 jus
328 4477 608 4534 canonice
640 4477 1213 4550 pertinet,integrum
1246 4477 1408 4532 vobis
1429 4483 1709 4549 perpetuo
1740 4494 1860 4532 ser-

2030 3327 2194 3382 Sicut
2223 3325 2645 3382 irrationabilia
2673 3326 3052 3398 poscentibus
3081 3327 3279 3399 negari
3305 3329 3475 3405 debet
3517 3345 3609 3393 as;-

1960 3433 2196 3483 sensus,
2227 3416 2310 3471 sic
2333 3416 2497 3487 justa
2528 3415 2853 3487 petentium
2882 3415 3031 3472 votis
3058 3415 3317 3489 benigna
3347 3416 3611 3473 assensio

1961 3522 2321 3562 concurrere.
2377 3504 2517 3559 Tuis
2566 3504 2765 3578 igitur,
2800 3504 2883 3560 ﬁli
2931 3504 3238 3561 Bertholde
3286 3504 3345 3560 in
3386 3505 3613 3571 Christo

1961 3593 2511 3664 charissime,justis
2542 3592 2923 3665 petitionibus
2953 3594 3612 3665 annuentes,ecclesiam

1962 3683 2062 3739 Dei
2088 3682 2397 3739 Genitricis
2418 3686 2477 3738 et
2498 3699 2728 3755 semper
2753 3681 3009 3756 Virginis
3031 3683 3433 3758 Mariae,quam
3455 3683 3615 3740 ﬁlius

1963 3776 2160 3828 noster
2189 3770 2533 3844 Peregrinus
2564 3770 2623 3826 in
2655 3772 2886 3843 proprio
2911 3772 3091 3828 fundo
3120 3777 3518 3839 constructam
3550 3774 3612 3830 B.

1964 3862 2131 3917 Petro
2166 3863 2411 3932 ejusque
2441 3877 2616 3916 sacrae
2650 3861 2921 3915 Romanae
2954 3860 3216 3917 Ecclesiee
3239 3862 3297 3917 in
3333 3862 3614 3921 allodium

1966 3948 2270 4021 proprium
2305 3948 2534 4015 obtulit,
2585 3948 2677 4003 cui
2727 3951 2960 4003 auctore
3007 3948 3123 4003 Deo
3175 3950 3470 4021 praesides,
3505 3952 3616 4005 sub

1967 4037 2297 4108 apostolica:
2329 4037 2485 4092 sedis
2533 4038 2889 4109 proiectione
2938 4036 3265 4108 specialiter
3310 4038 3617 4095 confoven-

1968 4127 2124 4193 dam,
2158 4130 2438 4197 tanquam
2464 4127 2566 4196 jus
2590 4126 2891 4197 proprium
2919 4125 3301 4197 suscipimus,
3333 4130 3391 4182 et
3420 4131 3620 4183 contra

1970 4231 2280 4287 pravorum
2311 4215 2575 4269 omnium
2626 4212 2948 4285 nequitiam
2994 4214 3357 4271 auctoritatis
3398 4216 3525 4287 ejus
3563 4220 3621 4271 et

1969 4308 2183 4360 nostra:
2214 4303 2515 4376 privilegio
2547 4302 3291 4359 communimus.Przesenti
3313 4304 3510 4377 itaque
3530 4305 3623 4361 de-

1972 4398 2127 4449 creto
2154 4393 2475 4448 statuimus
2490 4397 2928 4465 utquzecunque
2958 4392 3132 4449 hodie
3160 4396 3354 4450 vestra
3382 4394 3626 4450 ecclesia

1964 4484 2124 4552 justo
2157 4481 2433 4554 possidet,
2453 4482 2571 4538 sive
2601 4482 2657 4536 in
2691 4482 2953 4538 futurum
2986 4481 3359 4539 concessione
3389 4483 3622 4556 pontifi-

196 4567 321 4621 vari
354 4566 853 4634 censemus,salva
884 4566 1165 4621 nimirum
1200 4571 1409 4621 nostrae
1440 4566 1572 4620 S.R.
1596 4564 1862 4620 Ecclesia:
1895 4594 1944 4657 Β
1975 4586 2129 4633 cum,
2159 4570 2500 4625 liberalitate
2532 4569 2861 4642 principum
2893 4571 2982 4627 vel
3014 4569 3307 4628 oblatione
3339 4571 3621 4640 ﬁdelium,

200 4654 640 4711 reverentia.Ad
656 4655 775 4710 haec
802 4672 904 4727 per
925 4654 1231 4727 prmsentis
1256 4653 1537 4726 privilegii
1565 4653 1861 4725 paginam,

200 4742 528 4815 apostolica
558 4742 899 4799 auctoritate
931 4744 1326 4811 decernimus,
1361 4747 1426 4798 ut
1452 4742 1597 4797 nulli
1626 4742 1864 4797 omnino

198 4831 513 4887 hominum
544 4831 716 4888 liceat
746 4833 1013 4888 eamdem
1046 4831 1359 4887 Ecclesiam
1389 4836 1604 4887 temere
1635 4836 1863 4903 pertur-

200 4921 366 4985 bare,
392 4925 493 4975 aut
512 4921 641 4993 ejus
668 4921 1102 4993 possessionem
1135 4921 1493 4987 auferre,aut
1524 4919 1634 4975 sub
1665 4921 1864 4989 cujus-

200 5007 350 5063 libet
378 5024 566 5064 causa:
596 5008 991 5065 occasionisve
1037 5010 1228 5081 specie
1272 5013 1558 5077 minuere,
1591 5007 1709 5064 sive
1741 5008 1865 5063 suis

203 5097 416 5153 usibus
447 5097 758 5170 applicare,
790 5098 880 5153 vel
915 5099 1044 5155 aliis
1077 5097 1247 5169 quasi
1278 5098 1393 5169 piis
1424 5099 1503 5154 de
1537 5097 1731 5153 causis
1762 5115 1864 5169 pro

204 5202 329 5242 sua:
389 5184 641 5243 avaritiae
690 5186 1063 5248 excusatione
1126 5187 1469 5255 concedere;
1519 5186 1621 5241 sed
1670 5186 1867 5241 omnia

202 5275 434 5347 integre
462 5279 901 5340 conserventur,
927 5280 1047 5332 tam
1078 5275 1289 5330 vestris
1311 5292 1488 5347 quam
1520 5274 1863 5331 clericorum

206 5380 278 5420 ac
309 5379 631 5436 pauperum
664 5364 872 5420 usibus
904 5363 1259 5423 omnimodis
1291 5365 1612 5436 profutura.
1645 5364 1701 5418 Si
1733 5364 1866 5435 quis

204 5448 393 5528 igitur
419 5446 791 5511 sacerdotum
825 5458 925 5510 aut
954 5454 1743 5526 clericorum,imperatorum
1768 5458 1867 5510 aut

204 5559 435 5617 regum,
463 5542 797 5616 principum
828 5549 930 5601 aut
960 5546 1199 5613 ducum,
1235 5542 1541 5612 comitum,
1564 5543 1865 5600 vicecomi-

207 5650 357 5717 tum,
383 5633 682 5705 judicum,
712 5633 803 5690 vel
835 5634 1230 5707 quarumlibet
1258 5648 1606 5705 magnarum
1657 5650 1863 5705 parva-

1968 4659 2127 4729 juste
2159 4664 2333 4729 atque
2364 4659 2639 4713 canonice
2690 4660 2902 4730 poterit
2950 4660 3215 4733 adipisci,
3250 4663 3422 4716 ﬁrma
3460 4662 3625 4717 vobis

1974 4744 2299 4816 vestrisque
2330 4745 2765 4800 successoribus
2811 4752 2869 4802 ct
2899 4746 3123 4802 illibata
3154 4751 3264 4805 sub
3296 4749 3624 4821 apostolicae

1976 4834 2134 4889 sedis
2167 4850 2396 4904 semper
2418 4834 2596 4888 tutela
2626 4837 3111 4905 permaneant;ad
3135 4837 3255 4890 haec
3286 4837 3628 4906 adjicicutes

1975 4922 2276 4978 sancimus
2310 4925 2373 4977 ut
2403 4922 2803 4977 neminiinter
2832 4940 2932 4978 vos
2964 4923 3325 4996 professione
3373 4923 3630 4981 exhibita
3685 4908 3688 4913 I

1975 5011 2275 5084 proprium
2310 5011 2450 5083 quid
2483 5010 2828 5076 habere,nec
2860 5012 2985 5067 sine
3014 5016 3134 5079 tua,
3166 5012 3246 5066 ﬁli
3285 5002 3631 5093 charissime

1975 5099 2393 5167 Bertholde,vel
2425 5116 2624 5155 eorum
2658 5100 2758 5172 qui
2784 5103 3064 5172 potestate
3092 5101 3150 5156 in
3174 5101 3378 5158 eodem
3404 5101 3633 5174 regimi-

1975 5207 2047 5245 ne
2078 5189 2491 5253 successerint,
2525 5193 2626 5243 aut
2656 5189 2781 5244 sine
2811 5188 3116 5244 communi
3160 5189 3631 5263 congregationis

1972 5278 2208 5334 licentia
2240 5280 2309 5334 de
2340 5276 2594 5331 claustro
2622 5277 2917 5333 discedere
2961 5276 3209 5332 liberum
3251 5277 3360 5345 sit;
3394 5280 3547 5350 quod
3579 5280 3629 5336 si

1974 5368 2401 5437 discesserit,ct
2431 5366 2824 5423 commonitus
2857 5365 3043 5421 redire
3076 5368 3626 5439 contempserit,tibi

1974 5457 2208 5530 tuisque
2240 5455 2677 5513 successoribus
2700 5453 2943 5511 facultas
2961 5455 3044 5527 .sit
3065 5456 3355 5527 ejusmodi
3381 5457 3626 5513 ubilibet

1974 5564 2008 5602 a
2038 5546 2163 5602 suis
2194 5547 2404 5602 ofﬁciis
2436 5545 2807 5612 interdicere;
2843 5544 3215 5601 interdictum
3236 5564 3370 5602 vero
3403 5547 3619 5603 nullius

1973 5636 2384 5709 episcoporum
2417 5635 2765 5695 abbatumve
2809 5650 2913 5691 seu
2955 5636 3397 5709 praepositorum
3430 5636 3621 5693 susci-
