  <div class='ocr_page' id='page_1' title='image "/cluster/home/n/w/nwhite01/storage/ocr_20150623/151/hvd.32044054760095/255.png"; bbox 0 0 4004 6162; ppageno 0'>
   <div class='ocr_carea' id='block_1_1' title="bbox 381 370 500 434">
    <p class='ocr_par' dir='ltr' id='par_1_1' title="bbox 381 370 500 434">
     <span class='ocr_line' id='line_1_1' title="bbox 381 370 500 434; baseline 0.017 -2"><span class='ocrx_word' id='word_1_1' title='bbox 381 370 500 434; x_wconf 68' lang='grc'>499</span> 
     </span>
    </p>
   </div>
   <div class='ocr_carea' id='block_1_2' title="bbox 1677 315 2478 436">
    <p class='ocr_par' dir='ltr' id='par_1_2' title="bbox 1677 315 2478 436">
     <span class='ocr_line' id='line_1_2' title="bbox 1677 315 2478 436; baseline 0.001 -1"><span class='ocrx_word' id='word_1_2' title='bbox 1677 371 1749 435; x_wconf 92' lang='grc' dir='ltr'><strong>Β.</strong></span> <span class='ocrx_word' id='word_1_3' title='bbox 1795 371 2088 436; x_wconf 81' lang='lat' dir='ltr'>URBANI</span> <span class='ocrx_word' id='word_1_4' title='bbox 2132 369 2185 436; x_wconf 90' lang='lat' dir='ltr'>ll</span> <span class='ocrx_word' id='word_1_5' title='bbox 2227 315 2478 436; x_wconf 55' lang='grc' dir='ltr'>ΡᾹΡιΕ.</span> 
     </span>
    </p>
   </div>
   <div class='ocr_carea' id='block_1_3' title="bbox 3663 367 3790 434">
    <p class='ocr_par' dir='ltr' id='par_1_3' title="bbox 3663 367 3790 434">
     <span class='ocr_line' id='line_1_3' title="bbox 3663 367 3790 434; baseline 0.016 -1"><span class='ocrx_word' id='word_1_6' title='bbox 3663 367 3790 434; x_wconf 82' lang='grc'>500</span> 
     </span>
    </p>
   </div>
   <div class='ocr_carea' id='block_1_4' title="bbox 377 501 3789 582">
    <p class='ocr_par' dir='ltr' id='par_1_4' title="bbox 377 501 3789 582">
     <span class='ocr_line' id='line_1_4' title="bbox 377 501 3789 582; baseline 0.001 -22"><span class='ocrx_word' id='word_1_7' title='bbox 377 501 786 579; x_wconf 86' lang='lat' dir='ltr'>piat.0beunte</span> <span class='ocrx_word' id='word_1_8' title='bbox 814 520 947 563; x_wconf 90' lang='lat' dir='ltr'>vero</span> <span class='ocrx_word' id='word_1_9' title='bbox 981 509 1215 574; x_wconf 86' lang='lat' dir='ltr'>le,nunc</span> <span class='ocrx_word' id='word_1_10' title='bbox 1245 503 1507 578; x_wconf 82' lang='lat' dir='ltr'>ejusdem</span> <span class='ocrx_word' id='word_1_11' title='bbox 1540 503 1648 562; x_wconf 90' lang='lat' dir='ltr'>loci</span> <span class='ocrx_word' id='word_1_12' title='bbox 1690 507 2019 580; x_wconf 64' lang='lat' dir='ltr'>preposito,</span> <span class='ocrx_word' id='word_1_13' title='bbox 2049 509 2106 578; x_wconf 70' lang='grc' dir='ltr'><strong>Α</strong></span> <span class='ocrx_word' id='word_1_14' title='bbox 2135 505 2353 580; x_wconf 88' lang='lat' dir='ltr'>pimus,</span> <span class='ocrx_word' id='word_1_15' title='bbox 2384 511 2442 564; x_wconf 91' lang='lat' dir='ltr'>et</span> <span class='ocrx_word' id='word_1_16' title='bbox 2470 506 2600 565; x_wconf 91' lang='lat' dir='ltr'>ideo</span> <span class='ocrx_word' id='word_1_17' title='bbox 2632 506 2743 566; x_wconf 86' lang='lat' dir='ltr'>sub</span> <span class='ocrx_word' id='word_1_18' title='bbox 2777 509 3120 582; x_wconf 88' lang='lat' dir='ltr'>potestatem</span> <span class='ocrx_word' id='word_1_19' title='bbox 3159 505 3390 566; x_wconf 77' lang='lat' dir='ltr'>abbatis</span> <span class='ocrx_word' id='word_1_20' title='bbox 3433 506 3622 564; x_wconf 87' lang='lat' dir='ltr'>redire</span> <span class='ocrx_word' id='word_1_21' title='bbox 3668 523 3789 564; x_wconf 86' lang='lat' dir='ltr'>non</span> 
     </span>
    </p>
   </div>
   <div class='ocr_carea' id='block_1_5' title="bbox 376 594 2026 669">
    <p class='ocr_par' dir='ltr' id='par_1_5' title="bbox 376 594 2026 669">
     <span class='ocr_line' id='line_1_5' title="bbox 376 594 2026 669; baseline 0.002 -21"><span class='ocrx_word' id='word_1_22' title='bbox 376 594 466 652; x_wconf 88' lang='lat' dir='ltr'>vel</span> <span class='ocrx_word' id='word_1_23' title='bbox 496 599 734 652; x_wconf 83' lang='lat' dir='ltr'>tuorum</span> <span class='ocrx_word' id='word_1_24' title='bbox 767 595 1029 669; x_wconf 88' lang='lat' dir='ltr'>quolibet</span> <span class='ocrx_word' id='word_1_25' title='bbox 1059 595 1715 662; x_wconf 88' lang='lat' dir='ltr'>successorum,nullius</span> <span class='ocrx_word' id='word_1_26' title='bbox 1736 595 1815 652; x_wconf 88' lang='lat' dir='ltr'>ibi</span> <span class='ocrx_word' id='word_1_27' title='bbox 1839 596 2026 669; x_wconf 90' lang='lat' dir='ltr'>quali-</span> 
     </span>
    </p>
   </div>
   <div class='ocr_carea' id='block_1_6' title="bbox 377 683 2026 758">
    <p class='ocr_par' dir='ltr' id='par_1_6' title="bbox 377 683 2026 758">
     <span class='ocr_line' id='line_1_6' title="bbox 377 683 2026 758; baseline 0.001 -16"><span class='ocrx_word' id='word_1_28' title='bbox 377 685 478 742; x_wconf 88' lang='lat' dir='ltr'>bet</span> <span class='ocrx_word' id='word_1_29' title='bbox 498 684 891 758; x_wconf 88' lang='lat' dir='ltr'>subreptionis</span> <span class='ocrx_word' id='word_1_30' title='bbox 904 685 1122 741; x_wconf 82' lang='lat' dir='ltr'>astutia</span> <span class='ocrx_word' id='word_1_31' title='bbox 1134 684 1220 740; x_wconf 91' lang='lat' dir='ltr'>vel</span> <span class='ocrx_word' id='word_1_32' title='bbox 1234 683 1506 740; x_wconf 78' lang='lat' dir='ltr'>violentia</span> <span class='ocrx_word' id='word_1_33' title='bbox 1517 686 2026 758; x_wconf 69' lang='lat' dir='ltr'>praeponatur,nisi</span> 
     </span>
    </p>
   </div>
   <div class='ocr_carea' id='block_1_7' title="bbox 378 773 2029 849">
    <p class='ocr_par' dir='ltr' id='par_1_7' title="bbox 378 773 2029 849">
     <span class='ocr_line' id='line_1_7' title="bbox 378 773 2029 849; baseline 0.001 -19"><span class='ocrx_word' id='word_1_34' title='bbox 378 789 554 847; x_wconf 86' lang='lat' dir='ltr'>quem</span> <span class='ocrx_word' id='word_1_35' title='bbox 589 774 792 830; x_wconf 79' lang='lat' dir='ltr'>fratres</span> <span class='ocrx_word' id='word_1_36' title='bbox 814 774 1108 829; x_wconf 91' lang='lat' dir='ltr'>communi</span> <span class='ocrx_word' id='word_1_37' title='bbox 1155 789 1444 829; x_wconf 89' lang='lat' dir='ltr'>consensu</span> <span class='ocrx_word' id='word_1_38' title='bbox 1478 773 1564 830; x_wconf 88' lang='lat' dir='ltr'>vel</span> <span class='ocrx_word' id='word_1_39' title='bbox 1603 775 1850 832; x_wconf 79' lang='lat' dir='ltr'>fratrum</span> <span class='ocrx_word' id='word_1_40' title='bbox 1891 793 2029 849; x_wconf 91' lang='lat' dir='ltr'>pars</span> 
     </span>
    </p>
   </div>
   <div class='ocr_carea' id='block_1_8' title="bbox 379 861 2029 930">
    <p class='ocr_par' dir='ltr' id='par_1_8' title="bbox 379 861 2029 930">
     <span class='ocr_line' id='line_1_8' title="bbox 379 861 2029 930; baseline 0.001 -10"><span class='ocrx_word' id='word_1_41' title='bbox 379 861 605 920; x_wconf 81' lang='lat' dir='ltr'>consilii</span> <span class='ocrx_word' id='word_1_42' title='bbox 650 862 899 919; x_wconf 84' lang='lat' dir='ltr'>sanioris</span> <span class='ocrx_word' id='word_1_43' title='bbox 950 863 1278 918; x_wconf 91' lang='lat' dir='ltr'>secundum</span> <span class='ocrx_word' id='word_1_44' title='bbox 1327 863 1427 919; x_wconf 88' lang='lat' dir='ltr'>Dei</span> <span class='ocrx_word' id='word_1_45' title='bbox 1479 864 1769 930; x_wconf 79' lang='lat' dir='ltr'>timorem,</span> <span class='ocrx_word' id='word_1_46' title='bbox 1818 865 1908 922; x_wconf 88' lang='lat' dir='ltr'>vel</span> <span class='ocrx_word' id='word_1_47' title='bbox 1960 881 2029 922; x_wconf 83' lang='lat' dir='ltr'>ex</span> 
     </span>
    </p>
   </div>
   <div class='ocr_carea' id='block_1_9' title="bbox 381 950 2026 1027">
    <p class='ocr_par' dir='ltr' id='par_1_9' title="bbox 381 950 2026 1027">
     <span class='ocr_line' id='line_1_9' title="bbox 381 950 2026 1027; baseline 0.001 -19"><span class='ocrx_word' id='word_1_48' title='bbox 381 951 582 1008; x_wconf 87' lang='lat' dir='ltr'>eadem</span> <span class='ocrx_word' id='word_1_49' title='bbox 609 950 1079 1024; x_wconf 81' lang='lat' dir='ltr'>congregatione,</span> <span class='ocrx_word' id='word_1_50' title='bbox 1111 951 1200 1007; x_wconf 89' lang='lat' dir='ltr'>vel</span> <span class='ocrx_word' id='word_1_51' title='bbox 1234 969 1298 1009; x_wconf 86' lang='lat' dir='ltr'>ex</span> <span class='ocrx_word' id='word_1_52' title='bbox 1327 952 1442 1008; x_wconf 90' lang='lat' dir='ltr'>alia</span> <span class='ocrx_word' id='word_1_53' title='bbox 1487 953 1753 1025; x_wconf 85' lang='lat' dir='ltr'>ejusdem</span> <span class='ocrx_word' id='word_1_54' title='bbox 1803 955 2026 1027; x_wconf 90' lang='lat' dir='ltr'>profes-</span> 
     </span>
    </p>
   </div>
   <div class='ocr_carea' id='block_1_10' title="bbox 379 1039 2031 1117">
    <p class='ocr_par' dir='ltr' id='par_1_10' title="bbox 379 1039 2031 1117">
     <span class='ocr_line' id='line_1_10' title="bbox 379 1039 2031 1117; baseline 0.001 -20"><span class='ocrx_word' id='word_1_55' title='bbox 379 1039 563 1098; x_wconf 86' lang='lat' dir='ltr'>sionis</span> <span class='ocrx_word' id='word_1_56' title='bbox 594 1039 948 1112; x_wconf 81' lang='lat' dir='ltr'>providerint</span> <span class='ocrx_word' id='word_1_57' title='bbox 977 1040 1334 1114; x_wconf 91' lang='lat' dir='ltr'>eligendum.</span> <span class='ocrx_word' id='word_1_58' title='bbox 1385 1042 1767 1099; x_wconf 90' lang='lat' dir='ltr'>Decernimus</span> <span class='ocrx_word' id='word_1_59' title='bbox 1795 1060 1932 1117; x_wconf 89' lang='lat' dir='ltr'>ergo</span> <span class='ocrx_word' id='word_1_60' title='bbox 1964 1049 2031 1099; x_wconf 92' lang='lat' dir='ltr'>ut</span> 
     </span>
    </p>
   </div>
   <div class='ocr_carea' id='block_1_11' title="bbox 379 1127 2028 1188">
    <p class='ocr_par' dir='ltr' id='par_1_11' title="bbox 379 1127 2028 1188">
     <span class='ocr_line' id='line_1_11' title="bbox 379 1127 2028 1188; baseline 0.001 -1"><span class='ocrx_word' id='word_1_61' title='bbox 379 1127 526 1187; x_wconf 85' lang='lat' dir='ltr'>nulli</span> <span class='ocrx_word' id='word_1_62' title='bbox 557 1127 797 1185; x_wconf 87' lang='lat' dir='ltr'>omnino</span> <span class='ocrx_word' id='word_1_63' title='bbox 827 1129 1136 1186; x_wconf 90' lang='lat' dir='ltr'>hominum</span> <span class='ocrx_word' id='word_1_64' title='bbox 1186 1129 1357 1186; x_wconf 89' lang='lat' dir='ltr'>liceat</span> <span class='ocrx_word' id='word_1_65' title='bbox 1395 1132 1663 1187; x_wconf 84' lang='lat' dir='ltr'>eamdem</span> <span class='ocrx_word' id='word_1_66' title='bbox 1721 1132 2028 1188; x_wconf 87' lang='lat' dir='ltr'>ecclesiam</span> 
     </span>
    </p>
   </div>
   <div class='ocr_carea' id='block_1_12' title="bbox 376 1219 2026 1294">
    <p class='ocr_par' dir='ltr' id='par_1_12' title="bbox 376 1219 2026 1294">
     <span class='ocr_line' id='line_1_12' title="bbox 376 1219 2026 1294; baseline 0.002 -19"><span class='ocrx_word' id='word_1_67' title='bbox 376 1223 595 1275; x_wconf 86' lang='lat' dir='ltr'>temere</span> <span class='ocrx_word' id='word_1_68' title='bbox 625 1219 987 1292; x_wconf 90' lang='lat' dir='ltr'>perturbare,</span> <span class='ocrx_word' id='word_1_69' title='bbox 1022 1225 1124 1276; x_wconf 91' lang='lat' dir='ltr'>aut</span> <span class='ocrx_word' id='word_1_70' title='bbox 1151 1221 1280 1290; x_wconf 87' lang='lat' dir='ltr'>ejus</span> <span class='ocrx_word' id='word_1_71' title='bbox 1325 1221 1730 1294; x_wconf 85' lang='lat' dir='ltr'>possessiones</span> <span class='ocrx_word' id='word_1_72' title='bbox 1779 1222 2026 1291; x_wconf 86' lang='lat' dir='ltr'>auferre,</span> 
     </span>
    </p>
   </div>
   <div class='ocr_carea' id='block_1_13' title="bbox 377 1307 2026 1378">
    <p class='ocr_par' dir='ltr' id='par_1_13' title="bbox 377 1307 2026 1378">
     <span class='ocr_line' id='line_1_13' title="bbox 377 1307 2026 1378; baseline 0.001 -13"><span class='ocrx_word' id='word_1_73' title='bbox 377 1307 672 1365; x_wconf 87' lang='lat' dir='ltr'>ablatasve</span> <span class='ocrx_word' id='word_1_74' title='bbox 701 1308 969 1377; x_wconf 89' lang='lat' dir='ltr'>retinere,</span> <span class='ocrx_word' id='word_1_75' title='bbox 1003 1309 1390 1378; x_wconf 87' lang='lat' dir='ltr'>minuere,vel</span> <span class='ocrx_word' id='word_1_76' title='bbox 1422 1309 1745 1367; x_wconf 89' lang='lat' dir='ltr'>temerariis</span> <span class='ocrx_word' id='word_1_77' title='bbox 1776 1311 2026 1367; x_wconf 86' lang='lat' dir='ltr'>vexatio-</span> 
     </span>
    </p>
   </div>
   <div class='ocr_carea' id='block_1_14' title="bbox 366 1396 2026 1472">
    <p class='ocr_par' dir='ltr' id='par_1_14' title="bbox 366 1396 2026 1472">
     <span class='ocr_line' id='line_1_14' title="bbox 366 1396 2026 1472; baseline 0.001 -18"><span class='ocrx_word' id='word_1_78' title='bbox 366 1397 554 1454; x_wconf 56' lang='lat' dir='ltr'>‘nibus</span> <span class='ocrx_word' id='word_1_79' title='bbox 595 1396 868 1471; x_wconf 87' lang='lat' dir='ltr'>fatigare;</span> <span class='ocrx_word' id='word_1_80' title='bbox 921 1399 1020 1454; x_wconf 91' lang='lat' dir='ltr'>sed</span> <span class='ocrx_word' id='word_1_81' title='bbox 1068 1399 1267 1455; x_wconf 89' lang='lat' dir='ltr'>omnia</span> <span class='ocrx_word' id='word_1_82' title='bbox 1310 1399 1534 1472; x_wconf 85' lang='lat' dir='ltr'>integre</span> <span class='ocrx_word' id='word_1_83' title='bbox 1590 1405 2026 1468; x_wconf 87' lang='lat' dir='ltr'>conserventur,</span> 
     </span>
    </p>
   </div>
   <div class='ocr_carea' id='block_1_15' title="bbox 378 1484 2028 1560">
    <p class='ocr_par' dir='ltr' id='par_1_15' title="bbox 378 1484 2028 1560">
     <span class='ocr_line' id='line_1_15' title="bbox 378 1484 2028 1560; baseline 0.001 -18"><span class='ocrx_word' id='word_1_84' title='bbox 378 1484 588 1542; x_wconf 83' lang='lat' dir='ltr'>vestris</span> <span class='ocrx_word' id='word_1_85' title='bbox 617 1489 1062 1558; x_wconf 87' lang='lat' dir='ltr'>vestrorumque</span> <span class='ocrx_word' id='word_1_86' title='bbox 1106 1487 1550 1542; x_wconf 89' lang='lat' dir='ltr'>successoribus</span> <span class='ocrx_word' id='word_1_87' title='bbox 1596 1491 1653 1542; x_wconf 91' lang='lat' dir='ltr'>et</span> <span class='ocrx_word' id='word_1_88' title='bbox 1703 1503 2028 1560; x_wconf 88' lang='lat' dir='ltr'>pauperum</span> 
     </span>
    </p>
   </div>
   <div class='ocr_carea' id='block_1_16' title="bbox 378 1574 2031 1648">
    <p class='ocr_par' dir='ltr' id='par_1_16' title="bbox 378 1574 2031 1648">
     <span class='ocr_line' id='line_1_16' title="bbox 378 1574 2031 1648; baseline 0 -17"><span class='ocrx_word' id='word_1_89' title='bbox 378 1574 588 1631; x_wconf 81' lang='lat' dir='ltr'>nsibus</span> <span class='ocrx_word' id='word_1_90' title='bbox 617 1575 1107 1648; x_wconf 87' lang='lat' dir='ltr'>profutura,salvo</span> <span class='ocrx_word' id='word_1_91' title='bbox 1134 1574 1183 1631; x_wconf 93' lang='lat' dir='ltr'>si</span> <span class='ocrx_word' id='word_1_92' title='bbox 1213 1574 1532 1630; x_wconf 87' lang='lat' dir='ltr'>catholicus</span> <span class='ocrx_word' id='word_1_93' title='bbox 1557 1575 2031 1640; x_wconf 88' lang='lat' dir='ltr'>fuerit,Constan-</span> 
     </span>
    </p>
   </div>
   <div class='ocr_carea' id='block_1_17' title="bbox 379 1663 2032 1737">
    <p class='ocr_par' dir='ltr' id='par_1_17' title="bbox 379 1663 2032 1737">
     <span class='ocr_line' id='line_1_17' title="bbox 379 1663 2032 1737; baseline 0 -17"><span class='ocrx_word' id='word_1_94' title='bbox 379 1663 587 1720; x_wconf 90' lang='lat' dir='ltr'>tiensis</span> <span class='ocrx_word' id='word_1_95' title='bbox 625 1663 882 1737; x_wconf 79' lang='lat' dir='ltr'>episcopi</span> <span class='ocrx_word' id='word_1_96' title='bbox 915 1665 1050 1735; x_wconf 89' lang='lat' dir='ltr'>jure</span> <span class='ocrx_word' id='word_1_97' title='bbox 1081 1665 1358 1720; x_wconf 90' lang='lat' dir='ltr'>canonico</span> <span class='ocrx_word' id='word_1_98' title='bbox 1389 1668 1446 1719; x_wconf 89' lang='lat' dir='ltr'>et</span> <span class='ocrx_word' id='word_1_99' title='bbox 1475 1663 1906 1719; x_wconf 86' lang='lat' dir='ltr'>reverentia.Ad</span> <span class='ocrx_word' id='word_1_100' title='bbox 1949 1664 2032 1720; x_wconf 85' lang='lat' dir='ltr'>in-</span> 
     </span>
    </p>
   </div>
   <div class='ocr_carea' id='block_1_18' title="bbox 381 1753 2032 1825">
    <p class='ocr_par' dir='ltr' id='par_1_18' title="bbox 381 1753 2032 1825">
     <span class='ocr_line' id='line_1_18' title="bbox 381 1753 2032 1825; baseline 0.001 -17"><span class='ocrx_word' id='word_1_101' title='bbox 381 1753 603 1809; x_wconf 90' lang='lat' dir='ltr'>dicium</span> <span class='ocrx_word' id='word_1_102' title='bbox 634 1757 830 1810; x_wconf 89' lang='lat' dir='ltr'>autem</span> <span class='ocrx_word' id='word_1_103' title='bbox 860 1757 1138 1825; x_wconf 64' lang='lat' dir='ltr'>percepta</span> <span class='ocrx_word' id='word_1_104' title='bbox 1169 1753 1348 1824; x_wconf 89' lang='lat' dir='ltr'>hujus</span> <span class='ocrx_word' id='word_1_105' title='bbox 1393 1771 1427 1808; x_wconf 87' lang='lat' dir='ltr'>a</span> <span class='ocrx_word' id='word_1_106' title='bbox 1479 1753 1740 1808; x_wconf 81' lang='lat' dir='ltr'>Romana</span> <span class='ocrx_word' id='word_1_107' title='bbox 1777 1753 2032 1810; x_wconf 88' lang='lat' dir='ltr'>Ecclesia</span> 
     </span>
    </p>
   </div>
   <div class='ocr_carea' id='block_1_19' title="bbox 381 1841 2031 1915">
    <p class='ocr_par' dir='ltr' id='par_1_19' title="bbox 381 1841 2031 1915">
     <span class='ocr_line' id='line_1_19' title="bbox 381 1841 2031 1915; baseline -0.001 -17"><span class='ocrx_word' id='word_1_108' title='bbox 381 1842 691 1914; x_wconf 86' lang='lat' dir='ltr'>libertatis,</span> <span class='ocrx_word' id='word_1_109' title='bbox 721 1841 1040 1898; x_wconf 85' lang='lat' dir='ltr'>bizantium</span> <span class='ocrx_word' id='word_1_110' title='bbox 1083 1858 1348 1911; x_wconf 85' lang='lat' dir='ltr'>aureum,</span> <span class='ocrx_word' id='word_1_111' title='bbox 1398 1847 1497 1897; x_wconf 87' lang='lat' dir='ltr'>aut</span> <span class='ocrx_word' id='word_1_112' title='bbox 1545 1843 1810 1914; x_wconf 89' lang='lat' dir='ltr'>ejusdem</span> <span class='ocrx_word' id='word_1_113' title='bbox 1863 1843 2031 1915; x_wconf 85' lang='lat' dir='ltr'>pretii</span> 
     </span>
    </p>
   </div>
   <div class='ocr_carea' id='block_1_20' title="bbox 383 1929 2030 2006">
    <p class='ocr_par' dir='ltr' id='par_1_20' title="bbox 383 1929 2030 2006">
     <span class='ocr_line' id='line_1_20' title="bbox 383 1929 2030 2006; baseline 0 -18"><span class='ocrx_word' id='word_1_114' title='bbox 383 1935 692 2006; x_wconf 84' lang='lat' dir='ltr'>argentum</span> <span class='ocrx_word' id='word_1_115' title='bbox 743 1930 1058 2004; x_wconf 87' lang='lat' dir='ltr'>quotannis</span> <span class='ocrx_word' id='word_1_116' title='bbox 1103 1931 1478 1988; x_wconf 87' lang='lat' dir='ltr'>Lateranensi</span> <span class='ocrx_word' id='word_1_117' title='bbox 1539 1929 1756 2004; x_wconf 88' lang='lat' dir='ltr'>palatio</span> <span class='ocrx_word' id='word_1_118' title='bbox 1812 1932 2030 2004; x_wconf 89' lang='lat' dir='ltr'>persol-</span> 
     </span>
    </p>
   </div>
   <div class='ocr_carea' id='block_1_21' title="bbox 383 2021 550 2079">
    <p class='ocr_par' dir='ltr' id='par_1_21' title="bbox 383 2021 550 2079">
     <span class='ocr_line' id='line_1_21' title="bbox 383 2021 550 2079; baseline -0.006 -2"><span class='ocrx_word' id='word_1_119' title='bbox 383 2021 550 2079; x_wconf 86' lang='lat' dir='ltr'>vctis.</span> 
     </span>
    </p>
   </div>
   <div class='ocr_carea' id='block_1_22' title="bbox 455 2108 2032 2186">
    <p class='ocr_par' dir='ltr' id='par_1_22' title="bbox 455 2108 2032 2186">
     <span class='ocr_line' id='line_1_22' title="bbox 455 2108 2032 2186; baseline -0.001 -18"><span class='ocrx_word' id='word_1_120' title='bbox 455 2111 514 2168; x_wconf 89' lang='lat' dir='ltr'>Si</span> <span class='ocrx_word' id='word_1_121' title='bbox 539 2110 673 2186; x_wconf 89' lang='lat' dir='ltr'>quis</span> <span class='ocrx_word' id='word_1_122' title='bbox 705 2109 883 2183; x_wconf 86' lang='lat' dir='ltr'>igitur</span> <span class='ocrx_word' id='word_1_123' title='bbox 896 2109 908 2164; x_wconf 91' lang='lat' dir='ltr'>i</span> <span class='ocrx_word' id='word_1_124' title='bbox 920 2126 953 2164; x_wconf 94' lang='lat' dir='ltr'>n</span> <span class='ocrx_word' id='word_1_125' title='bbox 967 2109 1289 2166; x_wconf 89' lang='lat' dir='ltr'>crastinum</span> <span class='ocrx_word' id='word_1_126' title='bbox 1311 2108 1784 2183; x_wconf 86' lang='lat' dir='ltr'>archiepiscopus</span> <span class='ocrx_word' id='word_1_127' title='bbox 1797 2115 1896 2166; x_wconf 91' lang='lat' dir='ltr'>aut</span> <span class='ocrx_word' id='word_1_128' title='bbox 1912 2111 2032 2183; x_wconf 91' lang='lat' dir='ltr'>epi-</span> 
     </span>
    </p>
   </div>
   <div class='ocr_carea' id='block_1_23' title="bbox 382 2198 2032 2274">
    <p class='ocr_par' dir='ltr' id='par_1_23' title="bbox 382 2198 2032 2274">
     <span class='ocr_line' id='line_1_23' title="bbox 382 2198 2032 2274; baseline -0.001 -17"><span class='ocrx_word' id='word_1_129' title='bbox 382 2215 616 2274; x_wconf 84' lang='lat' dir='ltr'>scOpus,</span> <span class='ocrx_word' id='word_1_130' title='bbox 669 2199 1006 2272; x_wconf 88' lang='lat' dir='ltr'>imperator,</span> <span class='ocrx_word' id='word_1_131' title='bbox 1038 2200 1140 2253; x_wconf 89' lang='lat' dir='ltr'>aut</span> <span class='ocrx_word' id='word_1_132' title='bbox 1169 2213 1287 2269; x_wconf 85' lang='lat' dir='ltr'>rex,</span> <span class='ocrx_word' id='word_1_133' title='bbox 1319 2203 1420 2252; x_wconf 92' lang='lat' dir='ltr'>aut</span> <span class='ocrx_word' id='word_1_134' title='bbox 1449 2198 1587 2263; x_wconf 86' lang='lat' dir='ltr'>dux,</span> <span class='ocrx_word' id='word_1_135' title='bbox 1631 2215 1846 2269; x_wconf 90' lang='lat' dir='ltr'>comes,</span> <span class='ocrx_word' id='word_1_136' title='bbox 1878 2199 2032 2256; x_wconf 85' lang='lat' dir='ltr'>vice-</span> 
     </span>
    </p>
   </div>
   <div class='ocr_carea' id='block_1_24' title="bbox 382 2285 2032 2359">
    <p class='ocr_par' dir='ltr' id='par_1_24' title="bbox 382 2285 2032 2359">
     <span class='ocr_line' id='line_1_24' title="bbox 382 2285 2032 2359; baseline -0.001 -15"><span class='ocrx_word' id='word_1_137' title='bbox 382 2303 600 2359; x_wconf 85' lang='lat' dir='ltr'>comes,</span> <span class='ocrx_word' id='word_1_138' title='bbox 625 2287 828 2358; x_wconf 83' lang='lat' dir='ltr'>judex,</span> <span class='ocrx_word' id='word_1_139' title='bbox 864 2287 1201 2357; x_wconf 86' lang='lat' dir='ltr'>advocatus,</span> <span class='ocrx_word' id='word_1_140' title='bbox 1235 2285 1323 2342; x_wconf 90' lang='lat' dir='ltr'>vel</span> <span class='ocrx_word' id='word_1_141' title='bbox 1355 2287 1760 2359; x_wconf 88' lang='lat' dir='ltr'>cujuscunque</span> <span class='ocrx_word' id='word_1_142' title='bbox 1809 2287 2032 2344; x_wconf 88' lang='lat' dir='ltr'>ordinis</span> 
     </span>
    </p>
   </div>
   <div class='ocr_carea' id='block_1_25' title="bbox 377 2373 2034 2448">
    <p class='ocr_par' dir='ltr' id='par_1_25' title="bbox 377 2373 2034 2448">
     <span class='ocr_line' id='line_1_25' title="bbox 377 2373 2034 2448; baseline 0 -16"><span class='ocrx_word' id='word_1_143' title='bbox 377 2376 556 2433; x_wconf 88' lang='lat' dir='ltr'>homo</span> <span class='ocrx_word' id='word_1_144' title='bbox 585 2375 738 2432; x_wconf 87' lang='lat' dir='ltr'>hanc</span> <span class='ocrx_word' id='word_1_145' title='bbox 762 2373 976 2431; x_wconf 82' lang='lat' dir='ltr'>decreti</span> <span class='ocrx_word' id='word_1_146' title='bbox 1021 2374 1207 2430; x_wconf 89' lang='lat' dir='ltr'>nostri</span> <span class='ocrx_word' id='word_1_147' title='bbox 1257 2374 1534 2448; x_wconf 82' lang='lat' dir='ltr'>paginam</span> <span class='ocrx_word' id='word_1_148' title='bbox 1578 2375 1900 2444; x_wconf 87' lang='lat' dir='ltr'>violaverit,</span> <span class='ocrx_word' id='word_1_149' title='bbox 1933 2382 2034 2432; x_wconf 89' lang='lat' dir='ltr'>aut</span> 
     </span>
    </p>
   </div>
   <div class='ocr_carea' id='block_1_26' title="bbox 383 2462 2031 2531">
    <p class='ocr_par' dir='ltr' id='par_1_26' title="bbox 383 2462 2031 2531">
     <span class='ocr_line' id='line_1_26' title="bbox 383 2462 2031 2531; baseline -0.002 -8"><span class='ocrx_word' id='word_1_150' title='bbox 383 2465 573 2523; x_wconf 89' lang='lat' dir='ltr'>sciens</span> <span class='ocrx_word' id='word_1_151' title='bbox 605 2467 808 2521; x_wconf 87' lang='lat' dir='ltr'>contra</span> <span class='ocrx_word' id='word_1_152' title='bbox 835 2479 963 2520; x_wconf 90' lang='lat' dir='ltr'>eam</span> <span class='ocrx_word' id='word_1_153' title='bbox 1007 2462 1204 2519; x_wconf 89' lang='lat' dir='ltr'>venire</span> <span class='ocrx_word' id='word_1_154' title='bbox 1249 2463 1577 2531; x_wconf 89' lang='lat' dir='ltr'>tentaverit,</span> <span class='ocrx_word' id='word_1_155' title='bbox 1613 2466 1869 2520; x_wconf 90' lang='lat' dir='ltr'>secundo</span> <span class='ocrx_word' id='word_1_156' title='bbox 1917 2469 2031 2522; x_wconf 90' lang='lat' dir='ltr'>ter-</span> 
     </span>
    </p>
   </div>
   <div class='ocr_carea' id='block_1_27' title="bbox 393 2552 2032 2627">
    <p class='ocr_par' dir='ltr' id='par_1_27' title="bbox 393 2552 2032 2627">
     <span class='ocr_line' id='line_1_27' title="bbox 393 2552 2032 2627; baseline 0 -16"><span class='ocrx_word' id='word_1_157' title='bbox 393 2555 544 2613; x_wconf 89' lang='lat' dir='ltr'>tiove</span> <span class='ocrx_word' id='word_1_158' title='bbox 574 2552 1061 2620; x_wconf 89' lang='lat' dir='ltr'>commonitus,si</span> <span class='ocrx_word' id='word_1_159' title='bbox 1112 2569 1175 2609; x_wconf 90' lang='lat' dir='ltr'>se</span> <span class='ocrx_word' id='word_1_160' title='bbox 1207 2553 1618 2609; x_wconf 90' lang='lat' dir='ltr'>satisfactione</span> <span class='ocrx_word' id='word_1_161' title='bbox 1645 2570 1898 2627; x_wconf 86' lang='lat' dir='ltr'>congrua</span> <span class='ocrx_word' id='word_1_162' title='bbox 1917 2572 2032 2611; x_wconf 90' lang='lat' dir='ltr'>non</span> 
     </span>
    </p>
   </div>
   <div class='ocr_carea' id='block_1_28' title="bbox 383 2641 2032 2716">
    <p class='ocr_par' dir='ltr' id='par_1_28' title="bbox 383 2641 2032 2716">
     <span class='ocr_line' id='line_1_28' title="bbox 383 2641 2032 2716; baseline -0.001 -14"><span class='ocrx_word' id='word_1_163' title='bbox 383 2643 796 2712; x_wconf 83' lang='lat' dir='ltr'>emendaverit,</span> <span class='ocrx_word' id='word_1_164' title='bbox 849 2641 1154 2716; x_wconf 86' lang='lat' dir='ltr'>potestatis</span> <span class='ocrx_word' id='word_1_165' title='bbox 1209 2642 1564 2715; x_wconf 88' lang='lat' dir='ltr'>honorisque</span> <span class='ocrx_word' id='word_1_166' title='bbox 1613 2643 1702 2699; x_wconf 91' lang='lat' dir='ltr'>sui</span> <span class='ocrx_word' id='word_1_167' title='bbox 1753 2643 2032 2716; x_wconf 84' lang='lat' dir='ltr'>dignitate</span> 
     </span>
    </p>
   </div>
   <div class='ocr_carea' id='block_1_29' title="bbox 377 2730 2029 2805">
    <p class='ocr_par' dir='ltr' id='par_1_29' title="bbox 377 2730 2029 2805">
     <span class='ocr_line' id='line_1_29' title="bbox 377 2730 2029 2805; baseline -0.002 -13"><span class='ocrx_word' id='word_1_168' title='bbox 377 2737 886 2805; x_wconf 71' lang='lat' dir='ltr'>&#39;camat,reumque</span> <span class='ocrx_word' id='word_1_169' title='bbox 917 2748 979 2786; x_wconf 89' lang='lat' dir='ltr'>se</span> <span class='ocrx_word' id='word_1_170' title='bbox 1009 2730 1206 2788; x_wconf 92' lang='lat' dir='ltr'>divino</span> <span class='ocrx_word' id='word_1_171' title='bbox 1215 2730 1438 2804; x_wconf 90' lang='lat' dir='ltr'>judicio</span> <span class='ocrx_word' id='word_1_172' title='bbox 1467 2731 1713 2787; x_wconf 86' lang='lat' dir='ltr'>existere</span> <span class='ocrx_word' id='word_1_173' title='bbox 1731 2732 1802 2786; x_wconf 92' lang='lat' dir='ltr'>de</span> <span class='ocrx_word' id='word_1_174' title='bbox 1823 2749 2029 2804; x_wconf 89' lang='lat' dir='ltr'>perpe-</span> 
     </span>
    </p>
   </div>
   <div class='ocr_carea' id='block_1_30' title="bbox 379 2819 2032 2895">
    <p class='ocr_par' dir='ltr' id='par_1_30' title="bbox 379 2819 2032 2895">
     <span class='ocr_line' id='line_1_30' title="bbox 379 2819 2032 2895; baseline -0.002 -15"><span class='ocrx_word' id='word_1_175' title='bbox 379 2827 534 2881; x_wconf 84' lang='lat' dir='ltr'>trata</span> <span class='ocrx_word' id='word_1_176' title='bbox 555 2819 867 2895; x_wconf 88' lang='lat' dir='ltr'>iniquitate</span> <span class='ocrx_word' id='word_1_177' title='bbox 895 2823 1292 2894; x_wconf 88' lang='lat' dir='ltr'>cognoscat,et</span> <span class='ocrx_word' id='word_1_178' title='bbox 1312 2837 1346 2875; x_wconf 90' lang='lat' dir='ltr'>a</span> <span class='ocrx_word' id='word_1_179' title='bbox 1372 2819 1769 2876; x_wconf 89' lang='lat' dir='ltr'>sacratissimo</span> <span class='ocrx_word' id='word_1_180' title='bbox 1791 2837 2032 2892; x_wconf 89' lang='lat' dir='ltr'>corpore</span> 
     </span>
    </p>
   </div>
   <div class='ocr_carea' id='block_1_31' title="bbox 379 2909 2030 2987">
    <p class='ocr_par' dir='ltr' id='par_1_31' title="bbox 379 2909 2030 2987">
     <span class='ocr_line' id='line_1_31' title="bbox 379 2909 2030 2987; baseline -0.004 -16"><span class='ocrx_word' id='word_1_181' title='bbox 379 2931 445 2971; x_wconf 86' lang='lat' dir='ltr'>ac</span> <span class='ocrx_word' id='word_1_182' title='bbox 475 2911 760 2987; x_wconf 79' lang='lat' dir='ltr'>sanguine</span> <span class='ocrx_word' id='word_1_183' title='bbox 791 2910 892 2967; x_wconf 90' lang='lat' dir='ltr'>Dei</span> <span class='ocrx_word' id='word_1_184' title='bbox 923 2913 980 2965; x_wconf 91' lang='lat' dir='ltr'>et</span> <span class='ocrx_word' id='word_1_185' title='bbox 1010 2909 1239 2966; x_wconf 91' lang='lat' dir='ltr'>Domini</span> <span class='ocrx_word' id='word_1_186' title='bbox 1267 2909 1652 2981; x_wconf 89' lang='lat' dir='ltr'>redemptoris</span> <span class='ocrx_word' id='word_1_187' title='bbox 1684 2909 1866 2964; x_wconf 91' lang='lat' dir='ltr'>nostri</span> <span class='ocrx_word' id='word_1_188' title='bbox 1888 2909 2030 2965; x_wconf 89' lang='lat' dir='ltr'>Jesu</span> 
     </span>
    </p>
   </div>
   <div class='ocr_carea' id='block_1_32' title="bbox 377 2997 2030 3070">
    <p class='ocr_par' dir='ltr' id='par_1_32' title="bbox 377 2997 2030 3070">
     <span class='ocr_line' id='line_1_32' title="bbox 377 2997 2030 3070; baseline -0.004 -9"><span class='ocrx_word' id='word_1_189' title='bbox 377 3000 592 3061; x_wconf 83' lang='lat' dir='ltr'>Christi</span> <span class='ocrx_word' id='word_1_190' title='bbox 641 2999 868 3057; x_wconf 91' lang='lat' dir='ltr'>alienus</span> <span class='ocrx_word' id='word_1_191' title='bbox 923 2998 1043 3069; x_wconf 83' lang='lat' dir='ltr'>fiat,</span> <span class='ocrx_word' id='word_1_192' title='bbox 1099 3002 1275 3070; x_wconf 90' lang='lat' dir='ltr'>atque</span> <span class='ocrx_word' id='word_1_193' title='bbox 1336 2997 1394 3052; x_wconf 91' lang='lat' dir='ltr'>in</span> <span class='ocrx_word' id='word_1_194' title='bbox 1454 3001 1711 3052; x_wconf 86' lang='lat' dir='ltr'>extremo</span> <span class='ocrx_word' id='word_1_195' title='bbox 1765 2997 2030 3054; x_wconf 85' lang='lat' dir='ltr'>examine</span> 
     </span>
    </p>
   </div>
   <div class='ocr_carea' id='block_1_33' title="bbox 380 3085 2030 3158">
    <p class='ocr_par' dir='ltr' id='par_1_33' title="bbox 380 3085 2030 3158">
     <span class='ocr_line' id='line_1_33' title="bbox 380 3085 2030 3158; baseline -0.004 -9"><span class='ocrx_word' id='word_1_196' title='bbox 380 3090 656 3150; x_wconf 71' lang='lat' dir='ltr'>districta:</span> <span class='ocrx_word' id='word_1_197' title='bbox 708 3087 917 3144; x_wconf 90' lang='lat' dir='ltr'>ultioni</span> <span class='ocrx_word' id='word_1_198' title='bbox 965 3087 1282 3158; x_wconf 89' lang='lat' dir='ltr'>subjaceat.</span> <span class='ocrx_word' id='word_1_199' title='bbox 1337 3085 1575 3142; x_wconf 88' lang='lat' dir='ltr'>Cunctis</span> <span class='ocrx_word' id='word_1_200' title='bbox 1613 3090 1807 3142; x_wconf 90' lang='lat' dir='ltr'>autem</span> <span class='ocrx_word' id='word_1_201' title='bbox 1841 3087 2030 3143; x_wconf 89' lang='lat' dir='ltr'>eidem</span> 
     </span>
    </p>
   </div>
   <div class='ocr_carea' id='block_1_34' title="bbox 380 3173 2027 3251">
    <p class='ocr_par' dir='ltr' id='par_1_34' title="bbox 380 3173 2027 3251">
     <span class='ocr_line' id='line_1_34' title="bbox 380 3173 2027 3251; baseline -0.002 -17"><span class='ocrx_word' id='word_1_202' title='bbox 380 3178 508 3236; x_wconf 92' lang='lat' dir='ltr'>loco</span> <span class='ocrx_word' id='word_1_203' title='bbox 533 3195 642 3234; x_wconf 85' lang='lat' dir='ltr'>sua</span> <span class='ocrx_word' id='word_1_204' title='bbox 645 3178 784 3251; x_wconf 87' lang='lat' dir='ltr'>jura</span> <span class='ocrx_word' id='word_1_205' title='bbox 805 3176 1174 3232; x_wconf 87' lang='lat' dir='ltr'>servantibus</span> <span class='ocrx_word' id='word_1_206' title='bbox 1197 3174 1273 3229; x_wconf 89' lang='lat' dir='ltr'>sit</span> <span class='ocrx_word' id='word_1_207' title='bbox 1293 3191 1404 3247; x_wconf 86' lang='lat' dir='ltr'>pax</span> <span class='ocrx_word' id='word_1_208' title='bbox 1426 3173 1655 3230; x_wconf 89' lang='lat' dir='ltr'>Domini</span> <span class='ocrx_word' id='word_1_209' title='bbox 1680 3175 1863 3230; x_wconf 91' lang='lat' dir='ltr'>nostri</span> <span class='ocrx_word' id='word_1_210' title='bbox 1887 3175 1920 3230; x_wconf 92' lang='lat' dir='ltr'><strong>J</strong></span> <span class='ocrx_word' id='word_1_211' title='bbox 1925 3192 2027 3230; x_wconf 91' lang='lat' dir='ltr'>esu</span> 
     </span>
    </p>
   </div>
   <div class='ocr_carea' id='block_1_35' title="bbox 2137 597 2730 670">
    <p class='ocr_par' dir='ltr' id='par_1_35' title="bbox 2137 597 2730 670">
     <span class='ocr_line' id='line_1_35' title="bbox 2137 597 2730 670; baseline 0.002 -16"><span class='ocrx_word' id='word_1_212' title='bbox 2137 597 2346 654; x_wconf 90' lang='lat' dir='ltr'>debere</span> <span class='ocrx_word' id='word_1_213' title='bbox 2369 597 2730 670; x_wconf 91' lang='lat' dir='ltr'>judicamus.</span> 
     </span>
    </p>
   </div>
   <div class='ocr_carea' id='block_1_36' title="bbox 2842 688 3087 746">
    <p class='ocr_par' dir='ltr' id='par_1_36' title="bbox 2842 688 3087 746">
     <span class='ocr_line' id='line_1_36' title="bbox 2842 688 3087 746; baseline -0.004 -2"><span class='ocrx_word' id='word_1_214' title='bbox 2842 688 3087 746; x_wconf 77' lang='lat' dir='ltr'>CCXXX.</span> 
     </span>
    </p>
   </div>
   <div class='ocr_carea' id='block_1_37' title="bbox 2142 776 3795 849">
    <p class='ocr_par' dir='ltr' id='par_1_37' title="bbox 2142 776 3795 849">
     <span class='ocr_line' id='line_1_37' title="bbox 2142 776 3795 849; baseline -0.001 -15"><span class='ocrx_word' id='word_1_215' title='bbox 2142 776 2348 834; x_wconf 81' lang='lat' dir='ltr'>Urbani</span> <span class='ocrx_word' id='word_1_216' title='bbox 2379 778 2426 832; x_wconf 88' lang='lat' dir='ltr'>II</span> <span class='ocrx_word' id='word_1_217' title='bbox 2449 793 2606 849; x_wconf 68' lang='lat' dir='ltr'>papa:</span> <span class='ocrx_word' id='word_1_218' title='bbox 2634 780 2862 848; x_wconf 83' lang='lat' dir='ltr'>cpistola</span> <span class='ocrx_word' id='word_1_219' title='bbox 2891 779 2961 833; x_wconf 82' lang='lat' dir='ltr'>ad</span> <span class='ocrx_word' id='word_1_220' title='bbox 3001 777 3350 834; x_wconf 76' lang='lat' dir='ltr'>Bernardam</span> <span class='ocrx_word' id='word_1_221' title='bbox 3397 777 3795 849; x_wconf 74' lang='lat' dir='ltr'>Bononiensem</span> 
     </span>
    </p>
   </div>
   <div class='ocr_carea' id='block_1_38' title="bbox 2207 847 3797 921">
    <p class='ocr_par' dir='ltr' id='par_1_38' title="bbox 2207 847 3797 921">
     <span class='ocr_line' id='line_1_38' title="bbox 2207 847 3797 921; baseline 0.003 -19"><span class='ocrx_word' id='word_1_222' title='bbox 2207 847 2533 919; x_wconf 57' lang='lat' dir='ltr'>episcopum:</span> <span class='ocrx_word' id='word_1_223' title='bbox 2568 881 2634 890; x_wconf 91' lang='lat'>—</span> <span class='ocrx_word' id='word_1_224' title='bbox 2662 847 3014 905; x_wconf 75' lang='lat' dir='ltr'>Commendat</span> <span class='ocrx_word' id='word_1_225' title='bbox 3041 851 3240 921; x_wconf 76' lang='lat' dir='ltr'>fratres</span> <span class='ocrx_word' id='word_1_226' title='bbox 3269 847 3530 921; x_wconf 80' lang='lat' dir='ltr'>quosdam</span> <span class='ocrx_word' id='word_1_227' title='bbox 3577 849 3645 905; x_wconf 87' lang='lat' dir='ltr'>ab</span> <span class='ocrx_word' id='word_1_228' title='bbox 3675 849 3797 907; x_wconf 68' lang='lat' dir='ltr'>ha?-</span> 
     </span>
    </p>
   </div>
   <div class='ocr_carea' id='block_1_39' title="bbox 2208 921 2922 977">
    <p class='ocr_par' dir='ltr' id='par_1_39' title="bbox 2208 921 2922 977">
     <span class='ocr_line' id='line_1_39' title="bbox 2208 921 2922 977; baseline 0.003 -3"><span class='ocrx_word' id='word_1_229' title='bbox 2208 921 2394 976; x_wconf 82' lang='lat' dir='ltr'>reticis</span> <span class='ocrx_word' id='word_1_230' title='bbox 2422 921 2596 976; x_wconf 88' lang='lat' dir='ltr'>invite</span> <span class='ocrx_word' id='word_1_231' title='bbox 2628 921 2922 977; x_wconf 80' lang='lat' dir='ltr'>ordinatos.</span> 
     </span>
    </p>
   </div>
   <div class='ocr_carea' id='block_1_40' title="bbox 2765 1011 3172 1081">
    <p class='ocr_par' dir='ltr' id='par_1_40' title="bbox 2765 1011 3172 1081">
     <span class='ocr_line' id='line_1_40' title="bbox 2765 1011 3172 1081; baseline -0.005 -15"><span class='ocrx_word' id='word_1_232' title='bbox 2765 1012 2950 1077; x_wconf 85' lang='lat' dir='ltr'>(Anno</span> <span class='ocrx_word' id='word_1_233' title='bbox 2993 1011 3172 1081; x_wconf 83' lang='lat'>1097.)</span> 
     </span>
    </p>
   </div>
   <div class='ocr_carea' id='block_1_41' title="bbox 2244 1099 3685 1172">
    <p class='ocr_par' dir='ltr' id='par_1_41' title="bbox 2244 1099 3685 1172">
     <span class='ocr_line' id='line_1_41' title="bbox 2244 1099 3685 1172; baseline 0 -19"><span class='ocrx_word' id='word_1_234' title='bbox 2244 1101 2506 1169; x_wconf 61' lang='lat' dir='ltr'>[Sav10u,</span> <span class='ocrx_word' id='word_1_235' title='bbox 2541 1099 2753 1155; x_wconf 77' lang='lat' dir='ltr'>Annali</span> <span class='ocrx_word' id='word_1_236' title='bbox 2781 1101 3085 1171; x_wconf 77' lang='lat' dir='ltr'>Bolognesi,</span> <span class='ocrx_word' id='word_1_237' title='bbox 3108 1103 3148 1155; x_wconf 92' lang='lat' dir='ltr'>t.</span> <span class='ocrx_word' id='word_1_238' title='bbox 3184 1099 3229 1167; x_wconf 88' lang='grc' dir='ltr'>Ι,</span> <span class='ocrx_word' id='word_1_239' title='bbox 3261 1116 3318 1172; x_wconf 91' lang='lat' dir='ltr'>p.</span> <span class='ocrx_word' id='word_1_240' title='bbox 3350 1115 3412 1164; x_wconf 82' lang='grc' dir='ltr'>ιι,</span> <span class='ocrx_word' id='word_1_241' title='bbox 3447 1115 3504 1171; x_wconf 91' lang='lat' dir='ltr'>p.</span> <span class='ocrx_word' id='word_1_242' title='bbox 3539 1099 3685 1170; x_wconf 79' lang='lat'>138.]</span> 
     </span>
    </p>
   </div>
   <div class='ocr_carea' id='block_1_42' title="bbox 2212 1185 3790 1260">
    <p class='ocr_par' dir='ltr' id='par_1_42' title="bbox 2212 1185 3790 1260">
     <span class='ocr_line' id='line_1_42' title="bbox 2212 1185 3790 1260; baseline 0.001 -19"><span class='ocrx_word' id='word_1_243' title='bbox 2212 1185 2485 1243; x_wconf 60' lang='lat' dir='ltr'>Uasarws</span> <span class='ocrx_word' id='word_1_244' title='bbox 2515 1187 2846 1260; x_wconf 89' lang='lat' dir='ltr'>episcopus,</span> <span class='ocrx_word' id='word_1_245' title='bbox 2882 1205 3085 1244; x_wconf 89' lang='lat' dir='ltr'>servus</span> <span class='ocrx_word' id='word_1_246' title='bbox 3115 1203 3413 1244; x_wconf 90' lang='lat' dir='ltr'>servorum</span> <span class='ocrx_word' id='word_1_247' title='bbox 3465 1187 3587 1256; x_wconf 90' lang='lat' dir='ltr'>Dei,</span> <span class='ocrx_word' id='word_1_248' title='bbox 3618 1203 3790 1243; x_wconf 82' lang='lat' dir='ltr'>vene-</span> 
     </span>
    </p>
   </div>
   <div class='ocr_carea' id='block_1_43' title="bbox 2139 1275 3790 1349">
    <p class='ocr_par' dir='ltr' id='par_1_43' title="bbox 2139 1275 3790 1349">
     <span class='ocr_line' id='line_1_43' title="bbox 2139 1275 3790 1349; baseline 0.001 -19"><span class='ocrx_word' id='word_1_249' title='bbox 2139 1275 2306 1331; x_wconf 84' lang='lat' dir='ltr'>rabili</span> <span class='ocrx_word' id='word_1_250' title='bbox 2340 1277 2500 1332; x_wconf 85' lang='lat' dir='ltr'>fratri</span> <span class='ocrx_word' id='word_1_251' title='bbox 2532 1278 2862 1344; x_wconf 65' lang='lat' dir='ltr'>Bsasaaoo,</span> <span class='ocrx_word' id='word_1_252' title='bbox 2898 1277 3246 1333; x_wconf 87' lang='lat' dir='ltr'>Bononiensi</span> <span class='ocrx_word' id='word_1_253' title='bbox 3293 1276 3590 1349; x_wconf 90' lang='lat' dir='ltr'>episcopo,</span> <span class='ocrx_word' id='word_1_254' title='bbox 3634 1275 3790 1332; x_wconf 90' lang='lat' dir='ltr'>salu-</span> 
     </span>
    </p>
   </div>
   <div class='ocr_carea' id='block_1_44' title="bbox 2137 1366 3274 1438">
    <p class='ocr_par' dir='ltr' id='par_1_44' title="bbox 2137 1366 3274 1438">
     <span class='ocr_line' id='line_1_44' title="bbox 2137 1366 3274 1438; baseline 0 -18"><span class='ocrx_word' id='word_1_255' title='bbox 2137 1368 2256 1420; x_wconf 90' lang='lat' dir='ltr'>tem</span> <span class='ocrx_word' id='word_1_256' title='bbox 2288 1370 2345 1420; x_wconf 92' lang='lat' dir='ltr'>et</span> <span class='ocrx_word' id='word_1_257' title='bbox 2374 1366 2754 1438; x_wconf 89' lang='lat' dir='ltr'>apostolicam</span> <span class='ocrx_word' id='word_1_258' title='bbox 2788 1367 3274 1422; x_wconf 85' lang='lat' dir='ltr'>benedictionem.</span> 
     </span>
    </p>
   </div>
   <div class='ocr_carea' id='block_1_45' title="bbox 2209 1453 3794 1512">
    <p class='ocr_par' dir='ltr' id='par_1_45' title="bbox 2209 1453 3794 1512">
     <span class='ocr_line' id='line_1_45' title="bbox 2209 1453 3794 1512; baseline 0.003 -4"><span class='ocrx_word' id='word_1_259' title='bbox 2209 1453 2289 1510; x_wconf 89' lang='lat' dir='ltr'>De</span> <span class='ocrx_word' id='word_1_260' title='bbox 2319 1454 2786 1511; x_wconf 90' lang='lat' dir='ltr'>ordinationibus</span> <span class='ocrx_word' id='word_1_261' title='bbox 2808 1455 2880 1510; x_wconf 88' lang='lat' dir='ltr'>ab</span> <span class='ocrx_word' id='word_1_262' title='bbox 2909 1454 3295 1511; x_wconf 66' lang='lat' dir='ltr'>haeresiarcha</span> <span class='ocrx_word' id='word_1_263' title='bbox 3316 1454 3592 1511; x_wconf 89' lang='lat' dir='ltr'>Guiberto</span> <span class='ocrx_word' id='word_1_264' title='bbox 3623 1454 3794 1512; x_wconf 87' lang='lat' dir='ltr'>factis</span> 
     </span>
    </p>
   </div>
   <div class='ocr_carea' id='block_1_46' title="bbox 2138 1543 3794 1618">
    <p class='ocr_par' dir='ltr' id='par_1_46' title="bbox 2138 1543 3794 1618">
     <span class='ocr_line' id='line_1_46' title="bbox 2138 1543 3794 1618; baseline 0.002 -21"><span class='ocrx_word' id='word_1_265' title='bbox 2138 1546 2449 1614; x_wconf 87' lang='lat' dir='ltr'>postquam</span> <span class='ocrx_word' id='word_1_266' title='bbox 2499 1559 2532 1597; x_wconf 89' lang='lat' dir='ltr'>a</span> <span class='ocrx_word' id='word_1_267' title='bbox 2583 1543 2763 1599; x_wconf 69' lang='lat' dir='ltr'>beatae</span> <span class='ocrx_word' id='word_1_268' title='bbox 2813 1545 3110 1600; x_wconf 64' lang='lat' dir='ltr'>memoria:</span> <span class='ocrx_word' id='word_1_269' title='bbox 3159 1543 3432 1618; x_wconf 87' lang='lat' dir='ltr'>Gregorio</span> <span class='ocrx_word' id='word_1_270' title='bbox 3481 1560 3632 1617; x_wconf 86' lang='lat' dir='ltr'>papa</span> <span class='ocrx_word' id='word_1_271' title='bbox 3671 1548 3729 1599; x_wconf 91' lang='lat' dir='ltr'>et</span> <span class='ocrx_word' id='word_1_272' title='bbox 3758 1562 3794 1600; x_wconf 93' lang='lat' dir='ltr'>a</span> 
     </span>
    </p>
   </div>
   <div class='ocr_carea' id='block_1_47' title="bbox 2141 1631 3795 1704">
    <p class='ocr_par' dir='ltr' id='par_1_47' title="bbox 2141 1631 3795 1704">
     <span class='ocr_line' id='line_1_47' title="bbox 2141 1631 3795 1704; baseline 0.001 -18"><span class='ocrx_word' id='word_1_273' title='bbox 2141 1631 2402 1686; x_wconf 81' lang='lat' dir='ltr'>Romana</span> <span class='ocrx_word' id='word_1_274' title='bbox 2425 1631 2682 1688; x_wconf 86' lang='lat' dir='ltr'>Ecclesia</span> <span class='ocrx_word' id='word_1_275' title='bbox 2715 1633 3028 1688; x_wconf 91' lang='lat' dir='ltr'>damnatus</span> <span class='ocrx_word' id='word_1_276' title='bbox 3079 1639 3186 1697; x_wconf 90' lang='lat' dir='ltr'>est,</span> <span class='ocrx_word' id='word_1_277' title='bbox 3242 1649 3486 1704; x_wconf 71' lang='lat' dir='ltr'>quisque</span> <span class='ocrx_word' id='word_1_278' title='bbox 3542 1631 3718 1688; x_wconf 89' lang='lat' dir='ltr'>etiam</span> <span class='ocrx_word' id='word_1_279' title='bbox 3758 1650 3795 1688; x_wconf 91' lang='lat' dir='ltr'>a</span> 
     </span>
    </p>
   </div>
   <div class='ocr_carea' id='block_1_48' title="bbox 2138 1719 3793 1794">
    <p class='ocr_par' dir='ltr' id='par_1_48' title="bbox 2138 1719 3793 1794">
     <span class='ocr_line' id='line_1_48' title="bbox 2138 1719 3793 1794; baseline 0.002 -20"><span class='ocrx_word' id='word_1_280' title='bbox 2138 1719 2654 1792; x_wconf 87' lang='lat' dir='ltr'>pseudoepiscopis</span> <span class='ocrx_word' id='word_1_281' title='bbox 2671 1737 2772 1792; x_wconf 88' lang='lat' dir='ltr'>per</span> <span class='ocrx_word' id='word_1_282' title='bbox 2787 1738 2918 1776; x_wconf 91' lang='lat' dir='ltr'>eum</span> <span class='ocrx_word' id='word_1_283' title='bbox 2937 1726 3138 1793; x_wconf 88' lang='lat' dir='ltr'>postea</span> <span class='ocrx_word' id='word_1_284' title='bbox 3154 1721 3437 1777; x_wconf 81' lang='lat' dir='ltr'>ordinatis</span> <span class='ocrx_word' id='word_1_285' title='bbox 3453 1725 3793 1794; x_wconf 67' lang='lat' dir='ltr'>perpetrata:</span> 
     </span>
    </p>
   </div>
   <div class='ocr_carea' id='block_1_49' title="bbox 2140 1807 3790 1883">
    <p class='ocr_par' dir='ltr' id='par_1_49' title="bbox 2140 1807 3790 1883">
     <span class='ocr_line' id='line_1_49' title="bbox 2140 1807 3790 1883; baseline 0.002 -21"><span class='ocrx_word' id='word_1_286' title='bbox 2140 1812 2301 1874; x_wconf 91' lang='lat' dir='ltr'>sunt,</span> <span class='ocrx_word' id='word_1_287' title='bbox 2335 1807 2680 1865; x_wconf 70' lang='lat' dir='ltr'>Placentinae</span> <span class='ocrx_word' id='word_1_288' title='bbox 2711 1809 2917 1882; x_wconf 81' lang='lat' dir='ltr'>synodi</span> <span class='ocrx_word' id='word_1_289' title='bbox 2949 1810 3204 1883; x_wconf 83' lang='lat' dir='ltr'>generali</span> <span class='ocrx_word' id='word_1_290' title='bbox 3229 1809 3454 1881; x_wconf 89' lang='lat' dir='ltr'>judicio</span> <span class='ocrx_word' id='word_1_291' title='bbox 3483 1810 3790 1867; x_wconf 87' lang='lat' dir='ltr'>deﬁnitum</span> 
     </span>
    </p>
   </div>
   <div class='ocr_carea' id='block_1_50' title="bbox 2063 1883 3792 1972">
    <p class='ocr_par' dir='ltr' id='par_1_50' title="bbox 2063 1883 3792 1972">
     <span class='ocr_line' id='line_1_50' title="bbox 2063 1883 3792 1972; baseline 0.004 -23"><span class='ocrx_word' id='word_1_292' title='bbox 2063 1883 2108 1947; x_wconf 87' lang='grc' dir='ltr'><strong>Β</strong></span> <span class='ocrx_word' id='word_1_293' title='bbox 2140 1901 2229 1952; x_wconf 90' lang='lat' dir='ltr'>est</span> <span class='ocrx_word' id='word_1_294' title='bbox 2253 1901 2318 1951; x_wconf 90' lang='lat' dir='ltr'>ut</span> <span class='ocrx_word' id='word_1_295' title='bbox 2348 1897 2522 1953; x_wconf 68' lang='lat' dir='ltr'>irritae</span> <span class='ocrx_word' id='word_1_296' title='bbox 2557 1897 2907 1967; x_wconf 87' lang='lat' dir='ltr'>habeantur,</span> <span class='ocrx_word' id='word_1_297' title='bbox 2941 1899 3054 1954; x_wconf 90' lang='lat' dir='ltr'>nisi</span> <span class='ocrx_word' id='word_1_298' title='bbox 3110 1899 3356 1972; x_wconf 87' lang='lat' dir='ltr'>probare</span> <span class='ocrx_word' id='word_1_299' title='bbox 3403 1898 3692 1955; x_wconf 86' lang='lat' dir='ltr'>voluerint</span> <span class='ocrx_word' id='word_1_300' title='bbox 3731 1917 3792 1956; x_wconf 89' lang='lat' dir='ltr'>se</span> 
     </span>
    </p>
   </div>
   <div class='ocr_carea' id='block_1_51' title="bbox 2143 1986 3790 2052">
    <p class='ocr_par' dir='ltr' id='par_1_51' title="bbox 2143 1986 3790 2052">
     <span class='ocr_line' id='line_1_51' title="bbox 2143 1986 3790 2052; baseline 0.002 -10"><span class='ocrx_word' id='word_1_301' title='bbox 2143 2003 2278 2042; x_wconf 88' lang='lat' dir='ltr'>cum</span> <span class='ocrx_word' id='word_1_302' title='bbox 2310 1986 2720 2043; x_wconf 88' lang='lat' dir='ltr'>ordinarentur</span> <span class='ocrx_word' id='word_1_303' title='bbox 2738 2005 2839 2044; x_wconf 91' lang='lat' dir='ltr'>eos</span> <span class='ocrx_word' id='word_1_304' title='bbox 2860 1988 3116 2045; x_wconf 90' lang='lat' dir='ltr'>nescisse</span> <span class='ocrx_word' id='word_1_305' title='bbox 3147 1989 3628 2052; x_wconf 82' lang='lat' dir='ltr'>damnatos.0uia</span> <span class='ocrx_word' id='word_1_306' title='bbox 3656 2006 3790 2046; x_wconf 89' lang='lat' dir='ltr'>vero</span> 
     </span>
    </p>
   </div>
   <div class='ocr_carea' id='block_1_52' title="bbox 2145 2073 3790 2150">
    <p class='ocr_par' dir='ltr' id='par_1_52' title="bbox 2145 2073 3790 2150">
     <span class='ocr_line' id='line_1_52' title="bbox 2145 2073 3790 2150; baseline 0.004 -23"><span class='ocrx_word' id='word_1_307' title='bbox 2145 2073 2351 2129; x_wconf 85' lang='lat' dir='ltr'>fratres</span> <span class='ocrx_word' id='word_1_308' title='bbox 2382 2092 2560 2148; x_wconf 89' lang='lat' dir='ltr'>super</span> <span class='ocrx_word' id='word_1_309' title='bbox 2588 2076 2803 2148; x_wconf 88' lang='lat' dir='ltr'>quibus</span> <span class='ocrx_word' id='word_1_310' title='bbox 2826 2093 2996 2149; x_wconf 87' lang='lat' dir='ltr'>rogas</span> <span class='ocrx_word' id='word_1_311' title='bbox 3020 2075 3323 2150; x_wconf 89' lang='lat' dir='ltr'>religiosos</span> <span class='ocrx_word' id='word_1_312' title='bbox 3353 2077 3568 2133; x_wconf 89' lang='lat' dir='ltr'>asseris</span> <span class='ocrx_word' id='word_1_313' title='bbox 3589 2081 3645 2133; x_wconf 91' lang='lat' dir='ltr'>et</span> <span class='ocrx_word' id='word_1_314' title='bbox 3665 2093 3790 2133; x_wconf 90' lang='lat' dir='ltr'>om-</span> 
     </span>
    </p>
   </div>
   <div class='ocr_carea' id='block_1_53' title="bbox 2143 2162 3796 2236">
    <p class='ocr_par' dir='ltr' id='par_1_53' title="bbox 2143 2162 3796 2236">
     <span class='ocr_line' id='line_1_53' title="bbox 2143 2162 3796 2236; baseline 0.004 -19"><span class='ocrx_word' id='word_1_315' title='bbox 2143 2162 2282 2218; x_wconf 92' lang='lat' dir='ltr'>nino</span> <span class='ocrx_word' id='word_1_316' title='bbox 2313 2163 2428 2218; x_wconf 90' lang='lat' dir='ltr'>vim</span> <span class='ocrx_word' id='word_1_317' title='bbox 2457 2181 2663 2236; x_wconf 89' lang='lat' dir='ltr'>passos</span> <span class='ocrx_word' id='word_1_318' title='bbox 2699 2169 2756 2220; x_wconf 89' lang='lat' dir='ltr'>et</span> <span class='ocrx_word' id='word_1_319' title='bbox 2785 2169 3004 2222; x_wconf 88' lang='lat' dir='ltr'>tractos</span> <span class='ocrx_word' id='word_1_320' title='bbox 3034 2166 3103 2222; x_wconf 88' lang='lat' dir='ltr'>ad</span> <span class='ocrx_word' id='word_1_321' title='bbox 3137 2166 3530 2222; x_wconf 90' lang='lat' dir='ltr'>ordinandum</span> <span class='ocrx_word' id='word_1_322' title='bbox 3561 2167 3796 2225; x_wconf 82' lang='lat' dir='ltr'>confite-</span> 
     </span>
    </p>
   </div>
   <div class='ocr_carea' id='block_1_54' title="bbox 2143 2250 3795 2324">
    <p class='ocr_par' dir='ltr' id='par_1_54' title="bbox 2143 2250 3795 2324">
     <span class='ocr_line' id='line_1_54' title="bbox 2143 2250 3795 2324; baseline 0.004 -18"><span class='ocrx_word' id='word_1_323' title='bbox 2143 2250 2528 2324; x_wconf 88' lang='lat' dir='ltr'>ris,magnam</span> <span class='ocrx_word' id='word_1_324' title='bbox 2560 2254 2736 2310; x_wconf 85' lang='lat' dir='ltr'>etiam</span> <span class='ocrx_word' id='word_1_325' title='bbox 2763 2254 3029 2311; x_wconf 60' lang='lat' dir='ltr'>Ecclesia</span> <span class='ocrx_word' id='word_1_326' title='bbox 3063 2259 3176 2310; x_wconf 73' lang='lat' dir='ltr'>tuaa</span> <span class='ocrx_word' id='word_1_327' title='bbox 3202 2254 3641 2312; x_wconf 85' lang='lat' dir='ltr'>neccessitatem</span> <span class='ocrx_word' id='word_1_328' title='bbox 3663 2273 3795 2312; x_wconf 90' lang='lat' dir='ltr'>con-</span> 
     </span>
    </p>
   </div>
   <div class='ocr_carea' id='block_1_55' title="bbox 2143 2340 3798 2412">
    <p class='ocr_par' dir='ltr' id='par_1_55' title="bbox 2143 2340 3798 2412">
     <span class='ocr_line' id='line_1_55' title="bbox 2143 2340 3798 2412; baseline 0.004 -18"><span class='ocrx_word' id='word_1_329' title='bbox 2143 2340 2632 2412; x_wconf 84' lang='lat' dir='ltr'>quereris,utrum</span> <span class='ocrx_word' id='word_1_330' title='bbox 2655 2342 2740 2398; x_wconf 91' lang='lat' dir='ltr'>eis</span> <span class='ocrx_word' id='word_1_331' title='bbox 2760 2342 2814 2398; x_wconf 92' lang='lat' dir='ltr'>in</span> <span class='ocrx_word' id='word_1_332' title='bbox 2838 2344 3183 2400; x_wconf 87' lang='lat' dir='ltr'>sacerdotali</span> <span class='ocrx_word' id='word_1_333' title='bbox 3210 2344 3413 2400; x_wconf 89' lang='lat' dir='ltr'>ordine</span> <span class='ocrx_word' id='word_1_334' title='bbox 3443 2345 3798 2401; x_wconf 84' lang='lat' dir='ltr'>condescen-</span> 
     </span>
    </p>
   </div>
   <div class='ocr_carea' id='block_1_56' title="bbox 2143 2428 3798 2507">
    <p class='ocr_par' dir='ltr' id='par_1_56' title="bbox 2143 2428 3798 2507">
     <span class='ocr_line' id='line_1_56' title="bbox 2143 2428 3798 2507; baseline 0.004 -24"><span class='ocrx_word' id='word_1_335' title='bbox 2143 2428 2402 2484; x_wconf 89' lang='lat' dir='ltr'>dendum</span> <span class='ocrx_word' id='word_1_336' title='bbox 2433 2429 2530 2498; x_wconf 87' lang='lat' dir='ltr'>sit,</span> <span class='ocrx_word' id='word_1_337' title='bbox 2561 2433 2675 2486; x_wconf 66' lang='lat' dir='ltr'>tua:</span> <span class='ocrx_word' id='word_1_338' title='bbox 2709 2431 3081 2502; x_wconf 76' lang='lat' dir='ltr'>providentiae</span> <span class='ocrx_word' id='word_1_339' title='bbox 3115 2450 3216 2505; x_wconf 89' lang='lat' dir='ltr'>pro</span> <span class='ocrx_word' id='word_1_340' title='bbox 3247 2432 3496 2506; x_wconf 87' lang='lat' dir='ltr'>graviori</span> <span class='ocrx_word' id='word_1_341' title='bbox 3521 2438 3798 2507; x_wconf 89' lang='lat' dir='ltr'>opportu-</span> 
     </span>
    </p>
   </div>
   <div class='ocr_carea' id='block_1_57' title="bbox 2142 2516 3798 2593">
    <p class='ocr_par' dir='ltr' id='par_1_57' title="bbox 2142 2516 3798 2593">
     <span class='ocr_line' id='line_1_57' title="bbox 2142 2516 3798 2593; baseline 0.006 -24"><span class='ocrx_word' id='word_1_342' title='bbox 2142 2516 2321 2571; x_wconf 84' lang='lat' dir='ltr'>nitate</span> <span class='ocrx_word' id='word_1_343' title='bbox 2352 2518 2796 2574; x_wconf 79' lang='lat' dir='ltr'>committimus.</span> <span class='ocrx_word' id='word_1_344' title='bbox 2822 2519 3027 2575; x_wconf 85' lang='lat' dir='ltr'>Vestra</span> <span class='ocrx_word' id='word_1_345' title='bbox 3055 2536 3189 2576; x_wconf 91' lang='lat' dir='ltr'>vero</span> <span class='ocrx_word' id='word_1_346' title='bbox 3221 2520 3576 2593; x_wconf 86' lang='lat' dir='ltr'>experientia</span> <span class='ocrx_word' id='word_1_347' title='bbox 3597 2526 3798 2579; x_wconf 87' lang='lat' dir='ltr'>caveat</span> 
     </span>
    </p>
   </div>
   <div class='ocr_carea' id='block_1_58' title="bbox 2143 2605 3795 2676">
    <p class='ocr_par' dir='ltr' id='par_1_58' title="bbox 2143 2605 3795 2676">
     <span class='ocr_line' id='line_1_58' title="bbox 2143 2605 3795 2676; baseline 0.005 -17"><span class='ocrx_word' id='word_1_348' title='bbox 2143 2621 2212 2660; x_wconf 91' lang='lat' dir='ltr'>ne</span> <span class='ocrx_word' id='word_1_349' title='bbox 2243 2605 2301 2660; x_wconf 91' lang='lat' dir='ltr'>in</span> <span class='ocrx_word' id='word_1_350' title='bbox 2341 2605 2425 2660; x_wconf 90' lang='lat' dir='ltr'>eis</span> <span class='ocrx_word' id='word_1_351' title='bbox 2476 2611 2578 2662; x_wconf 89' lang='lat' dir='ltr'>aut</span> <span class='ocrx_word' id='word_1_352' title='bbox 2625 2607 2991 2676; x_wconf 89' lang='lat' dir='ltr'>scandalum,</span> <span class='ocrx_word' id='word_1_353' title='bbox 3038 2613 3139 2664; x_wconf 92' lang='lat' dir='ltr'>aut</span> <span class='ocrx_word' id='word_1_354' title='bbox 3185 2608 3488 2666; x_wconf 89' lang='lat' dir='ltr'>infamiam</span> <span class='ocrx_word' id='word_1_355' title='bbox 3537 2611 3795 2668; x_wconf 89' lang='lat' dir='ltr'>Ecclesia</span> 
     </span>
    </p>
   </div>
   <div class='ocr_carea' id='block_1_59' title="bbox 2143 2694 3797 2773">
    <p class='ocr_par' dir='ltr' id='par_1_59' title="bbox 2143 2694 3797 2773">
     <span class='ocr_line' id='line_1_59' title="bbox 2143 2694 3797 2773; baseline 0.005 -25"><span class='ocrx_word' id='word_1_356' title='bbox 2143 2694 2401 2765; x_wconf 90' lang='lat' dir='ltr'>patiatur</span> <span class='ocrx_word' id='word_1_357' title='bbox 2433 2712 2446 2750; x_wconf 92' lang='lat'>:</span> <span class='ocrx_word' id='word_1_358' title='bbox 2480 2697 2540 2751; x_wconf 93' lang='lat' dir='ltr'>in</span> <span class='ocrx_word' id='word_1_359' title='bbox 2563 2694 2956 2770; x_wconf 88' lang='lat' dir='ltr'>aliis,quando</span> <span class='ocrx_word' id='word_1_360' title='bbox 2978 2698 3181 2755; x_wconf 88' lang='lat' dir='ltr'>eadem</span> <span class='ocrx_word' id='word_1_361' title='bbox 3209 2699 3511 2773; x_wconf 87' lang='lat' dir='ltr'>religionis</span> <span class='ocrx_word' id='word_1_362' title='bbox 3531 2701 3719 2773; x_wconf 89' lang='lat' dir='ltr'>gratia</span> <span class='ocrx_word' id='word_1_363' title='bbox 3739 2704 3797 2756; x_wconf 92' lang='lat' dir='ltr'>et</span> 
     </span>
    </p>
   </div>
   <div class='ocr_carea' id='block_1_60' title="bbox 2138 2781 3792 2856">
    <p class='ocr_par' dir='ltr' id='par_1_60' title="bbox 2138 2781 3792 2856">
     <span class='ocr_line' id='line_1_60' title="bbox 2138 2781 3792 2856; baseline 0.005 -19"><span class='ocrx_word' id='word_1_364' title='bbox 2138 2781 2425 2838; x_wconf 67' lang='lat' dir='ltr'>violentiae</span> <span class='ocrx_word' id='word_1_365' title='bbox 2472 2783 2734 2842; x_wconf 89' lang='lat' dir='ltr'>illatione</span> <span class='ocrx_word' id='word_1_366' title='bbox 2782 2787 3145 2844; x_wconf 84' lang='lat' dir='ltr'>excusabiles</span> <span class='ocrx_word' id='word_1_367' title='bbox 3175 2805 3289 2844; x_wconf 91' lang='lat' dir='ltr'>non</span> <span class='ocrx_word' id='word_1_368' title='bbox 3342 2793 3502 2856; x_wconf 88' lang='lat' dir='ltr'>sunt,</span> <span class='ocrx_word' id='word_1_369' title='bbox 3552 2790 3792 2846; x_wconf 90' lang='lat' dir='ltr'>omnino</span> 
     </span>
    </p>
   </div>
   <div class='ocr_carea' id='block_1_61' title="bbox 2140 2872 3792 2951">
    <p class='ocr_par' dir='ltr' id='par_1_61' title="bbox 2140 2872 3792 2951">
     <span class='ocr_line' id='line_1_61' title="bbox 2140 2872 3792 2951; baseline 0.007 -27"><span class='ocrx_word' id='word_1_370' title='bbox 2140 2872 2438 2943; x_wconf 60' lang='lat' dir='ltr'>synodalis</span> <span class='ocrx_word' id='word_1_371' title='bbox 2461 2874 2672 2944; x_wconf 90' lang='lat' dir='ltr'>judicii</span> <span class='ocrx_word' id='word_1_372' title='bbox 2702 2877 3054 2933; x_wconf 88' lang='lat' dir='ltr'>sententiam</span> <span class='ocrx_word' id='word_1_373' title='bbox 3089 2877 3608 2950; x_wconf 89' lang='lat' dir='ltr'>persequereris.Si</span> <span class='ocrx_word' id='word_1_374' title='bbox 3643 2896 3792 2951; x_wconf 91' lang='lat' dir='ltr'>quos</span> 
     </span>
    </p>
   </div>
   <div class='ocr_carea' id='block_1_62' title="bbox 2139 2963 3794 3035">
    <p class='ocr_par' dir='ltr' id='par_1_62' title="bbox 2139 2963 3794 3035">
     <span class='ocr_line' id='line_1_62' title="bbox 2139 2963 3794 3035; baseline 0.006 -20"><span class='ocrx_word' id='word_1_375' title='bbox 2139 2964 2334 3016; x_wconf 90' lang='lat' dir='ltr'>tamen</span> <span class='ocrx_word' id='word_1_376' title='bbox 2370 2963 2729 3035; x_wconf 90' lang='lat' dir='ltr'>propensiori</span> <span class='ocrx_word' id='word_1_377' title='bbox 2765 2965 3112 3022; x_wconf 89' lang='lat' dir='ltr'>necessitate</span> <span class='ocrx_word' id='word_1_378' title='bbox 3142 2967 3490 3034; x_wconf 87' lang='lat' dir='ltr'>restitueris,</span> <span class='ocrx_word' id='word_1_379' title='bbox 3515 2985 3631 3024; x_wconf 91' lang='lat' dir='ltr'>non</span> <span class='ocrx_word' id='word_1_380' title='bbox 3663 2969 3794 3025; x_wconf 89' lang='lat' dir='ltr'>sine</span> 
     </span>
    </p>
   </div>
   <div class='ocr_carea' id='block_1_63' title="bbox 2141 3049 3808 3129">
    <p class='ocr_par' dir='ltr' id='par_1_63' title="bbox 2141 3049 3808 3129">
     <span class='ocr_line' id='line_1_63' title="bbox 2141 3049 3808 3129; baseline 0.006 -25"><span class='ocrx_word' id='word_1_381' title='bbox 2141 3049 2491 3121; x_wconf 71' lang='lat' dir='ltr'>pmnitentiae</span> <span class='ocrx_word' id='word_1_382' title='bbox 2523 3053 2880 3124; x_wconf 64' lang='lat' dir='ltr'>quotidianae</span> <span class='ocrx_word' id='word_1_383' title='bbox 2932 3056 3197 3112; x_wconf 90' lang='lat' dir='ltr'>remedio</span> <span class='ocrx_word' id='word_1_384' title='bbox 3247 3057 3514 3128; x_wconf 89' lang='lat' dir='ltr'>patieris;</span> <span class='ocrx_word' id='word_1_385' title='bbox 3551 3061 3606 3111; x_wconf 90' lang='lat' dir='ltr'>et</span> <span class='ocrx_word' id='word_1_386' title='bbox 3644 3057 3808 3129; x_wconf 87' lang='lat' dir='ltr'>ipsos</span> 
     </span>
    </p>
   </div>
   <div class='ocr_carea' id='block_1_64' title="bbox 2140 3140 3806 3219">
    <p class='ocr_par' dir='ltr' id='par_1_64' title="bbox 2140 3140 3806 3219">
     <span class='ocr_line' id='line_1_64' title="bbox 2140 3140 3806 3219; baseline 0.005 -27"><span class='ocrx_word' id='word_1_387' title='bbox 2140 3140 2336 3194; x_wconf 89' lang='lat' dir='ltr'>autem</span> <span class='ocrx_word' id='word_1_388' title='bbox 2351 3140 2504 3196; x_wconf 89' lang='lat' dir='ltr'>inter</span> <span class='ocrx_word' id='word_1_389' title='bbox 2524 3157 2623 3197; x_wconf 90' lang='lat' dir='ltr'>eos</span> <span class='ocrx_word' id='word_1_390' title='bbox 2645 3143 2866 3214; x_wconf 91' lang='lat' dir='ltr'>quibus</span> <span class='ocrx_word' id='word_1_391' title='bbox 2897 3145 3246 3201; x_wconf 87' lang='lat' dir='ltr'>ordinandis</span> <span class='ocrx_word' id='word_1_392' title='bbox 3265 3162 3504 3201; x_wconf 92' lang='lat' dir='ltr'>manum</span> <span class='ocrx_word' id='word_1_393' title='bbox 3528 3145 3806 3219; x_wconf 90' lang='lat' dir='ltr'>imponis,</span> 
     </span>
    </p>
   </div>
   <div class='ocr_carea' id='block_1_65' title="bbox 383 3227 3808 3340">
    <p class='ocr_par' dir='ltr' id='par_1_65' title="bbox 383 3227 3808 3340">
     <span class='ocr_line' id='line_1_65' title="bbox 383 3227 3808 3340; baseline 0.003 -16"><span class='ocrx_word' id='word_1_394' title='bbox 383 3267 616 3336; x_wconf 87' lang='lat' dir='ltr'>Christi,</span> <span class='ocrx_word' id='word_1_395' title='bbox 645 3227 941 3340; x_wconf 61' lang='lat' dir='ltr'>quatenus</span> <span class='ocrx_word' id='word_1_396' title='bbox 973 3269 1031 3321; x_wconf 91' lang='lat' dir='ltr'>et</span> <span class='ocrx_word' id='word_1_397' title='bbox 1060 3263 1155 3320; x_wconf 91' lang='lat' dir='ltr'>hic</span> <span class='ocrx_word' id='word_1_398' title='bbox 1185 3227 1408 3320; x_wconf 53' lang='lat' dir='ltr'>frudtus</span> <span class='ocrx_word' id='word_1_399' title='bbox 1439 3264 1601 3319; x_wconf 76' lang='lat' dir='ltr'>bonae</span> <span class='ocrx_word' id='word_1_400' title='bbox 1633 3264 1877 3320; x_wconf 83' lang='lat' dir='ltr'>actionis</span> <span class='ocrx_word' id='word_1_401' title='bbox 1903 3280 2032 3336; x_wconf 88' lang='lat' dir='ltr'>per-</span> <span class='ocrx_word' id='word_1_402' title='bbox 2064 3249 2108 3316; x_wconf 85' lang='lat' dir='ltr'>C</span> <span class='ocrx_word' id='word_1_403' title='bbox 2144 3227 2285 3340; x_wconf 39' lang='lat' dir='ltr'>diu.)</span> <span class='ocrx_word' id='word_1_404' title='bbox 2319 3229 3253 3340; x_wconf 39' lang='lat' dir='ltr'>°§§f‘2’i‘fo°‘f’TP}t§sa3“?</span> <span class='ocrx_word' id='word_1_405' title='bbox 3277 3239 3563 3332; x_wconf 53' lang='lat' dir='ltr'>Interesse.</span> <span class='ocrx_word' id='word_1_406' title='bbox 3607 3251 3808 3340; x_wconf 33' lang='lat' dir='ltr'>Primi-</span> 
     </span>
    </p>
   </div>
   <div class='ocr_carea' id='block_1_66' title="bbox 379 3352 2051 3432">
    <p class='ocr_par' dir='ltr' id='par_1_66' title="bbox 379 3352 2051 3432">
     <span class='ocr_line' id='line_1_66' title="bbox 379 3352 2051 3432; baseline -0.004 -18"><span class='ocrx_word' id='word_1_407' title='bbox 379 3357 694 3432; x_wconf 72' lang='lat' dir='ltr'>Dipiant,et</span> <span class='ocrx_word' id='word_1_408' title='bbox 729 3355 886 3430; x_wconf 88' lang='lat' dir='ltr'>apud</span> <span class='ocrx_word' id='word_1_409' title='bbox 917 3354 1251 3410; x_wconf 90' lang='lat' dir='ltr'>districtum</span> <span class='ocrx_word' id='word_1_410' title='bbox 1293 3352 1554 3425; x_wconf 90' lang='lat' dir='ltr'>judicem</span> <span class='ocrx_word' id='word_1_411' title='bbox 1619 3354 1861 3426; x_wconf 76' lang='lat' dir='ltr'>praemia</span> <span class='ocrx_word' id='word_1_412' title='bbox 1889 3358 2051 3411; x_wconf 77' lang='lat' dir='ltr'>aster-</span> 
     </span>
    </p>
   </div>
   <div class='ocr_carea' id='block_1_67' title="bbox 386 3443 1702 3522">
    <p class='ocr_par' dir='ltr' id='par_1_67' title="bbox 386 3443 1702 3522">
     <span class='ocr_line' id='line_1_67' title="bbox 386 3443 1702 3522; baseline -0.005 -17"><span class='ocrx_word' id='word_1_413' title='bbox 386 3465 473 3506; x_wconf 70' lang='lat' dir='ltr'>nis</span> <span class='ocrx_word' id='word_1_414' title='bbox 504 3446 666 3522; x_wconf 89' lang='lat' dir='ltr'>pacis</span> <span class='ocrx_word' id='word_1_415' title='bbox 696 3443 1012 3502; x_wconf 84' lang='lat' dir='ltr'>inveniant.</span> <span class='ocrx_word' id='word_1_416' title='bbox 1045 3445 1249 3510; x_wconf 86' lang='lat' dir='ltr'>Amen,</span> <span class='ocrx_word' id='word_1_417' title='bbox 1283 3459 1475 3510; x_wconf 89' lang='lat' dir='ltr'>amen,</span> <span class='ocrx_word' id='word_1_418' title='bbox 1509 3459 1702 3500; x_wconf 89' lang='lat' dir='ltr'>amen.</span> 
     </span>
    </p>
   </div>
   <div class='ocr_carea' id='block_1_68' title="bbox 457 3532 2046 3609">
    <p class='ocr_par' dir='ltr' id='par_1_68' title="bbox 457 3532 2046 3609">
     <span class='ocr_line' id='line_1_68' title="bbox 457 3532 2046 3609; baseline -0.002 -17"><span class='ocrx_word' id='word_1_419' title='bbox 457 3534 755 3609; x_wconf 88' lang='lat' dir='ltr'>Scriptum</span> <span class='ocrx_word' id='word_1_420' title='bbox 808 3537 866 3588; x_wconf 90' lang='lat' dir='ltr'>et</span> <span class='ocrx_word' id='word_1_421' title='bbox 911 3533 1113 3588; x_wconf 91' lang='lat' dir='ltr'>datum</span> <span class='ocrx_word' id='word_1_422' title='bbox 1150 3547 1254 3604; x_wconf 91' lang='lat' dir='ltr'>per</span> <span class='ocrx_word' id='word_1_423' title='bbox 1286 3548 1497 3586; x_wconf 89' lang='lat' dir='ltr'>manus</span> <span class='ocrx_word' id='word_1_424' title='bbox 1530 3532 1857 3599; x_wconf 88' lang='lat' dir='ltr'>Lanfranci,</span> <span class='ocrx_word' id='word_1_425' title='bbox 1892 3533 2046 3589; x_wconf 84' lang='lat' dir='ltr'>vices</span> 
     </span>
    </p>
   </div>
   <div class='ocr_carea' id='block_1_69' title="bbox 383 3619 2044 3698">
    <p class='ocr_par' dir='ltr' id='par_1_69' title="bbox 383 3619 2044 3698">
     <span class='ocr_line' id='line_1_69' title="bbox 383 3619 2044 3698; baseline -0.003 -17"><span class='ocrx_word' id='word_1_426' title='bbox 383 3623 613 3698; x_wconf 89' lang='lat' dir='ltr'>agentis</span> <span class='ocrx_word' id='word_1_427' title='bbox 653 3620 1001 3692; x_wconf 85' lang='lat' dir='ltr'>cancellarii,</span> <span class='ocrx_word' id='word_1_428' title='bbox 1053 3637 1204 3676; x_wconf 88' lang='lat' dir='ltr'>anno</span> <span class='ocrx_word' id='word_1_429' title='bbox 1255 3619 1568 3675; x_wconf 83' lang='lat' dir='ltr'>Dominicae</span> <span class='ocrx_word' id='word_1_430' title='bbox 1618 3621 2044 3677; x_wconf 88' lang='lat' dir='ltr'>Incarnationis</span> 
     </span>
    </p>
   </div>
   <div class='ocr_carea' id='block_1_70' title="bbox 383 3708 2038 3782">
    <p class='ocr_par' dir='ltr' id='par_1_70' title="bbox 383 3708 2038 3782">
     <span class='ocr_line' id='line_1_70' title="bbox 383 3708 2038 3782; baseline -0.001 -15"><span class='ocrx_word' id='word_1_431' title='bbox 383 3710 701 3769; x_wconf 88' lang='lat' dir='ltr'>millesimo</span> <span class='ocrx_word' id='word_1_432' title='bbox 731 3709 1112 3782; x_wconf 89' lang='lat' dir='ltr'>nonagesimo</span> <span class='ocrx_word' id='word_1_433' title='bbox 1145 3708 1422 3780; x_wconf 89' lang='lat' dir='ltr'>septimo,</span> <span class='ocrx_word' id='word_1_434' title='bbox 1454 3708 1769 3765; x_wconf 88' lang='lat' dir='ltr'>indictione</span> <span class='ocrx_word' id='word_1_435' title='bbox 1811 3710 2038 3781; x_wconf 88' lang='lat' dir='ltr'>quinta,</span> 
     </span>
    </p>
   </div>
   <div class='ocr_carea' id='block_1_71' title="bbox 381 3796 2038 3877">
    <p class='ocr_par' dir='ltr' id='par_1_71' title="bbox 381 3796 2038 3877">
     <span class='ocr_line' id='line_1_71' title="bbox 381 3796 2038 3877; baseline -0.004 -18"><span class='ocrx_word' id='word_1_436' title='bbox 381 3801 755 3877; x_wconf 82' lang='lat' dir='ltr'>pontificatus</span> <span class='ocrx_word' id='word_1_437' title='bbox 798 3803 996 3857; x_wconf 90' lang='lat' dir='ltr'>autem</span> <span class='ocrx_word' id='word_1_438' title='bbox 1047 3796 1266 3854; x_wconf 88' lang='lat' dir='ltr'>domini</span> <span class='ocrx_word' id='word_1_439' title='bbox 1315 3796 1531 3853; x_wconf 81' lang='lat' dir='ltr'>Urbani</span> <span class='ocrx_word' id='word_1_440' title='bbox 1582 3797 1824 3854; x_wconf 84' lang='lat' dir='ltr'>secundi</span> <span class='ocrx_word' id='word_1_441' title='bbox 1877 3816 2038 3872; x_wconf 74' lang='lat' dir='ltr'>papae</span> 
     </span>
    </p>
   </div>
   <div class='ocr_carea' id='block_1_72' title="bbox 380 3889 814 3950">
    <p class='ocr_par' dir='ltr' id='par_1_72' title="bbox 380 3889 814 3950">
     <span class='ocr_line' id='line_1_72' title="bbox 380 3889 814 3950; baseline -0.012 0"><span class='ocrx_word' id='word_1_442' title='bbox 380 3910 534 3950; x_wconf 86' lang='lat' dir='ltr'>anno</span> <span class='ocrx_word' id='word_1_443' title='bbox 565 3889 814 3948; x_wconf 89' lang='lat' dir='ltr'>decimo.</span> 
     </span>
    </p>
   </div>
   <div class='ocr_carea' id='block_1_73' title="bbox 1071 4002 1348 4061">
    <p class='ocr_par' dir='ltr' id='par_1_73' title="bbox 1071 4002 1348 4061">
     <span class='ocr_line' id='line_1_73' title="bbox 1071 4002 1348 4061; baseline -0.004 0"><span class='ocrx_word' id='word_1_444' title='bbox 1071 4002 1348 4061; x_wconf 82' lang='lat' dir='ltr'>CCXXIX.</span> 
     </span>
    </p>
   </div>
   <div class='ocr_carea' id='block_1_74' title="bbox 448 4095 1963 4177">
    <p class='ocr_par' dir='ltr' id='par_1_74' title="bbox 448 4095 1963 4177">
     <span class='ocr_line' id='line_1_74' title="bbox 448 4095 1963 4177; baseline -0.005 -20"><span class='ocrx_word' id='word_1_445' title='bbox 448 4099 650 4158; x_wconf 81' lang='lat' dir='ltr'>Urbani</span> <span class='ocrx_word' id='word_1_446' title='bbox 679 4097 731 4156; x_wconf 87' lang='lat' dir='ltr'>II</span> <span class='ocrx_word' id='word_1_447' title='bbox 749 4097 980 4171; x_wconf 73' lang='lat' dir='ltr'>epistola</span> <span class='ocrx_word' id='word_1_448' title='bbox 1005 4095 1078 4152; x_wconf 90' lang='lat' dir='ltr'>ad</span> <span class='ocrx_word' id='word_1_449' title='bbox 1105 4095 1405 4177; x_wconf 63' lang='lat' dir='ltr'>Manassem</span> <span class='ocrx_word' id='word_1_450' title='bbox 1435 4096 1745 4151; x_wconf 75' lang='lat' dir='ltr'>Remensem</span> <span class='ocrx_word' id='word_1_451' title='bbox 1781 4095 1963 4151; x_wconf 81' lang='lat' dir='ltr'>archi-</span> 
     </span>
    </p>
   </div>
   <div class='ocr_carea' id='block_1_75' title="bbox 1036 4181 1364 4239">
    <p class='ocr_par' dir='ltr' id='par_1_75' title="bbox 1036 4181 1364 4239">
     <span class='ocr_line' id='line_1_75' title="bbox 1036 4181 1364 4239; baseline -0.009 -16"><span class='ocrx_word' id='word_1_452' title='bbox 1036 4181 1364 4239; x_wconf 73' lang='lat' dir='ltr'>episcopum.</span> 
     </span>
    </p>
   </div>
   <div class='ocr_carea' id='block_1_76' title="bbox 1001 4283 1408 4350">
    <p class='ocr_par' dir='ltr' id='par_1_76' title="bbox 1001 4283 1408 4350">
     <span class='ocr_line' id='line_1_76' title="bbox 1001 4283 1408 4350; baseline -0.007 -12"><span class='ocrx_word' id='word_1_453' title='bbox 1001 4284 1186 4350; x_wconf 85' lang='lat' dir='ltr'>(Anno</span> <span class='ocrx_word' id='word_1_454' title='bbox 1223 4283 1408 4347; x_wconf 87' lang='grc'>1097.)</span> 
     </span>
    </p>
   </div>
   <div class='ocr_carea' id='block_1_77' title="bbox 487 4395 1921 4472">
    <p class='ocr_par' dir='ltr' id='par_1_77' title="bbox 487 4395 1921 4472">
     <span class='ocr_line' id='line_1_77' title="bbox 487 4395 1921 4472; baseline -0.006 -16"><span class='ocrx_word' id='word_1_455' title='bbox 487 4399 677 4472; x_wconf 90' lang='lat' dir='ltr'>[Dom.</span> <span class='ocrx_word' id='word_1_456' title='bbox 709 4399 968 4465; x_wconf 63' lang='lat' dir='ltr'>Maawr,</span> <span class='ocrx_word' id='word_1_457' title='bbox 1000 4397 1301 4467; x_wconf 75' lang='lat' dir='ltr'>Metropolis</span> <span class='ocrx_word' id='word_1_458' title='bbox 1333 4396 1629 4462; x_wconf 72' lang='lat' dir='ltr'>Bernensis,</span> <span class='ocrx_word' id='word_1_459' title='bbox 1667 4395 1734 4459; x_wconf 86' lang='lat' dir='ltr'>ll,</span> <span class='ocrx_word' id='word_1_460' title='bbox 1769 4395 1921 4462; x_wconf 78' lang='lat'>221.]</span> 
     </span>
    </p>
   </div>
   <div class='ocr_carea' id='block_1_78' title="bbox 441 4511 2019 4586">
    <p class='ocr_par' dir='ltr' id='par_1_78' title="bbox 441 4511 2019 4586">
     <span class='ocr_line' id='line_1_78' title="bbox 441 4511 2019 4586; baseline -0.003 -15"><span class='ocrx_word' id='word_1_461' title='bbox 441 4514 719 4572; x_wconf 68' lang='lat' dir='ltr'>Uasmus</span> <span class='ocrx_word' id='word_1_462' title='bbox 748 4511 1290 4586; x_wconf 88' lang='lat' dir='ltr'>episcopus,servus</span> <span class='ocrx_word' id='word_1_463' title='bbox 1315 4526 1615 4566; x_wconf 90' lang='lat' dir='ltr'>servorum</span> <span class='ocrx_word' id='word_1_464' title='bbox 1644 4511 1763 4580; x_wconf 88' lang='lat' dir='ltr'>Dei,</span> <span class='ocrx_word' id='word_1_465' title='bbox 1782 4527 2019 4567; x_wconf 90' lang='lat' dir='ltr'>venera-</span> 
     </span>
    </p>
   </div>
   <div class='ocr_carea' id='block_1_79' title="bbox 371 4607 2096 4683">
    <p class='ocr_par' dir='ltr' id='par_1_79' title="bbox 371 4607 2096 4683">
     <span class='ocr_line' id='line_1_79' title="bbox 371 4607 2096 4683; baseline -0.001 -16"><span class='ocrx_word' id='word_1_466' title='bbox 371 4611 475 4668; x_wconf 89' lang='lat' dir='ltr'>bili</span> <span class='ocrx_word' id='word_1_467' title='bbox 507 4611 674 4669; x_wconf 88' lang='lat' dir='ltr'>fratri</span> <span class='ocrx_word' id='word_1_468' title='bbox 706 4609 1020 4678; x_wconf 69' lang='grc' dir='ltr'>ΜΑΝΑεελε,</span> <span class='ocrx_word' id='word_1_469' title='bbox 1051 4607 1324 4666; x_wconf 83' lang='lat' dir='ltr'>Remensi</span> <span class='ocrx_word' id='word_1_470' title='bbox 1371 4608 1827 4682; x_wconf 88' lang='lat' dir='ltr'>archiepiscopo,</span> <span class='ocrx_word' id='word_1_471' title='bbox 1870 4610 2022 4666; x_wconf 82' lang='lat' dir='ltr'>salu-</span> <span class='ocrx_word' id='word_1_472' title='bbox 2050 4617 2096 4683; x_wconf 77' lang='grc' dir='ltr'>ι)</span> 
     </span>
    </p>
   </div>
   <div class='ocr_carea' id='block_1_80' title="bbox 365 4695 1491 4772">
    <p class='ocr_par' dir='ltr' id='par_1_80' title="bbox 365 4695 1491 4772">
     <span class='ocr_line' id='line_1_80' title="bbox 365 4695 1491 4772; baseline -0.005 -16"><span class='ocrx_word' id='word_1_473' title='bbox 365 4702 484 4756; x_wconf 89' lang='lat' dir='ltr'>tem</span> <span class='ocrx_word' id='word_1_474' title='bbox 516 4702 575 4756; x_wconf 87' lang='lat' dir='ltr'>et</span> <span class='ocrx_word' id='word_1_475' title='bbox 603 4695 987 4772; x_wconf 90' lang='lat' dir='ltr'>apostolicam</span> <span class='ocrx_word' id='word_1_476' title='bbox 1008 4695 1491 4753; x_wconf 89' lang='lat' dir='ltr'>benedictionem.</span> 
     </span>
    </p>
   </div>
   <div class='ocr_carea' id='block_1_81' title="bbox 2165 3317 3803 3395">
    <p class='ocr_par' dir='ltr' id='par_1_81' title="bbox 2165 3317 3803 3395">
     <span class='ocr_line' id='line_1_81' title="bbox 2165 3317 3803 3395; baseline 0.005 -24"><span class='ocrx_word' id='word_1_477' title='bbox 2165 3317 2304 3388; x_wconf 90' lang='lat' dir='ltr'>pito.</span> <span class='ocrx_word' id='word_1_478' title='bbox 2337 3318 2499 3382; x_wconf 85' lang='lat' dir='ltr'>Quod</span> <span class='ocrx_word' id='word_1_479' title='bbox 2526 3323 2724 3374; x_wconf 87' lang='lat' dir='ltr'>tamen</span> <span class='ocrx_word' id='word_1_480' title='bbox 2755 3320 2994 3377; x_wconf 89' lang='lat' dir='ltr'>omnino</span> <span class='ocrx_word' id='word_1_481' title='bbox 3025 3322 3394 3394; x_wconf 76' lang='lat' dir='ltr'>praecipimus</span> <span class='ocrx_word' id='word_1_482' title='bbox 3417 3339 3488 3379; x_wconf 87' lang='lat' dir='ltr'>ne</span> <span class='ocrx_word' id='word_1_483' title='bbox 3519 3322 3643 3378; x_wconf 91' lang='lat' dir='ltr'>sine</span> <span class='ocrx_word' id='word_1_484' title='bbox 3673 3339 3803 3395; x_wconf 87' lang='lat' dir='ltr'>gra-</span> 
     </span>
    </p>
   </div>
   <div class='ocr_carea' id='block_1_82' title="bbox 2161 3405 3807 3484">
    <p class='ocr_par' dir='ltr' id='par_1_82' title="bbox 2161 3405 3807 3484">
     <span class='ocr_line' id='line_1_82' title="bbox 2161 3405 3807 3484; baseline 0.005 -24"><span class='ocrx_word' id='word_1_485' title='bbox 2161 3405 2302 3461; x_wconf 91' lang='lat' dir='ltr'>viori</span> <span class='ocrx_word' id='word_1_486' title='bbox 2355 3405 2622 3462; x_wconf 68' lang='lat' dir='ltr'>Ecclesiae</span> <span class='ocrx_word' id='word_1_487' title='bbox 2681 3410 3030 3466; x_wconf 88' lang='lat' dir='ltr'>necessitate</span> <span class='ocrx_word' id='word_1_488' title='bbox 3079 3416 3136 3467; x_wconf 91' lang='lat' dir='ltr'>et</span> <span class='ocrx_word' id='word_1_489' title='bbox 3184 3429 3568 3484; x_wconf 85' lang='lat' dir='ltr'>personarum</span> <span class='ocrx_word' id='word_1_490' title='bbox 3600 3412 3807 3468; x_wconf 90' lang='lat' dir='ltr'>merito</span> 
     </span>
    </p>
   </div>
   <div class='ocr_carea' id='block_1_83' title="bbox 2160 3494 2895 3568">
    <p class='ocr_par' dir='ltr' id='par_1_83' title="bbox 2160 3494 2895 3568">
     <span class='ocr_line' id='line_1_83' title="bbox 2160 3494 2895 3568; baseline 0.005 -19"><span class='ocrx_word' id='word_1_491' title='bbox 2160 3494 2452 3551; x_wconf 88' lang='lat' dir='ltr'>ullatenus</span> <span class='ocrx_word' id='word_1_492' title='bbox 2484 3502 2895 3568; x_wconf 80' lang='lat' dir='ltr'>praesumatur.</span> 
     </span>
    </p>
   </div>
   <div class='ocr_carea' id='block_1_84' title="bbox 2227 3583 3116 3642">
    <p class='ocr_par' dir='ltr' id='par_1_84' title="bbox 2227 3583 3116 3642">
     <span class='ocr_line' id='line_1_84' title="bbox 2227 3583 3116 3642; baseline 0.006 -5"><span class='ocrx_word' id='word_1_493' title='bbox 2227 3583 2371 3638; x_wconf 90' lang='lat' dir='ltr'>Data</span> <span class='ocrx_word' id='word_1_494' title='bbox 2403 3584 2670 3640; x_wconf 88' lang='lat' dir='ltr'>Laterani</span> <span class='ocrx_word' id='word_1_495' title='bbox 2701 3603 2774 3640; x_wconf 86' lang='lat' dir='ltr'>xv</span> <span class='ocrx_word' id='word_1_496' title='bbox 2806 3586 2924 3642; x_wconf 86' lang='lat' dir='ltr'>Kal.</span> <span class='ocrx_word' id='word_1_497' title='bbox 2960 3587 3116 3642; x_wconf 90' lang='lat' dir='ltr'>Maii.</span> 
     </span>
    </p>
   </div>
   <div class='ocr_carea' id='block_1_85' title="bbox 2841 3691 3122 3747">
    <p class='ocr_par' dir='ltr' id='par_1_85' title="bbox 2841 3691 3122 3747">
     <span class='ocr_line' id='line_1_85' title="bbox 2841 3691 3122 3747; baseline -0.007 0"><span class='ocrx_word' id='word_1_498' title='bbox 2841 3691 3122 3747; x_wconf 82' lang='lat' dir='ltr'>CCXXXI.</span> 
     </span>
    </p>
   </div>
   <div class='ocr_carea' id='block_1_86' title="bbox 2149 3780 3804 3850">
    <p class='ocr_par' dir='ltr' id='par_1_86' title="bbox 2149 3780 3804 3850">
     <span class='ocr_line' id='line_1_86' title="bbox 2149 3780 3804 3850; baseline 0.005 -19"><span class='ocrx_word' id='word_1_499' title='bbox 2149 3781 2171 3801; x_wconf 60' lang='grc' dir='ltr'><strong>θ</strong></span> <span class='ocrx_word' id='word_1_500' title='bbox 2202 3781 2486 3832; x_wconf 80' lang='lat' dir='ltr'>Jarentoni</span> <span class='ocrx_word' id='word_1_501' title='bbox 2533 3781 2716 3834; x_wconf 77' lang='lat' dir='ltr'>abbati</span> <span class='ocrx_word' id='word_1_502' title='bbox 2747 3780 2802 3834; x_wconf 97' lang='grc'>8.</span> <span class='ocrx_word' id='word_1_503' title='bbox 2846 3781 3080 3850; x_wconf 85' lang='lat' dir='ltr'>Benigni</span> <span class='ocrx_word' id='word_1_504' title='bbox 3131 3781 3494 3843; x_wconf 75' lang='lat' dir='ltr'>Dim’onensis,</span> <span class='ocrx_word' id='word_1_505' title='bbox 3550 3783 3804 3839; x_wconf 78' lang='lat' dir='ltr'>Urbanus</span> 
     </span>
    </p>
   </div>
   <div class='ocr_carea' id='block_1_87' title="bbox 2219 3852 3805 3922">
    <p class='ocr_par' dir='ltr' id='par_1_87' title="bbox 2219 3852 3805 3922">
     <span class='ocr_line' id='line_1_87' title="bbox 2219 3852 3805 3922; baseline 0.004 -20"><span class='ocrx_word' id='word_1_506' title='bbox 2219 3852 2414 3903; x_wconf 74' lang='lat' dir='ltr'>asserit</span> <span class='ocrx_word' id='word_1_507' title='bbox 2445 3853 2837 3922; x_wconf 70' lang='lat' dir='ltr'>monasterium</span> <span class='ocrx_word' id='word_1_508' title='bbox 2857 3853 2912 3905; x_wconf 88' lang='grc'>8.</span> <span class='ocrx_word' id='word_1_509' title='bbox 2947 3853 3146 3919; x_wconf 67' lang='lat' dir='ltr'>l’igoris</span> <span class='ocrx_word' id='word_1_510' title='bbox 3171 3852 3482 3922; x_wconf 77' lang='lat' dir='ltr'>Bajocense,</span> <span class='ocrx_word' id='word_1_511' title='bbox 3513 3853 3586 3906; x_wconf 85' lang='lat' dir='ltr'>ab</span> <span class='ocrx_word' id='word_1_512' title='bbox 3617 3854 3805 3910; x_wconf 83' lang='lat' dir='ltr'>Odone</span> 
     </span>
    </p>
   </div>
   <div class='ocr_carea' id='block_1_88' title="bbox 2216 3920 2772 3990">
    <p class='ocr_par' dir='ltr' id='par_1_88' title="bbox 2216 3920 2772 3990">
     <span class='ocr_line' id='line_1_88' title="bbox 2216 3920 2772 3990; baseline 0.004 -16"><span class='ocrx_word' id='word_1_513' title='bbox 2216 3922 2461 3990; x_wconf 79' lang='lat' dir='ltr'>episcopo</span> <span class='ocrx_word' id='word_1_514' title='bbox 2490 3920 2772 3976; x_wconf 84' lang='lat' dir='ltr'>donatum.</span> 
     </span>
    </p>
   </div>
   <div class='ocr_carea' id='block_1_89' title="bbox 2765 4010 3170 4080">
    <p class='ocr_par' dir='ltr' id='par_1_89' title="bbox 2765 4010 3170 4080">
     <span class='ocr_line' id='line_1_89' title="bbox 2765 4010 3170 4080; baseline -0.002 -15"><span class='ocrx_word' id='word_1_515' title='bbox 2765 4011 2954 4080; x_wconf 82' lang='lat' dir='ltr'>(Anno</span> <span class='ocrx_word' id='word_1_516' title='bbox 2987 4010 3170 4080; x_wconf 78' lang='lat'>1098.)</span> 
     </span>
    </p>
   </div>
   <div class='ocr_carea' id='block_1_90' title="bbox 2471 4099 3462 4173">
    <p class='ocr_par' dir='ltr' id='par_1_90' title="bbox 2471 4099 3462 4173">
     <span class='ocr_line' id='line_1_90' title="bbox 2471 4099 3462 4173; baseline 0.003 -21"><span class='ocrx_word' id='word_1_517' title='bbox 2471 4099 2780 4168; x_wconf 61' lang='lat' dir='ltr'>murmur,</span> <span class='ocrx_word' id='word_1_518' title='bbox 2820 4101 2936 4155; x_wconf 86' lang='lat' dir='ltr'>Vita</span> <span class='ocrx_word' id='word_1_519' title='bbox 2969 4101 3194 4171; x_wconf 88' lang='lat' dir='ltr'>Urbani,</span> <span class='ocrx_word' id='word_1_520' title='bbox 3229 4118 3284 4173; x_wconf 91' lang='lat' dir='ltr'>p.</span> <span class='ocrx_word' id='word_1_521' title='bbox 3313 4102 3462 4173; x_wconf 76' lang='lat'>292.]</span> 
     </span>
    </p>
   </div>
   <div class='ocr_carea' id='block_1_91' title="bbox 2817 4205 3116 4261">
    <p class='ocr_par' dir='ltr' id='par_1_91' title="bbox 2817 4205 3116 4261">
     <span class='ocr_line' id='line_1_91' title="bbox 2817 4205 3116 4261; baseline 0.007 -2"><span class='ocrx_word' id='word_1_522' title='bbox 2817 4205 3116 4261; x_wconf 80' lang='lat' dir='ltr'>CCXXXII.</span> 
     </span>
    </p>
   </div>
   <div class='ocr_carea' id='block_1_92' title="bbox 2144 4292 3794 4363">
    <p class='ocr_par' dir='ltr' id='par_1_92' title="bbox 2144 4292 3794 4363">
     <span class='ocr_line' id='line_1_92' title="bbox 2144 4292 3794 4363; baseline 0.002 -15"><span class='ocrx_word' id='word_1_523' title='bbox 2144 4292 2348 4348; x_wconf 84' lang='lat' dir='ltr'>Urbani</span> <span class='ocrx_word' id='word_1_524' title='bbox 2392 4294 2622 4363; x_wconf 76' lang='lat' dir='ltr'>epistola</span> <span class='ocrx_word' id='word_1_525' title='bbox 2671 4293 2742 4348; x_wconf 79' lang='lat' dir='ltr'>ad</span> <span class='ocrx_word' id='word_1_526' title='bbox 2795 4294 3128 4363; x_wconf 83' lang='lat' dir='ltr'>Udalricum,</span> <span class='ocrx_word' id='word_1_527' title='bbox 3179 4296 3428 4351; x_wconf 78' lang='lat' dir='ltr'>abbatem</span> <span class='ocrx_word' id='word_1_528' title='bbox 3475 4300 3794 4354; x_wconf 65' lang='lat' dir='ltr'>monasterii</span> 
     </span>
    </p>
   </div>
   <div class='ocr_carea' id='block_1_93' title="bbox 2207 4363 3794 4425">
    <p class='ocr_par' dir='ltr' id='par_1_93' title="bbox 2207 4363 3794 4425">
     <span class='ocr_line' id='line_1_93' title="bbox 2207 4363 3794 4425; baseline 0.004 -8"><span class='ocrx_word' id='word_1_529' title='bbox 2207 4363 2262 4418; x_wconf 91' lang='lat' dir='ltr'>S.</span> <span class='ocrx_word' id='word_1_530' title='bbox 2299 4363 2584 4421; x_wconf 79' lang='lat' dir='ltr'>Michaelis</span> <span class='ocrx_word' id='word_1_531' title='bbox 2611 4365 2680 4420; x_wconf 84' lang='lat' dir='ltr'>ad</span> <span class='ocrx_word' id='word_1_532' title='bbox 2709 4364 2932 4420; x_wconf 74' lang='lat' dir='ltr'>Mosam.</span> <span class='ocrx_word' id='word_1_533' title='bbox 2964 4397 3033 4406; x_wconf 91' lang='lat'><em>-</em></span> <span class='ocrx_word' id='word_1_534' title='bbox 3083 4367 3339 4423; x_wconf 73' lang='lat' dir='ltr'>Consedit</span> <span class='ocrx_word' id='word_1_535' title='bbox 3369 4375 3429 4424; x_wconf 85' lang='lat' dir='ltr'>ut</span> <span class='ocrx_word' id='word_1_536' title='bbox 3455 4371 3602 4425; x_wconf 87' lang='lat' dir='ltr'>circa</span> <span class='ocrx_word' id='word_1_537' title='bbox 3630 4370 3794 4425; x_wconf 84' lang='lat' dir='ltr'>eccle-</span> 
     </span>
    </p>
   </div>
   <div class='ocr_carea' id='block_1_94' title="bbox 2205 4437 3315 4495">
    <p class='ocr_par' dir='ltr' id='par_1_94' title="bbox 2205 4437 3315 4495">
     <span class='ocr_line' id='line_1_94' title="bbox 2205 4437 3315 4495; baseline 0.003 -5"><span class='ocrx_word' id='word_1_538' title='bbox 2205 4437 2349 4490; x_wconf 78' lang='lat' dir='ltr'>siam</span> <span class='ocrx_word' id='word_1_539' title='bbox 2379 4451 2576 4491; x_wconf 87' lang='lat' dir='ltr'>novam</span> <span class='ocrx_word' id='word_1_540' title='bbox 2606 4438 2971 4492; x_wconf 70' lang='lat' dir='ltr'>(.rrmeterium</span> <span class='ocrx_word' id='word_1_541' title='bbox 2999 4439 3315 4495; x_wconf 54' lang='lat' dir='ltr'>constituat.</span> 
     </span>
    </p>
   </div>
   <div class='ocr_carea' id='block_1_95' title="bbox 2756 4526 3162 4599">
    <p class='ocr_par' dir='ltr' id='par_1_95' title="bbox 2756 4526 3162 4599">
     <span class='ocr_line' id='line_1_95' title="bbox 2756 4526 3162 4599; baseline 0.002 -19"><span class='ocrx_word' id='word_1_542' title='bbox 2756 4528 2944 4594; x_wconf 82' lang='lat' dir='ltr'>(Anno</span> <span class='ocrx_word' id='word_1_543' title='bbox 2978 4526 3162 4599; x_wconf 82' lang='grc'>1098.)</span> 
     </span>
    </p>
   </div>
   <div class='ocr_carea' id='block_1_96' title="bbox 2366 4611 3554 4686">
    <p class='ocr_par' dir='ltr' id='par_1_96' title="bbox 2366 4611 3554 4686">
     <span class='ocr_line' id='line_1_96' title="bbox 2366 4611 3554 4686; baseline 0.003 -19"><span class='ocrx_word' id='word_1_544' title='bbox 2366 4611 2658 4684; x_wconf 65' lang='grc' dir='ltr'>[ΒΑιιυΖη</span> <span class='ocrx_word' id='word_1_545' title='bbox 2689 4613 2910 4670; x_wconf 80' lang='lat' dir='ltr'>Miscell.</span> <span class='ocrx_word' id='word_1_546' title='bbox 2947 4613 3084 4670; x_wconf 90' lang='lat' dir='ltr'>edit.</span> <span class='ocrx_word' id='word_1_547' title='bbox 3118 4615 3279 4681; x_wconf 88' lang='lat' dir='ltr'>Luc.,</span> <span class='ocrx_word' id='word_1_548' title='bbox 3313 4615 3408 4684; x_wconf 91' lang='lat' dir='ltr'>III,</span> <span class='ocrx_word' id='word_1_549' title='bbox 3441 4616 3554 4686; x_wconf 79' lang='lat'>61.]</span> 
     </span>
    </p>
   </div>
   <div class='ocr_carea' id='block_1_97' title="bbox 2198 4699 3789 4773">
    <p class='ocr_par' dir='ltr' id='par_1_97' title="bbox 2198 4699 3789 4773">
     <span class='ocr_line' id='line_1_97' title="bbox 2198 4699 3789 4773; baseline 0.001 -17"><span class='ocrx_word' id='word_1_550' title='bbox 2198 4699 2480 4756; x_wconf 72' lang='lat' dir='ltr'>URBANUS</span> <span class='ocrx_word' id='word_1_551' title='bbox 2510 4700 2842 4773; x_wconf 89' lang='lat' dir='ltr'>episcopus,</span> <span class='ocrx_word' id='word_1_552' title='bbox 2875 4717 3077 4756; x_wconf 87' lang='lat' dir='ltr'>servus</span> <span class='ocrx_word' id='word_1_553' title='bbox 3109 4717 3411 4758; x_wconf 90' lang='lat' dir='ltr'>servorum</span> <span class='ocrx_word' id='word_1_554' title='bbox 3459 4701 3584 4769; x_wconf 88' lang='lat' dir='ltr'>Dei,</span> <span class='ocrx_word' id='word_1_555' title='bbox 3612 4700 3789 4758; x_wconf 90' lang='lat' dir='ltr'>dilec-</span> 
     </span>
    </p>
   </div>
   <div class='ocr_carea' id='block_1_98' title="bbox 432 4785 3792 4860">
    <p class='ocr_par' dir='ltr' id='par_1_98' title="bbox 432 4785 3792 4860">
     <span class='ocr_line' id='line_1_98' title="bbox 432 4785 3792 4860; baseline 0 -13"><span class='ocrx_word' id='word_1_556' title='bbox 432 4787 676 4847; x_wconf 80' lang='lat' dir='ltr'>Abbatis</span> <span class='ocrx_word' id='word_1_557' title='bbox 705 4787 764 4844; x_wconf 93' lang='lat' dir='ltr'>S.</span> <span class='ocrx_word' id='word_1_558' title='bbox 789 4785 1037 4860; x_wconf 78' lang='lat' dir='ltr'>Remigii</span> <span class='ocrx_word' id='word_1_559' title='bbox 1067 4785 1321 4843; x_wconf 89' lang='lat' dir='ltr'>causain</span> <span class='ocrx_word' id='word_1_560' title='bbox 1349 4786 1658 4859; x_wconf 84' lang='lat' dir='ltr'>praesentia</span> <span class='ocrx_word' id='word_1_561' title='bbox 1706 4790 1904 4843; x_wconf 86' lang='lat' dir='ltr'>nostra</span> <span class='ocrx_word' id='word_1_562' title='bbox 1952 4791 2010 4844; x_wconf 90' lang='lat' dir='ltr'>et</span> <span class='ocrx_word' id='word_1_563' title='bbox 2115 4791 2172 4844; x_wconf 90' lang='lat' dir='ltr'>to</span> <span class='ocrx_word' id='word_1_564' title='bbox 2210 4787 2330 4844; x_wconf 79' lang='lat' dir='ltr'>filio</span> <span class='ocrx_word' id='word_1_565' title='bbox 2367 4789 2676 4857; x_wconf 76' lang='lat' dir='ltr'>Umuuco,</span> <span class='ocrx_word' id='word_1_566' title='bbox 2712 4789 2907 4846; x_wconf 89' lang='lat' dir='ltr'>abbati</span> <span class='ocrx_word' id='word_1_567' title='bbox 2939 4790 3102 4846; x_wconf 87' lang='lat' dir='ltr'>Santi</span> <span class='ocrx_word' id='word_1_568' title='bbox 3126 4789 3702 4860; x_wconf 84' lang='lat' dir='ltr'>Michaelis,salutem</span> <span class='ocrx_word' id='word_1_569' title='bbox 3733 4795 3792 4847; x_wconf 89' lang='lat' dir='ltr'>et</span> 
     </span>
    </p>
   </div>
   <div class='ocr_carea' id='block_1_99' title="bbox 308 4874 3001 4950">
    <p class='ocr_par' dir='ltr' id='par_1_99' title="bbox 308 4874 3001 4950">
     <span class='ocr_line' id='line_1_99' title="bbox 308 4874 3001 4950; baseline -0.001 -13"><span class='ocrx_word' id='word_1_570' title='bbox 308 4916 314 4922; x_wconf 92' lang='lat'><strong><em>-</em></strong></span> <span class='ocrx_word' id='word_1_571' title='bbox 359 4877 721 4938; x_wconf 86' lang='lat' dir='ltr'>confratrum</span> <span class='ocrx_word' id='word_1_572' title='bbox 745 4879 1080 4933; x_wconf 87' lang='lat' dir='ltr'>nostrorum</span> <span class='ocrx_word' id='word_1_573' title='bbox 1110 4874 1517 4948; x_wconf 89' lang='lat' dir='ltr'>episcoporum</span> <span class='ocrx_word' id='word_1_574' title='bbox 1538 4881 1595 4932; x_wconf 83' lang='lat' dir='ltr'>et</span> <span class='ocrx_word' id='word_1_575' title='bbox 1617 4875 2004 4933; x_wconf 90' lang='lat' dir='ltr'>cardinalium</span> <span class='ocrx_word' id='word_1_576' title='bbox 2113 4876 2493 4950; x_wconf 89' lang='lat' dir='ltr'>apostolicam</span> <span class='ocrx_word' id='word_1_577' title='bbox 2515 4877 3001 4935; x_wconf 88' lang='lat' dir='ltr'>benedictionem.</span> 
     </span>
    </p>
   </div>
   <div class='ocr_carea' id='block_1_100' title="bbox 360 4963 2006 5042">
    <p class='ocr_par' dir='ltr' id='par_1_100' title="bbox 360 4963 2006 5042">
     <span class='ocr_line' id='line_1_100' title="bbox 360 4963 2006 5042; baseline -0.004 -16"><span class='ocrx_word' id='word_1_578' title='bbox 360 4965 715 5042; x_wconf 88' lang='lat' dir='ltr'>diligentiori</span> <span class='ocrx_word' id='word_1_579' title='bbox 764 4965 1027 5022; x_wconf 91' lang='lat' dir='ltr'>discussa</span> <span class='ocrx_word' id='word_1_580' title='bbox 1071 4968 1160 5020; x_wconf 87' lang='lat' dir='ltr'>est</span> <span class='ocrx_word' id='word_1_581' title='bbox 1203 4963 1610 5038; x_wconf 87' lang='lat' dir='ltr'>inquisitione,</span> <span class='ocrx_word' id='word_1_582' title='bbox 1640 4969 1698 5022; x_wconf 92' lang='lat' dir='ltr'>et</span> <span class='ocrx_word' id='word_1_583' title='bbox 1744 4965 1816 5021; x_wconf 90' lang='lat' dir='ltr'>ad</span> <span class='ocrx_word' id='word_1_584' title='bbox 1849 4965 2006 5020; x_wconf 90' lang='lat' dir='ltr'>hunc</span> 
     </span>
    </p>
   </div>
   <div class='ocr_carea' id='block_1_101' title="bbox 359 5053 2006 5128">
    <p class='ocr_par' dir='ltr' id='par_1_101' title="bbox 359 5053 2006 5128">
     <span class='ocr_line' id='line_1_101' title="bbox 359 5053 2006 5128; baseline -0.004 -11"><span class='ocrx_word' id='word_1_585' title='bbox 359 5057 600 5116; x_wconf 87' lang='lat' dir='ltr'>tandem</span> <span class='ocrx_word' id='word_1_586' title='bbox 620 5056 799 5113; x_wconf 81' lang='lat' dir='ltr'>linem</span> <span class='ocrx_word' id='word_1_587' title='bbox 819 5053 1158 5128; x_wconf 90' lang='lat' dir='ltr'>producta.J</span> <span class='ocrx_word' id='word_1_588' title='bbox 1163 5053 1421 5110; x_wconf 89' lang='lat' dir='ltr'>udicium</span> <span class='ocrx_word' id='word_1_589' title='bbox 1446 5053 1850 5127; x_wconf 87' lang='lat' dir='ltr'>episcoporum</span> <span class='ocrx_word' id='word_1_590' title='bbox 1873 5071 2006 5127; x_wconf 87' lang='lat' dir='ltr'>pro-</span> 
     </span>
    </p>
   </div>
   <div class='ocr_carea' id='block_1_102' title="bbox 361 5142 2004 5219">
    <p class='ocr_par' dir='ltr' id='par_1_102' title="bbox 361 5142 2004 5219">
     <span class='ocr_line' id='line_1_102' title="bbox 361 5142 2004 5219; baseline -0.003 -15"><span class='ocrx_word' id='word_1_591' title='bbox 361 5147 549 5204; x_wconf 82' lang='lat' dir='ltr'>latum</span> <span class='ocrx_word' id='word_1_592' title='bbox 580 5161 757 5219; x_wconf 81' lang='lat' dir='ltr'>super</span> <span class='ocrx_word' id='word_1_593' title='bbox 784 5159 920 5202; x_wconf 87' lang='lat' dir='ltr'>eum</span> <span class='ocrx_word' id='word_1_594' title='bbox 949 5143 1057 5199; x_wconf 89' lang='lat' dir='ltr'>hac</span> <span class='ocrx_word' id='word_1_595' title='bbox 1089 5142 1310 5198; x_wconf 89' lang='lat' dir='ltr'>ratione</span> <span class='ocrx_word' id='word_1_596' title='bbox 1339 5142 1711 5215; x_wconf 90' lang='lat' dir='ltr'>reprobatum</span> <span class='ocrx_word' id='word_1_597' title='bbox 1757 5143 2004 5211; x_wconf 87' lang='lat' dir='ltr'>noveris,</span> 
     </span>
    </p>
   </div>
   <div class='ocr_carea' id='block_1_103' title="bbox 2185 4966 3786 5040">
    <p class='ocr_par' dir='ltr' id='par_1_103' title="bbox 2185 4966 3786 5040">
     <span class='ocr_line' id='line_1_103' title="bbox 2185 4966 3786 5040; baseline 0.002 -18"><span class='ocrx_word' id='word_1_598' title='bbox 2185 4966 2660 5040; x_wconf 69' lang='lat' dir='ltr'>Benignitatituaa</span> <span class='ocrx_word' id='word_1_599' title='bbox 2677 4967 2897 5040; x_wconf 88' lang='lat' dir='ltr'>gratias</span> <span class='ocrx_word' id='word_1_600' title='bbox 2918 4967 3152 5040; x_wconf 90' lang='lat' dir='ltr'>agimus</span> <span class='ocrx_word' id='word_1_601' title='bbox 3183 4967 3323 5040; x_wconf 90' lang='lat' dir='ltr'>quia</span> <span class='ocrx_word' id='word_1_602' title='bbox 3353 4967 3786 5025; x_wconf 88' lang='lat' dir='ltr'>venerabilibus</span> 
     </span>
    </p>
   </div>
   <div class='ocr_carea' id='block_1_104' title="bbox 2112 5055 3785 5130">
    <p class='ocr_par' dir='ltr' id='par_1_104' title="bbox 2112 5055 3785 5130">
     <span class='ocr_line' id='line_1_104' title="bbox 2112 5055 3785 5130; baseline 0 -18"><span class='ocrx_word' id='word_1_603' title='bbox 2112 5055 2389 5112; x_wconf 88' lang='lat' dir='ltr'>fratribus</span> <span class='ocrx_word' id='word_1_604' title='bbox 2419 5059 2476 5111; x_wconf 92' lang='lat' dir='ltr'>et</span> <span class='ocrx_word' id='word_1_605' title='bbox 2504 5055 2909 5124; x_wconf 88' lang='lat' dir='ltr'>coabbatibus,</span> <span class='ocrx_word' id='word_1_606' title='bbox 2949 5056 3267 5130; x_wconf 81' lang='lat' dir='ltr'>Rodulpho</span> <span class='ocrx_word' id='word_1_607' title='bbox 3301 5057 3528 5115; x_wconf 88' lang='lat' dir='ltr'>scilicet</span> <span class='ocrx_word' id='word_1_608' title='bbox 3554 5062 3612 5115; x_wconf 89' lang='lat' dir='ltr'>et</span> <span class='ocrx_word' id='word_1_609' title='bbox 3631 5059 3785 5114; x_wconf 86' lang='lat' dir='ltr'>Lan-</span> 
     </span>
    </p>
   </div>
   <div class='ocr_carea' id='block_1_105' title="bbox 2115 5143 3785 5220">
    <p class='ocr_par' dir='ltr' id='par_1_105' title="bbox 2115 5143 3785 5220">
     <span class='ocr_line' id='line_1_105' title="bbox 2115 5143 3785 5220; baseline 0.002 -20"><span class='ocrx_word' id='word_1_610' title='bbox 2115 5143 2264 5210; x_wconf 90' lang='lat' dir='ltr'>zoni,</span> <span class='ocrx_word' id='word_1_611' title='bbox 2309 5145 2576 5200; x_wconf 68' lang='lat' dir='ltr'>fraternae</span> <span class='ocrx_word' id='word_1_612' title='bbox 2609 5143 2912 5201; x_wconf 89' lang='lat' dir='ltr'>charitatis</span> <span class='ocrx_word' id='word_1_613' title='bbox 2944 5144 3141 5201; x_wconf 88' lang='lat' dir='ltr'>sinum</span> <span class='ocrx_word' id='word_1_614' title='bbox 3173 5147 3472 5218; x_wconf 81' lang='lat' dir='ltr'>expandis,</span> <span class='ocrx_word' id='word_1_615' title='bbox 3507 5149 3564 5203; x_wconf 90' lang='lat' dir='ltr'>et</span> <span class='ocrx_word' id='word_1_616' title='bbox 3593 5162 3785 5220; x_wconf 88' lang='lat' dir='ltr'>perse-</span> 
     </span>
    </p>
   </div>
   <div class='ocr_carea' id='block_1_106' title="bbox 361 5231 3784 5310">
    <p class='ocr_par' dir='ltr' id='par_1_106' title="bbox 361 5231 3784 5310">
     <span class='ocr_line' id='line_1_106' title="bbox 361 5231 3784 5310; baseline 0 -19"><span class='ocrx_word' id='word_1_617' title='bbox 361 5235 500 5307; x_wconf 91' lang='lat' dir='ltr'>quia</span> <span class='ocrx_word' id='word_1_618' title='bbox 528 5239 843 5308; x_wconf 87' lang='lat' dir='ltr'>postquam</span> <span class='ocrx_word' id='word_1_619' title='bbox 869 5231 1027 5289; x_wconf 83' lang='lat' dir='ltr'>filius</span> <span class='ocrx_word' id='word_1_620' title='bbox 1057 5248 1092 5288; x_wconf 90' lang='lat' dir='ltr'>a</span> <span class='ocrx_word' id='word_1_621' title='bbox 1120 5235 1284 5304; x_wconf 88' lang='lat' dir='ltr'>patre</span> <span class='ocrx_word' id='word_1_622' title='bbox 1314 5231 1714 5305; x_wconf 89' lang='lat' dir='ltr'>emencipatus</span> <span class='ocrx_word' id='word_1_623' title='bbox 1753 5235 1862 5299; x_wconf 85' lang='lat' dir='ltr'>est,</span> <span class='ocrx_word' id='word_1_624' title='bbox 1897 5233 2005 5286; x_wconf 91' lang='lat' dir='ltr'>sub</span> <span class='ocrx_word' id='word_1_625' title='bbox 2117 5233 2370 5290; x_wconf 86' lang='lat' dir='ltr'>cutionis</span> <span class='ocrx_word' id='word_1_626' title='bbox 2416 5238 2562 5289; x_wconf 65' lang='lat' dir='ltr'>aestu</span> <span class='ocrx_word' id='word_1_627' title='bbox 2615 5233 2948 5290; x_wconf 83' lang='lat' dir='ltr'>laborantes</span> <span class='ocrx_word' id='word_1_628' title='bbox 2995 5238 3106 5290; x_wconf 69' lang='lat' dir='ltr'>tua:</span> <span class='ocrx_word' id='word_1_629' title='bbox 3157 5235 3370 5310; x_wconf 90' lang='lat' dir='ltr'>quietis</span> <span class='ocrx_word' id='word_1_630' title='bbox 3426 5235 3784 5293; x_wconf 83' lang='lat' dir='ltr'>umbraculo</span> 
     </span>
    </p>
   </div>
   <div class='ocr_carea' id='block_1_107' title="bbox 363 5320 3784 5398">
    <p class='ocr_par' dir='ltr' id='par_1_107' title="bbox 363 5320 3784 5398">
     <span class='ocr_line' id='line_1_107' title="bbox 363 5320 3784 5398; baseline 0 -18"><span class='ocrx_word' id='word_1_631' title='bbox 363 5339 566 5380; x_wconf 88' lang='lat' dir='ltr'>curam</span> <span class='ocrx_word' id='word_1_632' title='bbox 593 5328 650 5380; x_wconf 87' lang='lat' dir='ltr'>et</span> <span class='ocrx_word' id='word_1_633' title='bbox 677 5322 1136 5380; x_wconf 86' lang='lat' dir='ltr'>dominationem</span> <span class='ocrx_word' id='word_1_634' title='bbox 1187 5321 1370 5394; x_wconf 90' lang='lat' dir='ltr'>patris</span> <span class='ocrx_word' id='word_1_635' title='bbox 1417 5321 1604 5376; x_wconf 88' lang='lat' dir='ltr'>redire</span> <span class='ocrx_word' id='word_1_636' title='bbox 1649 5320 2009 5377; x_wconf 90' lang='lat' dir='ltr'>districtione</span> <span class='ocrx_word' id='word_1_637' title='bbox 2118 5322 2394 5396; x_wconf 81' lang='lat' dir='ltr'>protegis,</span> <span class='ocrx_word' id='word_1_638' title='bbox 2431 5323 2579 5378; x_wconf 87' lang='lat' dir='ltr'>sicut</span> <span class='ocrx_word' id='word_1_639' title='bbox 2612 5339 2716 5377; x_wconf 87' lang='lat' dir='ltr'>nos</span> <span class='ocrx_word' id='word_1_640' title='bbox 2742 5339 2812 5379; x_wconf 79' lang='lat' dir='ltr'>ex</span> <span class='ocrx_word' id='word_1_641' title='bbox 2856 5324 3120 5396; x_wconf 88' lang='lat' dir='ltr'>ipsorum</span> <span class='ocrx_word' id='word_1_642' title='bbox 3180 5324 3460 5382; x_wconf 85' lang='lat' dir='ltr'>relatione</span> <span class='ocrx_word' id='word_1_643' title='bbox 3489 5324 3784 5398; x_wconf 89' lang='lat' dir='ltr'>comperi-</span> 
     </span>
    </p>
   </div>
   <div class='ocr_carea' id='block_1_108' title="bbox 367 5409 2006 5484">
    <p class='ocr_par' dir='ltr' id='par_1_108' title="bbox 367 5409 2006 5484">
     <span class='ocr_line' id='line_1_108' title="bbox 367 5409 2006 5484; baseline 0 -18"><span class='ocrx_word' id='word_1_644' title='bbox 367 5425 568 5484; x_wconf 88' lang='lat' dir='ltr'>regum</span> <span class='ocrx_word' id='word_1_645' title='bbox 602 5427 716 5466; x_wconf 90' lang='lat' dir='ltr'>non</span> <span class='ocrx_word' id='word_1_646' title='bbox 748 5411 997 5484; x_wconf 89' lang='lat' dir='ltr'>cogitur,</span> <span class='ocrx_word' id='word_1_647' title='bbox 1032 5409 1145 5467; x_wconf 91' lang='lat' dir='ltr'>nisi</span> <span class='ocrx_word' id='word_1_648' title='bbox 1179 5410 1292 5484; x_wconf 79' lang='grc'>(48)</span> <span class='ocrx_word' id='word_1_649' title='bbox 1314 5414 1520 5483; x_wconf 90' lang='lat' dir='ltr'>sponte</span> <span class='ocrx_word' id='word_1_650' title='bbox 1549 5409 1672 5482; x_wconf 89' lang='lat' dir='ltr'>ipse</span> <span class='ocrx_word' id='word_1_651' title='bbox 1704 5412 2006 5483; x_wconf 87' lang='lat' dir='ltr'>rogaverit.</span> 
     </span>
    </p>
   </div>
   <div class='ocr_carea' id='block_1_109' title="bbox 362 5497 2011 5572">
    <p class='ocr_par' dir='ltr' id='par_1_109' title="bbox 362 5497 2011 5572">
     <span class='ocr_line' id='line_1_109' title="bbox 362 5497 2011 5572; baseline 0.001 -16"><span class='ocrx_word' id='word_1_652' title='bbox 362 5497 796 5557; x_wconf 90' lang='lat' dir='ltr'>Promotionem</span> <span class='ocrx_word' id='word_1_653' title='bbox 825 5500 982 5556; x_wconf 91' lang='lat' dir='ltr'>enim</span> <span class='ocrx_word' id='word_1_654' title='bbox 1017 5499 1246 5557; x_wconf 88' lang='lat' dir='ltr'>abbatis</span> <span class='ocrx_word' id='word_1_655' title='bbox 1293 5499 1818 5572; x_wconf 90' lang='lat' dir='ltr'>emancipationem</span> <span class='ocrx_word' id='word_1_656' title='bbox 1861 5501 2011 5557; x_wconf 86' lang='lat' dir='ltr'>acci-</span> 
     </span>
    </p>
   </div>
   <div class='ocr_carea' id='block_1_110' title="bbox 436 5675 1550 5751">
    <p class='ocr_par' dir='ltr' id='par_1_110' title="bbox 436 5675 1550 5751">
     <span class='ocr_line' id='line_1_110' title="bbox 436 5675 1550 5751; baseline -0.002 -16"><span class='ocrx_word' id='word_1_657' title='bbox 436 5677 555 5751; x_wconf 71' lang='grc' dir='ltr'>ᾴ48)</span> <span class='ocrx_word' id='word_1_658' title='bbox 585 5675 728 5735; x_wconf 90' lang='lat' dir='ltr'>Vide</span> <span class='ocrx_word' id='word_1_659' title='bbox 758 5678 817 5736; x_wconf 91' lang='lat' dir='ltr'>S.</span> <span class='ocrx_word' id='word_1_660' title='bbox 851 5677 1234 5749; x_wconf 80' lang='lat' dir='ltr'>Bernardum,</span> <span class='ocrx_word' id='word_1_661' title='bbox 1261 5678 1428 5750; x_wconf 84' lang='lat' dir='ltr'>epist.</span> <span class='ocrx_word' id='word_1_662' title='bbox 1461 5678 1550 5733; x_wconf 83' lang='lat'>87.</span> 
     </span>
    </p>
   </div>
   <div class='ocr_carea' id='block_1_111' title="bbox 2125 5411 3783 5488">
    <p class='ocr_par' dir='ltr' id='par_1_111' title="bbox 2125 5411 3783 5488">
     <span class='ocr_line' id='line_1_111' title="bbox 2125 5411 3783 5488; baseline 0.001 -20"><span class='ocrx_word' id='word_1_663' title='bbox 2125 5411 2448 5468; x_wconf 88' lang='lat' dir='ltr'>mus.Unde</span> <span class='ocrx_word' id='word_1_664' title='bbox 2475 5416 2531 5468; x_wconf 92' lang='lat' dir='ltr'>et</span> <span class='ocrx_word' id='word_1_665' title='bbox 2561 5428 2836 5484; x_wconf 88' lang='lat' dir='ltr'>rogamus</span> <span class='ocrx_word' id='word_1_666' title='bbox 2869 5417 2934 5470; x_wconf 88' lang='lat' dir='ltr'>ut</span> <span class='ocrx_word' id='word_1_667' title='bbox 2965 5415 3116 5486; x_wconf 92' lang='lat' dir='ltr'>quod</span> <span class='ocrx_word' id='word_1_668' title='bbox 3147 5415 3372 5488; x_wconf 81' lang='lat' dir='ltr'>coepisti</span> <span class='ocrx_word' id='word_1_669' title='bbox 3407 5432 3563 5470; x_wconf 90' lang='lat' dir='ltr'>nunc</span> <span class='ocrx_word' id='word_1_670' title='bbox 3592 5413 3783 5486; x_wconf 88' lang='lat' dir='ltr'>magis</span> 
     </span>
    </p>
   </div>
   <div class='ocr_carea' id='block_1_112' title="bbox 2121 5501 3786 5578">
    <p class='ocr_par' dir='ltr' id='par_1_112' title="bbox 2121 5501 3786 5578">
     <span class='ocr_line' id='line_1_112' title="bbox 2121 5501 3786 5578; baseline 0.002 -22"><span class='ocrx_word' id='word_1_671' title='bbox 2121 5518 2226 5573; x_wconf 90' lang='lat' dir='ltr'>pro</span> <span class='ocrx_word' id='word_1_672' title='bbox 2260 5505 2471 5558; x_wconf 66' lang='lat' dir='ltr'>nostrai</span> <span class='ocrx_word' id='word_1_673' title='bbox 2504 5501 2917 5574; x_wconf 89' lang='lat' dir='ltr'>postulationis</span> <span class='ocrx_word' id='word_1_674' title='bbox 2971 5505 3292 5562; x_wconf 87' lang='lat' dir='ltr'>reverentia</span> <span class='ocrx_word' id='word_1_675' title='bbox 3329 5503 3666 5578; x_wconf 90' lang='lat' dir='ltr'>vigilantius</span> <span class='ocrx_word' id='word_1_676' title='bbox 3715 5521 3786 5560; x_wconf 91' lang='lat' dir='ltr'>ac</span> 
     </span>
    </p>
   </div>
  </div>
