4004 6162
269 273 383 344 501

1443 276 1849 346 EPISTOL/E
1891 278 1992 342 ET
2033 277 2510 347 PRIVILEGIA.

3555 288 3674 364 503

268 411 539 473 devotius
568 411 965 491 prosequaris.
999 413 1162 484 Quod
1215 430 1349 475 vero
1410 415 1580 499 nobis
1629 414 1917 491 legatione
1944 412 2003 484 Α
2031 416 2202 492 cujus
2230 414 2461 478 dioecesi
2491 415 2633 479 estis
2669 416 2988 497 accipietis,
3012 414 3305 497 siquidem
3334 424 3583 501 gratiam
3614 400 3674 486 et

266 505 537 579 petitoris
571 506 1029 580 suggessisti,de
1060 509 1449 566 construendo
1472 507 1736 564 videlicet
1764 507 1917 564 circa

267 612 477 652 novam
490 594 793 652 ecclesiam
806 597 1074 653 coenobiii
1086 598 1265 654 vestri
1277 598 1597 671 cimeterio,
1621 598 1913 671 siquidem

266 686 550 744 fratribus
581 687 939 755 laboriosum
967 692 1023 744 et
1053 688 1315 761 religioni
1348 689 1707 745 contrarium
1726 692 1917 752 est,ut

263 775 579 849 scripsisti,
609 777 682 832 ad
715 776 924 833 veteris
953 776 1211 833 ecclesiae
1242 776 1459 846 locum,
1486 777 1624 849 quia
1682 777 1915 850 longius

261 866 380 922 sita
399 871 509 931 est,
536 867 782 922 fratrum
811 866 1015 922 funera
1038 867 1363 939 deportare,
1389 883 1495 924 nos
1534 867 1913 940 praesentium

260 954 597 1011 litterarum
630 956 974 1012 auctoritate
1006 956 1402 1012 concedimus.

335 1045 483 1100 Data
513 1045 782 1101 Laterani
805 1062 881 1101 vn
914 1045 1035 1101 Kal.
1064 1044 1305 1118 Aprilis,
1337 1062 1490 1101 anno
1522 1046 1595 1101 ab
1645 1046 1915 1102 Incarna—

257 1135 422 1191 tione
455 1134 703 1201 Domini,
727 1135 1053 1190 secundum
1075 1134 1441 1207 Dionysium,
1468 1134 1778 1191 millesimo
1811 1153 1913 1191 no-

260 1222 564 1297 nagesimo
576 1227 799 1293 octavo,
816 1239 952 1280 secu
960 1224 1033 1279 nd
1044 1240 1143 1279 um
1156 1240 1289 1279 vero
1301 1222 1605 1279 certiorem
1622 1224 1913 1298 Evangelii

258 1313 668 1385 probationem
698 1312 1011 1371 millesimo
1042 1312 1359 1370 centesimo
1392 1312 1667 1369 vicesimo
1698 1315 1911 1386 primo,

254 1401 575 1459 indictione
604 1419 681 1471 v1,
715 1405 919 1474 epaeta
945 1420 1040 1473 xv,
1070 1406 1453 1459 concurrente
1479 1420 1553 1458 1v.

905 1491 1237 1548 CCXXXIII.

332 1580 539 1639 Urbani
565 1582 617 1636 II
636 1597 794 1653 papae
824 1581 977 1637 bulla
997 1596 1101 1652 pro
1128 1583 1456 1637 monasterio
1490 1580 1862 1651 li’iblingonsi.

887 1671 1074 1742 (Anno
1106 1669 1291 1740 4098.)

393 1761 485 1833 [D.
521 1760 808 1827 Genesar,
844 1762 1083 1816 Historia
1111 1761 1506 1830 Nigrae-Silva,
1539 1760 1638 1825 III,
1670 1762 1785 1832 35.]

333 1848 604 1906 Uauauus
634 1849 965 1922 episcopus,
990 1865 1191 1906 servus
1226 1866 1529 1905 servorum
1554 1849 1681 1920 Dei,
1705 1849 1914 1906 dilecto

250 1936 374 1995 lilio
404 1943 725 2005 Wsausao,
758 1938 953 1994 abbati
997 1937 1343 1995 monasterii
1377 1942 1433 1993 S.
1467 1938 1726 2007 Martini,
1758 1940 1915 2011 quod

252 2018 591 2103 Wiblingen
613 2028 853 2093 dicitur,
871 2028 1137 2099 ejusdem
1157 2027 1596 2084 successoribus
1628 2027 1909 2101 regulari-

254 2124 347 2174 ter
378 2117 796 2190 promovendis
824 2116 882 2171 in
905 2121 1275 2188 perpetuum.

323 2205 639 2280 Religiosis
668 2204 972 2261 desideriis
1003 2205 1253 2277 dignum
1283 2208 1374 2260 est
1403 2204 1636 2261 facilem
1657 2206 1916 2278 praebere

258 2312 640 2363 consensum,
678 2298 742 2349 ut
798 2292 987 2349 ﬁdelis
1046 2293 1273 2350 devotio
1333 2294 1582 2350 celerem
1634 2295 1921 2350 Sortiatur

258 2385 554 2441 effectum.
583 2384 729 2451 Quia
778 2383 959 2455 igitur
988 2383 1257 2439 Romanis
1287 2383 1555 2439 Eccieslee
1604 2383 1708 2439 tilii
1750 2384 1915 2440 Ilert-

264 2490 522 2529 manuus
548 2488 742 2528 eomes
771 2477 827 2527 et
865 2470 1013 2527 Otho
1033 2470 1210 2528 frater
1232 2472 1360 2543 ejus
1397 2472 1459 2526 B.
1485 2471 1716 2527 Martini
1738 2471 1916 2527 eccle-

260 2563 411 2617 siam
446 2562 506 2617 in
536 2560 662 2617 loco
694 2560 795 2632 qui
823 2560 1041 2615 dicitur
1072 2559 1400 2631 Wiblingen
1425 2560 1552 2615 suis
1577 2561 1915 2632 sumptibus

261 2651 608 2707 aedificatam
658 2654 721 2705 B.
753 2650 919 2705 Petro
949 2654 1007 2705 et
1033 2654 1089 2704 S.
1114 2650 1237 2705 sedi
1299 2649 1628 2721 apostolicae
1660 2650 1911 2705 tradide-

264 2744 401 2795 runt
419 2756 548 2795 eam
572 2739 630 2793 in
641 2738 750 2809 jus
798 2741 856 2793 et
881 2737 1126 2793 tutelam
1159 2738 1547 2809 suscipientes
1578 2738 1910 2810 apostolica

264 2827 652 2895 auctoritatis,
704 2825 1007 2899 privilegio
1072 2827 1533 2889 communimus,
1587 2831 1910 2882 statuentes

260 2923 328 2974 ut
365 2933 726 2990 quaecunque
782 2916 1019 2987 praedia,
1065 2932 1429 2987 quascunque
1459 2916 1631 2983 dona,
1664 2919 1785 2971 tam
1843 2932 1912 2972 ex

262 3007 527 3079 ipsorum
580 3005 826 3061 fratrum
888 3005 1219 3077 largitione,
1253 3022 1430 3076 quam
1462 3022 1531 3059 ex
1569 3005 1906 3061 devotorum

262 3094 527 3150 ﬁdelium
543 3093 836 3150 oblatione
858 3094 1196 3165 supradicta
1208 3095 1269 3148 B.
1287 3093 1518 3148 Martini
1543 3093 1787 3148 ecclesia
1802 3094 1905 3148 im-

2025 511 2500 568 communionem
2558 511 2886 585 apostolicae
2947 514 3104 572 sedis
3137 514 3428 586 hahuerit,
3463 517 3573 574 etsi
3605 531 3675 575 ea

2024 602 2308 673 gratis,ac
2341 601 2466 657 sine
2486 602 2770 674 pravitate
2805 602 3053 659 voluerit
3083 605 3374 676 exhibere,
3410 604 3674 680 alioquin

2023 688 2191 745 liceat
2241 690 2405 747 vobis
2464 691 2842 759 catholicum,
2897 709 3071 764 quem
3130 694 3478 761 malueritis,
3516 698 3679 754 adire

2023 779 2370 846 antistitem,
2403 784 2461 836 et
2518 782 2589 837 ab
2622 797 2687 837 eo
2742 782 3249 839 consecrationum
3303 791 3679 843 sacramenta

2024 868 2341 941 suscipere,
2374 870 2472 942 qui
2505 869 2834 942 apostolica:
2863 872 3019 927 sedis
3064 858 3251 929 fultus
3301 875 3671 943 auctoritate,

2025 958 2180 1031 quod
2199 958 2551 1031 postulatur,
2582 958 2902 1032 indulgeat.
2936 959 3200 1031 Obeunte
3233 966 3287 1017 te
3338 980 3495 1019 nunc
3542 966 3671 1036 ejus

2023 1047 2376 1117 lociabbate,
2393 1048 2481 1103 vel
2500 1046 2670 1104 tuoru
2683 1066 2735 1103 m
2756 1048 3455 1120 quolibetsuccessorum,
3472 1044 3672 1111 nullus

2024 1137 2103 1193 ibi
2144 1136 2811 1210 qualibetsubreptionis
2836 1138 3055 1194 astutia
3076 1156 3178 1195 seu
3208 1120 3487 1198 violentia
3517 1160 3667 1212 pras-

2024 1232 2297 1299 ponatur,
2333 1224 2443 1282 nisi
2472 1242 2647 1297 quem
2678 1226 2885 1282 fratres
2918 1228 3217 1282 communi
3244 1244 3556 1299 consensu,
3579 1230 3670 1287 vel

2024 1314 2269 1371 fratrum
2293 1332 2429 1388 pars
2451 1314 2678 1371 consilii
2723 1314 2973 1372 sanioris
3000 1318 3330 1373 secundum
3362 1318 3465 1374 Dei
3497 1319 3671 1375 timo-

2024 1420 2169 1471 rem,
2193 1408 2248 1459 et
2269 1404 2335 1459 D.
2360 1402 2653 1459 Benedicti
2679 1403 2939 1476 regulam
2966 1403 3267 1478 elegerint.
3284 1406 3368 1461 Ad
3374 1406 3669 1478 judicium

2025 1497 2220 1549 autem
2267 1496 2548 1565 perceptae
2579 1510 2612 1548 a
2644 1493 2907 1549 Romana
2961 1492 3217 1550 Ecclesia
3248 1493 3536 1551 libertatis
3576 1497 3670 1551 Bi-

2024 1583 2285 1639 zantium
2309 1598 2550 1639 aureum
2574 1581 2825 1654 singulis
2847 1583 3018 1639 annis
3040 1584 3417 1640 Lateranensi
3452 1584 3669 1657 palatio

2027 1671 2390 1745 persolvetis.
3542 1674 3545 1677 ’

1946 1793 1993 1857 Β
2098 1761 2157 1818 Si
2190 1779 2308 1834 qua
2337 1761 2518 1835 igitur
2547 1760 2942 1832 ecclesiastica
2997 1760 3363 1817 szecularisve
3418 1778 3672 1834 persona

2028 1852 2178 1909 hanc
2209 1855 2419 1908 nostra:
2459 1849 2891 1906 constitutionis
2920 1848 3195 1920 paginam
3226 1850 3439 1917 sciens,
3472 1855 3673 1907 contra

2025 1958 2153 1999 eam
2204 1945 2418 1997 temere
2476 1938 2673 1995 venire
2731 1938 3056 2007 tentaverit,
3118 1940 3373 2011 secundo
3432 1941 3672 1996 tertiove

2026 2030 2399 2092 commonita,
2418 2028 2465 2082 si
2491 2044 2553 2083 se
2571 2044 2681 2083 non
2704 2028 3103 2083 satisfactione
3120 2045 3377 2101 congrua
3401 2030 3672 2085 emenda-

2026 2119 2189 2185 verit,
2223 2117 2527 2191 potestatis
2585 2116 2941 2189 honorisque
2996 2117 3085 2171 sui
3145 2112 3424 2189 dignitate
3455 2121 3669 2188 careat,

2026 2224 2304 2279 reamque
2363 2223 2423 2262 se
2455 2205 2652 2260 divino
2678 2204 2903 2276 judicio
2938 2204 3187 2261 existere
3242 2205 3313 2260 de
3341 2202 3674 2277 perpetrata

2025 2295 2332 2368 iniquitate
2362 2298 2697 2367 cognoscat,
2726 2298 2784 2348 et
2815 2310 2848 2349 a
2877 2291 3275 2369 sacratissimo
3306 2309 3547 2367 corpore
3606 2309 3674 2369 ac

2027 2386 2313 2458 sanguine
2347 2383 2440 2438 Dei
2467 2387 2524 2437 et
2555 2382 2787 2438 Domini
2846 2381 3233 2453 redemptoris
3270 2381 3477 2458 nostri
3535 2381 3677 2438 Jesu

2025 2472 2239 2531 Christi
2261 2472 2453 2547 aliena
2475 2473 2596 2545 fiat,
2611 2475 2787 2544 atque
2808 2471 2877 2545 in
2894 2469 3137 2525 extremi
3164 2470 3373 2541 judicii
3408 2468 3675 2547 examine

2026 2563 2298 2619 districta:
2358 2560 2565 2616 ultioni
2615 2560 2934 2634 subjaceat.
2970 2558 3207 2614 Cunctis
3256 2563 3451 2615 autem
3483 2558 3671 2615 eidem

2022 2652 2146 2708 loco
2162 2652 2325 2723 justa
2359 2636 2747 2723 servantibus,
2777 2646 2853 2702 sit
2883 2664 2995 2720 pax
3025 2646 3254 2703 Domini
3311 2646 3492 2704 nostri
3523 2648 3666 2703 Jesu

2020 2741 2257 2808 Christi,
2282 2745 2574 2813 quatenus
2620 2741 2677 2793 et
2716 2736 2811 2792 hic
2860 2737 3082 2792 fuctum
3115 2736 3251 2792 boni
3283 2726 3664 2815 actusvperci-

2020 2830 2201 2902 piant,
2235 2834 2291 2885 et
2320 2828 2473 2901 apud
2501 2827 2835 2883 districtum
2876 2825 3136 2897 judiccm
3170 2825 3408 2898 praemia
3437 2828 3661 2882 aeternae

2017 2919 2179 2992 pacis
2210 2917 2525 2973 inveniant.
2557 2918 2762 2986 Amen,
2797 2931 2989 2982 amen,
3022 2929 3214 2969 amen.

2086 3008 2315 3078 Scripta
2346 3022 2447 3077 per
2495 3020 2737 3059 manum
2795 3002 2970 3072 Petri,
3004 3002 3291 3059 scriniarii
3352 3003 3501 3081 sacri
3559 3019 3661 3075 pa-

2014 3096 2159 3152 latii.

262 3183 705 3255 presentiarum
728 3160 987 3255 possidet
1016 3180 1135 3237 sive
1160 3181 1217 3234 in
1252 3181 1513 3236 futurum
1536 3182 1698 3251 juste
1729 3185 1903 3252 atque
1933 3160 1976 3227 C
2089 3185 2236 3240 Data
2262 3181 2527 3239 Laterani
2553 3198 2614 3235 ιιι
2636 3181 2832 3236 Nonas
2855 3179 3072 3252 Aprilis
3096 3197 3199 3253 per
3228 3197 3470 3259 manum
3492 3182 3665 3236 Joan-

262 3272 540 3327 canonice
558 3271 801 3342 adipisci
827 3270 1057 3342 poterit,
1084 3271 1253 3324 ﬁrma
1276 3269 1379 3323 tibi
1407 3268 1641 3340 tuisque
1672 3285 1904 3325 succes-

258 3361 493 3417 soribus
523 3364 582 3416 et
610 3358 834 3415 illibata
863 3362 1263 3431 permaneant.

334 3443 712 3505 Decernimus
732 3463 869 3520 ergo
893 3451 957 3501 ut
977 3446 1123 3501 nulli
1146 3445 1385 3501 omnino
1409 3445 1712 3501 hominum
1737 3446 1909 3502 liceat

259 3539 413 3594 idem
469 3535 894 3593 monasterium
953 3539 1169 3591 temere
1227 3534 1587 3606 perturbare,
1619 3540 1722 3590 aut
1778 3536 1906 3606 ejus

262 3626 664 3698 possessiones
685 3625 930 3689 auferre,
954 3622 1039 3679 vel
1071 3622 1297 3679 ablatas
1319 3622 1585 3691 retinere,
1620 3623 1903 3691 minuere,

260 3716 350 3772 vel
405 3714 737 3771 temerariis
793 3713 1036 3785 fatigare
1087 3711 1512 3777 vexatiouibus,
1555 3713 1655 3768 sed
1709 3714 1909 3769 omnia

254 3805 485 3876 integre
506 3807 919 3859 conserventur
938 3818 1161 3868 eorum,
1178 3817 1282 3873 pro
1331 3818 1583 3873 quorum
1616 3807 1905 3858 sustenta-

260 3893 419 3949 tione
437 3897 494 3948 et
514 3891 936 3965 gubernatione
950 3907 1227 3946 concessa
1259 3895 1416 3958 sunt,
1451 3889 1613 3946 salva
1624 3891 1904 3946 Constan-

258 3982 467 4038 tiensis
516 3980 815 4053 [episcopi]
849 3979 1128 4035 canonica
1185 3980 1525 4044 reverentia,
1559 3978 1652 4034 cui
1710 3984 1905 4034 tamen

262 4088 378 4127 non
408 4070 582 4125 liceat
637 4069 877 4125 omnino
931 4068 1290 4124 exactionem
1323 4067 1603 4139 aliquam,
1636 4066 1721 4122 vel
1769 4084 1905 4123 eon-

263 4159 658 4224 suetudinem,
675 4175 801 4230 quae
816 4157 1171 4229 regularium
1188 4156 1370 4229 quieti
1393 4161 1613 4221 noceat,
1628 4156 1904 4230 irrogare.

260 4246 634 4304 Advocatiam
694 4246 880 4318 ipsius
939 4245 1276 4301 monasterii
1307 4250 1439 4316 post
1480 4245 1906 4300 Hartmannum

261 4336 604 4409 religiosum
636 4335 931 4411 comitem,
964 4335 1148 4390 haeres
1171 4335 1321 4405 ejus,
1356 4351 1529 4406 quem
1557 4334 1739 4388 abbas
1771 4351 1904 4389 cum

261 4426 541 4481 fratribus
560 4424 858 4497 elegerint,
890 4423 1294 4490 administrat;
1321 4424 1420 4494 qui
1453 4422 1499 4477 si
1530 4423 1905 4492 postmodum

2018 3273 2130 3339 nis,
2164 3277 2376 3328 sanctae
2410 3271 2680 3326 Romanae
2739 3267 3009 3343 Ecclesiw
3040 3268 3264 3324 diaconi
3325 3269 3662 3337 cardinalis,

2019 3378 2171 3417 anno
2207 3357 2513 3415 Dominica:
2574 3356 2997 3413 Incarnationis
3046 3357 3182 3412 1098
3217 3348 3242 3426 ;⁴
3288 3344 3665 3430 pontificatus

2015 3467 2149 3506 vero
2171 3447 2372 3505 domui
2402 3446 2618 3503 Urbani
2650 3447 2699 3502 Il
2730 3463 2891 3518 papze
2923 3445 3011 3502 XI.

2631 3534 2956 3591 CCXXXIV.

2224 3628 2383 3682 Bulla
2417 3623 2622 3682 Urbani
2652 3626 2699 3679 11
2722 3640 2823 3696 pro
2852 3625 3091 3681 Ecclesia
3124 3625 3444 3698 Urgellensi.

2632 3700 3035 3785 (Anno-1098.)
3372 3706 3377 3715 ’

2125 3804 2366 3869 ἱΜΑιιαΑ,
2400 3804 2581 3859 Murco
2610 3796 2927 3874 Ilispanioa,
2955 3804 3243 3874 Append.,
3277 3820 3334 3873 p.
3370 3801 3552 3871 1270.]

2089 3893 2363 3949 Unemus
2393 3891 2942 3962 episc0pus,servus
2964 3883 3265 3946 servorum
3301 3889 3418 3957 Dei,
3452 3880 3663 3945 dilecto

2019 3982 2181 4038 fratri
2205 3980 2410 4045 Ouom,
2429 3978 2749 4049 Urgellensi
2771 3978 3065 4049 episcopo,
3081 3978 3330 4049 ejusque
3361 3992 3663 4033 successo-

2018 4069 2182 4124 ribus
2209 4067 2485 4123 canonice
2518 4055 2930 4136 promovendis
2961 4065 3020 4119 in
3050 4058 3435 4137 perpetuum:
3462 4076 3463 4079 ‘

2087 4157 2117 4213 J
2124 4157 2272 4212 ustis
2289 4155 2436 4210 votis
2457 4169 2765 4210 assensum
2781 4153 3038 4224 praebere
3042 4153 3345 4227 justisque
3370 4152 3666 4225 petitioni-

2019 4248 2129 4303 bus
2187 4261 2357 4301 aurcs
2416 4242 2859 4299 accommodare
2920 4259 3026 4298 nos
3057 4242 3345 4309 convenit,
3374 4242 3498 4315 qui,
3532 4241 3668 4297 licet

2018 4334 2266 4407 indigni,
2273 4332 2516 4405 justitioe
2534 4331 2803 4386 custodes
2823 4332 2998 4403 atque
3020 4348 3314 4404 praecones
3346 4331 3403 4386 in
3440 4330 3669 4387 excelsa

2019 4422 2410 4496 apostolorum
2446 4419 2775 4492 principum
2808 4419 2959 4476 Petri
2990 4425 3048 4477 ct
3098 4420 3261 4477 Pauli
3295 4420 3532 4494 specula
3563 4437 3667 4492 po-

260 4512 615 4568 monasterio
648 4511 876 4587 inutilis
923 4511 1116 4580 fuerit,
1151 4516 1370 4566 remoto
1423 4527 1488 4564 eo
1519 4510 1701 4564 alium
1764 4528 1905 4582 prze-
1942 4529 1985 4591 υ
2017 4512 2114 4568 siti
2176 4511 2417 4565 Domino
2463 4510 2810 4581 disponente
2863 4508 3132 4566 videmur
3190 4510 3462 4566 existere.
3522 4508 3667 4565 Tuis

261 4601 478 4677 ﬁeiant.
513 4600 886 4672 Sepulturam
919 4616 1151 4671 quoque
1179 4599 1444 4669 ejusdem
1506 4597 1613 4654 loci
1668 4599 1906 4653 omnino

264 4690 510 4744 liberam
532 4706 660 4745 esse
681 4688 1075 4754 decernimus,
1112 4694 1177 4743 ut
1220 4686 1560 4759 e-‘irum,qui
1606 4685 1721 4741 illic
1746 4703 1906 4759 sepe-

265 4776 372 4833 lire
402 4776 864 4842 deliberaverint,
898 4775 1185 4832 devotioni
1236 4780 1292 4831 et
1312 4780 1580 4830 extremae
1604 4775 1908 4839 voluntati,

265 4865 380 4942 nisi
426 4867 572 4921 forte
627 4866 1115 4922 excommunicati
1197 4865 1334 4931 sint,
1384 4863 1582 4919 nullus
1641 4863 1909 4919 obsistat.

266 4955 548 5011 Praeterea
570 4970 849 5010 mansuro
868 4955 927 5009 in
947 4961 1294 5026 perpetuum
1326 4953 1556 5009 decreto
1589 4952 1909 5018 sancimus,

266 5047 335 5098 ut
376 5042 521 5098 nulli
555 5042 797 5099 omnino
830 5043 1150 5099 viventium
1180 5041 1371 5108 liceat,
1397 5041 1455 5095 in
1487 5044 1678 5097 vestro
1711 5058 1911 5096 mona-

266 5131 446 5188 sterio
459 5131 688 5204 aliquas
704 5132 1079 5204 proprietatis
1096 5130 1480 5196 conditiones,
1506 5146 1622 5185 non
1674 5128 1914 5184 haeredi-

266 5220 593 5289 tariijuris;
625 5237 740 5275 non
766 5220 1140 5281 investiturze,
1165 5235 1266 5273 nec
1316 5217 1632 5288 cujuslibet
1661 5222 1915 5289 potesta-

266 5308 363 5375 tis,
378 5325 506 5380 quaa
524 5308 779 5364 libertati
793 5313 850 5365 et
880 5309 1061 5380 quieti
1088 5308 1336 5364 fratrum
1361 5311 1583 5374 noceat,
1600 5306 1912 5362 vindicare.

264 5396 555 5464 Chrisma,
580 5396 775 5453 oleum
807 5402 1101 5464 sanctum,
1135 5395 1602 5452 consecrationes
1619 5394 1916 5463 altarium,

267 5486 389 5541 sive
409 5484 808 5552 basilicarum,
836 5485 1233 5542 ordinationes
1263 5482 1822 5556 monachorum,qui
1845 5485 1917 5540 ad

267 5590 466 5632 sacros
484 5574 719 5632 ordines
768 5574 985 5632 iuerint
1008 5571 1405 5646 promovendi,
1428 5572 1502 5629 ab
1533 5572 1827 5646 episcopo,
1859 5573 1919 5629 in

2020 4601 2215 4673 igitur,
2237 4599 2411 4653 frater
2461 4597 2519 4652 in
2543 4596 2770 4651 Christo
2803 4597 3152 4654 charissima
3183 4599 3325 4663 Orio,
3353 4598 3535 4669 justis
3568 4614 3666 4669 pe-

2023 4688 2328 4744 titionibus
2371 4690 2716 4749 annuentes,
2745 4690 3009 4740 sanctam
3044 4686 3441 4759 Urgellensem
3473 4684 3665 4740 Eccle-

2021 4777 2190 4843 siam,
2225 4774 2315 4829 cui
2351 4776 2584 4828 auctore
2636 4770 2750 4826 Deo
2784 4773 3082 4843 praesides,
3116 4773 3447 4846 apostolicae
3506 4772 3666 4828 sedis

2023 4863 2365 4921 auctoritate
2396 4859 2718 4916 munimus.
2743 4860 3069 4916 Statuimus
3100 4863 3253 4916 enim
3290 4866 3357 4916 ut
3400 4860 3673 4916 universa

2024 4973 2151 5027 quae
2175 4953 2337 5024 juste
2368 4950 2439 5005 ad
2468 4948 2735 5004 eamdem
2794 4947 3109 5005 Eeclesiam
3168 4949 3288 5005 sive
3345 4947 3667 5020 parochiali

2024 5043 2142 5100 sive
2201 5036 2583 5113 proprietario
2631 5038 2767 5109 jure
2825 5037 3115 5109 pertinere
3169 5041 3512 5104 noscuntur,
3562 5036 3670 5091 tibi

2024 5131 2261 5202 tuisque
2316 5124 2754 5184 successoribus
2808 5124 2995 5182 libera
3054 5142 3285 5199 semper
3341 5130 3399 5181 et
3449 5124 3671 5181 illibata

2027 5225 2352 5283 serventur,
2377 5215 2597 5271 scilicet
2616 5214 3022 5271 Cerdaniensis
3046 5232 3253 5288 pagus,
3281 5213 3666 5282 Libianensis,

2027 5305 2483 5381 Bergitanensis,
2533 5303 2905 5374 Paliarensis,
2957 5302 3429 5373 Ribacurcensis,
3466 5307 3669 5360 Gesta-

2027 5395 2270 5463 bicnsis,
2298 5392 2701 5461 Cordosensis,
2720 5392 3099 5463 ,Anabiensis,
3129 5393 3473 5462 Tirbiensis,
3507 5397 3565 5449 ct
3592 5392 3673 5449 lo-

2029 5504 2161 5542 cum
2193 5487 2418 5542 Sanctae
2449 5483 2711 5539 Deodatai
2743 5500 2876 5538 cum
2904 5483 3120 5540 finibus
3142 5484 3289 5554 suis,
3312 5477 3571 5540 castrum
3601 5484 3674 5538 de

2028 5576 2246 5632 Gisona
2294 5589 2427 5630 cum
2485 5570 2760 5628 omnibus
2805 5572 3072 5630 terminis
3104 5573 3249 5643 suis,
3282 5577 3543 5630 castrum
3603 5571 3673 5626 de
