4004 6162
342 282 463 347 803

355 507 544 567 Beata
594 505 788 565 Maria
818 508 1071 566 Celsona
1105 526 1237 565 cum
1269 509 1544 565 omnibus
1576 508 1690 565 sibi
1712 509 2004 582 pertinen-

360 597 545 667 tibus,
560 600 821 656 castrum
843 599 1052 670 Aguda
1073 599 1143 653 de
1158 597 1446 653 Vallearia
1465 614 1599 654 cum
1621 597 1840 656 ﬁnibus
1853 599 1999 666 suis,

363 691 622 747 castrum
650 688 825 745 Clusa
852 704 987 745 cum
1017 688 1235 743 ﬁnibus
1266 687 1411 759 suis,
1445 692 1709 745 castrum
1740 687 2005 762 Figerola

362 782 420 835 et
439 777 737 836 Fontaned
769 792 899 833 cum
925 775 1200 834 omnibus
1229 791 1430 832 eorum
1453 777 1842 849 pertinentiis,
1875 793 2000 833 cas-

358 870 518 929 trum
531 866 1068 933 Perarua,castrum
1084 864 1539 935 Sallent,etvilla
1551 865 1935 923 Montaniocel
1947 870 2003 922 et

358 956 433 1013 de
453 953 687 1012 Cubilar
705 969 839 1011 cum
859 954 1077 1011 ﬁnibus
1115 971 1339 1023 earum,
1372 958 1630 1011 castrum
1663 954 2003 1012 Corneliana

357 1059 492 1105 cum
512 1042 782 1121 terminis
797 1043 943 1112 suis,
965 1048 1024 1099 et
1048 1043 1188 1100 villa
1207 1045 1429 1101 Tossen
1452 1060 1588 1100 cum
1606 1044 1827 1101 ﬁnibus
1850 1045 1998 1112 suis,

353 1137 614 1195 castrum
662 1133 838 1191 Turis
864 1138 922 1190 et
958 1133 1099 1191 villa
1141 1134 1440 1202 Biscaran,
1465 1138 1523 1190 et
1551 1133 1690 1190 villa
1718 1134 1999 1190 Archavel

352 1237 489 1281 cum
508 1238 710 1280 earum
728 1222 1114 1296 pertinentiis,
1130 1226 1189 1278 et
1202 1221 1413 1280 vallem
1438 1223 1703 1279 Andorra
1722 1241 1857 1280 cum
1879 1240 2002 1280 om-

348 1312 527 1381 nibus
558 1311 780 1370 ﬁnibus
810 1312 954 1380 suis,
990 1315 1248 1368 castrum
1296 1312 1421 1368 Rivi
1456 1312 1706 1384 Matrici,
1739 1317 1997 1370 castrum

353 1401 672 1469 Colomers,
690 1405 948 1460 castrum
966 1402 1199 1471 Sarred,
1222 1404 1480 1458 castrum
1501 1401 1721 1471 Arnoll,
1737 1408 1999 1459 castrum

353 1490 641 1560 Archalis,
674 1505 811 1548 cum
843 1490 1118 1547 omnibus
1146 1507 1350 1547 eorum
1380 1490 1770 1563 pertinentiis,
1790 1497 1846 1548 et
1864 1491 2001 1549 villa

352 1580 543 1648 Saort,
566 1582 624 1636 et
636 1578 779 1636 villa
815 1579 1186 1653 Languanes,
1205 1583 1263 1635 et
1288 1579 1428 1636 villa
1452 1580 1838 1654 Aquatepida,
1870 1580 1998 1637 Cal-

354 1668 647 1724 biciniano
680 1673 739 1723 et
769 1669 999 1732 Feners,
1033 1672 1091 1723 et
1120 1668 1229 1724 sub
1261 1672 1458 1724 monte
1488 1673 1545 1724 et
1574 1669 1766 1737 Alass,
1796 1671 1997 1737 Leton,

354 1756 691 1859 Elopedera,
725 1756 859 1859 Cea,
908 1755 1173 1859 Sardine,
1198 1757 1412 1859 "amba
1461 1757 1794 1859 .Nocolo‘na,
1820 1761 1999 1859 ambo
2031 1793 2080 1859 Β

353 1847 666 1913 Boxedera,
698 1844 897 1901 villam
954 1844 1141 1901 sancti
1198 1845 1497 1918 Stephani,
1530 1850 1586 1902 et
1625 1846 1762 1906 villa
1817 1847 2005 1921 ipsius

352 1935 516 1999 sedis
539 1933 920 2007 Urgellensis,
940 1950 1074 1990 cum
1093 1934 1369 1991 omnibus
1392 1951 1594 1991 earum
1617 1937 2004 2009 pertinentiis.

356 2027 424 2083 In
445 2024 775 2082 Ausonensi
800 2022 1079 2095 parochia
1092 2026 1353 2080 castrum
1375 2024 1445 2079 de
1468 2025 1781 2095 Turizella,
1806 2026 2010 2083 castel-

356 2114 474 2171 leto
506 2115 722 2171 subtus
762 2113 1049 2179 Menresa,
1080 2110 1242 2168 salvo
1281 2112 1605 2185 parochiali
1647 2116 1784 2187 jure
1826 2117 2007 2173 Anse-

353 2202 559 2265 nensis
615 2201 891 2274 episcopi.
923 2201 1352 2258 Conﬁrmamus
1407 2204 1584 2259 etiam
1614 2204 1719 2261 tibi
1775 2206 2012 2279 tuisque

358 2291 801 2350 successoribus
851 2290 1088 2347 tertiam
1111 2294 1337 2364 partem
1371 2291 1585 2349 telonei
1617 2293 1739 2351 sive
1770 2297 2011 2352 mercati

359 2380 422 2438 in
446 2379 722 2437 omnibus
752 2378 896 2437 locis
925 2380 998 2436 ad
1029 2383 1290 2437 vestrum
1339 2382 1681 2454 episcopum
1713 2384 2009 2457 pertinen-

361 2470 541 2539 tibus,
575 2468 868 2542 primitias
895 2486 1128 2543 quoque
1153 2486 1219 2527 ac
1272 2471 1532 2528 decimas
1562 2473 1885 2530 secundum
1917 2491 2009 2529 ca-

354 2560 602 2624 aonicas
614 2558 945 2616 sanctiones
958 2559 1720 2634 distribuendas.Quidquid
1732 2566 2012 2635 praeterea

357 2649 890 2724 imprasentiarum
913 2651 1105 2704 vestra
1125 2647 1384 2705 Ecclesia
1400 2648 1560 2721 juste
1592 2649 1873 2723 possidet,
1889 2652 2010 2708 sive

357 2740 421 2797 in
454 2741 722 2798 futurum
754 2739 909 2811 iuste
948 2741 1124 2810 atque
1169 2737 1446 2795 canonice
1495 2738 1709 2810 poterit
1738 2740 2005 2811 adipisci,

359 2830 465 2887 tibi
484 2828 718 2902 tuisque
737 2826 1177 2893 successoribus
1189 2826 1428 2881 ﬁrmum
1450 2828 2008 2902 semperintegrum-

361 2935 473 2992 que
504 2920 860 2991 permaneat.
882 2916 968 2973 Ad
1022 2915 1146 2972 hac
1201 2914 1544 2987 adjicicntes
1593 2916 1909 2974 statuimus
1942 2923 2008 2974 ut

357 3008 645 3082 parochias
666 3010 870 3064 vestra
896 3004 1091 3062 clerici
1124 3003 1348 3061 nullius
1370 3006 1668 3062 saecularis
1700 3007 2006 3079 potestatis

356 3096 821 3154 districtionibus
877 3094 1242 3162 addicantur,
1278 3094 1379 3150 sed
1434 3095 1605 3167 juxta
1664 3100 2000 3153 sanctorum

1652 285 1723 347 B.
1770 283 2063 348 URBANI
2106 284 2161 348 II
2203 285 2452 348 ΡΔΡιΕ.

351 417 579 479 Lanera
604 430 740 475 cum
759 414 979 476 ﬁnibus
999 416 1144 490 suis,
1160 417 1668 477 castrumCelsona
1681 420 1738 475 et
1752 417 1997 477 ecclesia
2024 419 2083 501 Α

3636 285 3761 353 θοι

2783 420 3084 493 CCXXXV.

2112 509 2370 585 Urbanus
2410 510 2696 585 Landulfo,
2750 514 3039 585 praeposito
3085 510 3326 585 ecclesia
3365 510 3423 568 S.
3482 510 3763 585 Ambrosii

2180 581 2842 650 Mediolanensis,'assérit
2864 581 2899 635 ἶ(
2934 585 3131 640 altaris
3186 583 3413 653 majoris
3460 583 3762 647 oblatione;

2181 661 2232 709 et
2253 663 2573 710 carcer-orum
2604 656 2867 711 altarium
2912 670 3035 726 qua
3082 658 3232 710 intra
3258 656 3495 725 parietes
3523 656 3761 713 ecclesia

2182 727 2246 780 Β.
2278 727 2555 781 Ambrosii
2579 730 2789 782 statuta
2818 736 2947 782 sunt
2974 727 3057 783 vel
3078 733 3406 783 statuantur.
3442 748 3471 776 »ι

2732 816 2917 887 (Anno
2949 815 3137 884 1098.)

2109 902 2384 974 [ῦιυωκῃ
2433 904 2687 961 Menwrie
2705 901 3324 1044 tdiwllh’lang‘.2131ilano
3372 903 3531 975 1760,
3582 903 3757 973 iri-4°,

2735 1017 2748 1031 .
2861 1018 2877 1043 ,
2909 992 2965 1044 p.
3113 1015 3125 1029 .

2735 1017 2748 1031 .
2782 992 2877 1043 ιν,
2908 992 2965 1047 p.
2998 992 3125 1030 ore.

2764 1062 3094 1120 CCXXXVI.

2106 1153 2271 1210 Bulla
2303 1152 2509 1210 Urbani
2536 1154 2587 1209 Il
2608 1169 2767 1236 papa
2785 1169 2888 1236 pro
2930 1154 3265 1236 monasterio
3311 1152 3437 1210 Iesu
3483 1154 3757 1210 Nazareni

2629 1223 2820 1280 arma
2850 1223 3263 1295 Aragonensis.)

2733 1314 2919 1385 (Anno
2952 1314 3137 1383 1098.)

2109 1403 2344 1474 [Avusx,
2399 1401 3125 1475 Pandosiamarcelencias,
3183 1402 3486 1475 grandem;
3542 1420 3576 1475 ῃ
3604 1419 3761 1461 casa:

2451 1474 2808 1530 memorables
2828 1473 2893 1529 de
2924 1474 3150 1539 Hucsca,
3182 1492 3239 1546 p.
3274 1474 3421 1544 455.]

2180 1562 2452 1620 Uasmus
2493 1563 2825 1635 epiSCOpus,
2854 1580 3055 1618 servus
3116 1579 3417 1619 servorum
3467 1562 3586 1633 Dei,
3620 1563 3761 1619 cha-

2109 1651 2343 1708 rissimo
2367 1651 2485 1707 ﬁlio
2508 1652 2759 1707 Exmmo
2781 1651 3114 1724 praeposito,
3138 1655 3195 1707 et
3224 1652 3447 1708 cateris
3484 1651 3764 1708 fratribus

2111 1740 2407 1797 canonicis
2444 1739 2674 1797 Domini
2726 1741 2912 1796 nostri
2959 1740 3098 1797 Jesu
3131 1740 3413 1798 Nazareni
3444 1757 3765 1815 eorumque

2122 1828 2561 1887 successoribus
2591 1829 2649 1884 in
2684 1834 3050 1902 perpetuum,
3084 1833 3193 1886 etc.

2188 1921 2289 1991 (Es
2317 1936 2382 1974 su
2411 1919 2605 1975 data...
2625 1919 2893 1975 Laterani
2930 1936 3035 1992 per
3064 1935 3305 1976 manum
3326 1919 3593 1988 Joannis,
3626 1936 3767 1976 san-

2119 2012 2222 2064 cta
2245 2008 2514 2064 Romana
2542 2007 2815 2065 Ecclesia
2862 2008 3091 2065 diaconi
3136 2007 3471 2074 cardinalis,
3508 2026 3561 2064 IV
3582 2008 3767 2066 Nonis

2120 2097 2278 2166 Maii,
2310 2097 2625 2153 indictione
2654 2114 2731 2165 vr,
2766 2096 3188 2154 Incarnationis
3234 2096 3549 2154 Dominica
3608 2115 3767 2155 anno

2119 2185 2280 2254 4099,
2308 2186 2680 2258 pontiﬁcatus
2738 2190 2935 2243 autem
2995 2185 3196 2243 domni
3255 2186 3471 2243 Urbani
3511 2186 3560 2244 ΙΙ
3601 2203 3767 2261 papae

2120 2291 2273 2332 anno
2304 2293 2377 2331 XI.

2760 2363 3105 2422 CCXXXVII.

2122 2452 2329 2512 Urbani
2374 2453 2602 2524 epistola
2646 2452 2717 2508 ad
2772 2454 2990 2508 Petrum
3019 2454 3298 2510 Oscensem
3334 2455 3665 2526 episcopum.
3697 2486 3770 2495 —

2191 2529 2483 2598 Oscensem
2527 2526 2824 2580 Ecclesium
2869 2533 3033 2598 caput
3066 2526 3316 2583 Jaccnsis
3345 2525 3610 2584 EccleSia
3636 2541 3768 2582 con-

2188 2597 2398 2652 stituit.

2722 2668 2909 2738 (Anno
2947 2667 3127 2738 1098.)

2544 2737 2773 2805 [Manen
2801 2738 3005 2795 Concil.
3037 2737 3151 2806 XX,
3182 2739 3309 2793 702.

2189 2825 2467 2883 Uaamus
2489 2826 2821 2900 episcopus,
2837 2844 3039 2885 servus
3055 2844 3354 2884 servorum
3372 2827 3493 2899 Dei,
3520 2843 3764 2887 venera-

2114 2914 2218 2971 bili
2242 2915 2405 2972 fratri
2428 2916 2889 2984 Ps'rao,Oscensi
2922 2916 3214 2990 episcopo,
3247 2919 3493 2991 ejusque
3520 2934 3757 2981 suOOBS~

2114 3004 2349 3062 soribus
2379 3005 2657 3062 canonice
2686 3006 3097 3077 promovendis
3129 3006 3189 3061 in
3219 3011 3584 3080 perpetuum.

2186 3092 2658 3151 Miserationibus
2669 3094 2902 3155 Domini
2926 3093 3283 3167 multiplices
3303 3112 3337 3151 a
3357 3095 3526 3153 nobis
3545 3094 3767 3168 gratia-

358 3202 650 3246 canonum
678 3186 950 3243 instituta
979 3158 1294 3256 episcopali
1326 3158 1558 3256 semper
1603 3184 1724 3240 sint
1781 3186 2002 3242 subditi
2033 3158 2077 3228 (ἶ
2113 3199 2245 3240 rum
2271 3182 2564 3240 habentur
2612 3183 2891 3253 actiones,
2918 3183 3056 3255 quia
3087 3158 3220 3257 post
3250 3184 3438 3241 multa
3465 3158 3758 3242 annorum

358 3275 701 3350 disciplina.
722 3274 781 3331 Si
805 3272 937 3347 quis
978 3289 1119 3330 sane
1147 3272 1207 3328 in
1239 3273 1565 3329 crastinum
1613 3273 2003 3348 archiepisco-

356 3383 490 3439 pus,
540 3366 878 3438 imperator,
912 3379 1032 3430 rex,
1062 3361 1353 3435 princeps,
1389 3365 1491 3417 aut
1546 3363 1682 3432 dux,
1717 3364 1999 3434 marchio,

357 3466 572 3523 comes,
602 3446 946 3519 vicecomes,
969 3452 1154 3522 judex
1177 3454 1279 3507 aut
1302 3450 1699 3509 ecclesiastica
1728 3454 2001 3525 qualibet

354 3541 723 3601 sacularisve
746 3540 1178 3614 persona,hanc
1196 3544 1407 3603 nostra
1440 3540 1875 3598 constitutionis
1905 3560 2001 3614 pa-

355 3632 556 3705 ginam
581 3629 795 3697 sciens,
819 3632 1021 3686 contra
1041 3645 1170 3687 eam
1195 3632 1414 3686 temere
1444 3629 1642 3686 venire
1670 3632 1997 3699 tentaverit,

354 3721 612 3778 secundo
633 3719 873 3775 tertiove
894 3717 1270 3787 commonita,
1294 3718 1345 3776 si
1374 3736 1437 3775 se
1454 3736 1569 3775 non
1602 3719 1998 3777 satisfactione

354 3825 612 3883 congrua
631 3808 1045 3876 emendaverit,
1072 3808 1378 3881 potestatis
1409 3807 1765 3882 honorisque
1795 3810 1886 3866 sui
1909 3810 1997 3864 di-

354 3899 576 3975 gnitate
607 3902 820 3968 careat,
844 3914 1122 3971 reamque
1152 3914 1215 3959 se
1254 3897 1450 3955 divino
1490 3898 1715 3969 judicio
1754 3898 1998 3955 existere

353 3991 427 4048 de
450 3991 782 4064 perpetrata
801 3987 1107 4061 iniquitate
1118 3992 1451 4062 cognoscat,
1468 3991 1525 4043 et
1545 4006 1578 4045 a
1598 3987 1996 4044 sacratissimo

354 4095 592 4154 corpore
641 4096 707 4139 ac
762 4078 1050 4152 sanguine
1079 4077 1181 4136 Dei
1211 4082 1271 4134 et
1291 4077 1519 4135 Domini
1551 4077 1736 4134 nostri
1768 4078 1992 4134 redem-

351 4171 538 4243 ptoris
566 4170 706 4228 Jesu
737 4167 952 4226 Christi
981 4168 1173 4225 aliena
1230 4168 1351 4235 ﬁat,
1384 4172 1560 4239 atque
1620 4167 1680 4222 in
1739 4171 1995 4223 extremo

351 4259 620 4317 examine
643 4257 917 4315 districta
944 4256 1154 4313 ultioni
1184 4257 1505 4327 subjaceat.
1529 4254 1767 4311 Cunctis
1798 4258 1994 4311 autem

351 4347 541 4405 eidem
564 4346 689 4402 loco
721 4347 886 4417 justa
923 4343 1292 4403 servantibus
1317 4343 1394 4399 sit
1414 4360 1525 4415 pax
1552 4342 1779 4398 Domini
1812 4342 1993 4399 nostri

347 4435 490 4492 Jesu
513 4432 719 4502 Chisti,
734 4435 1026 4505 quatenus
1064 4437 1121 4488 et
1140 4431 1235 4488 hic
1266 4432 1523 4489 fructum
1554 4433 1718 4489 bona
1744 4431 1992 4488 actionis

2110 3271 2407 3329 curricula
2416 3271 2633 3329 nostris
2645 3272 3023 3344 potissimum
3053 3273 3421 3347 temporibus
3438 3274 3761 3333 Christiani

2109 3361 2307 3434 populi
2339 3378 2648 3434 pressurae
2688 3360 2962 3429 relevare,
2996 3363 3170 3419 ﬁdem
3202 3362 3458 3421 exaltare
3485 3363 3764 3436 dignatus

2107 3454 2215 3507 est.
2232 3450 2458 3508 Nostris
2478 3450 2772 3523 siquidem
2800 3451 3009 3507 diebus
3035 3451 3094 3506 in
3114 3452 3252 3508 Asia
3272 3454 3518 3523 Turcos,
3550 3452 3612 3509 in
3642 3454 3765 3510 Eu-

2108 3555 2249 3612 ropa
2302 3539 2538 3597 Mauros
2594 3538 3060 3596 Christianorum
3092 3539 3315 3595 viribus
3343 3540 3673 3608 debellavit,
3705 3544 3765 3597 et

2108 3628 2281 3683 urbes
2305 3628 2606 3699 quondam
2630 3627 2887 3684 famosas
2909 3626 3208 3696 religionis
3224 3643 3345 3683 sua
3368 3627 3552 3685 cultui
3573 3629 3766 3701 gratia

2106 3716 2483 3789 propensiore
2543 3715 2817 3772 restituit.
2853 3718 3011 3769 Inter
3067 3731 3216 3786 quas
3256 3715 3465 3771 Oscam
3524 3732 3763 3788 quoque

2107 3803 2459 3877 pontiﬁcalis
2481 3801 2769 3859 cathedra
2788 3802 2991 3858 urbem
3005 3801 3429 3859 Saracenorum
3454 3802 3764 3875 tyrannide

2104 3891 2412 3949 liberatam
2449 3889 2784 3947 charissimi
2835 3888 2941 3944 ﬁlii
2976 3890 3157 3945 nostri
3188 3890 3341 3945 Petri
3370 3892 3767 3963 Aragonensis

2105 3980 2259 4054 regis
2290 3979 2570 4036 instantia
2614 3977 2909 4035 catholica
2942 3995 3061 4033 sua
3102 3976 3369 4035 Ecclesia
3402 3979 3762 4037 reformavit.

2102 4070 2356 4142 Equum
2383 4068 2565 4141 igitur
2584 4068 2707 4123 fore
2730 4067 3149 4140 perpendimus
3168 4072 3233 4123 ut
3267 4072 3323 4123 et
3353 4084 3461 4125 nos
3492 4069 3757 4141 omnipo-

2104 4156 2283 4214 tentis
2310 4155 2411 4213 Dei
2443 4154 2866 4227 benignitatem
2902 4155 3029 4227 ipso
3061 4160 3375 4228 praestante
3402 4155 3755 4215 liberalitate

2104 4250 2316 4305 sancta
2340 4245 2496 4302 sedis
2510 4243 2839 4317 apostolicae
2860 4260 3312 4317 prosequamur,
3344 4249 3402 4301 et
3430 4246 3523 4301 cui
3562 4245 3756 4302 multi-

2104 4334 2241 4408 plici
2265 4333 2639 4391 miseratione
2660 4333 2785 4406 ipse
2809 4332 2944 4389 ﬁdei
2968 4350 3085 4389 sua
3120 4333 3375 4390 reddidit
3401 4332 3755 4404 libertatem,

2104 4428 2162 4481 et
2189 4441 2296 4482 nos
2351 4438 2585 4496 quoque
2616 4422 3002 4478 restituamus
3059 4422 3408 4496 episcopalis
3466 4422 3755 4479 cathedra

349 4522 695 4596 percipiant,
727 4526 785 4578 et
842 4522 998 4593 apud
1058 4520 1390 4579 districtum
1435 4522 1701 4594 judicem
1755 4520 1992 4594 pramia
2021 4529 2069 4595 Ι)
2100 4514 2469 4587 dignitatem.
2498 4511 2806 4568 Praesentis
2851 4527 2987 4583 ergo
3024 4511 3239 4567 decreti
3265 4510 3612 4569 auctoritate
3635 4515 3755 4569 sta-

350 4616 577 4669 aterna
607 4610 768 4684 pacis
797 4608 1117 4668 inveniant.

418 4701 712 4775 Scriptum
767 4718 871 4775 per
916 4716 1129 4757 manus
1157 4699 1422 4768 Joannis,
1456 4703 1667 4757 sancta
1727 4698 1989 4756 Ecclesia

349 4793 626 4850 Romana
674 4788 984 4856 scriniarii,
1013 4788 1378 4846 Constantini
1433 4788 1558 4856 ﬁlii,
1593 4788 1652 4844 in
1687 4805 1885 4845 mense
1934 4792 1993 4845 et

346 4881 664 4939 indictione
693 4879 1045 4952 subscripta.

418 4971 632 5027 Datum
654 4969 923 5026 Laterani
945 4985 1048 5041 per
1077 4985 1320 5026 manum
1348 4967 1612 5032 Joannis,
1633 4969 1844 5024 sancta
1878 4967 1991 5023 Ro-

354 5076 542 5118 mana
572 5057 839 5116 Ecclesia
873 5058 1103 5115 diaconi
1135 5057 1469 5125 cardinalis,
1500 5072 1600 5113 vm
1627 5058 1768 5112 Idus
1820 5054 1995 5126 Apri-

347 5148 444 5215 lis,
500 5148 817 5205 indictione
859 5164 938 5214 vr,
989 5165 1141 5203 anno
1200 5146 1515 5203 Dominica
1572 5142 1994 5202 [ncarnationis

353 5236 513 5304 1098,
546 5237 925 5308 pontiﬁcatus
983 5241 1179 5295 autem
1237 5236 1462 5293 domini
1503 5234 1716 5291 Urbani
1750 5231 1992 5290 secundi

351 5340 514 5398 papa
545 5341 625 5382 x1.

2100 4603 2325 4660 tuimus
2347 4606 2413 4657 ut
2435 4601 2638 4658 eadem
2661 4599 2935 4655 Oscitana
2955 4597 3222 4668 ecclesia,
3247 4600 3429 4656 totius
3459 4598 3751 4673 parochias

2102 4710 2228 4766 qua
2254 4707 2410 4748 nunc
2451 4689 2717 4746 Jaccensi
2748 4685 3012 4744 Ecclesia
3046 4687 3286 4744 subdita
3315 4692 3423 4757 est,
3458 4691 3516 4744 et
3565 4687 3754 4760 ipsius

2098 4780 2397 4839 Jaccensis
2423 4777 2719 4844 Ecclesia,
2743 4780 2923 4849 caput
2943 4776 3221 4849 deinceps
3246 4776 3610 4849 temporibus
3630 4793 3756 4849 per-

2099 4870 2293 4943 petuis
2313 4868 2616 4925 habeatur.
2635 4865 2822 4922 Locus
2846 4869 3043 4922 autem
3078 4865 3428 4939 episcopalis
3461 4865 3751 4922 cathedra

2099 4958 2158 5014 in
2190 4956 2399 5028 majori
2428 4954 2513 5010 illi
2544 4954 2790 5010 mezcita
2828 4959 3109 5023 servetur,
3141 4972 3319 5026 quam
3354 4954 3550 5013 Sancii
3594 4954 3751 5027 regis

2101 5048 2252 5104 dono
2302 5045 2724 5100 Saracenorum
2779 5043 3145 5115 temporibus
3194 5042 3458 5100 canonici
3516 5043 3750 5100 Domini

2102 5134 2436 5205 nostriJcsu
2451 5130 2951 5188 ChristiNazareni
2965 5133 3370 5205 possederant,
3404 5133 3506 5191 sed
3534 5133 3749 5190 Petrus

2102 5225 2229 5296 ejus
2283 5221 2442 5276 ﬁlius
2472 5236 2570 5275 rex
2622 5225 2734 5276 tua
2766 5221 3117 5278 fraternitati
3148 5224 3321 5295 capta
3349 5221 3579 5279 civitate
3608 5237 3748 5276 con-

2102 5311 2279 5372 cessit
2324 5328 2337 5379 ;
2376 5310 2545 5382 cujus
2595 5309 2774 5366 etiam
2810 5310 2965 5367 dona
2998 5315 3206 5368 catera
3249 5315 3454 5368 vestra
3489 5308 3745 5368 ecclesia

2102 5400 2331 5467 collata,
2348 5416 2463 5456 non
2495 5399 2797 5471 praesentis
2814 5400 3029 5457 decreti
3052 5400 3399 5458 auctoritate
3415 5400 3747 5469 ﬁrmamus,

2101 5497 2159 5549 et
2182 5490 2456 5546 universa
2489 5487 2723 5561 praedia,
2746 5488 2865 5547 sive
2889 5490 3309 5563 possessiones,
3355 5493 3458 5548 aut
3484 5487 3749 5547 redditus

2102 5578 2476 5655 vectigalium
2509 5593 2614 5638 seu
2644 5578 3019 5650 tributorum,
3052 5596 3180 5651 qua
3229 5581 3393 5638 bona
3446 5577 3746 5638 memoria
