3990 6156
139 309 279 371 δοες

1320 308 1728 373 EPISTOLE
1770 308 1871 372 ET
1913 309 2366 373 PBIVILEGIA
2379 356 2392 370 .

3442 313 3563 377 506

144 440 500 503 ﬁanimirus
527 457 628 500 rex
656 440 958 516 prasentis
981 439 1137 517 regis
1165 442 1320 500 Petri
1338 443 1397 500 in
1412 443 1659 502 Domino
1676 444 1807 502 cha—
1834 426 1891 512 Α
1918 444 2132 501 Prater
2157 441 2269 502 hoc
2298 443 2574 503 universa
2613 443 2975 505 decimarum
3016 460 3122 505 seu
3168 445 3564 520 primitiarnm

425 531 531 589 ﬁlii
585 549 729 589 avus
776 548 910 589 cum
942 532 1065 589 ﬁlio
1102 549 1211 589 suo
1270 534 1510 591 Sanctio
1538 534 1805 592 Jaccensi

150 621 432 680 Ecclesia
457 637 561 694 per
590 619 805 692 regalis
833 620 1183 678 excellentia
1235 622 1455 695 scripta
1496 624 1804 694 concessit,

142 728 261 768 nos
294 709 580 783 largiente
593 708 844 767 Domino
865 711 1213 783 supradicta
1247 710 1533 768 Oscitaua
1552 712 1805 770 ecclesia

140 800 383 857 illibata
422 798 485 854 in
528 801 879 871 perpetuum
919 815 1261 871 permanere
1292 816 1622 870 censemus,
1656 802 1808 858 sicut

139 889 331 947 etiam
358 887 519 947 idem
549 902 652 943 rex
698 887 903 944 Petrus
952 887 1011 943 in
1060 887 1375 945 oblationis
1427 906 1547 945 sua
1595 889 1806 947 litteris

140 982 391 1052 optasse
419 993 487 1033 ac
515 976 798 1034 statuisse
825 976 1219 1050 cognoscitur,
1237 979 1494 1051 exceptis
1523 979 1806 1036 nimirum

142 1066 245 1125 his
278 1083 407 1138 qua
437 1064 713 1138 prafatus
739 1065 869 1137 ejus
898 1064 1056 1121 ﬁlias
1086 1064 1357 1122 Sanctius
1394 1083 1495 1123 rex
1523 1085 1642 1125 una
1670 1085 1805 1125 cum

142 1155 279 1215 ﬁlio
307 1172 418 1213 suo
446 1155 616 1213 Petro
647 1170 800 1227 sape
821 1154 1097 1227 superius
1116 1155 1807 1226 nominato,consentien-

144 1246 314 1302 tibus
357 1243 892 1318 pradacessoribus
937 1243 1060 1300 tuis
1108 1244 1345 1301 Sanctio
1387 1249 1447 1302 et
1494 1246 1719 1318 Garsia,
1753 1256 1806 1305 te

142 1351 387 1408 quoque
413 1333 473 1389 id
504 1334 702 1406 ipsum
733 1334 1229 1402 conﬁrmante,de
1259 1334 1361 1391 illa
1392 1337 1677 1393 Ranimiri
1704 1355 1803 1410 pa-

142 1423 336 1483 rentis
363 1422 457 1479 sui
487 1421 909 1479 constitutione
930 1422 1348 1479 mutavit.ltem
1369 1427 1490 1480 tam
1504 1426 1608 1482 tibi
1627 1443 1805 1498 quam

136 1512 596 1572 successoribus
624 1512 833 1578 tuis,et
861 1511 1117 1570 ecclesia
1131 1516 1334 1570 vestra
1366 1514 1425 1569 in
1456 1519 1805 1587 perpetuum

136 1601 486 1659 stabilimus
512 1600 801 1673 quidquid
840 1602 911 1657 ab
944 1601 1176 1675 egregio
1207 1618 1340 1676 rege
1372 1603 1607 1660 Sanctio
1644 1604 1802 1661 obla-

10 1748 21 1759 _
135 1695 275 1748 tum
306 1689 702 1762 cognoscitur,
727 1688 821 1745 his
850 1690 1108 1762 exceptis
1138 1706 1266 1762 qua
1298 1691 1369 1746 de
1400 1691 1590 1764 ipsius
1621 1693 1806 1749 chiro-

138 1779 377 1854 grapho
405 1777 686 1851 prafatus
723 1795 821 1835 rex
853 1779 1068 1835 Sanctii
1093 1777 1272 1846 ﬁlius,
1301 1780 1803 1839 consentientibus

138 1867 411 1926 ecclesia
439 1870 554 1924 tua
582 1865 893 1935 clericis,et
922 1867 1134 1924 eximio
1170 1869 1485 1941 praposito
1514 1871 1804 1929 canonica

140 1959 215 2016 D.
250 1958 320 2014 N.
361 1958 504 2015 Jesu
552 1955 854 2027 Nazareni,
889 1960 1064 2030 teque
1114 1957 1373 2030 idipsum
1424 1960 1806 2017 conﬁrmante

140 2047 425 2105 mutavit.

217 2135 541 2193 Venientes
570 2134 727 2191 enim
762 2135 835 2191 ad
868 2152 974 2192 nos
1006 2136 1164 2193 sedis
1213 2140 1326 2192 tua
1360 2136 1807 2196 archidiaconus

144 2226 382 2299 Lupus,
415 2230 474 2281 et
500 2224 657 2281 idem
689 2222 938 2281 eximius
970 2224 1239 2282 Ecclesia
1269 2225 1336 2281 D.
1365 2226 1431 2282 N.
1454 2226 1595 2283 Jesu
1625 2227 1808 2285 Naza-

144 2315 279 2373 reni
312 2312 739 2387 prapositusin
770 2317 973 2371 nostra
986 2314 1288 2371 audientia
1308 2314 1804 2385 collaudaverunt,

141 2408 205 2462 et
215 2407 428 2461 mutuo
440 2419 731 2461 consensu
743 2404 1079 2460 conﬁrmari
1092 2404 1387 2477 petierunt
1397 2404 1807 2463 difﬁnitionem

148 2492 322 2550 illam
354 2498 486 2565 qua
514 2492 671 2550 inter
697 2496 755 2550 te
783 2495 841 2549 et
866 2492 1053 2549 ﬁlium
1086 2497 1353 2550 nostrum
1384 2494 1622 2551 Petrum
1667 2498 1807 2553 Ara-

142 2596 607 2658 gonensem,seu
632 2581 1143 2655 Pampilonensem
1174 2598 1371 2655 regem
1389 2588 1519 2640 acta
1546 2589 1636 2641 est
1651 2587 1808 2658 apud

142 2676 417 2730 castrum
447 2671 748 2740 Calasanz,
774 2672 847 2728 de
887 2673 1065 2728 rebus
1095 2688 1163 2727 ac
1194 2672 1522 2729 redditibus
1553 2674 1808 2732 ecclesia

147 2766 270 2819 tua
299 2765 363 2818 et
412 2761 703 2817 canonica
736 2761 804 2817 D.
836 2761 903 2816 N.
936 2761 1073 2818 Jesu
1105 2761 1405 2818 Nazareni.
1438 2762 1678 2819 Dilectio
1729 2764 1808 2821 si-

147 2851 398 2925 quidem
430 2853 535 2906 tua
580 2854 851 2922 quartam
883 2849 1244 2906 decimarum
1292 2855 1518 2923 partem
1569 2853 1639 2908 de
1687 2857 1809 2909 toto

153 2944 363 2997 monte
385 2941 671 3013 Aragone,
698 2943 756 2996 et
786 2938 1077 3012 quidquid
1118 2943 1328 3012 prater
1358 2939 1689 2997 animarum
1710 2958 1809 2998 cu-

154 3046 316 3100 ram,
337 3032 396 3085 et
414 3028 795 3085 ecclesiarum
820 3044 923 3084 seu
945 3027 1291 3084 clericorum
1313 3031 1811 3087 consecrationem

152 3118 236 3176 ad
264 3133 333 3174 se
361 3116 679 3190 episcopali
719 3119 857 3189 jure
903 3117 1254 3189 pertinebat,
1286 3117 1679 3175 intercedente
1711 3137 1809 3176 su-

1917 534 2113 590 debita
2133 537 2255 591 tam
2285 551 2355 590 ex
2385 533 2513 607 ipsa
2537 533 2771 592 civitate
2822 536 2970 592 Osca
3024 553 3202 610 quam
3242 554 3311 594 ex
3341 540 3565 597 cateris

1916 623 2132 679 ﬁnibus
2164 640 2313 695 quos
2343 624 2416 680 ad
2456 640 2584 680 eam
2615 624 2932 697 episcopali
2957 626 3092 697 jure
3114 627 3405 699 pertinere
3434 646 3567 688 con-

1915 712 2288 783 stiterit,tam
2322 712 2427 767 tibi
2461 729 2639 785 quam
2671 713 2790 768 tuis
2821 715 3259 772 successoribus
3290 720 3568 777 canonice

1915 800 2197 857 ordinatis
2211 818 2315 858 seu
2338 802 2623 858 cathedra
2645 801 2833 875 ipsius
2865 802 3090 860 clericis
3121 806 3563 879 conﬁrmamus,

1915 895 2124 967 prater
2162 890 2324 946 illam
2355 891 2696 947 reddituum
2745 878 2970 964 partem
3016 908 3194 963 quam
3241 878 3563 971 supradicti

1915 979 2069 1052 regis
2098 980 2251 1035 Petri
2295 978 2567 1052 precibus
2598 979 2935 1047 fraternitas
2959 984 3063 1036 tua
3114 982 3253 1038 Jesu
3272 968 3564 1061 Nazareni

1915 1068 2211 1125 canonicis
2243 1069 2583 1142 benigniore
2628 1068 2973 1126 liberalitate
3013 1071 3321 1151 concessit.
3354 1073 3414 1129 Si
3446 1091 3566 1148 qua

1913 1157 2093 1231 igitur
2120 1157 2514 1214 ecclesiastica
2543 1157 2909 1214 sacularisve
2923 1160 3333 1231 personabanc
3354 1170 3565 1219 nostra

1914 1247 2355 1303 constitutionis
2402 1247 2677 1321 paginam
2720 1248 2931 1315 sciens,
2966 1252 3167 1304 contra
3190 1266 3318 1306 eam
3348 1255 3567 1310 temere

1913 1335 2109 1391 venire
2141 1336 2466 1401 tentaverit,
2490 1341 2599 1391 etc.

1985 1427 2203 1481 Datum
2235 1426 2509 1482 Laterani
2562 1443 2665 1498 per
2703 1443 2947 1483 manum
2993 1427 3260 1496 Joannis,
3313 1428 3372 1485 S.
3406 1430 3472 1486 R.
3500 1431 3565 1499 Ε,

1914 1514 2142 1573 diaconi
2177 1514 2516 1583 cardinalis,
2550 1532 2584 1570 v
2615 1514 2753 1571 ldus
2785 1515 2943 1584 Maii,
2977 1516 3179 1572 indict.
3212 1518 3587 1587 v1,Incarna-,

1914 1603 2094 1660 tionis
2126 1603 2443 1660 Dominica
2476 1621 2628 1660 anno
2662 1605 3209 1677 1098,pontiﬁcatus
3239 1610 3434 1664 autem
3465 1608 3567 1663 do-

1915 1692 2061 1748 mini
2096 1692 2311 1749 Urbani
2344 1709 2505 1765 papa
2532 1710 2684 1749 anno
2716 1711 2793 1748 χι.

2548 1809 2922 1867 CCXXXVIII.

1914 1901 1937 1923 *
1980 1898 2231 1955 Urbanus
2276 1900 2555 1965 Willelmo
2584 1901 2704 1969 regi
2738 1898 3037 1969 Anglorum
3083 1899 3274 1954 scribit
3324 1922 3354 1949 «
3380 1903 3442 1955 ut
3471 1914 3572 1957 rex

1987 1970 2233 2025 Anselmi
2288 1972 2707 2043 (archiepiscopi
2765 1972 3204 2043 Cuntuaricusis)
3254 1971 3454 2028 liberas
3511 1973 3572 2028 in

1986 2057 2149 2167 rfgizo
2205 2057 2302 2098 suo
2330 2041 2507 2113 faciat
2551 2058 2615 2098 ac
2648 2041 2718 2098 de
2756 2044 2871 2098 suis
2921 2042 3169 2098 onmibus
3212 2043 3376 2100 illum
3418 2060 3570 2100 reve-

1985 2129 2011 2167 δ
2038 2129 2092 2168 ιιι
2124 2155 2135 2166 .
2174 2134 2201 2161 ››

2536 2202 2724 2269 (Anno
2757 2201 2943 2271 1098.)

2130 2289 2298 2360 [Vide
2327 2289 2593 2345 Eadmeri
2624 2291 2759 2347 Hist.
2796 2307 2944 2357 nov.,
2978 2290 3017 2345 l.
3052 2307 3117 2360 ιι,
3149 2307 3204 2363 p.
3238 2291 3354 2363 51.]

2574 2403 2896 2460 CCXXXIX.

1922 2495 2128 2555 Urbani
2154 2496 2207 2551 II
2232 2492 2460 2563 epistola
2487 2494 2557 2549 ad
2608 2495 2902 2563 Rogerium
2924 2495 3197 2550 comitem
3233 2494 3466 2554 Siciliae.
3498 2527 3568 2551 .—

2287 2582 2317 2621 c
2330 2566 2628 2638 privilegio
2654 2564 2994 2622 monarchia
3023 2565 3250 2623 Sicilia.

2546 2654 2736 2725 (Anno
2770 2653 2953 2725 1098.)

2340 2745 2575 2816 [MANSI,
2610 2744 2818 2801 Concil.
2858 2744 2971 2813 ΧΧ,
3003 2745 3157 2815 659.]

1991 2851 2270 2908 URBANUS
2298 2850 2631 2924 episcopus,
2655 2867 2857 2907 servus
2888 2868 3193 2908 servorum
3224 2852 3575 2921 Dei,charis-

1920 2941 2071 2997 simo
2094 2940 2213 2996 ﬁlio
2245 2941 2525 3006 Rocsmo,
2549 2940 2751 2996 comiti
2782 2940 3057 2997 Calabria
3089 2945 3147 2997 et
3169 2940 3401 3011 Sicilia,
3422 2942 3575 2999 salu-

1922 3034 2039 3087 tem
2070 3032 2127 3086 ct
2156 3028 2537 3101 apostolicam
2571 3026 3054 3086 benedictionem.

1916 3144 1921 3149 ~
1993 3119 2140 3182 Quia
2160 3117 2531 3191 prudentiam
2556 3122 2717 3175 tuam
2740 3135 3005 3190 superna
3029 3118 3355 3190 majestatis
3369 3119 3575 3192 digna-

150 3189 577 3280 praditoirege
618 3204 782 3262 illius
829 3204 1122 3262 canonica
1172 3204 1397 3263 clericis
1446 3207 1705 3278 tradidit,
1754 3214 1812 3265 et
1841 3189 1884 3257 C
1921 3189 2617 3279 tiomultistriumphiset
2642 3189 2967 3262 honoribus
2994 3204 3287 3274 exaltavit,
3311 3189 3570 3279 etpr'obi-

150 3295 364 3369 scripti
394 3295 664 3352 cautione
692 3292 1065 3352 ﬁrmavit.Illi
1096 3311 1230 3352 vero
1263 3295 1633 3352 medietatem
1654 3297 1809 3353 deci-

150 3400 397 3441 marum
425 3399 603 3457 quam
633 3384 707 3440 de
736 3384 1010 3441 Oscitana
1029 3384 1260 3441 civitate
1276 3401 1381 3457 per
1392 3401 1631 3441 manum
1653 3387 1809 3457 ejus-

150 3473 296 3530 dem
325 3474 482 3546 regis
511 3474 770 3545 accipere
813 3478 1255 3542 consueverant,
1296 3478 1409 3530 tua
1452 3478 1810 3548 tuorumque

150 3578 570 3620 successorum
597 3561 804 3618 ditioni
837 3562 1239 3620 restituerunt.
1261 3564 1342 3619 De
1372 3563 1675 3621 laboribus
1704 3582 1809 3621 au-

151 3655 281 3708 tem
302 3651 504 3708 domui
533 3651 689 3725 regis
717 3652 1081 3708 decimarum
1113 3652 1398 3707 medietas
1430 3652 1535 3707 tibi
1567 3656 1625 3708 et
1654 3653 1805 3725 epis-

152 3738 381 3812 copalis
427 3740 716 3801 cathedra
766 3740 1017 3807 clericis,
1051 3740 1236 3796 altera
1283 3744 1489 3809 autem,
1527 3741 1808 3798 medietas

151 3828 461 3885 canonicis
491 3830 558 3886 D.
590 3831 657 3886 N.
681 3831 821 3887 Jesu
850 3828 1067 3886 Christi
1100 3833 1308 3885 mutua
1364 3829 1643 3886 charitate
1672 3846 1807 3886 con-

152 3918 338 3975 venit.
370 3917 589 3974 Catera
614 3934 718 3974 vos
749 3916 948 3974 omnia
995 3918 1324 3975 secundum
1376 3918 1597 3975 Sanctii
1644 3919 1807 3974 bona

156 4005 456 4063 memoria
483 4005 725 4080 regis,et
746 4007 1070 4079 supradicti
1088 4008 1217 4079 ejus
1233 4007 1335 4062 ﬁlii
1352 4007 1806 4081 chirographum

152 4095 459 4153 communi
508 4095 819 4152 concordia
865 4092 1180 4163 statuistis,
1215 4100 1273 4152 et
1319 4114 1352 4153 a
1395 4096 1565 4152 nobis
1603 4097 1806 4153 eadem

152 4181 407 4239 stabiliri
438 4196 544 4254 per
571 4182 942 4254 supradictos
972 4182 1214 4239 nuntios
1246 4183 1608 4255 postulastis.

224 4271 313 4326 Ad
362 4270 485 4327 hac
538 4270 883 4344 adjicientes
929 4271 1246 4328 statuimus
1296 4277 1362 4327 ut
1393 4272 1805 4345 parochiarum

152 4360 307 4416 ﬁnes
331 4360 435 4432 qui
465 4360 657 4417 adhuc
685 4361 1110 4418 Saracenorum
1141 4361 1623 4434 oppressionibus
1654 4364 1805 4419 deti-

153 4450 473 4515 nentur,ad
504 4449 841 4507 Oscitanam
874 4450 1191 4508 Ecclesiam
1224 4450 1612 4523 antiquojure
1627 4453 1806 4524 perti-

1918 3302 2011 3354 tas
2026 3301 2129 3353 tua
2156 3295 2215 3351 in
2236 3297 2659 3352 Saracenorum
2677 3294 2774 3350 ﬁni
2783 3295 2895 3351 bus
2925 3293 3238 3351 Ecclesiam
3260 3294 3361 3350 Dei
3384 3294 3569 3367 pluri-

1920 3402 2085 3441 mum
2104 3383 2452 3451 dilatavit,et
2463 3388 2676 3440 sancta
2694 3382 3071 3456 [sanctaque]
3093 3382 3215 3439 sedi
3239 3381 3568 3456 apostolica

1919 3475 2187 3531 devotam
2231 3490 2293 3530 se
2343 3471 2708 3529 multimodis
2757 3488 2990 3545 semper
3033 3472 3316 3540 exhibuit,
3349 3489 3458 3529 nos
3508 3473 3569 3529 in

1919 3562 2232 3636 specialem
2264 3566 2445 3635 atque
2473 3560 2891 3618 charissimum
2924 3561 3111 3621 ﬁlium
3140 3562 3408 3634 ejusdem
3438 3563 3571 3618 uni-

1917 3652 2160 3710 versalis
2192 3651 2465 3708 Ecclesia
2496 3655 2553 3707 te
2584 3652 3040 3724 assumpsimus.
3074 3651 3292 3708 Idcirco
3340 3652 3412 3709 de
3458 3655 3570 3709 tua

1918 3742 2227 3815 probitatis
2270 3739 2608 3797 sinceritate
2639 3739 2962 3814 plurimum
3008 3741 3385 3809 conﬁdentes,
3418 3741 3573 3798 sicut

1917 3830 2110 3887 verbis
2140 3829 2639 3903 promisimus,ita
2669 3829 2997 3907 litterarum
3011 3830 3356 3886 auctoritate
3378 3830 3574 3887 ﬁrm'a-
3620 3900 3625 3913 Ι

1918 3935 2091 3987 mus;
2126 3919 2282 3991 quod
2328 3919 2487 3974 omni
2538 3918 2665 3973 vita
2717 3921 2828 3973 tua
2877 3922 3158 3989 tempore,
3190 3916 3280 3972 vel
3331 3916 3437 3971 ﬁlii
3480 3918 3568 3974 tui

1916 4005 2287 4076 Simonis,vel
2321 4005 2561 4062 alterius
2592 4005 2692 4077 qui
2724 4005 3025 4077 legitimus
3055 4006 3137 4060 tui
3171 4004 3357 4061 haeres
3386 4005 3566 4062 exsti-

1916 4095 2074 4165 terit,
2124 4093 2354 4150 nullum
2401 4093 2459 4148 in
2509 4096 2667 4148 terra
2724 4092 3030 4164 potestatis
3080 4097 3306 4159 vestra,
3358 4097 3571 4165 prater

1914 4184 2274 4241 voluntatem
2296 4186 2398 4238 aut
2411 4180 2723 4239 consilium
2740 4184 3001 4237 vestrum
3018 4180 3275 4256 legatum
3293 4182 3568 4239 Romana

1918 4272 2181 4330 Ecclesia
2231 4276 2582 4328 statuemus.
2633 4269 2914 4336 Quinimo‘
2962 4268 3095 4342 qua
3150 4288 3254 4344 per
3308 4271 3568 4346 legatum

1917 4363 2103 4421 acturi
2136 4378 2368 4431 sumus,
2401 4376 2504 4434 per
2529 4363 2788 4417 vestram
2822 4359 3173 4416 industriam
3224 4359 3403 4434 legati
3445 4361 3569 4419 vice

1916 4452 2173 4510 cohiberi
2210 4451 2504 4507 volumus.
2540 4451 2783 4517 Quando
2811 4450 2882 4505 ad
2916 4466 3017 4506 vos
3060 4466 3129 4505 ex
3159 4449 3339 4507 latere
3370 4454 3568 4508 nostro

153 4537 453 4606 nentes,in
482 4538 740 4612 idipsum
760 4539 1247 4608 referantur,cum
1278 4539 1806 4613 easomnipotentis
1835 4561 1882 4627 D
1917 4541 2287 4599 mitteremus
2323 4540 2445 4612 [al.,
2467 4539 2828 4611 miserimus]
2852 4540 2923 4596 ad
2951 4538 3201 4596 salutem
3229 4546 3564 4598 sanctarum

152 4626 258 4685 Dei
299 4626 564 4700 dignatio
604 4628 948 4686 Christiana
980 4629 1300 4689 restituerit
1328 4629 1555 4686 ditioni.
1590 4630 1803 4686 Hasien

156 4713 515 4789 [ecclesiam]
541 4734 774 4791 quoque
821 4719 1161 4777 canonicam
1205 4718 1391 4776 nostri
1414 4718 1592 4791 juris,
1627 4735 1805 4792 quam

150 4804 483 4875 supradicti
530 4805 815 4864 Banimiri
867 4807 1043 4881 regis,
1074 4807 1253 4874 ﬁlius,
1286 4807 1438 4865 Petri
1484 4824 1617 4864 vero
1649 4808 1806 4883 regis

150 4891 506 4965 avunculus,
539 4894 785 4952 Saucius
814 4912 1012 4953 comes
1058 4913 1165 4953 suo
1214 4897 1407 4953 studio
1458 4897 1805 4955 adiﬁcatam

150 4983 374 5038 sancta
405 4981 680 5039 Romana
700 4984 966 5041 Ecclesia
987 4985 1333 5051 obtulit,nos
1353 4989 1472 5043 tam
1504 4986 1611 5041 tibi
1628 5002 1807 5059 quam

151 5070 602 5128 successoribus
646 5072 789 5141 tuis,
828 5078 888 5130 et
933 5074 1188 5131 ecclesia
1230 5079 1435 5131 vestra
1484 5075 1806 5145 canonicis,

153 5156 491 5232 apostolica
535 5161 694 5218 sedis
738 5162 972 5219 decreta
1027 5164 1396 5220 servantibus
1453 5167 1513 5221 et
1556 5166 1805 5238 gratiam

153 5247 901 5325 obtinentibus,regendam
917 5269 1017 5309 seu
1040 5253 1465 5325 disponendam
1484 5255 1805 5310 secundum

156 5336 489 5396 fundatoris
514 5342 718 5396 votum
747 5338 1195 5410 committimus;
1218 5358 1285 5398 eo
1312 5340 1579 5398 videlicet
1608 5346 1810 5401 tenore

155 5428 223 5482 ut
250 5429 312 5483 et
340 5424 674 5500 regularetn
698 5429 823 5487 illic
870 5431 1244 5506 disciplinam
1276 5430 1493 5487 servari
1525 5433 1807 5490 attentius

156 5514 405 5583 hciatis,
432 5512 499 5574 et
524 5533 596 5575 ex
625 5519 749 5577 loco
778 5521 977 5593 ipsum
1009 5537 1250 5579 censum
1284 5516 1547 5577 annuum
1578 5518 1806 5580 Latera-

162 5603 334 5663 nsnsi
364 5602 586 5679 palatio
634 5609 762 5667 auri
808 5611 1041 5668 unciam
1086 5610 1395 5671 dimidiam
1445 5606 1806 5683 persolvatis.

1914 4630 2326 4704 [al.,videlicet]
2356 4628 2736 4686 ecclesiarum
2757 4646 2883 4702 qua
2914 4629 3026 4687 sub
3057 4634 3249 4686 vestra
3278 4633 3568 4702 potestate

1916 4720 2247 4776 consistunt
2272 4718 2803 4790 [at.,existunt],ad
2833 4718 3117 4775 honorem
3151 4718 3212 4772 Β.
3248 4717 3400 4774 Petri
3432 4734 3566 4774 san-

1916 4812 2135 4881 ctaque
2165 4808 2293 4879 ejus
2325 4805 2655 4879 apostolica
2688 4807 2866 4875 sedis,
2901 4808 2995 4863 cui
3044 4807 3245 4863 devote
3283 4806 3567 4861 hactenus

1916 4896 2490 4968 obedisti,quamque
2520 4896 2581 4950 in
2614 4896 3062 4952 necessitatibus
3090 4894 3216 4950 suis
3244 4898 3483 4951 strenue
3509 4896 3568 4948 et

1916 4985 2165 5043 ﬁdeliter
2208 4976 2505 5056 adjuvisti.
2540 4984 2598 5041 Si
2620 5002 2776 5051 .vero
2801 4984 3127 5040 celebratur
3156 4982 3278 5052 [al.,
3310 4979 3562 5037 celebra-

1914 5076 2095 5147 bitur]
2128 5072 2460 5141 concilium,
2490 5077 2548 5129 et
2579 5073 2683 5131 tibi
2715 5068 3065 5147 mandavero
3105 5073 3400 5141 quatenus
3440 5067 3561 5139 epi-

1915 5143 2123 5237 scopos
2170 5164 2227 5219 et
2273 5161 2516 5219 abbates
2561 5167 2672 5217 tua
2703 5143 2868 5242 terra
2900 5158 3046 5215 mihi
3076 5151 3296 5229 mittas,
3328 5172 3478 5230 quos
3507 5159 3565 5212 et

1916 5271 2063 5326 quos
2113 5251 2362 5308 volueris
2411 5250 2615 5327 mittes
2659 5246 3068 5322 [al.,'mittas],
3117 5246 3263 5303 alios
3310 5262 3443 5303 vero
3490 5246 3564 5303 ad

1915 5341 2217 5399 servitium
2249 5338 2627 5397 ecclesiarum
2658 5343 2895 5395 tuarum
2929 5336 3029 5407 [aL
3061 5335 3184 5391 add.
3219 5340 3277 5393 et
3306 5336 3380 5393 ad
3410 5338 3563 5393 tute-

1915 5432 2059 5503 lam]
2090 5430 2363 5487 retineas.
2392 5426 2772 5500 Omnipotens
2801 5429 2957 5485 Deus
2989 5432 3153 5483 actus
3201 5430 3333 5483 tuos
3363 5426 3423 5482 in
3465 5425 3565 5482 be-

1918 5520 2205 5596 neplacito
2236 5535 2343 5577 suo
2374 5518 2607 5590 dirigat,
2636 5520 2693 5573 et
2721 5521 2778 5573 te
2809 5533 2844 5574 a
2872 5515 3123 5589 peccatis
3144 5516 3482 5575 absolutum
3501 5514 3563 5570 in

1920 5612 2102 5670 vitam
2130 5613 2407 5668 aternam
2438 5605 2738 5680 perducat.
