  <div class='ocr_page' id='page_1' title='image "/cluster/home/n/w/nwhite01/storage/ocr_20150623/151/hvd.32044054760095/259.png"; bbox 0 0 4004 6162; ppageno 0'>
   <div class='ocr_carea' id='block_1_1' title="bbox 423 365 554 430">
    <p class='ocr_par' dir='ltr' id='par_1_1' title="bbox 423 365 554 430">
     <span class='ocr_line' id='line_1_1' title="bbox 423 365 554 430; baseline -0.008 0"><span class='ocrx_word' id='word_1_1' title='bbox 423 365 554 430; x_wconf 75' lang='grc'>’507</span> 
     </span>
    </p>
   </div>
   <div class='ocr_carea' id='block_1_2' title="bbox 1738 358 2545 428">
    <p class='ocr_par' dir='ltr' id='par_1_2' title="bbox 1738 358 2545 428">
     <span class='ocr_line' id='line_1_2' title="bbox 1738 358 2545 428; baseline 0 -2"><span class='ocrx_word' id='word_1_2' title='bbox 1738 361 1810 426; x_wconf 88' lang='grc' dir='ltr'>Β.</span> <span class='ocrx_word' id='word_1_3' title='bbox 1856 358 2151 428; x_wconf 83' lang='lat' dir='ltr'>URBANI</span> <span class='ocrx_word' id='word_1_4' title='bbox 2193 358 2246 423; x_wconf 88' lang='lat' dir='ltr'>ll</span> <span class='ocrx_word' id='word_1_5' title='bbox 2289 358 2545 426; x_wconf 68' lang='grc' dir='ltr'>ΡΑΡΛΕ.</span> 
     </span>
    </p>
   </div>
   <div class='ocr_carea' id='block_1_3' title="bbox 3723 365 3846 429">
    <p class='ocr_par' dir='ltr' id='par_1_3' title="bbox 3723 365 3846 429">
     <span class='ocr_line' id='line_1_3' title="bbox 3723 365 3846 429; baseline 0.008 -1"><span class='ocrx_word' id='word_1_6' title='bbox 3723 365 3846 429; x_wconf 76' lang='grc'>508</span> 
     </span>
    </p>
   </div>
   <div class='ocr_carea' id='block_1_4' title="bbox 511 493 3843 577">
    <p class='ocr_par' dir='ltr' id='par_1_4' title="bbox 511 493 3843 577">
     <span class='ocr_line' id='line_1_4' title="bbox 511 493 3843 577; baseline -0.001 -16"><span class='ocrx_word' id='word_1_7' title='bbox 511 503 722 561; x_wconf 99' lang='lat' dir='ltr'>Datum</span> <span class='ocrx_word' id='word_1_8' title='bbox 753 500 976 561; x_wconf 82' lang='lat' dir='ltr'>Salerni</span> <span class='ocrx_word' id='word_1_9' title='bbox 1009 519 1112 577; x_wconf 87' lang='lat' dir='ltr'>per</span> <span class='ocrx_word' id='word_1_10' title='bbox 1160 517 1370 560; x_wconf 90' lang='lat' dir='ltr'>manus</span> <span class='ocrx_word' id='word_1_11' title='bbox 1411 498 1674 568; x_wconf 85' lang='lat' dir='ltr'>Joannis,</span> <span class='ocrx_word' id='word_1_12' title='bbox 1707 501 1918 555; x_wconf 84' lang='lat' dir='ltr'>sanctae</span> <span class='ocrx_word' id='word_1_13' title='bbox 1969 498 2081 554; x_wconf 77' lang='grc' dir='ltr'><strong>ΒΟ·</strong></span> <span class='ocrx_word' id='word_1_14' title='bbox 2111 497 2167 563; x_wconf 84' lang='grc' dir='ltr'><strong>Α</strong></span> <span class='ocrx_word' id='word_1_15' title='bbox 2198 497 2378 555; x_wconf 83' lang='lat' dir='ltr'>nostri</span> <span class='ocrx_word' id='word_1_16' title='bbox 2410 493 2768 572; x_wconf 84' lang='lat' dir='ltr'>Gregorii,ob</span> <span class='ocrx_word' id='word_1_17' title='bbox 2791 496 3128 573; x_wconf 82' lang='lat' dir='ltr'>petitionem</span> <span class='ocrx_word' id='word_1_18' title='bbox 3143 495 3662 559; x_wconf 88' lang='lat' dir='ltr'>nihilominustam</span> <span class='ocrx_word' id='word_1_19' title='bbox 3676 501 3843 558; x_wconf 88' lang='lat' dir='ltr'>tuam</span> 
     </span>
    </p>
   </div>
   <div class='ocr_carea' id='block_1_5' title="bbox 442 587 2080 660">
    <p class='ocr_par' dir='ltr' id='par_1_5' title="bbox 442 587 2080 660">
     <span class='ocr_line' id='line_1_5' title="bbox 442 587 2080 660; baseline -0.007 -7"><span class='ocrx_word' id='word_1_20' title='bbox 442 613 626 653; x_wconf 64' lang='lat' dir='ltr'>mante</span> <span class='ocrx_word' id='word_1_21' title='bbox 657 594 924 651; x_wconf 69' lang='lat' dir='ltr'>Ecclesiae</span> <span class='ocrx_word' id='word_1_22' title='bbox 975 591 1225 660; x_wconf 90' lang='lat' dir='ltr'>diaconi,</span> <span class='ocrx_word' id='word_1_23' title='bbox 1257 591 1424 646; x_wconf 91' lang='lat' dir='ltr'>tertio</span> <span class='ocrx_word' id='word_1_24' title='bbox 1473 591 1667 647; x_wconf 82' lang='lat' dir='ltr'>Nonas</span> <span class='ocrx_word' id='word_1_25' title='bbox 1715 587 1876 654; x_wconf 87' lang='lat' dir='ltr'>Julii,</span> <span class='ocrx_word' id='word_1_26' title='bbox 1929 587 2080 644; x_wconf 91' lang='lat' dir='ltr'>indi-</span> 
     </span>
    </p>
   </div>
   <div class='ocr_carea' id='block_1_6' title="bbox 439 677 2079 756">
    <p class='ocr_par' dir='ltr' id='par_1_6' title="bbox 439 677 2079 756">
     <span class='ocr_line' id='line_1_6' title="bbox 439 677 2079 756; baseline -0.006 -14"><span class='ocrx_word' id='word_1_27' title='bbox 439 685 649 742; x_wconf 90' lang='lat' dir='ltr'>ctionis</span> <span class='ocrx_word' id='word_1_28' title='bbox 697 684 977 756; x_wconf 74' lang='lat' dir='ltr'>septimae,</span> <span class='ocrx_word' id='word_1_29' title='bbox 1030 698 1180 737; x_wconf 91' lang='lat' dir='ltr'>anno</span> <span class='ocrx_word' id='word_1_30' title='bbox 1232 680 1605 753; x_wconf 89' lang='lat' dir='ltr'>pontiﬁcatus</span> <span class='ocrx_word' id='word_1_31' title='bbox 1663 677 1847 735; x_wconf 82' lang='lat' dir='ltr'>nostri</span> <span class='ocrx_word' id='word_1_32' title='bbox 1901 677 2079 733; x_wconf 90' lang='lat' dir='ltr'>unde-</span> 
     </span>
    </p>
   </div>
   <div class='ocr_carea' id='block_1_7' title="bbox 438 775 608 831">
    <p class='ocr_par' dir='ltr' id='par_1_7' title="bbox 438 775 608 831">
     <span class='ocr_line' id='line_1_7' title="bbox 438 775 608 831; baseline -0.012 0"><span class='ocrx_word' id='word_1_33' title='bbox 438 775 608 831; x_wconf 88' lang='lat' dir='ltr'>cimo.</span> 
     </span>
    </p>
   </div>
   <div class='ocr_carea' id='block_1_8' title="bbox 1160 910 1358 966">
    <p class='ocr_par' dir='ltr' id='par_1_8' title="bbox 1160 910 1358 966">
     <span class='ocr_line' id='line_1_8' title="bbox 1160 910 1358 966; baseline -0.005 0"><span class='ocrx_word' id='word_1_34' title='bbox 1160 910 1358 966; x_wconf 84' lang='lat' dir='ltr'>CCXL.</span> 
     </span>
    </p>
   </div>
   <div class='ocr_carea' id='block_1_9' title="bbox 436 1001 2080 1076">
    <p class='ocr_par' dir='ltr' id='par_1_9' title="bbox 436 1001 2080 1076">
     <span class='ocr_line' id='line_1_9' title="bbox 436 1001 2080 1076; baseline -0.005 -16"><span class='ocrx_word' id='word_1_35' title='bbox 436 1004 701 1076; x_wconf 70' lang='lat' dir='ltr'>Alphano,</span> <span class='ocrx_word' id='word_1_36' title='bbox 752 1001 1153 1076; x_wconf 63' lang='lat' dir='ltr'>arnliiepisropo</span> <span class='ocrx_word' id='word_1_37' title='bbox 1191 1001 1558 1076; x_wconf 60' lang='lat' dir='ltr'>Salernitano,</span> <span class='ocrx_word' id='word_1_38' title='bbox 1608 1001 1830 1076; x_wconf 73' lang='lat' dir='ltr'>ejusque</span> <span class='ocrx_word' id='word_1_39' title='bbox 1869 1014 2080 1076; x_wconf 57' lang='lat' dir='ltr'>succes-</span> 
     </span>
    </p>
   </div>
   <div class='ocr_carea' id='block_1_10' title="bbox 501 1072 2080 1141">
    <p class='ocr_par' dir='ltr' id='par_1_10' title="bbox 501 1072 2080 1141">
     <span class='ocr_line' id='line_1_10' title="bbox 501 1072 2080 1141; baseline -0.004 -11"><span class='ocrx_word' id='word_1_40' title='bbox 501 1072 714 1130; x_wconf 64' lang='grc' dir='ltr'>ζςονίΙηιις</span> <span class='ocrx_word' id='word_1_41' title='bbox 765 1073 1143 1129; x_wconf 73' lang='lat' dir='ltr'>Aclwrontz&#39;nae</span> <span class='ocrx_word' id='word_1_42' title='bbox 1179 1076 1229 1126; x_wconf 74' lang='lat' dir='ltr'>et</span> <span class='ocrx_word' id='word_1_43' title='bbox 1275 1073 1618 1128; x_wconf 58' lang='lat' dir='ltr'>Consentium</span> <span class='ocrx_word' id='word_1_44' title='bbox 1663 1072 2080 1141; x_wconf 79' lang='lat' dir='ltr'>provinciarum</span> 
     </span>
    </p>
   </div>
   <div class='ocr_carea' id='block_1_11' title="bbox 496 1143 1718 1218">
    <p class='ocr_par' dir='ltr' id='par_1_11' title="bbox 496 1143 1718 1218">
     <span class='ocr_line' id='line_1_11' title="bbox 496 1143 1718 1218; baseline -0.002 -18"><span class='ocrx_word' id='word_1_45' title='bbox 496 1148 803 1218; x_wconf 82' lang='lat' dir='ltr'>primatum</span> <span class='ocrx_word' id='word_1_46' title='bbox 832 1147 1043 1207; x_wconf 72' lang='lat' dir='ltr'>asserit,</span> <span class='ocrx_word' id='word_1_47' title='bbox 1077 1148 1282 1215; x_wconf 80' lang='lat' dir='ltr'>petente</span> <span class='ocrx_word' id='word_1_48' title='bbox 1312 1145 1534 1211; x_wconf 63' lang='lat' dir='ltr'>Reg/ario</span> <span class='ocrx_word' id='word_1_49' title='bbox 1566 1143 1718 1198; x_wconf 73' lang='lat' dir='ltr'>dwre.</span> 
     </span>
    </p>
   </div>
   <div class='ocr_carea' id='block_1_12' title="bbox 1052 1250 1453 1320">
    <p class='ocr_par' dir='ltr' id='par_1_12' title="bbox 1052 1250 1453 1320">
     <span class='ocr_line' id='line_1_12' title="bbox 1052 1250 1453 1320; baseline -0.007 -16"><span class='ocrx_word' id='word_1_50' title='bbox 1052 1252 1238 1318; x_wconf 81' lang='lat' dir='ltr'>(Anno</span> <span class='ocrx_word' id='word_1_51' title='bbox 1271 1250 1453 1320; x_wconf 80' lang='lat'>1098.)</span> 
     </span>
    </p>
   </div>
   <div class='ocr_carea' id='block_1_13' title="bbox 737 1354 1771 1429">
    <p class='ocr_par' dir='ltr' id='par_1_13' title="bbox 737 1354 1771 1429">
     <span class='ocr_line' id='line_1_13' title="bbox 737 1354 1771 1429; baseline -0.005 -16"><span class='ocrx_word' id='word_1_52' title='bbox 737 1359 1033 1429; x_wconf 56' lang='lat' dir='ltr'>mensus,</span> <span class='ocrx_word' id='word_1_53' title='bbox 1068 1358 1234 1414; x_wconf 77' lang='lat' dir='ltr'>Italia</span> <span class='ocrx_word' id='word_1_54' title='bbox 1261 1372 1440 1422; x_wconf 78' lang='lat' dir='ltr'>sacra,</span> <span class='ocrx_word' id='word_1_55' title='bbox 1466 1355 1588 1420; x_wconf 87' lang='lat' dir='ltr'>VII,</span> <span class='ocrx_word' id='word_1_56' title='bbox 1622 1354 1771 1425; x_wconf 81' lang='lat'>393.]</span> 
     </span>
    </p>
   </div>
   <div class='ocr_carea' id='block_1_14' title="bbox 502 1477 2076 1555">
    <p class='ocr_par' dir='ltr' id='par_1_14' title="bbox 502 1477 2076 1555">
     <span class='ocr_line' id='line_1_14' title="bbox 502 1477 2076 1555; baseline -0.005 -13"><span class='ocrx_word' id='word_1_57' title='bbox 502 1485 778 1542; x_wconf 79' lang='lat' dir='ltr'>URBANUS</span> <span class='ocrx_word' id='word_1_58' title='bbox 809 1482 1137 1555; x_wconf 88' lang='lat' dir='ltr'>episcopus,</span> <span class='ocrx_word' id='word_1_59' title='bbox 1170 1498 1371 1537; x_wconf 91' lang='lat' dir='ltr'>servus</span> <span class='ocrx_word' id='word_1_60' title='bbox 1403 1496 1702 1535; x_wconf 87' lang='lat' dir='ltr'>servorum</span> <span class='ocrx_word' id='word_1_61' title='bbox 1725 1478 1845 1547; x_wconf 85' lang='lat' dir='ltr'>Dei,</span> <span class='ocrx_word' id='word_1_62' title='bbox 1865 1477 2076 1534; x_wconf 90' lang='lat' dir='ltr'>dilecto</span> 
     </span>
    </p>
   </div>
   <div class='ocr_carea' id='block_1_15' title="bbox 430 1567 2076 1641">
    <p class='ocr_par' dir='ltr' id='par_1_15' title="bbox 430 1567 2076 1641">
     <span class='ocr_line' id='line_1_15' title="bbox 430 1567 2076 1641; baseline -0.004 -11"><span class='ocrx_word' id='word_1_63' title='bbox 430 1575 594 1630; x_wconf 79' lang='lat' dir='ltr'>fratri</span> <span class='ocrx_word' id='word_1_64' title='bbox 626 1576 919 1641; x_wconf 77' lang='lat' dir='ltr'>ALPIIANO,</span> <span class='ocrx_word' id='word_1_65' title='bbox 947 1568 1311 1626; x_wconf 88' lang='lat' dir='ltr'>Salernitano</span> <span class='ocrx_word' id='word_1_66' title='bbox 1346 1567 1805 1639; x_wconf 86' lang='lat' dir='ltr'>archiepiscopo,</span> <span class='ocrx_word' id='word_1_67' title='bbox 1830 1567 2076 1638; x_wconf 83' lang='lat' dir='ltr'>ejusque</span> 
     </span>
    </p>
   </div>
   <div class='ocr_carea' id='block_1_16' title="bbox 431 1655 2073 1728">
    <p class='ocr_par' dir='ltr' id='par_1_16' title="bbox 431 1655 2073 1728">
     <span class='ocr_line' id='line_1_16' title="bbox 431 1655 2073 1728; baseline -0.005 -8"><span class='ocrx_word' id='word_1_68' title='bbox 431 1661 871 1720; x_wconf 86' lang='lat' dir='ltr'>successoribus</span> <span class='ocrx_word' id='word_1_69' title='bbox 929 1659 1203 1714; x_wconf 90' lang='lat' dir='ltr'>canonice</span> <span class='ocrx_word' id='word_1_70' title='bbox 1269 1655 1678 1728; x_wconf 83' lang='lat' dir='ltr'>promovendis</span> <span class='ocrx_word' id='word_1_71' title='bbox 1745 1655 1802 1710; x_wconf 91' lang='lat' dir='ltr'>in</span> <span class='ocrx_word' id='word_1_72' title='bbox 1871 1672 2073 1728; x_wconf 85' lang='lat' dir='ltr'>perpe-</span> 
     </span>
    </p>
   </div>
   <div class='ocr_carea' id='block_1_17' title="bbox 430 1757 622 1808">
    <p class='ocr_par' dir='ltr' id='par_1_17' title="bbox 430 1757 622 1808">
     <span class='ocr_line' id='line_1_17' title="bbox 430 1757 622 1808; baseline -0.016 0"><span class='ocrx_word' id='word_1_73' title='bbox 430 1757 622 1808; x_wconf 88' lang='lat' dir='ltr'>tuum.</span> 
     </span>
    </p>
   </div>
   <div class='ocr_carea' id='block_1_18' title="bbox 502 1832 2152 1932">
    <p class='ocr_par' dir='ltr' id='par_1_18' title="bbox 502 1832 2152 1932">
     <span class='ocr_line' id='line_1_18' title="bbox 502 1832 2152 1932; baseline -0.005 -37"><span class='ocrx_word' id='word_1_74' title='bbox 502 1836 808 1912; x_wconf 87' lang='lat' dir='ltr'>Singulare</span> <span class='ocrx_word' id='word_1_75' title='bbox 849 1853 1080 1908; x_wconf 83' lang='lat' dir='ltr'>semper</span> <span class='ocrx_word' id='word_1_76' title='bbox 1127 1835 1282 1891; x_wconf 89' lang='lat' dir='ltr'>sedis</span> <span class='ocrx_word' id='word_1_77' title='bbox 1331 1833 1656 1907; x_wconf 66' lang='lat' dir='ltr'>apostolicae</span> <span class='ocrx_word' id='word_1_78' title='bbox 1705 1832 2069 1932; x_wconf 74' lang='lat' dir='ltr'>privilegium</span> <span class='ocrx_word' id='word_1_79' title='bbox 2105 1868 2152 1932; x_wconf 82' lang='lat' dir='ltr'><strong>B</strong></span> 
     </span>
    </p>
   </div>
   <div class='ocr_carea' id='block_1_19' title="bbox 429 1921 2070 1997">
    <p class='ocr_par' dir='ltr' id='par_1_19' title="bbox 429 1921 2070 1997">
     <span class='ocr_line' id='line_1_19' title="bbox 429 1921 2070 1997; baseline -0.005 -12"><span class='ocrx_word' id='word_1_80' title='bbox 429 1929 638 1986; x_wconf 82' lang='lat' dir='ltr'>claruit</span> <span class='ocrx_word' id='word_1_81' title='bbox 667 1925 962 1997; x_wconf 84' lang='lat' dir='ltr'>subjectus</span> <span class='ocrx_word' id='word_1_82' title='bbox 994 1924 1104 1980; x_wconf 89' lang='lat' dir='ltr'>sibi</span> <span class='ocrx_word' id='word_1_83' title='bbox 1129 1925 1442 1995; x_wconf 86' lang='lat' dir='ltr'>perorbem</span> <span class='ocrx_word' id='word_1_84' title='bbox 1457 1927 1742 1978; x_wconf 85' lang='lat' dir='ltr'>terrarum</span> <span class='ocrx_word' id='word_1_85' title='bbox 1768 1921 2070 1991; x_wconf 88' lang='lat' dir='ltr'>Ecclesias,</span> 
     </span>
    </p>
   </div>
   <div class='ocr_carea' id='block_1_20' title="bbox 427 2009 2074 2086">
    <p class='ocr_par' dir='ltr' id='par_1_20' title="bbox 427 2009 2074 2086">
     <span class='ocr_line' id='line_1_20' title="bbox 427 2009 2074 2086; baseline -0.006 -11"><span class='ocrx_word' id='word_1_86' title='bbox 427 2024 484 2075; x_wconf 90' lang='lat' dir='ltr'>et</span> <span class='ocrx_word' id='word_1_87' title='bbox 513 2016 854 2074; x_wconf 87' lang='lat' dir='ltr'>auctoritate</span> <span class='ocrx_word' id='word_1_88' title='bbox 886 2015 1214 2086; x_wconf 87' lang='lat' dir='ltr'>disponere,</span> <span class='ocrx_word' id='word_1_89' title='bbox 1249 2016 1305 2066; x_wconf 89' lang='lat' dir='ltr'>et</span> <span class='ocrx_word' id='word_1_90' title='bbox 1342 2011 1698 2083; x_wconf 80' lang='lat' dir='ltr'>benignitate</span> <span class='ocrx_word' id='word_1_91' title='bbox 1729 2009 2074 2066; x_wconf 87' lang='lat' dir='ltr'>clementius</span> 
     </span>
    </p>
   </div>
   <div class='ocr_carea' id='block_1_21' title="bbox 428 2098 2075 2172">
    <p class='ocr_par' dir='ltr' id='par_1_21' title="bbox 428 2098 2075 2172">
     <span class='ocr_line' id='line_1_21' title="bbox 428 2098 2075 2172; baseline -0.006 -9"><span class='ocrx_word' id='word_1_92' title='bbox 428 2105 979 2170; x_wconf 86' lang='lat' dir='ltr'>confovere.Quibus</span> <span class='ocrx_word' id='word_1_93' title='bbox 1014 2105 1207 2157; x_wconf 90' lang='lat' dir='ltr'>autem</span> <span class='ocrx_word' id='word_1_94' title='bbox 1234 2117 1501 2171; x_wconf 82' lang='lat' dir='ltr'>supernae</span> <span class='ocrx_word' id='word_1_95' title='bbox 1532 2100 1856 2170; x_wconf 86' lang='lat' dir='ltr'>majestatis</span> <span class='ocrx_word' id='word_1_96' title='bbox 1875 2098 2075 2172; x_wconf 85' lang='lat' dir='ltr'>digna-</span> 
     </span>
    </p>
   </div>
   <div class='ocr_carea' id='block_1_22' title="bbox 424 2187 2072 2268">
    <p class='ocr_par' dir='ltr' id='par_1_22' title="bbox 424 2187 2072 2268">
     <span class='ocr_line' id='line_1_22' title="bbox 424 2187 2072 2268; baseline -0.005 -16"><span class='ocrx_word' id='word_1_97' title='bbox 424 2198 503 2252; x_wconf 93' lang='lat' dir='ltr'>tio</span> <span class='ocrx_word' id='word_1_98' title='bbox 536 2194 734 2268; x_wconf 73' lang='lat' dir='ltr'>gratiaz</span> <span class='ocrx_word' id='word_1_99' title='bbox 770 2210 890 2248; x_wconf 69' lang='lat' dir='ltr'>sua:</span> <span class='ocrx_word' id='word_1_100' title='bbox 921 2189 1244 2263; x_wconf 86' lang='lat' dir='ltr'>pleniorem</span> <span class='ocrx_word' id='word_1_101' title='bbox 1275 2187 1523 2244; x_wconf 90' lang='lat' dir='ltr'>contulit</span> <span class='ocrx_word' id='word_1_102' title='bbox 1553 2187 1910 2260; x_wconf 85' lang='lat' dir='ltr'>largitatem,</span> <span class='ocrx_word' id='word_1_103' title='bbox 1944 2187 2072 2260; x_wconf 88' lang='lat' dir='ltr'>ipsa</span> 
     </span>
    </p>
   </div>
   <div class='ocr_carea' id='block_1_23' title="bbox 422 2276 2072 2349">
    <p class='ocr_par' dir='ltr' id='par_1_23' title="bbox 422 2276 2072 2349">
     <span class='ocr_line' id='line_1_23' title="bbox 422 2276 2072 2349; baseline -0.005 -9"><span class='ocrx_word' id='word_1_104' title='bbox 422 2285 597 2340; x_wconf 89' lang='lat' dir='ltr'>etiam</span> <span class='ocrx_word' id='word_1_105' title='bbox 629 2281 930 2338; x_wconf 88' lang='lat' dir='ltr'>consuevit</span> <span class='ocrx_word' id='word_1_106' title='bbox 959 2277 1424 2334; x_wconf 85' lang='lat' dir='ltr'>excellentiorem</span> <span class='ocrx_word' id='word_1_107' title='bbox 1439 2278 1805 2332; x_wconf 86' lang='lat' dir='ltr'>contribuere</span> <span class='ocrx_word' id='word_1_108' title='bbox 1824 2276 2072 2349; x_wconf 86' lang='lat' dir='ltr'>dignita-</span> 
     </span>
    </p>
   </div>
   <div class='ocr_carea' id='block_1_24' title="bbox 422 2365 2069 2429">
    <p class='ocr_par' dir='ltr' id='par_1_24' title="bbox 422 2365 2069 2429">
     <span class='ocr_line' id='line_1_24' title="bbox 422 2365 2069 2429; baseline -0.005 0"><span class='ocrx_word' id='word_1_109' title='bbox 422 2379 558 2429; x_wconf 88' lang='lat' dir='ltr'>tem.</span> <span class='ocrx_word' id='word_1_110' title='bbox 593 2372 755 2427; x_wconf 89' lang='lat' dir='ltr'>Unde</span> <span class='ocrx_word' id='word_1_111' title='bbox 786 2387 900 2424; x_wconf 90' lang='lat' dir='ltr'>non</span> <span class='ocrx_word' id='word_1_112' title='bbox 934 2367 1225 2424; x_wconf 89' lang='lat' dir='ltr'>immerito</span> <span class='ocrx_word' id='word_1_113' title='bbox 1250 2367 1612 2422; x_wconf 81' lang='lat' dir='ltr'>aestimamus</span> <span class='ocrx_word' id='word_1_114' title='bbox 1639 2365 2069 2421; x_wconf 88' lang='lat' dir='ltr'>Salernitanam</span> 
     </span>
    </p>
   </div>
   <div class='ocr_carea' id='block_1_25' title="bbox 421 2455 2067 2534">
    <p class='ocr_par' dir='ltr' id='par_1_25' title="bbox 421 2455 2067 2534">
     <span class='ocr_line' id='line_1_25' title="bbox 421 2455 2067 2534; baseline -0.005 -16"><span class='ocrx_word' id='word_1_115' title='bbox 421 2459 806 2534; x_wconf 86' lang='lat' dir='ltr'>amplioribus</span> <span class='ocrx_word' id='word_1_116' title='bbox 840 2461 1050 2513; x_wconf 70' lang='lat' dir='ltr'>nostra:</span> <span class='ocrx_word' id='word_1_117' title='bbox 1083 2456 1462 2529; x_wconf 83' lang='lat' dir='ltr'>benignitatis</span> <span class='ocrx_word' id='word_1_118' title='bbox 1508 2455 1851 2511; x_wconf 88' lang='lat' dir='ltr'>muneribus</span> <span class='ocrx_word' id='word_1_119' title='bbox 1887 2455 2067 2510; x_wconf 87' lang='lat' dir='ltr'>hono-</span> 
     </span>
    </p>
   </div>
   <div class='ocr_carea' id='block_1_26' title="bbox 423 2543 2068 2620">
    <p class='ocr_par' dir='ltr' id='par_1_26' title="bbox 423 2543 2068 2620">
     <span class='ocr_line' id='line_1_26' title="bbox 423 2543 2068 2620; baseline -0.005 -13"><span class='ocrx_word' id='word_1_120' title='bbox 423 2551 872 2620; x_wconf 87' lang='lat' dir='ltr'>randam,quam</span> <span class='ocrx_word' id='word_1_121' title='bbox 902 2546 1273 2617; x_wconf 82' lang='lat' dir='ltr'>omnipotens</span> <span class='ocrx_word' id='word_1_122' title='bbox 1291 2544 1575 2601; x_wconf 92' lang='lat' dir='ltr'>Dominus</span> <span class='ocrx_word' id='word_1_123' title='bbox 1587 2543 1809 2599; x_wconf 77' lang='lat' dir='ltr'>eximiae</span> <span class='ocrx_word' id='word_1_124' title='bbox 1828 2561 1946 2598; x_wconf 68' lang='lat' dir='ltr'>suae</span> <span class='ocrx_word' id='word_1_125' title='bbox 1967 2544 2068 2598; x_wconf 90' lang='lat' dir='ltr'>do-</span> 
     </span>
    </p>
   </div>
   <div class='ocr_carea' id='block_1_27' title="bbox 422 2632 2070 2710">
    <p class='ocr_par' dir='ltr' id='par_1_27' title="bbox 422 2632 2070 2710">
     <span class='ocr_line' id='line_1_27' title="bbox 422 2632 2070 2710; baseline -0.006 -14"><span class='ocrx_word' id='word_1_126' title='bbox 422 2638 679 2696; x_wconf 89' lang='lat' dir='ltr'>nationis</span> <span class='ocrx_word' id='word_1_127' title='bbox 711 2637 1092 2710; x_wconf 72' lang='lat' dir='ltr'>prazrogativa</span> <span class='ocrx_word' id='word_1_128' title='bbox 1122 2651 1224 2706; x_wconf 89' lang='lat' dir='ltr'>per</span> <span class='ocrx_word' id='word_1_129' title='bbox 1255 2633 1719 2689; x_wconf 89' lang='lat' dir='ltr'>misericordiam</span> <span class='ocrx_word' id='word_1_130' title='bbox 1751 2632 2070 2705; x_wconf 85' lang='lat' dir='ltr'>gratuitam</span> 
     </span>
    </p>
   </div>
   <div class='ocr_carea' id='block_1_28' title="bbox 422 2721 2069 2794">
    <p class='ocr_par' dir='ltr' id='par_1_28' title="bbox 422 2721 2069 2794">
     <span class='ocr_line' id='line_1_28' title="bbox 422 2721 2069 2794; baseline -0.004 -10"><span class='ocrx_word' id='word_1_131' title='bbox 422 2725 865 2785; x_wconf 65' lang='lat' dir='ltr'>sublimavitEx</span> <span class='ocrx_word' id='word_1_132' title='bbox 896 2723 1231 2780; x_wconf 83' lang='lat' dir='ltr'>novissimis</span> <span class='ocrx_word' id='word_1_133' title='bbox 1264 2740 1516 2794; x_wconf 85' lang='lat' dir='ltr'>namque</span> <span class='ocrx_word' id='word_1_134' title='bbox 1531 2728 1818 2778; x_wconf 88' lang='lat' dir='ltr'>terrarum</span> <span class='ocrx_word' id='word_1_135' title='bbox 1850 2721 2069 2777; x_wconf 88' lang='lat' dir='ltr'>ﬁnibus</span> 
     </span>
    </p>
   </div>
   <div class='ocr_carea' id='block_1_29' title="bbox 420 2809 2067 2885">
    <p class='ocr_par' dir='ltr' id='par_1_29' title="bbox 420 2809 2067 2885">
     <span class='ocr_line' id='line_1_29' title="bbox 420 2809 2067 2885; baseline -0.005 -12"><span class='ocrx_word' id='word_1_136' title='bbox 420 2818 482 2873; x_wconf 91' lang='lat' dir='ltr'>B.</span> <span class='ocrx_word' id='word_1_137' title='bbox 519 2814 774 2872; x_wconf 71' lang='lat' dir='ltr'>Matthaai</span> <span class='ocrx_word' id='word_1_138' title='bbox 806 2812 1051 2885; x_wconf 86' lang='lat' dir='ltr'>apostoli</span> <span class='ocrx_word' id='word_1_139' title='bbox 1079 2816 1137 2867; x_wconf 92' lang='lat' dir='ltr'>et</span> <span class='ocrx_word' id='word_1_140' title='bbox 1168 2811 1534 2883; x_wconf 63' lang='lat' dir='ltr'>evangelista:</span> <span class='ocrx_word' id='word_1_141' title='bbox 1562 2827 1776 2883; x_wconf 90' lang='lat' dir='ltr'>corpus</span> <span class='ocrx_word' id='word_1_142' title='bbox 1810 2812 1880 2866; x_wconf 89' lang='lat' dir='ltr'>ad</span> <span class='ocrx_word' id='word_1_143' title='bbox 1915 2809 2067 2865; x_wconf 88' lang='lat' dir='ltr'>hanc</span> 
     </span>
    </p>
   </div>
   <div class='ocr_carea' id='block_1_30' title="bbox 420 2898 2067 2974">
    <p class='ocr_par' dir='ltr' id='par_1_30' title="bbox 420 2898 2067 2974">
     <span class='ocr_line' id='line_1_30' title="bbox 420 2898 2067 2974; baseline -0.004 -14"><span class='ocrx_word' id='word_1_144' title='bbox 420 2903 814 2974; x_wconf 78' lang='lat' dir='ltr'>deferri,apud</span> <span class='ocrx_word' id='word_1_145' title='bbox 845 2901 994 2955; x_wconf 86' lang='lat' dir='ltr'>hanc</span> <span class='ocrx_word' id='word_1_146' title='bbox 1014 2900 1212 2955; x_wconf 89' lang='lat' dir='ltr'>haberi</span> <span class='ocrx_word' id='word_1_147' title='bbox 1245 2898 1708 2955; x_wconf 86' lang='lat' dir='ltr'>clementissima</span> <span class='ocrx_word' id='word_1_148' title='bbox 1737 2916 1855 2955; x_wconf 68' lang='lat' dir='ltr'>sua:</span> <span class='ocrx_word' id='word_1_149' title='bbox 1878 2899 2067 2970; x_wconf 92' lang='lat' dir='ltr'>dispo-</span> 
     </span>
    </p>
   </div>
   <div class='ocr_carea' id='block_1_31' title="bbox 422 2986 2066 3063">
    <p class='ocr_par' dir='ltr' id='par_1_31' title="bbox 422 2986 2066 3063">
     <span class='ocr_line' id='line_1_31' title="bbox 422 2986 2066 3063; baseline -0.005 -14"><span class='ocrx_word' id='word_1_150' title='bbox 422 2993 652 3049; x_wconf 91' lang='lat' dir='ltr'>sitionis</span> <span class='ocrx_word' id='word_1_151' title='bbox 685 2990 1023 3063; x_wconf 83' lang='lat' dir='ltr'>dignatione</span> <span class='ocrx_word' id='word_1_152' title='bbox 1053 2988 1534 3061; x_wconf 89' lang='lat' dir='ltr'>permisit;cujus</span> <span class='ocrx_word' id='word_1_153' title='bbox 1564 2986 1788 3043; x_wconf 88' lang='lat' dir='ltr'>scilicet</span> <span class='ocrx_word' id='word_1_154' title='bbox 1818 2987 2066 3059; x_wconf 87' lang='lat' dir='ltr'>apostoli</span> 
     </span>
    </p>
   </div>
   <div class='ocr_carea' id='block_1_32' title="bbox 422 3075 2067 3155">
    <p class='ocr_par' dir='ltr' id='par_1_32' title="bbox 422 3075 2067 3155">
     <span class='ocr_line' id='line_1_32' title="bbox 422 3075 2067 3155; baseline -0.004 -17"><span class='ocrx_word' id='word_1_155' title='bbox 422 3086 642 3155; x_wconf 88' lang='lat' dir='ltr'>quanta</span> <span class='ocrx_word' id='word_1_156' title='bbox 667 3081 743 3135; x_wconf 90' lang='lat' dir='ltr'>sit</span> <span class='ocrx_word' id='word_1_157' title='bbox 775 3080 829 3134; x_wconf 91' lang='lat' dir='ltr'>in</span> <span class='ocrx_word' id='word_1_158' title='bbox 864 3080 978 3134; x_wconf 92' lang='lat' dir='ltr'>Deo</span> <span class='ocrx_word' id='word_1_159' title='bbox 1010 3082 1066 3133; x_wconf 89' lang='lat' dir='ltr'>et</span> <span class='ocrx_word' id='word_1_160' title='bbox 1097 3077 1348 3133; x_wconf 83' lang='lat' dir='ltr'>Ecclesia</span> <span class='ocrx_word' id='word_1_161' title='bbox 1371 3076 1566 3149; x_wconf 78' lang='lat' dir='ltr'>gloriae</span> <span class='ocrx_word' id='word_1_162' title='bbox 1597 3075 1935 3132; x_wconf 85' lang='lat' dir='ltr'>excellentia</span> <span class='ocrx_word' id='word_1_163' title='bbox 1956 3076 2067 3132; x_wconf 84' lang='lat' dir='ltr'>col-</span> 
     </span>
    </p>
   </div>
   <div class='ocr_carea' id='block_1_33' title="bbox 420 3166 2067 3238">
    <p class='ocr_par' dir='ltr' id='par_1_33' title="bbox 420 3166 2067 3238">
     <span class='ocr_line' id='line_1_33' title="bbox 420 3166 2067 3238; baseline -0.003 -12"><span class='ocrx_word' id='word_1_164' title='bbox 420 3172 671 3228; x_wconf 86' lang='lat' dir='ltr'>latorum</span> <span class='ocrx_word' id='word_1_165' title='bbox 704 3168 982 3224; x_wconf 89' lang='lat' dir='ltr'>divinitus</span> <span class='ocrx_word' id='word_1_166' title='bbox 996 3182 1307 3222; x_wconf 89' lang='lat' dir='ltr'>munerum</span> <span class='ocrx_word' id='word_1_167' title='bbox 1323 3166 1511 3238; x_wconf 86' lang='lat' dir='ltr'>gratia</span> <span class='ocrx_word' id='word_1_168' title='bbox 1523 3166 1818 3222; x_wconf 89' lang='lat' dir='ltr'>cumulata</span> <span class='ocrx_word' id='word_1_169' title='bbox 1829 3166 2067 3221; x_wconf 90' lang='lat' dir='ltr'>demon-</span> 
     </span>
    </p>
   </div>
   <div class='ocr_carea' id='block_1_34' title="bbox 2192 587 3847 664">
    <p class='ocr_par' dir='ltr' id='par_1_34' title="bbox 2192 587 3847 664">
     <span class='ocr_line' id='line_1_34' title="bbox 2192 587 3847 664; baseline 0.002 -20"><span class='ocrx_word' id='word_1_170' title='bbox 2192 606 2370 662; x_wconf 88' lang='lat' dir='ltr'>quam</span> <span class='ocrx_word' id='word_1_171' title='bbox 2383 587 3026 646; x_wconf 87' lang='lat' dir='ltr'>charissimiﬁliinostri</span> <span class='ocrx_word' id='word_1_172' title='bbox 3049 589 3216 646; x_wconf 90' lang='lat' dir='ltr'>ducis</span> <span class='ocrx_word' id='word_1_173' title='bbox 3239 588 3847 664; x_wconf 83' lang='lat' dir='ltr'>Rogerii,quisemper</span> 
     </span>
    </p>
   </div>
   <div class='ocr_carea' id='block_1_35' title="bbox 2192 677 3842 752">
    <p class='ocr_par' dir='ltr' id='par_1_35' title="bbox 2192 677 3842 752">
     <span class='ocr_line' id='line_1_35' title="bbox 2192 677 3842 752; baseline 0.002 -18"><span class='ocrx_word' id='word_1_174' title='bbox 2192 677 2521 752; x_wconf 71' lang='lat' dir='ltr'>apostolicae</span> <span class='ocrx_word' id='word_1_175' title='bbox 2576 679 2698 735; x_wconf 89' lang='lat' dir='ltr'>sedi</span> <span class='ocrx_word' id='word_1_176' title='bbox 2749 677 2999 735; x_wconf 90' lang='lat' dir='ltr'>ﬁdeliter</span> <span class='ocrx_word' id='word_1_177' title='bbox 3057 679 3369 735; x_wconf 90' lang='lat' dir='ltr'>obsecutus</span> <span class='ocrx_word' id='word_1_178' title='bbox 3420 685 3530 748; x_wconf 88' lang='lat' dir='ltr'>est,</span> <span class='ocrx_word' id='word_1_179' title='bbox 3576 683 3842 737; x_wconf 84' lang='lat' dir='ltr'>veterum</span> 
     </span>
    </p>
   </div>
   <div class='ocr_carea' id='block_1_36' title="bbox 2191 766 3838 842">
    <p class='ocr_par' dir='ltr' id='par_1_36' title="bbox 2191 766 3838 842">
     <span class='ocr_line' id='line_1_36' title="bbox 2191 766 3838 842; baseline 0.002 -18"><span class='ocrx_word' id='word_1_180' title='bbox 2191 769 2366 824; x_wconf 89' lang='lat' dir='ltr'>etiam</span> <span class='ocrx_word' id='word_1_181' title='bbox 2435 766 2701 825; x_wconf 76' lang='lat' dir='ltr'>Ecclesiae</span> <span class='ocrx_word' id='word_1_182' title='bbox 2759 772 2961 824; x_wconf 85' lang='lat' dir='ltr'>vestrae</span> <span class='ocrx_word' id='word_1_183' title='bbox 3017 767 3455 842; x_wconf 88' lang='lat' dir='ltr'>privilegiorum</span> <span class='ocrx_word' id='word_1_184' title='bbox 3511 769 3838 827; x_wconf 84' lang='lat' dir='ltr'>rationibus</span> 
     </span>
    </p>
   </div>
   <div class='ocr_carea' id='block_1_37' title="bbox 2191 853 3840 930">
    <p class='ocr_par' dir='ltr' id='par_1_37' title="bbox 2191 853 3840 930">
     <span class='ocr_line' id='line_1_37' title="bbox 2191 853 3840 930; baseline 0.004 -20"><span class='ocrx_word' id='word_1_185' title='bbox 2191 856 2509 924; x_wconf 76' lang='lat' dir='ltr'>informati,</span> <span class='ocrx_word' id='word_1_186' title='bbox 2572 857 2698 922; x_wconf 91' lang='lat' dir='ltr'>tibi,</span> <span class='ocrx_word' id='word_1_187' title='bbox 2750 857 3022 929; x_wconf 90' lang='lat' dir='ltr'>deinceps</span> <span class='ocrx_word' id='word_1_188' title='bbox 3077 857 3315 930; x_wconf 90' lang='lat' dir='ltr'>tuisque</span> <span class='ocrx_word' id='word_1_189' title='bbox 3375 853 3840 928; x_wconf 84' lang='lat' dir='ltr'>successoribus,</span> 
     </span>
    </p>
   </div>
   <div class='ocr_carea' id='block_1_38' title="bbox 2191 945 3838 1018">
    <p class='ocr_par' dir='ltr' id='par_1_38' title="bbox 2191 945 3838 1018">
     <span class='ocr_line' id='line_1_38' title="bbox 2191 945 3838 1018; baseline 0.001 -16"><span class='ocrx_word' id='word_1_190' title='bbox 2191 963 2366 1018; x_wconf 90' lang='lat' dir='ltr'>super</span> <span class='ocrx_word' id='word_1_191' title='bbox 2396 945 2726 1002; x_wconf 86' lang='lat' dir='ltr'>Consanam</span> <span class='ocrx_word' id='word_1_192' title='bbox 2757 950 2814 1001; x_wconf 89' lang='lat' dir='ltr'>et</span> <span class='ocrx_word' id='word_1_193' title='bbox 2843 945 3300 1002; x_wconf 87' lang='lat' dir='ltr'>Acheruntinam</span> <span class='ocrx_word' id='word_1_194' title='bbox 3342 947 3627 1004; x_wconf 91' lang='lat' dir='ltr'>Ecclesias</span> <span class='ocrx_word' id='word_1_195' title='bbox 3658 952 3715 1003; x_wconf 90' lang='lat' dir='ltr'>et</span> <span class='ocrx_word' id='word_1_196' title='bbox 3744 965 3838 1004; x_wconf 85' lang='lat' dir='ltr'>ea-</span> 
     </span>
    </p>
   </div>
   <div class='ocr_carea' id='block_1_39' title="bbox 2192 1035 3838 1109">
    <p class='ocr_par' dir='ltr' id='par_1_39' title="bbox 2192 1035 3838 1109">
     <span class='ocr_line' id='line_1_39' title="bbox 2192 1035 3838 1109; baseline 0.001 -19"><span class='ocrx_word' id='word_1_197' title='bbox 2192 1053 2320 1090; x_wconf 87' lang='lat' dir='ltr'>rum</span> <span class='ocrx_word' id='word_1_198' title='bbox 2355 1036 2753 1106; x_wconf 81' lang='lat' dir='ltr'>suti‘raganeos</span> <span class='ocrx_word' id='word_1_199' title='bbox 2786 1035 3103 1106; x_wconf 82' lang='lat' dir='ltr'>primatum</span> <span class='ocrx_word' id='word_1_200' title='bbox 3147 1052 3345 1108; x_wconf 88' lang='lat' dir='ltr'>gerere</span> <span class='ocrx_word' id='word_1_201' title='bbox 3393 1052 3464 1091; x_wconf 76' lang='lat' dir='ltr'>ex</span> <span class='ocrx_word' id='word_1_202' title='bbox 3509 1036 3838 1109; x_wconf 60' lang='lat' dir='ltr'>apostolicae</span> 
     </span>
    </p>
   </div>
   <div class='ocr_carea' id='block_1_40' title="bbox 2190 1123 3836 1182">
    <p class='ocr_par' dir='ltr' id='par_1_40' title="bbox 2190 1123 3836 1182">
     <span class='ocr_line' id='line_1_40' title="bbox 2190 1123 3836 1182; baseline 0.001 -2"><span class='ocrx_word' id='word_1_203' title='bbox 2190 1125 2344 1180; x_wconf 85' lang='lat' dir='ltr'>sedis</span> <span class='ocrx_word' id='word_1_204' title='bbox 2391 1123 2734 1179; x_wconf 85' lang='lat' dir='ltr'>liberalitate</span> <span class='ocrx_word' id='word_1_205' title='bbox 2765 1123 3158 1180; x_wconf 89' lang='lat' dir='ltr'>concedimus.</span> <span class='ocrx_word' id='word_1_206' title='bbox 3192 1125 3308 1180; x_wconf 84' lang='lat' dir='ltr'>Has</span> <span class='ocrx_word' id='word_1_207' title='bbox 3333 1124 3614 1181; x_wconf 90' lang='lat' dir='ltr'>nimirum</span> <span class='ocrx_word' id='word_1_208' title='bbox 3645 1125 3836 1182; x_wconf 88' lang='lat' dir='ltr'>Eccle-</span> 
     </span>
    </p>
   </div>
   <div class='ocr_carea' id='block_1_41' title="bbox 2189 1212 3836 1288">
    <p class='ocr_par' dir='ltr' id='par_1_41' title="bbox 2189 1212 3836 1288">
     <span class='ocr_line' id='line_1_41' title="bbox 2189 1212 3836 1288; baseline 0.001 -19"><span class='ocrx_word' id='word_1_209' title='bbox 2189 1214 2328 1279; x_wconf 90' lang='lat' dir='ltr'>sias,</span> <span class='ocrx_word' id='word_1_210' title='bbox 2360 1213 2478 1268; x_wconf 92' lang='lat' dir='ltr'>sive</span> <span class='ocrx_word' id='word_1_211' title='bbox 2509 1213 2771 1269; x_wconf 83' lang='lat' dir='ltr'>civitates</span> <span class='ocrx_word' id='word_1_212' title='bbox 2809 1212 3077 1269; x_wconf 56' lang='lat' dir='ltr'>Ecclesia</span> <span class='ocrx_word' id='word_1_213' title='bbox 3125 1218 3329 1270; x_wconf 86' lang='lat' dir='ltr'>vestrae</span> <span class='ocrx_word' id='word_1_214' title='bbox 3364 1213 3668 1288; x_wconf 88' lang='lat' dir='ltr'>privilegia</span> <span class='ocrx_word' id='word_1_215' title='bbox 3699 1232 3836 1272; x_wconf 91' lang='lat' dir='ltr'>con-</span> 
     </span>
    </p>
   </div>
   <div class='ocr_carea' id='block_1_42' title="bbox 2185 1300 3835 1375">
    <p class='ocr_par' dir='ltr' id='par_1_42' title="bbox 2185 1300 3835 1375">
     <span class='ocr_line' id='line_1_42' title="bbox 2185 1300 3835 1375; baseline 0.001 -18"><span class='ocrx_word' id='word_1_216' title='bbox 2185 1301 2392 1369; x_wconf 88' lang='lat' dir='ltr'>tinent,</span> <span class='ocrx_word' id='word_1_217' title='bbox 2427 1307 2709 1373; x_wconf 87' lang='lat' dir='ltr'>tanquam</span> <span class='ocrx_word' id='word_1_218' title='bbox 2736 1305 2938 1356; x_wconf 60' lang='lat' dir='ltr'>vestrae</span> <span class='ocrx_word' id='word_1_219' title='bbox 2989 1300 3298 1374; x_wconf 86' lang='lat' dir='ltr'>metropoli</span> <span class='ocrx_word' id='word_1_220' title='bbox 3330 1301 3469 1357; x_wconf 91' lang='lat' dir='ltr'>olim</span> <span class='ocrx_word' id='word_1_221' title='bbox 3503 1319 3571 1358; x_wconf 86' lang='lat' dir='ltr'>ex</span> <span class='ocrx_word' id='word_1_222' title='bbox 3601 1308 3835 1375; x_wconf 86' lang='lat' dir='ltr'>aposto-</span> 
     </span>
    </p>
   </div>
   <div class='ocr_carea' id='block_1_43' title="bbox 2187 1390 3827 1465">
    <p class='ocr_par' dir='ltr' id='par_1_43' title="bbox 2187 1390 3827 1465">
     <span class='ocr_line' id='line_1_43' title="bbox 2187 1390 3827 1465; baseline 0.002 -20"><span class='ocrx_word' id='word_1_223' title='bbox 2187 1390 2306 1446; x_wconf 87' lang='lat' dir='ltr'>licae</span> <span class='ocrx_word' id='word_1_224' title='bbox 2341 1390 2497 1446; x_wconf 91' lang='lat' dir='ltr'>sedis</span> <span class='ocrx_word' id='word_1_225' title='bbox 2547 1391 2918 1446; x_wconf 88' lang='lat' dir='ltr'>concessione</span> <span class='ocrx_word' id='word_1_226' title='bbox 2951 1391 3269 1462; x_wconf 89' lang='lat' dir='ltr'>subjectas.</span> <span class='ocrx_word' id='word_1_227' title='bbox 3305 1391 3542 1459; x_wconf 91' lang='lat' dir='ltr'>Verum,</span> <span class='ocrx_word' id='word_1_228' title='bbox 3575 1397 3630 1447; x_wconf 92' lang='lat' dir='ltr'>et</span> <span class='ocrx_word' id='word_1_229' title='bbox 3660 1391 3827 1465; x_wconf 84' lang='lat' dir='ltr'>ipsae,</span> 
     </span>
    </p>
   </div>
   <div class='ocr_carea' id='block_1_44' title="bbox 2186 1472 3891 1553">
    <p class='ocr_par' dir='ltr' id='par_1_44' title="bbox 2186 1472 3891 1553">
     <span class='ocr_line' id='line_1_44' title="bbox 2186 1472 3891 1553; baseline 0.001 -19"><span class='ocrx_word' id='word_1_230' title='bbox 2186 1496 2303 1551; x_wconf 83' lang='lat' dir='ltr'>qua</span> <span class='ocrx_word' id='word_1_231' title='bbox 2333 1480 2629 1535; x_wconf 87' lang='lat' dir='ltr'>nescimus</span> <span class='ocrx_word' id='word_1_232' title='bbox 2659 1478 2900 1550; x_wconf 86' lang='lat' dir='ltr'>ratione,</span> <span class='ocrx_word' id='word_1_233' title='bbox 2935 1484 2991 1535; x_wconf 89' lang='lat' dir='ltr'>et</span> <span class='ocrx_word' id='word_1_234' title='bbox 3021 1479 3177 1552; x_wconf 89' lang='lat' dir='ltr'>pallii</span> <span class='ocrx_word' id='word_1_235' title='bbox 3207 1480 3574 1552; x_wconf 88' lang='lat' dir='ltr'>dignitatem,</span> <span class='ocrx_word' id='word_1_236' title='bbox 3627 1485 3684 1536; x_wconf 91' lang='lat' dir='ltr'>et</span> <span class='ocrx_word' id='word_1_237' title='bbox 3714 1481 3835 1553; x_wconf 90' lang='lat' dir='ltr'>pri-</span> <span class='ocrx_word' id='word_1_238' title='bbox 3885 1472 3891 1477; x_wconf 73' lang='grc'><em>’</em></span> 
     </span>
    </p>
   </div>
   <div class='ocr_carea' id='block_1_45' title="bbox 2185 1567 3837 1643">
    <p class='ocr_par' dir='ltr' id='par_1_45' title="bbox 2185 1567 3837 1643">
     <span class='ocr_line' id='line_1_45' title="bbox 2185 1567 3837 1643; baseline 0.002 -20"><span class='ocrx_word' id='word_1_239' title='bbox 2185 1567 2527 1642; x_wconf 89' lang='lat' dir='ltr'>vilegiorum</span> <span class='ocrx_word' id='word_1_240' title='bbox 2576 1567 2981 1624; x_wconf 88' lang='lat' dir='ltr'>auctoritatem</span> <span class='ocrx_word' id='word_1_241' title='bbox 3037 1569 3342 1641; x_wconf 88' lang='lat' dir='ltr'>praeteritis</span> <span class='ocrx_word' id='word_1_242' title='bbox 3389 1570 3754 1643; x_wconf 86' lang='lat' dir='ltr'>temporibus</span> <span class='ocrx_word' id='word_1_243' title='bbox 3801 1587 3837 1626; x_wconf 90' lang='lat' dir='ltr'>a</span> 
     </span>
    </p>
   </div>
   <div class='ocr_carea' id='block_1_46' title="bbox 2187 1656 3064 1730">
    <p class='ocr_par' dir='ltr' id='par_1_46' title="bbox 2187 1656 3064 1730">
     <span class='ocr_line' id='line_1_46' title="bbox 2187 1656 3064 1730; baseline -0.001 -18"><span class='ocrx_word' id='word_1_244' title='bbox 2187 1659 2320 1714; x_wconf 90' lang='lat' dir='ltr'>sede</span> <span class='ocrx_word' id='word_1_245' title='bbox 2352 1656 2673 1730; x_wconf 88' lang='lat' dir='ltr'>apostolica</span> <span class='ocrx_word' id='word_1_246' title='bbox 2705 1662 3064 1712; x_wconf 88' lang='lat' dir='ltr'>meruerunt.</span> 
     </span>
    </p>
   </div>
   <div class='ocr_carea' id='block_1_47' title="bbox 2254 1746 3837 1819">
    <p class='ocr_par' dir='ltr' id='par_1_47' title="bbox 2254 1746 3837 1819">
     <span class='ocr_line' id='line_1_47' title="bbox 2254 1746 3837 1819; baseline 0.004 -20"><span class='ocrx_word' id='word_1_247' title='bbox 2254 1747 2470 1803; x_wconf 88' lang='lat' dir='ltr'>Verum</span> <span class='ocrx_word' id='word_1_248' title='bbox 2501 1747 2640 1819; x_wconf 87' lang='lat' dir='ltr'>quia</span> <span class='ocrx_word' id='word_1_249' title='bbox 2690 1746 3184 1818; x_wconf 83' lang='lat' dir='ltr'>praedecessorum</span> <span class='ocrx_word' id='word_1_250' title='bbox 3235 1749 3568 1803; x_wconf 90' lang='lat' dir='ltr'>nostrorum</span> <span class='ocrx_word' id='word_1_251' title='bbox 3616 1751 3837 1805; x_wconf 86' lang='lat' dir='ltr'>statuta</span> 
     </span>
    </p>
   </div>
   <div class='ocr_carea' id='block_1_48' title="bbox 2186 1835 3834 1909">
    <p class='ocr_par' dir='ltr' id='par_1_48' title="bbox 2186 1835 3834 1909">
     <span class='ocr_line' id='line_1_48' title="bbox 2186 1835 3834 1909; baseline 0.001 -18"><span class='ocrx_word' id='word_1_252' title='bbox 2186 1835 2526 1892; x_wconf 88' lang='lat' dir='ltr'>inconvulsa</span> <span class='ocrx_word' id='word_1_253' title='bbox 2556 1840 2614 1892; x_wconf 89' lang='lat' dir='ltr'>et</span> <span class='ocrx_word' id='word_1_254' title='bbox 2643 1835 2992 1891; x_wconf 85' lang='lat' dir='ltr'>intemerata</span> <span class='ocrx_word' id='word_1_255' title='bbox 3023 1852 3256 1891; x_wconf 86' lang='lat' dir='ltr'>manere</span> <span class='ocrx_word' id='word_1_256' title='bbox 3283 1835 3670 1909; x_wconf 89' lang='lat' dir='ltr'>cupimus,eis</span> <span class='ocrx_word' id='word_1_257' title='bbox 3701 1838 3834 1909; x_wconf 86' lang='lat' dir='ltr'>qui-</span> 
     </span>
    </p>
   </div>
   <div class='ocr_carea' id='block_1_49' title="bbox 2184 1923 3834 1997">
    <p class='ocr_par' dir='ltr' id='par_1_49' title="bbox 2184 1923 3834 1997">
     <span class='ocr_line' id='line_1_49' title="bbox 2184 1923 3834 1997; baseline 0.002 -18"><span class='ocrx_word' id='word_1_258' title='bbox 2184 1925 2317 1979; x_wconf 89' lang='lat' dir='ltr'>dem</span> <span class='ocrx_word' id='word_1_259' title='bbox 2367 1925 2610 1997; x_wconf 84' lang='lat' dir='ltr'>propriae</span> <span class='ocrx_word' id='word_1_260' title='bbox 2643 1923 2948 1995; x_wconf 86' lang='lat' dir='ltr'>dignitatis</span> <span class='ocrx_word' id='word_1_261' title='bbox 2993 1924 3242 1997; x_wconf 87' lang='lat' dir='ltr'>gratiam</span> <span class='ocrx_word' id='word_1_262' title='bbox 3297 1942 3736 1995; x_wconf 78' lang='lat' dir='ltr'>conservemus,</span> <span class='ocrx_word' id='word_1_263' title='bbox 3771 1932 3834 1982; x_wconf 91' lang='lat' dir='ltr'>ut</span> 
     </span>
    </p>
   </div>
   <div class='ocr_carea' id='block_1_50' title="bbox 2182 2013 3831 2086">
    <p class='ocr_par' dir='ltr' id='par_1_50' title="bbox 2182 2013 3831 2086">
     <span class='ocr_line' id='line_1_50' title="bbox 2182 2013 3831 2086; baseline 0.002 -18"><span class='ocrx_word' id='word_1_264' title='bbox 2182 2013 2660 2086; x_wconf 85' lang='lat' dir='ltr'>archiepiscOpali</span> <span class='ocrx_word' id='word_1_265' title='bbox 2691 2013 2909 2068; x_wconf 91' lang='lat' dir='ltr'>honore</span> <span class='ocrx_word' id='word_1_266' title='bbox 2941 2030 3007 2068; x_wconf 90' lang='lat' dir='ltr'>ac</span> <span class='ocrx_word' id='word_1_267' title='bbox 3041 2013 3277 2069; x_wconf 89' lang='lat' dir='ltr'>nomine</span> <span class='ocrx_word' id='word_1_268' title='bbox 3290 2013 3831 2085; x_wconf 62' lang='lat' dir='ltr'>potianturNestrze</span> 
     </span>
    </p>
   </div>
   <div class='ocr_carea' id='block_1_51' title="bbox 2181 2101 3829 2176">
    <p class='ocr_par' dir='ltr' id='par_1_51' title="bbox 2181 2101 3829 2176">
     <span class='ocr_line' id='line_1_51' title="bbox 2181 2101 3829 2176; baseline 0.001 -18"><span class='ocrx_word' id='word_1_269' title='bbox 2181 2120 2312 2159; x_wconf 91' lang='lat' dir='ltr'>vero</span> <span class='ocrx_word' id='word_1_270' title='bbox 2352 2103 2615 2159; x_wconf 77' lang='lat' dir='ltr'>Ecclesiae</span> <span class='ocrx_word' id='word_1_271' title='bbox 2659 2119 2899 2158; x_wconf 89' lang='lat' dir='ltr'>suorum</span> <span class='ocrx_word' id='word_1_272' title='bbox 2945 2101 3384 2175; x_wconf 89' lang='lat' dir='ltr'>privilegiorum</span> <span class='ocrx_word' id='word_1_273' title='bbox 3431 2103 3829 2176; x_wconf 85' lang='lat' dir='ltr'>integritatem</span> 
     </span>
    </p>
   </div>
   <div class='ocr_carea' id='block_1_52' title="bbox 2182 2190 3826 2263">
    <p class='ocr_par' dir='ltr' id='par_1_52' title="bbox 2182 2190 3826 2263">
     <span class='ocr_line' id='line_1_52' title="bbox 2182 2190 3826 2263; baseline 0.001 -17"><span class='ocrx_word' id='word_1_274' title='bbox 2182 2191 2291 2247; x_wconf 90' lang='lat' dir='ltr'>hoc</span> <span class='ocrx_word' id='word_1_275' title='bbox 2311 2193 2514 2248; x_wconf 89' lang='lat' dir='ltr'>ordine</span> <span class='ocrx_word' id='word_1_276' title='bbox 2544 2190 3232 2263; x_wconf 89' lang='lat' dir='ltr'>restituimus.Quidquid</span> <span class='ocrx_word' id='word_1_277' title='bbox 3264 2191 3443 2262; x_wconf 91' lang='lat' dir='ltr'>igitur</span> <span class='ocrx_word' id='word_1_278' title='bbox 3472 2194 3826 2262; x_wconf 63' lang='lat' dir='ltr'>reverentiae,</span> 
     </span>
    </p>
   </div>
   <div class='ocr_carea' id='block_1_53' title="bbox 2181 2279 3828 2353">
    <p class='ocr_par' dir='ltr' id='par_1_53' title="bbox 2181 2279 3828 2353">
     <span class='ocr_line' id='line_1_53' title="bbox 2181 2279 3828 2353; baseline 0.002 -17"><span class='ocrx_word' id='word_1_279' title='bbox 2181 2280 2466 2353; x_wconf 88' lang='lat' dir='ltr'>quidquid</span> <span class='ocrx_word' id='word_1_280' title='bbox 2523 2279 2903 2350; x_wconf 88' lang='lat' dir='ltr'>subjectionis</span> <span class='ocrx_word' id='word_1_281' title='bbox 2961 2279 3315 2352; x_wconf 90' lang='lat' dir='ltr'>primatibus</span> <span class='ocrx_word' id='word_1_282' title='bbox 3373 2281 3828 2352; x_wconf 86' lang='lat' dir='ltr'>persolvendum</span> 
     </span>
    </p>
   </div>
   <div class='ocr_carea' id='block_1_54' title="bbox 2181 2369 3829 2443">
    <p class='ocr_par' dir='ltr' id='par_1_54' title="bbox 2181 2369 3829 2443">
     <span class='ocr_line' id='line_1_54' title="bbox 2181 2369 3829 2443; baseline 0.002 -19"><span class='ocrx_word' id='word_1_283' title='bbox 2181 2386 2480 2430; x_wconf 86' lang='lat' dir='ltr'>sacrorum</span> <span class='ocrx_word' id='word_1_284' title='bbox 2497 2385 2787 2424; x_wconf 90' lang='lat' dir='ltr'>canonum</span> <span class='ocrx_word' id='word_1_285' title='bbox 2804 2369 3034 2424; x_wconf 89' lang='lat' dir='ltr'>decreta</span> <span class='ocrx_word' id='word_1_286' title='bbox 3045 2369 3542 2438; x_wconf 86' lang='lat' dir='ltr'>constituunt,tibi</span> <span class='ocrx_word' id='word_1_287' title='bbox 3556 2371 3829 2443; x_wconf 87' lang='lat' dir='ltr'>deinceps</span> 
     </span>
    </p>
   </div>
   <div class='ocr_carea' id='block_1_55' title="bbox 2180 2457 3830 2530">
    <p class='ocr_par' dir='ltr' id='par_1_55' title="bbox 2180 2457 3830 2530">
     <span class='ocr_line' id='line_1_55' title="bbox 2180 2457 3830 2530; baseline 0.002 -17"><span class='ocrx_word' id='word_1_288' title='bbox 2180 2459 2414 2530; x_wconf 86' lang='lat' dir='ltr'>tuisque</span> <span class='ocrx_word' id='word_1_289' title='bbox 2447 2457 2885 2513; x_wconf 88' lang='lat' dir='ltr'>successoribus</span> <span class='ocrx_word' id='word_1_290' title='bbox 2918 2457 3198 2529; x_wconf 78' lang='lat' dir='ltr'>legitimis</span> <span class='ocrx_word' id='word_1_291' title='bbox 3229 2476 3262 2514; x_wconf 91' lang='lat' dir='ltr'>a</span> <span class='ocrx_word' id='word_1_292' title='bbox 3291 2459 3830 2526; x_wconf 86' lang='lat' dir='ltr'>Consano,etAche-</span> 
     </span>
    </p>
   </div>
   <div class='ocr_carea' id='block_1_56' title="bbox 2180 2545 3829 2617">
    <p class='ocr_par' dir='ltr' id='par_1_56' title="bbox 2180 2545 3829 2617">
     <span class='ocr_line' id='line_1_56' title="bbox 2180 2545 3829 2617; baseline 0.002 -16"><span class='ocrx_word' id='word_1_293' title='bbox 2180 2547 2416 2602; x_wconf 90' lang='lat' dir='ltr'>runtino</span> <span class='ocrx_word' id='word_1_294' title='bbox 2466 2545 2901 2617; x_wconf 89' lang='lat' dir='ltr'>archiepiscopo</span> <span class='ocrx_word' id='word_1_295' title='bbox 2954 2545 3337 2616; x_wconf 89' lang='lat' dir='ltr'>persolvatur.</span> <span class='ocrx_word' id='word_1_296' title='bbox 3370 2547 3519 2613; x_wconf 88' lang='lat' dir='ltr'>Quin</span> <span class='ocrx_word' id='word_1_297' title='bbox 3551 2548 3725 2604; x_wconf 85' lang='lat' dir='ltr'>etiam</span> <span class='ocrx_word' id='word_1_298' title='bbox 3757 2566 3829 2606; x_wconf 83' lang='lat' dir='ltr'>ex</span> 
     </span>
    </p>
   </div>
   <div class='ocr_carea' id='block_1_57' title="bbox 2177 2633 3827 2707">
    <p class='ocr_par' dir='ltr' id='par_1_57' title="bbox 2177 2633 3827 2707">
     <span class='ocr_line' id='line_1_57' title="bbox 2177 2633 3827 2707; baseline 0.002 -17"><span class='ocrx_word' id='word_1_299' title='bbox 2177 2635 2537 2691; x_wconf 89' lang='lat' dir='ltr'>abundantia</span> <span class='ocrx_word' id='word_1_300' title='bbox 2578 2634 2776 2707; x_wconf 71' lang='lat' dir='ltr'>gratiae</span> <span class='ocrx_word' id='word_1_301' title='bbox 2822 2633 3100 2705; x_wconf 87' lang='lat' dir='ltr'>plenioris</span> <span class='ocrx_word' id='word_1_302' title='bbox 3152 2635 3483 2706; x_wconf 85' lang='lat' dir='ltr'>adjicimus,</span> <span class='ocrx_word' id='word_1_303' title='bbox 3531 2641 3596 2692; x_wconf 91' lang='lat' dir='ltr'>ut</span> <span class='ocrx_word' id='word_1_304' title='bbox 3648 2638 3827 2694; x_wconf 89' lang='lat' dir='ltr'>etiam</span> 
     </span>
    </p>
   </div>
   <div class='ocr_carea' id='block_1_58' title="bbox 2177 2721 3828 2799">
    <p class='ocr_par' dir='ltr' id='par_1_58' title="bbox 2177 2721 3828 2799">
     <span class='ocr_line' id='line_1_58' title="bbox 2177 2721 3828 2799; baseline 0.002 -20"><span class='ocrx_word' id='word_1_305' title='bbox 2177 2728 2459 2797; x_wconf 70' lang='lat' dir='ltr'>prwscnte</span> <span class='ocrx_word' id='word_1_306' title='bbox 2492 2727 2760 2780; x_wconf 77' lang='lat' dir='ltr'>Romanae</span> <span class='ocrx_word' id='word_1_307' title='bbox 2801 2721 2992 2795; x_wconf 89' lang='lat' dir='ltr'>legato</span> <span class='ocrx_word' id='word_1_308' title='bbox 3043 2723 3311 2779; x_wconf 58' lang='lat' dir='ltr'>Ecclesia</span> <span class='ocrx_word' id='word_1_309' title='bbox 3362 2725 3421 2779; x_wconf 91' lang='lat' dir='ltr'>in</span> <span class='ocrx_word' id='word_1_310' title='bbox 3472 2726 3828 2799; x_wconf 87' lang='lat' dir='ltr'>supradictis</span> 
     </span>
    </p>
   </div>
   <div class='ocr_carea' id='block_1_59' title="bbox 2177 2810 3825 2887">
    <p class='ocr_par' dir='ltr' id='par_1_59' title="bbox 2177 2810 3825 2887">
     <span class='ocr_line' id='line_1_59' title="bbox 2177 2810 3825 2887; baseline 0.001 -18"><span class='ocrx_word' id='word_1_311' title='bbox 2177 2814 2408 2869; x_wconf 90' lang='lat' dir='ltr'>duabus</span> <span class='ocrx_word' id='word_1_312' title='bbox 2443 2810 2909 2883; x_wconf 87' lang='lat' dir='ltr'>metropolitanis</span> <span class='ocrx_word' id='word_1_313' title='bbox 2941 2812 3210 2881; x_wconf 88' lang='lat' dir='ltr'>urbibus,</span> <span class='ocrx_word' id='word_1_314' title='bbox 3245 2829 3377 2868; x_wconf 90' lang='lat' dir='ltr'>cum</span> <span class='ocrx_word' id='word_1_315' title='bbox 3421 2817 3522 2870; x_wconf 88' lang='lat' dir='ltr'>tuo</span> <span class='ocrx_word' id='word_1_316' title='bbox 3573 2831 3825 2887; x_wconf 89' lang='lat' dir='ltr'>semper,</span> 
     </span>
    </p>
   </div>
   <div class='ocr_carea' id='block_1_60' title="bbox 2177 2900 3828 2977">
    <p class='ocr_par' dir='ltr' id='par_1_60' title="bbox 2177 2900 3828 2977">
     <span class='ocr_line' id='line_1_60' title="bbox 2177 2900 3828 2977; baseline 0.001 -19"><span class='ocrx_word' id='word_1_317' title='bbox 2177 2908 2279 2958; x_wconf 87' lang='lat' dir='ltr'>aut</span> <span class='ocrx_word' id='word_1_318' title='bbox 2337 2917 2743 2958; x_wconf 89' lang='lat' dir='ltr'>successorum</span> <span class='ocrx_word' id='word_1_319' title='bbox 2801 2904 3035 2956; x_wconf 87' lang='lat' dir='ltr'>tuorum</span> <span class='ocrx_word' id='word_1_320' title='bbox 3104 2900 3346 2957; x_wconf 90' lang='lat' dir='ltr'>consilio</span> <span class='ocrx_word' id='word_1_321' title='bbox 3405 2902 3828 2977; x_wconf 86' lang='lat' dir='ltr'>archiepiscopi</span> 
     </span>
    </p>
   </div>
   <div class='ocr_carea' id='block_1_61' title="bbox 2175 2989 3826 3063">
    <p class='ocr_par' dir='ltr' id='par_1_61' title="bbox 2175 2989 3826 3063">
     <span class='ocr_line' id='line_1_61' title="bbox 2175 2989 3826 3063; baseline 0.001 -16"><span class='ocrx_word' id='word_1_322' title='bbox 2175 2991 2487 3063; x_wconf 88' lang='lat' dir='ltr'>eligantur,</span> <span class='ocrx_word' id='word_1_323' title='bbox 2536 3007 2672 3045; x_wconf 88' lang='lat' dir='ltr'>cum</span> <span class='ocrx_word' id='word_1_324' title='bbox 2715 2989 2925 3045; x_wconf 84' lang='lat' dir='ltr'>vestris</span> <span class='ocrx_word' id='word_1_325' title='bbox 2975 2990 3150 3045; x_wconf 89' lang='lat' dir='ltr'>etiam</span> <span class='ocrx_word' id='word_1_326' title='bbox 3204 2989 3432 3058; x_wconf 87' lang='lat' dir='ltr'>litteris,</span> <span class='ocrx_word' id='word_1_327' title='bbox 3482 2996 3583 3048; x_wconf 88' lang='lat' dir='ltr'>aut</span> <span class='ocrx_word' id='word_1_328' title='bbox 3630 2993 3826 3048; x_wconf 88' lang='lat' dir='ltr'>nuntii</span> 
     </span>
    </p>
   </div>
   <div class='ocr_carea' id='block_1_62' title="bbox 2176 3077 3829 3152">
    <p class='ocr_par' dir='ltr' id='par_1_62' title="bbox 2176 3077 3829 3152">
     <span class='ocr_line' id='line_1_62' title="bbox 2176 3077 3829 3152; baseline 0 -16"><span class='ocrx_word' id='word_1_329' title='bbox 2176 3078 2552 3136; x_wconf 90' lang='lat' dir='ltr'>consecrandi</span> <span class='ocrx_word' id='word_1_330' title='bbox 2599 3078 2669 3134; x_wconf 91' lang='lat' dir='ltr'>ad</span> <span class='ocrx_word' id='word_1_331' title='bbox 2721 3077 2918 3133; x_wconf 90' lang='lat' dir='ltr'>sedem</span> <span class='ocrx_word' id='word_1_332' title='bbox 2952 3078 3332 3150; x_wconf 83' lang='lat' dir='ltr'>apostolicam</span> <span class='ocrx_word' id='word_1_333' title='bbox 3383 3078 3729 3152; x_wconf 87' lang='lat' dir='ltr'>dirigantur,</span> <span class='ocrx_word' id='word_1_334' title='bbox 3767 3085 3829 3136; x_wconf 88' lang='lat' dir='ltr'>et</span> 
     </span>
    </p>
   </div>
   <div class='ocr_carea' id='block_1_63' title="bbox 2174 3167 3828 3241">
    <p class='ocr_par' dir='ltr' id='par_1_63' title="bbox 2174 3167 3828 3241">
     <span class='ocr_line' id='line_1_63' title="bbox 2174 3167 3828 3241; baseline -0.001 -16"><span class='ocrx_word' id='word_1_335' title='bbox 2174 3169 2313 3225; x_wconf 87' lang='lat' dir='ltr'>item</span> <span class='ocrx_word' id='word_1_336' title='bbox 2343 3169 2455 3241; x_wconf 90' lang='lat' dir='ltr'>ipsi</span> <span class='ocrx_word' id='word_1_337' title='bbox 2481 3168 2551 3223; x_wconf 89' lang='lat' dir='ltr'>ad</span> <span class='ocrx_word' id='word_1_338' title='bbox 2576 3182 2983 3222; x_wconf 87' lang='lat' dir='ltr'>successorum</span> <span class='ocrx_word' id='word_1_339' title='bbox 2997 3171 3232 3223; x_wconf 91' lang='lat' dir='ltr'>tuorum</span> <span class='ocrx_word' id='word_1_340' title='bbox 3259 3167 3597 3224; x_wconf 87' lang='lat' dir='ltr'>electionem</span> <span class='ocrx_word' id='word_1_341' title='bbox 3612 3167 3828 3225; x_wconf 88' lang='lat' dir='ltr'>nihilo-</span> 
     </span>
    </p>
   </div>
   <div class='ocr_carea' id='block_1_64' title="bbox 418 3232 3820 3329">
    <p class='ocr_par' dir='ltr' id='par_1_64' title="bbox 418 3232 3820 3329">
     <span class='ocr_line' id='line_1_64' title="bbox 418 3232 3820 3329; baseline -0.001 -14"><span class='ocrx_word' id='word_1_342' title='bbox 418 3260 664 3316; x_wconf 71' lang='lat' dir='ltr'>trat.liic</span> <span class='ocrx_word' id='word_1_343' title='bbox 695 3259 850 3314; x_wconf 86' lang='lat' dir='ltr'>enim</span> <span class='ocrx_word' id='word_1_344' title='bbox 878 3257 1528 3329; x_wconf 85' lang='lat' dir='ltr'>primusintercaeteros</span> <span class='ocrx_word' id='word_1_345' title='bbox 1545 3255 2063 3328; x_wconf 89' lang='lat' dir='ltr'>Evangeliiseriem</span> <span class='ocrx_word' id='word_1_346' title='bbox 2094 3232 2137 3300; x_wconf 67' lang='grc' dir='ltr'>(ἶ</span> <span class='ocrx_word' id='word_1_347' title='bbox 2177 3258 2373 3314; x_wconf 90' lang='lat' dir='ltr'>minus</span> <span class='ocrx_word' id='word_1_348' title='bbox 2422 3257 2790 3312; x_wconf 83' lang='lat' dir='ltr'>advocentur.</span> <span class='ocrx_word' id='word_1_349' title='bbox 2827 3254 2962 3310; x_wconf 90' lang='lat' dir='ltr'>Post</span> <span class='ocrx_word' id='word_1_350' title='bbox 3009 3257 3507 3314; x_wconf 88' lang='lat' dir='ltr'>consecrationem</span> <span class='ocrx_word' id='word_1_351' title='bbox 3547 3274 3700 3325; x_wconf 91' lang='lat' dir='ltr'>vero,</span> <span class='ocrx_word' id='word_1_352' title='bbox 3731 3257 3820 3314; x_wconf 88' lang='lat' dir='ltr'>vel</span> 
     </span>
    </p>
   </div>
   <div class='ocr_carea' id='block_1_65' title="bbox 422 3345 2064 3418">
    <p class='ocr_par' dir='ltr' id='par_1_65' title="bbox 422 3345 2064 3418">
     <span class='ocr_line' id='line_1_65' title="bbox 422 3345 2064 3418; baseline -0.004 -13"><span class='ocrx_word' id='word_1_353' title='bbox 422 3349 674 3405; x_wconf 89' lang='lat' dir='ltr'>scribere</span> <span class='ocrx_word' id='word_1_354' title='bbox 722 3346 1105 3418; x_wconf 86' lang='lat' dir='ltr'>inspiratione</span> <span class='ocrx_word' id='word_1_355' title='bbox 1155 3345 1352 3401; x_wconf 89' lang='lat' dir='ltr'>divina</span> <span class='ocrx_word' id='word_1_356' title='bbox 1397 3360 1638 3400; x_wconf 87' lang='lat' dir='ltr'>exorsus</span> <span class='ocrx_word' id='word_1_357' title='bbox 1686 3348 1794 3400; x_wconf 87' lang='lat' dir='ltr'>est.</span> <span class='ocrx_word' id='word_1_358' title='bbox 1844 3345 1944 3400; x_wconf 88' lang='lat' dir='ltr'>Hic</span> <span class='ocrx_word' id='word_1_359' title='bbox 2003 3345 2064 3398; x_wconf 90' lang='lat' dir='ltr'>in</span> 
     </span>
    </p>
   </div>
   <div class='ocr_carea' id='block_1_66' title="bbox 420 3433 2065 3492">
    <p class='ocr_par' dir='ltr' id='par_1_66' title="bbox 420 3433 2065 3492">
     <span class='ocr_line' id='line_1_66' title="bbox 420 3433 2065 3492; baseline -0.002 0"><span class='ocrx_word' id='word_1_360' title='bbox 420 3436 601 3492; x_wconf 89' lang='lat' dir='ltr'>divini</span> <span class='ocrx_word' id='word_1_361' title='bbox 633 3435 876 3492; x_wconf 88' lang='lat' dir='ltr'>seminis</span> <span class='ocrx_word' id='word_1_362' title='bbox 907 3435 1094 3489; x_wconf 89' lang='lat' dir='ltr'>fructu</span> <span class='ocrx_word' id='word_1_363' title='bbox 1119 3435 1296 3489; x_wconf 87' lang='lat' dir='ltr'>trium</span> <span class='ocrx_word' id='word_1_364' title='bbox 1327 3433 1600 3489; x_wconf 88' lang='lat' dir='ltr'>ordinum</span> <span class='ocrx_word' id='word_1_365' title='bbox 1631 3450 1902 3489; x_wconf 89' lang='lat' dir='ltr'>coronam</span> <span class='ocrx_word' id='word_1_366' title='bbox 1937 3449 2065 3490; x_wconf 87' lang='lat' dir='ltr'>cen-</span> 
     </span>
    </p>
   </div>
   <div class='ocr_carea' id='block_1_67' title="bbox 423 3521 2062 3594">
    <p class='ocr_par' dir='ltr' id='par_1_67' title="bbox 423 3521 2062 3594">
     <span class='ocr_line' id='line_1_67' title="bbox 423 3521 2062 3594; baseline -0.002 -13"><span class='ocrx_word' id='word_1_367' title='bbox 423 3525 694 3581; x_wconf 88' lang='lat' dir='ltr'>tesimam</span> <span class='ocrx_word' id='word_1_368' title='bbox 721 3521 1096 3594; x_wconf 89' lang='lat' dir='ltr'>singulariter</span> <span class='ocrx_word' id='word_1_369' title='bbox 1125 3521 1530 3593; x_wconf 83' lang='lat' dir='ltr'>reportavit,ut</span> <span class='ocrx_word' id='word_1_370' title='bbox 1551 3522 1727 3576; x_wconf 88' lang='lat' dir='ltr'>simul</span> <span class='ocrx_word' id='word_1_371' title='bbox 1745 3523 2062 3593; x_wconf 85' lang='lat' dir='ltr'>apostolus,</span> 
     </span>
    </p>
   </div>
   <div class='ocr_carea' id='block_1_68' title="bbox 421 3609 2065 3683">
    <p class='ocr_par' dir='ltr' id='par_1_68' title="bbox 421 3609 2065 3683">
     <span class='ocr_line' id='line_1_68' title="bbox 421 3609 2065 3683; baseline -0.001 -15"><span class='ocrx_word' id='word_1_372' title='bbox 421 3611 778 3683; x_wconf 87' lang='lat' dir='ltr'>evangelista</span> <span class='ocrx_word' id='word_1_373' title='bbox 825 3614 883 3665; x_wconf 90' lang='lat' dir='ltr'>et</span> <span class='ocrx_word' id='word_1_374' title='bbox 928 3614 1148 3681; x_wconf 78' lang='lat' dir='ltr'>martyr</span> <span class='ocrx_word' id='word_1_375' title='bbox 1195 3609 1482 3665; x_wconf 87' lang='lat' dir='ltr'>existeret.</span> <span class='ocrx_word' id='word_1_376' title='bbox 1531 3610 1757 3679; x_wconf 87' lang='lat' dir='ltr'>Adjecit</span> <span class='ocrx_word' id='word_1_377' title='bbox 1814 3611 1884 3665; x_wconf 89' lang='lat' dir='ltr'>ad</span> <span class='ocrx_word' id='word_1_378' title='bbox 1945 3611 2065 3667; x_wconf 62' lang='lat' dir='ltr'>hac</span> 
     </span>
    </p>
   </div>
   <div class='ocr_carea' id='block_1_69' title="bbox 421 3690 2062 3772">
    <p class='ocr_par' dir='ltr' id='par_1_69' title="bbox 421 3690 2062 3772">
     <span class='ocr_line' id='line_1_69' title="bbox 421 3690 2062 3772; baseline -0.001 -15"><span class='ocrx_word' id='word_1_379' title='bbox 421 3700 789 3772; x_wconf 89' lang='lat' dir='ltr'>omnipotens</span> <span class='ocrx_word' id='word_1_380' title='bbox 813 3690 1096 3753; x_wconf 78' lang='lat' dir='ltr'>Dominus</span> <span class='ocrx_word' id='word_1_381' title='bbox 1129 3701 1194 3751; x_wconf 92' lang='lat' dir='ltr'>ut</span> <span class='ocrx_word' id='word_1_382' title='bbox 1222 3698 1487 3752; x_wconf 89' lang='lat' dir='ltr'>eamdem</span> <span class='ocrx_word' id='word_1_383' title='bbox 1511 3696 1825 3753; x_wconf 87' lang='lat' dir='ltr'>Ecclesiam</span> <span class='ocrx_word' id='word_1_384' title='bbox 1851 3698 2062 3770; x_wconf 89' lang='lat' dir='ltr'>glorio-</span> 
     </span>
    </p>
   </div>
   <div class='ocr_carea' id='block_1_70' title="bbox 421 3785 2063 3859">
    <p class='ocr_par' dir='ltr' id='par_1_70' title="bbox 421 3785 2063 3859">
     <span class='ocr_line' id='line_1_70' title="bbox 421 3785 2063 3859; baseline -0.001 -14"><span class='ocrx_word' id='word_1_385' title='bbox 421 3806 621 3846; x_wconf 87' lang='lat' dir='ltr'>sorum</span> <span class='ocrx_word' id='word_1_386' title='bbox 644 3791 988 3859; x_wconf 79' lang='lat' dir='ltr'>martyrum,</span> <span class='ocrx_word' id='word_1_387' title='bbox 1024 3785 1346 3853; x_wconf 83' lang='lat' dir='ltr'>Fortunati,</span> <span class='ocrx_word' id='word_1_388' title='bbox 1381 3786 1507 3841; x_wconf 89' lang='lat' dir='ltr'>Gaii</span> <span class='ocrx_word' id='word_1_389' title='bbox 1533 3791 1589 3842; x_wconf 89' lang='lat' dir='ltr'>et</span> <span class='ocrx_word' id='word_1_390' title='bbox 1615 3786 1834 3843; x_wconf 89' lang='lat' dir='ltr'>Anthes</span> <span class='ocrx_word' id='word_1_391' title='bbox 1858 3788 2063 3843; x_wconf 92' lang='lat' dir='ltr'>trium-</span> 
     </span>
    </p>
   </div>
   <div class='ocr_carea' id='block_1_71' title="bbox 420 3875 2062 3952">
    <p class='ocr_par' dir='ltr' id='par_1_71' title="bbox 420 3875 2062 3952">
     <span class='ocr_line' id='line_1_71' title="bbox 420 3875 2062 3952; baseline 0 -18"><span class='ocrx_word' id='word_1_392' title='bbox 420 3879 554 3952; x_wconf 90' lang='lat' dir='ltr'>phis</span> <span class='ocrx_word' id='word_1_393' title='bbox 571 3877 746 3933; x_wconf 87' lang='lat' dir='ltr'>simul</span> <span class='ocrx_word' id='word_1_394' title='bbox 775 3881 830 3932; x_wconf 89' lang='lat' dir='ltr'>et</span> <span class='ocrx_word' id='word_1_395' title='bbox 857 3875 1200 3947; x_wconf 88' lang='lat' dir='ltr'>corporibus</span> <span class='ocrx_word' id='word_1_396' title='bbox 1230 3875 1558 3930; x_wconf 87' lang='lat' dir='ltr'>honoraret.</span> <span class='ocrx_word' id='word_1_397' title='bbox 1585 3875 1867 3948; x_wconf 87' lang='lat' dir='ltr'>Apposuit</span> <span class='ocrx_word' id='word_1_398' title='bbox 1888 3878 2062 3934; x_wconf 89' lang='lat' dir='ltr'>etiam</span> 
     </span>
    </p>
   </div>
   <div class='ocr_carea' id='block_1_72' title="bbox 417 3963 2060 4037">
    <p class='ocr_par' dir='ltr' id='par_1_72' title="bbox 417 3963 2060 4037">
     <span class='ocr_line' id='line_1_72' title="bbox 417 3963 2060 4037; baseline -0.001 -13"><span class='ocrx_word' id='word_1_399' title='bbox 417 3967 570 4024; x_wconf 88' lang='lat' dir='ltr'>tertii</span> <span class='ocrx_word' id='word_1_400' title='bbox 587 3965 847 4022; x_wconf 87' lang='lat' dir='ltr'>muneris</span> <span class='ocrx_word' id='word_1_401' title='bbox 863 3963 1181 4019; x_wconf 89' lang='lat' dir='ltr'>claritatem</span> <span class='ocrx_word' id='word_1_402' title='bbox 1194 3967 1279 4030; x_wconf 89' lang='lat' dir='ltr'>,ut</span> <span class='ocrx_word' id='word_1_403' title='bbox 1293 3980 1418 4019; x_wconf 89' lang='lat' dir='ltr'>eam</span> <span class='ocrx_word' id='word_1_404' title='bbox 1430 3963 1665 4029; x_wconf 89' lang='lat' dir='ltr'>,nostris</span> <span class='ocrx_word' id='word_1_405' title='bbox 1678 3965 2060 4037; x_wconf 88' lang='lat' dir='ltr'>temporibus,</span> 
     </span>
    </p>
   </div>
   <div class='ocr_carea' id='block_1_73' title="bbox 418 4052 2062 4129">
    <p class='ocr_par' dir='ltr' id='par_1_73' title="bbox 418 4052 2062 4129">
     <span class='ocr_line' id='line_1_73' title="bbox 418 4052 2062 4129; baseline -0.001 -15"><span class='ocrx_word' id='word_1_406' title='bbox 418 4055 676 4129; x_wconf 88' lang='lat' dir='ltr'>Gregorii</span> <span class='ocrx_word' id='word_1_407' title='bbox 709 4053 1039 4126; x_wconf 71' lang='lat' dir='ltr'>apostolicae</span> <span class='ocrx_word' id='word_1_408' title='bbox 1071 4052 1364 4109; x_wconf 81' lang='lat' dir='ltr'>memoriae</span> <span class='ocrx_word' id='word_1_409' title='bbox 1397 4070 1555 4125; x_wconf 68' lang='lat' dir='ltr'>papae</span> <span class='ocrx_word' id='word_1_410' title='bbox 1586 4054 1685 4109; x_wconf 82' lang='lat' dir='ltr'>VII</span> <span class='ocrx_word' id='word_1_411' title='bbox 1716 4058 1835 4110; x_wconf 88' lang='lat' dir='ltr'>tam</span> <span class='ocrx_word' id='word_1_412' title='bbox 1862 4056 2062 4112; x_wconf 86' lang='lat' dir='ltr'>exsilio</span> 
     </span>
    </p>
   </div>
   <div class='ocr_carea' id='block_1_74' title="bbox 417 4142 2059 4219">
    <p class='ocr_par' dir='ltr' id='par_1_74' title="bbox 417 4142 2059 4219">
     <span class='ocr_line' id='line_1_74' title="bbox 417 4142 2059 4219; baseline -0.002 -17"><span class='ocrx_word' id='word_1_413' title='bbox 417 4162 594 4219; x_wconf 89' lang='lat' dir='ltr'>quam</span> <span class='ocrx_word' id='word_1_414' title='bbox 626 4143 855 4200; x_wconf 90' lang='lat' dir='ltr'>tumulo</span> <span class='ocrx_word' id='word_1_415' title='bbox 886 4142 1221 4198; x_wconf 87' lang='lat' dir='ltr'>illustraret.</span> <span class='ocrx_word' id='word_1_416' title='bbox 1243 4142 1424 4213; x_wconf 87' lang='lat' dir='ltr'>Cujus</span> <span class='ocrx_word' id='word_1_417' title='bbox 1457 4160 1633 4215; x_wconf 89' lang='lat' dir='ltr'>quam</span> <span class='ocrx_word' id='word_1_418' title='bbox 1664 4145 1896 4216; x_wconf 85' lang='lat' dir='ltr'>egregia</span> <span class='ocrx_word' id='word_1_419' title='bbox 1923 4144 2059 4213; x_wconf 89' lang='lat' dir='ltr'>vita,</span> 
     </span>
    </p>
   </div>
   <div class='ocr_carea' id='block_1_75' title="bbox 415 4231 2061 4307">
    <p class='ocr_par' dir='ltr' id='par_1_75' title="bbox 415 4231 2061 4307">
     <span class='ocr_line' id='line_1_75' title="bbox 415 4231 2061 4307; baseline -0.002 -16"><span class='ocrx_word' id='word_1_420' title='bbox 415 4252 592 4307; x_wconf 89' lang='lat' dir='ltr'>quam</span> <span class='ocrx_word' id='word_1_421' title='bbox 620 4233 895 4305; x_wconf 62' lang='lat' dir='ltr'>praeclara</span> <span class='ocrx_word' id='word_1_422' title='bbox 925 4232 1401 4301; x_wconf 84' lang='lat' dir='ltr'>doctrina,quam</span> <span class='ocrx_word' id='word_1_423' title='bbox 1437 4231 1704 4288; x_wconf 87' lang='lat' dir='ltr'>miranda</span> <span class='ocrx_word' id='word_1_424' title='bbox 1734 4233 2061 4288; x_wconf 84' lang='lat' dir='ltr'>constantia</span> 
     </span>
    </p>
   </div>
   <div class='ocr_carea' id='block_1_76' title="bbox 416 4320 2057 4392">
    <p class='ocr_par' dir='ltr' id='par_1_76' title="bbox 416 4320 2057 4392">
     <span class='ocr_line' id='line_1_76' title="bbox 416 4320 2057 4392; baseline -0.003 -13"><span class='ocrx_word' id='word_1_425' title='bbox 416 4323 880 4389; x_wconf 82' lang='lat' dir='ltr'>fuerit,Romana</span> <span class='ocrx_word' id='word_1_426' title='bbox 892 4320 1144 4376; x_wconf 81' lang='lat' dir='ltr'>Ecclesia</span> <span class='ocrx_word' id='word_1_427' title='bbox 1159 4321 1740 4392; x_wconf 70' lang='lat' dir='ltr'>prmdicat,Occidens</span> <span class='ocrx_word' id='word_1_428' title='bbox 1755 4321 2057 4374; x_wconf 89' lang='lat' dir='ltr'>universus</span> 
     </span>
    </p>
   </div>
   <div class='ocr_carea' id='block_1_77' title="bbox 417 4407 2058 4484">
    <p class='ocr_par' dir='ltr' id='par_1_77' title="bbox 417 4407 2058 4484">
     <span class='ocr_line' id='line_1_77' title="bbox 417 4407 2058 4484; baseline -0.004 -17"><span class='ocrx_word' id='word_1_429' title='bbox 417 4410 1082 4484; x_wconf 85' lang='lat' dir='ltr'>agnoscit,tyrannorum</span> <span class='ocrx_word' id='word_1_430' title='bbox 1116 4409 1438 4480; x_wconf 82' lang='lat' dir='ltr'>pertinacia</span> <span class='ocrx_word' id='word_1_431' title='bbox 1469 4408 1712 4463; x_wconf 90' lang='lat' dir='ltr'>tolerata</span> <span class='ocrx_word' id='word_1_432' title='bbox 1741 4411 1798 4461; x_wconf 89' lang='lat' dir='ltr'>et</span> <span class='ocrx_word' id='word_1_433' title='bbox 1830 4407 2058 4462; x_wconf 91' lang='lat' dir='ltr'>concul-</span> 
     </span>
    </p>
   </div>
   <div class='ocr_carea' id='block_1_78' title="bbox 416 4494 2056 4568">
    <p class='ocr_par' dir='ltr' id='par_1_78' title="bbox 416 4494 2056 4568">
     <span class='ocr_line' id='line_1_78' title="bbox 416 4494 2056 4568; baseline -0.003 -12"><span class='ocrx_word' id='word_1_434' title='bbox 416 4505 544 4556; x_wconf 89' lang='lat' dir='ltr'>cata</span> <span class='ocrx_word' id='word_1_435' title='bbox 563 4498 952 4553; x_wconf 88' lang='lat' dir='ltr'>testatur.Nec</span> <span class='ocrx_word' id='word_1_436' title='bbox 985 4497 1128 4552; x_wconf 89' lang='lat' dir='ltr'>illud</span> <span class='ocrx_word' id='word_1_437' title='bbox 1161 4495 1664 4568; x_wconf 81' lang='lat' dir='ltr'>tanquamingrati</span> <span class='ocrx_word' id='word_1_438' title='bbox 1691 4494 2056 4566; x_wconf 74' lang='lat' dir='ltr'>praeterimus</span> 
     </span>
    </p>
   </div>
   <div class='ocr_carea' id='block_1_79' title="bbox 2175 3343 3819 3420">
    <p class='ocr_par' dir='ltr' id='par_1_79' title="bbox 2175 3343 3819 3420">
     <span class='ocr_line' id='line_1_79' title="bbox 2175 3343 3819 3420; baseline 0 -18"><span class='ocrx_word' id='word_1_439' title='bbox 2175 3347 2415 3420; x_wconf 89' lang='lat' dir='ltr'>pallium</span> <span class='ocrx_word' id='word_1_440' title='bbox 2447 3347 2518 3400; x_wconf 90' lang='lat' dir='ltr'>ab</span> <span class='ocrx_word' id='word_1_441' title='bbox 2549 3343 2869 3417; x_wconf 87' lang='lat' dir='ltr'>apostolica</span> <span class='ocrx_word' id='word_1_442' title='bbox 2898 3344 3033 3400; x_wconf 90' lang='lat' dir='ltr'>sede</span> <span class='ocrx_word' id='word_1_443' title='bbox 3065 3351 3422 3418; x_wconf 88' lang='lat' dir='ltr'>perceptum,</span> <span class='ocrx_word' id='word_1_444' title='bbox 3449 3345 3553 3402; x_wconf 89' lang='lat' dir='ltr'>tibi</span> <span class='ocrx_word' id='word_1_445' title='bbox 3583 3345 3819 3418; x_wconf 87' lang='lat' dir='ltr'>tuisque</span> 
     </span>
    </p>
   </div>
   <div class='ocr_carea' id='block_1_80' title="bbox 2174 3433 3817 3506">
    <p class='ocr_par' dir='ltr' id='par_1_80' title="bbox 2174 3433 3817 3506">
     <span class='ocr_line' id='line_1_80' title="bbox 2174 3433 3817 3506; baseline -0.001 -14"><span class='ocrx_word' id='word_1_446' title='bbox 2174 3434 2631 3500; x_wconf 89' lang='lat' dir='ltr'>successoribus,</span> <span class='ocrx_word' id='word_1_447' title='bbox 2663 3438 2947 3505; x_wconf 85' lang='lat' dir='ltr'>tanquam</span> <span class='ocrx_word' id='word_1_448' title='bbox 2977 3433 3232 3505; x_wconf 89' lang='lat' dir='ltr'>primati,</span> <span class='ocrx_word' id='word_1_449' title='bbox 3267 3434 3654 3492; x_wconf 89' lang='lat' dir='ltr'>obedientiam</span> <span class='ocrx_word' id='word_1_450' title='bbox 3685 3451 3817 3506; x_wconf 88' lang='lat' dir='ltr'>pro-</span> 
     </span>
    </p>
   </div>
   <div class='ocr_carea' id='block_1_81' title="bbox 2175 3522 3816 3590">
    <p class='ocr_par' dir='ltr' id='par_1_81' title="bbox 2175 3522 3816 3590">
     <span class='ocr_line' id='line_1_81' title="bbox 2175 3522 3816 3590; baseline -0.002 -9"><span class='ocrx_word' id='word_1_451' title='bbox 2175 3525 2411 3581; x_wconf 87' lang='lat' dir='ltr'>mittant</span> <span class='ocrx_word' id='word_1_452' title='bbox 2441 3529 2497 3581; x_wconf 87' lang='lat' dir='ltr'>et</span> <span class='ocrx_word' id='word_1_453' title='bbox 2521 3523 2851 3590; x_wconf 85' lang='lat' dir='ltr'>exhibeant,</span> <span class='ocrx_word' id='word_1_454' title='bbox 2885 3523 3048 3577; x_wconf 88' lang='lat' dir='ltr'>salva</span> <span class='ocrx_word' id='word_1_455' title='bbox 3076 3522 3135 3577; x_wconf 90' lang='lat' dir='ltr'>in</span> <span class='ocrx_word' id='word_1_456' title='bbox 3184 3523 3461 3579; x_wconf 89' lang='lat' dir='ltr'>omnibus</span> <span class='ocrx_word' id='word_1_457' title='bbox 3490 3523 3816 3580; x_wconf 87' lang='lat' dir='ltr'>secundum</span> 
     </span>
    </p>
   </div>
   <div class='ocr_carea' id='block_1_82' title="bbox 2147 3610 3817 3679">
    <p class='ocr_par' dir='ltr' id='par_1_82' title="bbox 2147 3610 3817 3679">
     <span class='ocr_line' id='line_1_82' title="bbox 2147 3610 3817 3679; baseline -0.003 -8"><span class='ocrx_word' id='word_1_458' title='bbox 2147 3614 2484 3678; x_wconf 61' lang='lat' dir='ltr'>,canonicas</span> <span class='ocrx_word' id='word_1_459' title='bbox 2507 3610 3139 3678; x_wconf 55' lang='lat' dir='ltr'>sanctionesﬁomanae</span> <span class='ocrx_word' id='word_1_460' title='bbox 3171 3611 3516 3666; x_wconf 85' lang='lat' dir='ltr'>auctoritate</span> <span class='ocrx_word' id='word_1_461' title='bbox 3531 3611 3817 3679; x_wconf 83' lang='lat' dir='ltr'>Ecclesiae,</span> 
     </span>
    </p>
   </div>
   <div class='ocr_carea' id='block_1_83' title="bbox 2176 3697 3819 3776">
    <p class='ocr_par' dir='ltr' id='par_1_83' title="bbox 2176 3697 3819 3776">
     <span class='ocr_line' id='line_1_83' title="bbox 2176 3697 3819 3776; baseline -0.002 -18"><span class='ocrx_word' id='word_1_462' title='bbox 2176 3704 2437 3776; x_wconf 90' lang='lat' dir='ltr'>ipsarum</span> <span class='ocrx_word' id='word_1_463' title='bbox 2470 3702 2646 3758; x_wconf 85' lang='lat' dir='ltr'>etiam</span> <span class='ocrx_word' id='word_1_464' title='bbox 2679 3699 2914 3756; x_wconf 89' lang='lat' dir='ltr'>urbium</span> <span class='ocrx_word' id='word_1_465' title='bbox 2949 3697 3266 3770; x_wconf 89' lang='lat' dir='ltr'>privilegiis</span> <span class='ocrx_word' id='word_1_466' title='bbox 3307 3700 3484 3754; x_wconf 87' lang='lat' dir='ltr'>robur</span> <span class='ocrx_word' id='word_1_467' title='bbox 3513 3699 3819 3772; x_wconf 90' lang='lat' dir='ltr'>proprium</span> 
     </span>
    </p>
   </div>
   <div class='ocr_carea' id='block_1_84' title="bbox 2173 3787 3822 3860">
    <p class='ocr_par' dir='ltr' id='par_1_84' title="bbox 2173 3787 3822 3860">
     <span class='ocr_line' id='line_1_84' title="bbox 2173 3787 3822 3860; baseline -0.003 -11"><span class='ocrx_word' id='word_1_468' title='bbox 2173 3793 2596 3849; x_wconf 89' lang='lat' dir='ltr'>obtinentibus.</span> <span class='ocrx_word' id='word_1_469' title='bbox 2632 3790 2869 3860; x_wconf 89' lang='lat' dir='ltr'>Oportet</span> <span class='ocrx_word' id='word_1_470' title='bbox 2908 3787 3087 3859; x_wconf 86' lang='lat' dir='ltr'>igitur</span> <span class='ocrx_word' id='word_1_471' title='bbox 3124 3792 3182 3842; x_wconf 91' lang='lat' dir='ltr'>et</span> <span class='ocrx_word' id='word_1_472' title='bbox 3229 3804 3328 3843; x_wconf 92' lang='lat' dir='ltr'>vos</span> <span class='ocrx_word' id='word_1_473' title='bbox 3381 3787 3822 3859; x_wconf 87' lang='lat' dir='ltr'>propensiorem</span> 
     </span>
    </p>
   </div>
   <div class='ocr_carea' id='block_1_85' title="bbox 2173 3874 3825 3952">
    <p class='ocr_par' dir='ltr' id='par_1_85' title="bbox 2173 3874 3825 3952">
     <span class='ocr_line' id='line_1_85' title="bbox 2173 3874 3825 3952; baseline -0.003 -13"><span class='ocrx_word' id='word_1_474' title='bbox 2173 3882 2446 3952; x_wconf 87' lang='lat' dir='ltr'>deinceps</span> <span class='ocrx_word' id='word_1_475' title='bbox 2470 3876 2798 3950; x_wconf 69' lang='lat' dir='ltr'>apostolica:</span> <span class='ocrx_word' id='word_1_476' title='bbox 2821 3876 2944 3931; x_wconf 89' lang='lat' dir='ltr'>sedi</span> <span class='ocrx_word' id='word_1_477' title='bbox 2977 3874 3337 3931; x_wconf 87' lang='lat' dir='ltr'>devotionem</span> <span class='ocrx_word' id='word_1_478' title='bbox 3351 3878 3408 3931; x_wconf 87' lang='lat' dir='ltr'>et</span> <span class='ocrx_word' id='word_1_479' title='bbox 3427 3874 3825 3934; x_wconf 88' lang='lat' dir='ltr'>obedientiam</span> 
     </span>
    </p>
   </div>
   <div class='ocr_carea' id='block_1_86' title="bbox 2172 3962 3827 4038">
    <p class='ocr_par' dir='ltr' id='par_1_86' title="bbox 2172 3962 3827 4038">
     <span class='ocr_line' id='line_1_86' title="bbox 2172 3962 3827 4038; baseline -0.004 -11"><span class='ocrx_word' id='word_1_480' title='bbox 2172 3971 2460 4035; x_wconf 87' lang='lat' dir='ltr'>exhibere,</span> <span class='ocrx_word' id='word_1_481' title='bbox 2492 3968 2620 4038; x_wconf 88' lang='lat' dir='ltr'>ejus</span> <span class='ocrx_word' id='word_1_482' title='bbox 2650 3965 2707 4019; x_wconf 92' lang='lat' dir='ltr'>in</span> <span class='ocrx_word' id='word_1_483' title='bbox 2739 3962 3014 4020; x_wconf 90' lang='lat' dir='ltr'>omnibus</span> <span class='ocrx_word' id='word_1_484' title='bbox 3045 3963 3277 4018; x_wconf 88' lang='lat' dir='ltr'>decreta</span> <span class='ocrx_word' id='word_1_485' title='bbox 3308 3962 3606 4019; x_wconf 80' lang='lat' dir='ltr'>efﬁcacius</span> <span class='ocrx_word' id='word_1_486' title='bbox 3627 3964 3827 4021; x_wconf 83' lang='lat' dir='ltr'>obser-</span> 
     </span>
    </p>
   </div>
   <div class='ocr_carea' id='block_1_87' title="bbox 2171 4051 3820 4128">
    <p class='ocr_par' dir='ltr' id='par_1_87' title="bbox 2171 4051 3820 4128">
     <span class='ocr_line' id='line_1_87' title="bbox 2171 4051 3820 4128; baseline -0.004 -12"><span class='ocrx_word' id='word_1_487' title='bbox 2171 4063 2394 4126; x_wconf 89' lang='lat' dir='ltr'>vare,ut</span> <span class='ocrx_word' id='word_1_488' title='bbox 2425 4058 2641 4128; x_wconf 87' lang='lat' dir='ltr'>quanto</span> <span class='ocrx_word' id='word_1_489' title='bbox 2673 4070 2772 4124; x_wconf 90' lang='lat' dir='ltr'>per</span> <span class='ocrx_word' id='word_1_490' title='bbox 2801 4069 2929 4108; x_wconf 88' lang='lat' dir='ltr'>eam</span> <span class='ocrx_word' id='word_1_491' title='bbox 2961 4051 3139 4107; x_wconf 89' lang='lat' dir='ltr'>altius</span> <span class='ocrx_word' id='word_1_492' title='bbox 3170 4069 3351 4123; x_wconf 90' lang='lat' dir='ltr'>supra</span> <span class='ocrx_word' id='word_1_493' title='bbox 3379 4056 3617 4108; x_wconf 67' lang='lat' dir='ltr'>caeteros</span> <span class='ocrx_word' id='word_1_494' title='bbox 3639 4053 3820 4109; x_wconf 86' lang='lat' dir='ltr'>subli-</span> 
     </span>
    </p>
   </div>
   <div class='ocr_carea' id='block_1_88' title="bbox 2172 4140 3828 4211">
    <p class='ocr_par' dir='ltr' id='par_1_88' title="bbox 2172 4140 3828 4211">
     <span class='ocr_line' id='line_1_88' title="bbox 2172 4140 3828 4211; baseline -0.004 -7"><span class='ocrx_word' id='word_1_495' title='bbox 2172 4146 2457 4211; x_wconf 91' lang='lat' dir='ltr'>mamimi,</span> <span class='ocrx_word' id='word_1_496' title='bbox 2491 4147 2650 4198; x_wconf 89' lang='lat' dir='ltr'>tanto</span> <span class='ocrx_word' id='word_1_497' title='bbox 2683 4140 3072 4208; x_wconf 88' lang='lat' dir='ltr'>eihumilius,</span> <span class='ocrx_word' id='word_1_498' title='bbox 3105 4145 3160 4195; x_wconf 86' lang='lat' dir='ltr'>et</span> <span class='ocrx_word' id='word_1_499' title='bbox 3192 4141 3382 4196; x_wconf 90' lang='lat' dir='ltr'>cordis</span> <span class='ocrx_word' id='word_1_500' title='bbox 3413 4140 3734 4208; x_wconf 78' lang='lat' dir='ltr'>ati‘ectione,</span> <span class='ocrx_word' id='word_1_501' title='bbox 3768 4147 3828 4198; x_wconf 90' lang='lat' dir='ltr'>et</span> 
     </span>
    </p>
   </div>
   <div class='ocr_carea' id='block_1_89' title="bbox 2169 4228 3822 4306">
    <p class='ocr_par' dir='ltr' id='par_1_89' title="bbox 2169 4228 3822 4306">
     <span class='ocr_line' id='line_1_89' title="bbox 2169 4228 3822 4306; baseline -0.002 -16"><span class='ocrx_word' id='word_1_502' title='bbox 2169 4235 2363 4306; x_wconf 85' lang='lat' dir='ltr'>operis</span> <span class='ocrx_word' id='word_1_503' title='bbox 2376 4229 2730 4288; x_wconf 82' lang='lat' dir='ltr'>exhibitione</span> <span class='ocrx_word' id='word_1_504' title='bbox 2746 4230 2854 4284; x_wconf 83' lang='lat' dir='ltr'>sub</span> <span class='ocrx_word' id='word_1_505' title='bbox 2853 4230 2877 4300; x_wconf 88' lang='lat' dir='ltr'>j</span> <span class='ocrx_word' id='word_1_506' title='bbox 2887 4228 3364 4285; x_wconf 86' lang='lat' dir='ltr'>iciamini.Vitam</span> <span class='ocrx_word' id='word_1_507' title='bbox 3380 4229 3555 4286; x_wconf 87' lang='lat' dir='ltr'>etiam</span> <span class='ocrx_word' id='word_1_508' title='bbox 3568 4234 3822 4286; x_wconf 83' lang='lat' dir='ltr'>vestram</span> 
     </span>
    </p>
   </div>
   <div class='ocr_carea' id='block_1_90' title="bbox 2166 4317 3825 4390">
    <p class='ocr_par' dir='ltr' id='par_1_90' title="bbox 2166 4317 3825 4390">
     <span class='ocr_line' id='line_1_90' title="bbox 2166 4317 3825 4390; baseline -0.001 -13"><span class='ocrx_word' id='word_1_509' title='bbox 2166 4328 2222 4378; x_wconf 91' lang='lat' dir='ltr'>et</span> <span class='ocrx_word' id='word_1_510' title='bbox 2253 4337 2445 4376; x_wconf 89' lang='lat' dir='ltr'>mores</span> <span class='ocrx_word' id='word_1_511' title='bbox 2477 4317 2798 4375; x_wconf 90' lang='lat' dir='ltr'>sollicitiori</span> <span class='ocrx_word' id='word_1_512' title='bbox 2829 4317 3063 4390; x_wconf 82' lang='lat' dir='ltr'>expedit</span> <span class='ocrx_word' id='word_1_513' title='bbox 3109 4319 3378 4374; x_wconf 83' lang='lat' dir='ltr'>custodia</span> <span class='ocrx_word' id='word_1_514' title='bbox 3410 4318 3722 4383; x_wconf 89' lang='lat' dir='ltr'>moderari,</span> <span class='ocrx_word' id='word_1_515' title='bbox 3754 4324 3825 4375; x_wconf 92' lang='lat' dir='ltr'>ut</span> 
     </span>
    </p>
   </div>
   <div class='ocr_carea' id='block_1_91' title="bbox 2167 4405 3822 4483">
    <p class='ocr_par' dir='ltr' id='par_1_91' title="bbox 2167 4405 3822 4483">
     <span class='ocr_line' id='line_1_91' title="bbox 2167 4405 3822 4483; baseline -0.001 -17"><span class='ocrx_word' id='word_1_516' title='bbox 2167 4411 2267 4483; x_wconf 90' lang='lat' dir='ltr'>qui</span> <span class='ocrx_word' id='word_1_517' title='bbox 2298 4409 2548 4466; x_wconf 88' lang='lat' dir='ltr'>aliorum</span> <span class='ocrx_word' id='word_1_518' title='bbox 2591 4408 2820 4479; x_wconf 89' lang='lat' dir='ltr'>judices</span> <span class='ocrx_word' id='word_1_519' title='bbox 2869 4406 3176 4479; x_wconf 88' lang='lat' dir='ltr'>eligimini,</span> <span class='ocrx_word' id='word_1_520' title='bbox 3220 4405 3606 4478; x_wconf 88' lang='lat' dir='ltr'>vosmetipsos</span> <span class='ocrx_word' id='word_1_521' title='bbox 3655 4407 3822 4478; x_wconf 86' lang='lat' dir='ltr'>prius</span> 
     </span>
    </p>
   </div>
   <div class='ocr_carea' id='block_1_92' title="bbox 2164 4494 3822 4570">
    <p class='ocr_par' dir='ltr' id='par_1_92' title="bbox 2164 4494 3822 4570">
     <span class='ocr_line' id='line_1_92' title="bbox 2164 4494 3822 4570; baseline -0.002 -14"><span class='ocrx_word' id='word_1_522' title='bbox 2164 4500 2488 4556; x_wconf 91' lang='lat' dir='ltr'>secundum</span> <span class='ocrx_word' id='word_1_523' title='bbox 2520 4495 2781 4570; x_wconf 85' lang='lat' dir='ltr'>Apostoli</span> <span class='ocrx_word' id='word_1_524' title='bbox 2813 4496 3160 4552; x_wconf 88' lang='lat' dir='ltr'>sententiam</span> <span class='ocrx_word' id='word_1_525' title='bbox 3183 4494 3504 4550; x_wconf 89' lang='lat' dir='ltr'>districtius</span> <span class='ocrx_word' id='word_1_526' title='bbox 3517 4494 3822 4565; x_wconf 76' lang='lat' dir='ltr'>judicetis.</span> 
     </span>
    </p>
   </div>
   <div class='ocr_carea' id='block_1_93' title="bbox 416 4582 3826 4661">
    <p class='ocr_par' dir='ltr' id='par_1_93' title="bbox 416 4582 3826 4661">
     <span class='ocr_line' id='line_1_93' title="bbox 416 4582 3826 4661; baseline -0.001 -17"><span class='ocrx_word' id='word_1_527' title='bbox 416 4587 749 4661; x_wconf 90' lang='lat' dir='ltr'>quod,inter</span> <span class='ocrx_word' id='word_1_528' title='bbox 779 4586 1159 4641; x_wconf 87' lang='lat' dir='ltr'>multimodas</span> <span class='ocrx_word' id='word_1_529' title='bbox 1174 4585 1329 4640; x_wconf 89' lang='lat' dir='ltr'>sedis</span> <span class='ocrx_word' id='word_1_530' title='bbox 1360 4583 1686 4656; x_wconf 61' lang='lat' dir='ltr'>apostolicae</span> <span class='ocrx_word' id='word_1_531' title='bbox 1703 4585 2056 4654; x_wconf 87' lang='lat' dir='ltr'>persecutio-</span> <span class='ocrx_word' id='word_1_532' title='bbox 2090 4596 2136 4660; x_wconf 73' lang='grc' dir='ltr'>θ</span> <span class='ocrx_word' id='word_1_533' title='bbox 2168 4589 2509 4645; x_wconf 87' lang='lat' dir='ltr'>Mandatum</span> <span class='ocrx_word' id='word_1_534' title='bbox 2539 4585 2772 4642; x_wconf 90' lang='lat' dir='ltr'>Domini</span> <span class='ocrx_word' id='word_1_535' title='bbox 2807 4586 2931 4639; x_wconf 87' lang='lat' dir='ltr'>sine</span> <span class='ocrx_word' id='word_1_536' title='bbox 2965 4583 3280 4650; x_wconf 86' lang='lat' dir='ltr'>macula,et</span> <span class='ocrx_word' id='word_1_537' title='bbox 3314 4582 3826 4655; x_wconf 88' lang='lat' dir='ltr'>irreprehensibile</span> 
     </span>
    </p>
   </div>
   <div class='ocr_carea' id='block_1_94' title="bbox 416 4670 2055 4748">
    <p class='ocr_par' dir='ltr' id='par_1_94' title="bbox 416 4670 2055 4748">
     <span class='ocr_line' id='line_1_94' title="bbox 416 4670 2055 4748; baseline -0.002 -15"><span class='ocrx_word' id='word_1_538' title='bbox 416 4694 542 4744; x_wconf 91' lang='lat' dir='ltr'>nes,</span> <span class='ocrx_word' id='word_1_539' title='bbox 575 4693 724 4748; x_wconf 90' lang='lat' dir='ltr'>quas</span> <span class='ocrx_word' id='word_1_540' title='bbox 753 4676 969 4731; x_wconf 89' lang='lat' dir='ltr'>nostris</span> <span class='ocrx_word' id='word_1_541' title='bbox 1000 4673 1364 4745; x_wconf 88' lang='lat' dir='ltr'>temporibus</span> <span class='ocrx_word' id='word_1_542' title='bbox 1396 4671 1634 4743; x_wconf 90' lang='lat' dir='ltr'>pertulit</span> <span class='ocrx_word' id='word_1_543' title='bbox 1677 4670 1932 4729; x_wconf 86' lang='lat' dir='ltr'>Ecclesia</span> <span class='ocrx_word' id='word_1_544' title='bbox 1962 4691 2055 4730; x_wconf 86' lang='lat' dir='ltr'>ea-</span> 
     </span>
    </p>
   </div>
   <div class='ocr_carea' id='block_1_95' title="bbox 413 4759 2060 4838">
    <p class='ocr_par' dir='ltr' id='par_1_95' title="bbox 413 4759 2060 4838">
     <span class='ocr_line' id='line_1_95' title="bbox 413 4759 2060 4838; baseline -0.002 -16"><span class='ocrx_word' id='word_1_545' title='bbox 413 4767 571 4832; x_wconf 89' lang='lat' dir='ltr'>dem,</span> <span class='ocrx_word' id='word_1_546' title='bbox 594 4762 1152 4838; x_wconf 87' lang='lat' dir='ltr'>gloriosissimorum</span> <span class='ocrx_word' id='word_1_547' title='bbox 1195 4761 1412 4815; x_wconf 91' lang='lat' dir='ltr'>ducum</span> <span class='ocrx_word' id='word_1_548' title='bbox 1446 4759 1679 4814; x_wconf 86' lang='lat' dir='ltr'>Roberti</span> <span class='ocrx_word' id='word_1_549' title='bbox 1711 4764 1767 4815; x_wconf 89' lang='lat' dir='ltr'>et</span> <span class='ocrx_word' id='word_1_550' title='bbox 1800 4760 1902 4815; x_wconf 92' lang='lat' dir='ltr'>ﬁlii</span> <span class='ocrx_word' id='word_1_551' title='bbox 1933 4763 2060 4832; x_wconf 90' lang='lat' dir='ltr'>ejus</span> 
     </span>
    </p>
   </div>
   <div class='ocr_carea' id='block_1_96' title="bbox 415 4847 2057 4927">
    <p class='ocr_par' dir='ltr' id='par_1_96' title="bbox 415 4847 2057 4927">
     <span class='ocr_line' id='line_1_96' title="bbox 415 4847 2057 4927; baseline -0.004 -16"><span class='ocrx_word' id='word_1_552' title='bbox 415 4853 643 4927; x_wconf 82' lang='lat' dir='ltr'>Rogerii</span> <span class='ocrx_word' id='word_1_553' title='bbox 660 4852 1051 4916; x_wconf 89' lang='lat' dir='ltr'>devotione,ac</span> <span class='ocrx_word' id='word_1_554' title='bbox 1065 4849 1258 4903; x_wconf 88' lang='lat' dir='ltr'>studio</span> <span class='ocrx_word' id='word_1_555' title='bbox 1272 4847 1523 4902; x_wconf 89' lang='lat' dir='ltr'>ﬁliorum</span> <span class='ocrx_word' id='word_1_556' title='bbox 1540 4849 1696 4904; x_wconf 89' lang='lat' dir='ltr'>sedis</span> <span class='ocrx_word' id='word_1_557' title='bbox 1709 4850 2057 4920; x_wconf 67' lang='lat' dir='ltr'>apostolicae,</span> 
     </span>
    </p>
   </div>
   <div class='ocr_carea' id='block_1_97' title="bbox 413 4937 2060 5014">
    <p class='ocr_par' dir='ltr' id='par_1_97' title="bbox 413 4937 2060 5014">
     <span class='ocr_line' id='line_1_97' title="bbox 413 4937 2060 5014; baseline -0.003 -13"><span class='ocrx_word' id='word_1_558' title='bbox 413 4957 840 5014; x_wconf 90' lang='lat' dir='ltr'>nonnunquam</span> <span class='ocrx_word' id='word_1_559' title='bbox 867 4940 1042 4995; x_wconf 89' lang='lat' dir='ltr'>etiam</span> <span class='ocrx_word' id='word_1_560' title='bbox 1077 4937 1258 4992; x_wconf 90' lang='lat' dir='ltr'>nostri</span> <span class='ocrx_word' id='word_1_561' title='bbox 1291 4937 1480 5010; x_wconf 88' lang='lat' dir='ltr'>ipsius</span> <span class='ocrx_word' id='word_1_562' title='bbox 1511 4937 1743 5009; x_wconf 88' lang='lat' dir='ltr'>requies</span> <span class='ocrx_word' id='word_1_563' title='bbox 1772 4943 1829 4994; x_wconf 90' lang='lat' dir='ltr'>et</span> <span class='ocrx_word' id='word_1_564' title='bbox 1858 4945 2060 5011; x_wconf 91' lang='lat' dir='ltr'>portus</span> 
     </span>
    </p>
   </div>
   <div class='ocr_carea' id='block_1_98' title="bbox 416 5026 2059 5104">
    <p class='ocr_par' dir='ltr' id='par_1_98' title="bbox 416 5026 2059 5104">
     <span class='ocr_line' id='line_1_98' title="bbox 416 5026 2059 5104; baseline -0.001 -18"><span class='ocrx_word' id='word_1_565' title='bbox 416 5033 542 5088; x_wconf 87' lang='lat' dir='ltr'>fuit.</span> <span class='ocrx_word' id='word_1_566' title='bbox 558 5031 701 5087; x_wconf 89' lang='lat' dir='ltr'>Cum</span> <span class='ocrx_word' id='word_1_567' title='bbox 734 5028 1040 5102; x_wconf 85' lang='lat' dir='ltr'>igitur,per</span> <span class='ocrx_word' id='word_1_568' title='bbox 1070 5026 1487 5104; x_wconf 67' lang='lat' dir='ltr'>omnipotentis</span> <span class='ocrx_word' id='word_1_569' title='bbox 1501 5027 1600 5081; x_wconf 90' lang='lat' dir='ltr'>Dei</span> <span class='ocrx_word' id='word_1_570' title='bbox 1616 5028 1885 5099; x_wconf 83' lang='lat' dir='ltr'>gratiam,</span> <span class='ocrx_word' id='word_1_571' title='bbox 1902 5030 2059 5086; x_wconf 90' lang='lat' dir='ltr'>sedis</span> 
     </span>
    </p>
   </div>
   <div class='ocr_carea' id='block_1_99' title="bbox 413 5116 2057 5194">
    <p class='ocr_par' dir='ltr' id='par_1_99' title="bbox 413 5116 2057 5194">
     <span class='ocr_line' id='line_1_99' title="bbox 413 5116 2057 5194; baseline -0.001 -17"><span class='ocrx_word' id='word_1_572' title='bbox 413 5120 764 5194; x_wconf 68' lang='lat' dir='ltr'>apostolicae,</span> <span class='ocrx_word' id='word_1_573' title='bbox 814 5117 950 5174; x_wconf 89' lang='lat' dir='ltr'>licet</span> <span class='ocrx_word' id='word_1_574' title='bbox 997 5116 1245 5188; x_wconf 82' lang='lat' dir='ltr'>indigni,</span> <span class='ocrx_word' id='word_1_575' title='bbox 1279 5116 1682 5172; x_wconf 88' lang='lat' dir='ltr'>moderamina</span> <span class='ocrx_word' id='word_1_576' title='bbox 1728 5120 2057 5186; x_wconf 88' lang='lat' dir='ltr'>teneamus,</span> 
     </span>
    </p>
   </div>
   <div class='ocr_carea' id='block_1_100' title="bbox 413 5204 2058 5280">
    <p class='ocr_par' dir='ltr' id='par_1_100' title="bbox 413 5204 2058 5280">
     <span class='ocr_line' id='line_1_100' title="bbox 413 5204 2058 5280; baseline -0.001 -15"><span class='ocrx_word' id='word_1_577' title='bbox 413 5212 593 5265; x_wconf 87' lang='lat' dir='ltr'>tantis</span> <span class='ocrx_word' id='word_1_578' title='bbox 622 5208 829 5264; x_wconf 81' lang='lat' dir='ltr'>divinae</span> <span class='ocrx_word' id='word_1_579' title='bbox 860 5205 1055 5280; x_wconf 68' lang='lat' dir='ltr'>gratia:</span> <span class='ocrx_word' id='word_1_580' title='bbox 1090 5204 1388 5260; x_wconf 87' lang='lat' dir='ltr'>beneﬁciis</span> <span class='ocrx_word' id='word_1_581' title='bbox 1417 5209 1475 5260; x_wconf 90' lang='lat' dir='ltr'>et</span> <span class='ocrx_word' id='word_1_582' title='bbox 1506 5208 1708 5261; x_wconf 64' lang='lat' dir='ltr'>vestrae</span> <span class='ocrx_word' id='word_1_583' title='bbox 1737 5205 2058 5264; x_wconf 87' lang='lat' dir='ltr'>devotionis</span> 
     </span>
    </p>
   </div>
   <div class='ocr_carea' id='block_1_101' title="bbox 414 5293 2055 5368">
    <p class='ocr_par' dir='ltr' id='par_1_101' title="bbox 414 5293 2055 5368">
     <span class='ocr_line' id='line_1_101' title="bbox 414 5293 2055 5368; baseline -0.001 -16"><span class='ocrx_word' id='word_1_584' title='bbox 414 5296 644 5363; x_wconf 86' lang='lat' dir='ltr'>ofﬁciis,</span> <span class='ocrx_word' id='word_1_585' title='bbox 671 5313 773 5368; x_wconf 89' lang='lat' dir='ltr'>per</span> <span class='ocrx_word' id='word_1_586' title='bbox 803 5295 1099 5352; x_wconf 69' lang='lat' dir='ltr'>sententia)</span> <span class='ocrx_word' id='word_1_587' title='bbox 1132 5295 1403 5350; x_wconf 78' lang='lat' dir='ltr'>Romamn</span> <span class='ocrx_word' id='word_1_588' title='bbox 1437 5293 1704 5348; x_wconf 70' lang='lat' dir='ltr'>Ecclesia:</span> <span class='ocrx_word' id='word_1_589' title='bbox 1736 5293 2055 5352; x_wconf 88' lang='lat' dir='ltr'>liberalita-</span> 
     </span>
    </p>
   </div>
   <div class='ocr_carea' id='block_1_102' title="bbox 415 5382 2056 5453">
    <p class='ocr_par' dir='ltr' id='par_1_102' title="bbox 415 5382 2056 5453">
     <span class='ocr_line' id='line_1_102' title="bbox 415 5382 2056 5453; baseline 0 -14"><span class='ocrx_word' id='word_1_590' title='bbox 415 5389 556 5453; x_wconf 88' lang='lat' dir='ltr'>tem,</span> <span class='ocrx_word' id='word_1_591' title='bbox 613 5386 1083 5440; x_wconf 87' lang='lat' dir='ltr'>concurrondum</span> <span class='ocrx_word' id='word_1_592' title='bbox 1137 5387 1194 5438; x_wconf 88' lang='lat' dir='ltr'>et</span> <span class='ocrx_word' id='word_1_593' title='bbox 1259 5382 1732 5453; x_wconf 86' lang='lat' dir='ltr'>respondendum</span> <span class='ocrx_word' id='word_1_594' title='bbox 1792 5383 2056 5439; x_wconf 87' lang='lat' dir='ltr'>arbitrati</span> 
     </span>
    </p>
   </div>
   <div class='ocr_carea' id='block_1_103' title="bbox 416 5471 2057 5544">
    <p class='ocr_par' dir='ltr' id='par_1_103' title="bbox 416 5471 2057 5544">
     <span class='ocr_line' id='line_1_103' title="bbox 416 5471 2057 5544; baseline 0 -16"><span class='ocrx_word' id='word_1_595' title='bbox 416 5489 644 5537; x_wconf 90' lang='lat' dir='ltr'>sumus,</span> <span class='ocrx_word' id='word_1_596' title='bbox 691 5474 762 5527; x_wconf 91' lang='lat' dir='ltr'>ob</span> <span class='ocrx_word' id='word_1_597' title='bbox 808 5473 1190 5529; x_wconf 85' lang='lat' dir='ltr'>reverentiam</span> <span class='ocrx_word' id='word_1_598' title='bbox 1240 5471 1532 5542; x_wconf 89' lang='lat' dir='ltr'>siquidem</span> <span class='ocrx_word' id='word_1_599' title='bbox 1581 5471 1640 5525; x_wconf 90' lang='lat' dir='ltr'>S.</span> <span class='ocrx_word' id='word_1_600' title='bbox 1688 5475 1744 5525; x_wconf 92' lang='lat' dir='ltr'>et</span> <span class='ocrx_word' id='word_1_601' title='bbox 1792 5471 2057 5544; x_wconf 74' lang='lat' dir='ltr'>gloriosae</span> 
     </span>
    </p>
   </div>
   <div class='ocr_carea' id='block_1_104' title="bbox 414 5559 2053 5633">
    <p class='ocr_par' dir='ltr' id='par_1_104' title="bbox 414 5559 2053 5633">
     <span class='ocr_line' id='line_1_104' title="bbox 414 5559 2053 5633; baseline 0.001 -17"><span class='ocrx_word' id='word_1_602' title='bbox 414 5576 761 5633; x_wconf 88' lang='lat' dir='ltr'>semperque</span> <span class='ocrx_word' id='word_1_603' title='bbox 808 5561 1065 5632; x_wconf 81' lang='lat' dir='ltr'>Virginis</span> <span class='ocrx_word' id='word_1_604' title='bbox 1115 5561 1215 5616; x_wconf 90' lang='lat' dir='ltr'>Dei</span> <span class='ocrx_word' id='word_1_605' title='bbox 1283 5559 1581 5632; x_wconf 88' lang='lat' dir='ltr'>genitricis</span> <span class='ocrx_word' id='word_1_606' title='bbox 1627 5559 1838 5630; x_wconf 67' lang='lat' dir='ltr'>Mariae,</span> <span class='ocrx_word' id='word_1_607' title='bbox 1889 5567 1944 5616; x_wconf 92' lang='lat' dir='ltr'>et</span> <span class='ocrx_word' id='word_1_608' title='bbox 1991 5563 2053 5617; x_wconf 90' lang='lat' dir='ltr'>B.</span> 
     </span>
    </p>
   </div>
   <div class='ocr_carea' id='block_1_105' title="bbox 416 5647 2058 5723">
    <p class='ocr_par' dir='ltr' id='par_1_105' title="bbox 416 5647 2058 5723">
     <span class='ocr_line' id='line_1_105' title="bbox 416 5647 2058 5723; baseline 0 -17"><span class='ocrx_word' id='word_1_609' title='bbox 416 5647 684 5723; x_wconf 88' lang='lat' dir='ltr'>apostoli,</span> <span class='ocrx_word' id='word_1_610' title='bbox 718 5649 1081 5721; x_wconf 87' lang='lat' dir='ltr'>evangelistae</span> <span class='ocrx_word' id='word_1_611' title='bbox 1133 5667 1198 5705; x_wconf 91' lang='lat' dir='ltr'>ac</span> <span class='ocrx_word' id='word_1_612' title='bbox 1229 5648 1500 5720; x_wconf 79' lang='lat' dir='ltr'>martyris</span> <span class='ocrx_word' id='word_1_613' title='bbox 1540 5647 1815 5716; x_wconf 77' lang='lat' dir='ltr'>Matthaei,</span> <span class='ocrx_word' id='word_1_614' title='bbox 1850 5650 1922 5705; x_wconf 93' lang='lat' dir='ltr'>ob</span> <span class='ocrx_word' id='word_1_615' title='bbox 1954 5650 2058 5706; x_wconf 87' lang='lat' dir='ltr'>de-</span> 
     </span>
    </p>
   </div>
   <div class='ocr_carea' id='block_1_106' title="bbox 417 5737 2057 5808">
    <p class='ocr_par' dir='ltr' id='par_1_106' title="bbox 417 5737 2057 5808">
     <span class='ocr_line' id='line_1_106' title="bbox 417 5737 2057 5808; baseline 0 -11"><span class='ocrx_word' id='word_1_616' title='bbox 417 5739 709 5797; x_wconf 83' lang='lat' dir='ltr'>votionem</span> <span class='ocrx_word' id='word_1_617' title='bbox 753 5738 1219 5795; x_wconf 88' lang='lat' dir='ltr'>reverendissimi</span> <span class='ocrx_word' id='word_1_618' title='bbox 1261 5739 1449 5794; x_wconf 88' lang='lat' dir='ltr'>Patris</span> <span class='ocrx_word' id='word_1_619' title='bbox 1499 5753 1564 5792; x_wconf 84' lang='lat' dir='ltr'>ac</span> <span class='ocrx_word' id='word_1_620' title='bbox 1613 5737 2057 5808; x_wconf 66' lang='lat' dir='ltr'>prmdecessoris</span> 
     </span>
    </p>
   </div>
   <div class='ocr_carea' id='block_1_107' title="bbox 2167 4671 3825 4745">
    <p class='ocr_par' dir='ltr' id='par_1_107' title="bbox 2167 4671 3825 4745">
     <span class='ocr_line' id='line_1_107' title="bbox 2167 4671 3825 4745; baseline -0.004 -11"><span class='ocrx_word' id='word_1_621' title='bbox 2167 4681 2525 4742; x_wconf 88' lang='lat' dir='ltr'>conservate,</span> <span class='ocrx_word' id='word_1_622' title='bbox 2563 4680 2626 4730; x_wconf 90' lang='lat' dir='ltr'>ut</span> <span class='ocrx_word' id='word_1_623' title='bbox 2657 4691 2789 4729; x_wconf 89' lang='lat' dir='ltr'>cum</span> <span class='ocrx_word' id='word_1_624' title='bbox 2822 4671 3157 4745; x_wconf 89' lang='lat' dir='ltr'>apparuerit</span> <span class='ocrx_word' id='word_1_625' title='bbox 3188 4672 3466 4744; x_wconf 88' lang='lat' dir='ltr'>Princeps</span> <span class='ocrx_word' id='word_1_626' title='bbox 3499 4675 3825 4745; x_wconf 85' lang='lat' dir='ltr'>pastorum,</span> 
     </span>
    </p>
   </div>
   <div class='ocr_carea' id='block_1_108' title="bbox 2171 4759 3830 4840">
    <p class='ocr_par' dir='ltr' id='par_1_108' title="bbox 2171 4759 3830 4840">
     <span class='ocr_line' id='line_1_108' title="bbox 2171 4759 3830 4840; baseline -0.005 -17"><span class='ocrx_word' id='word_1_627' title='bbox 2171 4765 2502 4840; x_wconf 88' lang='lat' dir='ltr'>percipiatis</span> <span class='ocrx_word' id='word_1_628' title='bbox 2523 4760 3068 4818; x_wconf 87' lang='lat' dir='ltr'>immarcessibilem</span> <span class='ocrx_word' id='word_1_629' title='bbox 3085 4759 3282 4832; x_wconf 70' lang='lat' dir='ltr'>gloria:</span> <span class='ocrx_word' id='word_1_630' title='bbox 3296 4760 3830 4839; x_wconf 84' lang='lat' dir='ltr'>coron_am.Frater-</span> 
     </span>
    </p>
   </div>
   <div class='ocr_carea' id='block_1_109' title="bbox 2169 4847 3829 4920">
    <p class='ocr_par' dir='ltr' id='par_1_109' title="bbox 2169 4847 3829 4920">
     <span class='ocr_line' id='line_1_109' title="bbox 2169 4847 3829 4920; baseline -0.004 -9"><span class='ocrx_word' id='word_1_631' title='bbox 2169 4856 2414 4911; x_wconf 89' lang='lat' dir='ltr'>nitatem</span> <span class='ocrx_word' id='word_1_632' title='bbox 2463 4855 2714 4907; x_wconf 88' lang='lat' dir='ltr'>vestram</span> <span class='ocrx_word' id='word_1_633' title='bbox 2782 4865 3036 4920; x_wconf 89' lang='lat' dir='ltr'>superna</span> <span class='ocrx_word' id='word_1_634' title='bbox 3085 4847 3347 4920; x_wconf 89' lang='lat' dir='ltr'>dignatio</span> <span class='ocrx_word' id='word_1_635' title='bbox 3407 4865 3510 4920; x_wconf 89' lang='lat' dir='ltr'>per</span> <span class='ocrx_word' id='word_1_636' title='bbox 3555 4853 3829 4919; x_wconf 82' lang='lat' dir='ltr'>tempore.</span> 
     </span>
    </p>
   </div>
   <div class='ocr_carea' id='block_1_110' title="bbox 2169 4935 3825 5009">
    <p class='ocr_par' dir='ltr' id='par_1_110' title="bbox 2169 4935 3825 5009">
     <span class='ocr_line' id='line_1_110' title="bbox 2169 4935 3825 5009; baseline -0.005 -11"><span class='ocrx_word' id='word_1_637' title='bbox 2169 4942 2357 4999; x_wconf 88' lang='lat' dir='ltr'>multa</span> <span class='ocrx_word' id='word_1_638' title='bbox 2370 4955 2711 4997; x_wconf 87' lang='lat' dir='ltr'>conservare</span> <span class='ocrx_word' id='word_1_639' title='bbox 2726 4936 3002 5009; x_wconf 88' lang='lat' dir='ltr'>dignetur</span> <span class='ocrx_word' id='word_1_640' title='bbox 3014 4935 3455 4992; x_wconf 90' lang='lat' dir='ltr'>incolumem.Si</span> <span class='ocrx_word' id='word_1_641' title='bbox 3472 4935 3606 5008; x_wconf 89' lang='lat' dir='ltr'>quis</span> <span class='ocrx_word' id='word_1_642' title='bbox 3624 4941 3825 4991; x_wconf 87' lang='lat' dir='ltr'>autem</span> 
     </span>
    </p>
   </div>
   <div class='ocr_carea' id='block_1_111' title="bbox 2169 5024 3826 5097">
    <p class='ocr_par' dir='ltr' id='par_1_111' title="bbox 2169 5024 3826 5097">
     <span class='ocr_line' id='line_1_111' title="bbox 2169 5024 3826 5097; baseline -0.007 -9"><span class='ocrx_word' id='word_1_643' title='bbox 2169 5032 2319 5087; x_wconf 90' lang='lat' dir='ltr'>hanc</span> <span class='ocrx_word' id='word_1_644' title='bbox 2350 5034 2560 5086; x_wconf 76' lang='lat' dir='ltr'>nostrae</span> <span class='ocrx_word' id='word_1_645' title='bbox 2591 5024 3028 5082; x_wconf 90' lang='lat' dir='ltr'>constitutionis</span> <span class='ocrx_word' id='word_1_646' title='bbox 3054 5025 3331 5097; x_wconf 89' lang='lat' dir='ltr'>paginam</span> <span class='ocrx_word' id='word_1_647' title='bbox 3380 5024 3574 5080; x_wconf 90' lang='lat' dir='ltr'>sciens</span> <span class='ocrx_word' id='word_1_648' title='bbox 3615 5026 3826 5079; x_wconf 87' lang='lat' dir='ltr'>contra</span> 
     </span>
    </p>
   </div>
   <div class='ocr_carea' id='block_1_112' title="bbox 2167 5113 3824 5182">
    <p class='ocr_par' dir='ltr' id='par_1_112' title="bbox 2167 5113 3824 5182">
     <span class='ocr_line' id='line_1_112' title="bbox 2167 5113 3824 5182; baseline -0.005 -6"><span class='ocrx_word' id='word_1_649' title='bbox 2167 5137 2295 5177; x_wconf 91' lang='lat' dir='ltr'>eam</span> <span class='ocrx_word' id='word_1_650' title='bbox 2328 5124 2544 5175; x_wconf 90' lang='lat' dir='ltr'>temere</span> <span class='ocrx_word' id='word_1_651' title='bbox 2573 5114 2768 5170; x_wconf 90' lang='lat' dir='ltr'>venire</span> <span class='ocrx_word' id='word_1_652' title='bbox 2791 5114 3386 5182; x_wconf 86' lang='lat' dir='ltr'>tentaverit,secundo</span> <span class='ocrx_word' id='word_1_653' title='bbox 3399 5113 3645 5170; x_wconf 87' lang='lat' dir='ltr'>tertiove</span> <span class='ocrx_word' id='word_1_654' title='bbox 3663 5128 3824 5168; x_wconf 87' lang='lat' dir='ltr'>com-</span> 
     </span>
    </p>
   </div>
   <div class='ocr_carea' id='block_1_113' title="bbox 2169 5200 3819 5276">
    <p class='ocr_par' dir='ltr' id='par_1_113' title="bbox 2169 5200 3819 5276">
     <span class='ocr_line' id='line_1_113' title="bbox 2169 5200 3819 5276; baseline -0.007 -10"><span class='ocrx_word' id='word_1_655' title='bbox 2169 5208 2506 5274; x_wconf 90' lang='lat' dir='ltr'>monitus,si</span> <span class='ocrx_word' id='word_1_656' title='bbox 2520 5223 2580 5262; x_wconf 91' lang='lat' dir='ltr'>se</span> <span class='ocrx_word' id='word_1_657' title='bbox 2595 5222 2709 5260; x_wconf 91' lang='lat' dir='ltr'>non</span> <span class='ocrx_word' id='word_1_658' title='bbox 2724 5204 3120 5260; x_wconf 84' lang='lat' dir='ltr'>satisfactione</span> <span class='ocrx_word' id='word_1_659' title='bbox 3133 5219 3391 5276; x_wconf 87' lang='lat' dir='ltr'>congrua</span> <span class='ocrx_word' id='word_1_660' title='bbox 3401 5200 3819 5267; x_wconf 84' lang='lat' dir='ltr'>emendaverit,</span> 
     </span>
    </p>
   </div>
   <div class='ocr_carea' id='block_1_114' title="bbox 2168 5291 3822 5372">
    <p class='ocr_par' dir='ltr' id='par_1_114' title="bbox 2168 5291 3822 5372">
     <span class='ocr_line' id='line_1_114' title="bbox 2168 5291 3822 5372; baseline -0.007 -16"><span class='ocrx_word' id='word_1_661' title='bbox 2168 5297 2472 5372; x_wconf 85' lang='lat' dir='ltr'>potestatis</span> <span class='ocrx_word' id='word_1_662' title='bbox 2500 5295 2856 5365; x_wconf 87' lang='lat' dir='ltr'>honorisque</span> <span class='ocrx_word' id='word_1_663' title='bbox 2885 5292 2978 5348; x_wconf 86' lang='lat' dir='ltr'>sui</span> <span class='ocrx_word' id='word_1_664' title='bbox 3003 5291 3285 5364; x_wconf 85' lang='lat' dir='ltr'>dignitate</span> <span class='ocrx_word' id='word_1_665' title='bbox 3315 5295 3822 5362; x_wconf 86' lang='lat' dir='ltr'>careat,reumque</span> 
     </span>
    </p>
   </div>
   <div class='ocr_carea' id='block_1_115' title="bbox 2166 5378 3822 5456">
    <p class='ocr_par' dir='ltr' id='par_1_115' title="bbox 2166 5378 3822 5456">
     <span class='ocr_line' id='line_1_115' title="bbox 2166 5378 3822 5456; baseline -0.004 -13"><span class='ocrx_word' id='word_1_666' title='bbox 2166 5405 2228 5444; x_wconf 86' lang='lat' dir='ltr'>se</span> <span class='ocrx_word' id='word_1_667' title='bbox 2258 5386 2454 5442; x_wconf 90' lang='lat' dir='ltr'>divino</span> <span class='ocrx_word' id='word_1_668' title='bbox 2475 5384 2698 5456; x_wconf 90' lang='lat' dir='ltr'>judicio</span> <span class='ocrx_word' id='word_1_669' title='bbox 2731 5382 2977 5438; x_wconf 85' lang='lat' dir='ltr'>existere</span> <span class='ocrx_word' id='word_1_670' title='bbox 3002 5382 3074 5437; x_wconf 90' lang='lat' dir='ltr'>de</span> <span class='ocrx_word' id='word_1_671' title='bbox 3125 5385 3455 5454; x_wconf 88' lang='lat' dir='ltr'>perpetrata</span> <span class='ocrx_word' id='word_1_672' title='bbox 3512 5378 3822 5453; x_wconf 78' lang='lat' dir='ltr'>iniquitate</span> 
     </span>
    </p>
   </div>
   <div class='ocr_carea' id='block_1_116' title="bbox 2167 5468 3823 5550">
    <p class='ocr_par' dir='ltr' id='par_1_116' title="bbox 2167 5468 3823 5550">
     <span class='ocr_line' id='line_1_116' title="bbox 2167 5468 3823 5550; baseline -0.006 -17"><span class='ocrx_word' id='word_1_673' title='bbox 2167 5479 2500 5550; x_wconf 88' lang='lat' dir='ltr'>cognoscat,</span> <span class='ocrx_word' id='word_1_674' title='bbox 2560 5477 2736 5546; x_wconf 86' lang='lat' dir='ltr'>atque</span> <span class='ocrx_word' id='word_1_675' title='bbox 2790 5472 2849 5527; x_wconf 93' lang='lat' dir='ltr'>in</span> <span class='ocrx_word' id='word_1_676' title='bbox 2908 5475 3164 5528; x_wconf 84' lang='lat' dir='ltr'>extremo</span> <span class='ocrx_word' id='word_1_677' title='bbox 3226 5471 3491 5529; x_wconf 82' lang='lat' dir='ltr'>examine</span> <span class='ocrx_word' id='word_1_678' title='bbox 3538 5468 3823 5528; x_wconf 63' lang='lat' dir='ltr'>districtis</span> 
     </span>
    </p>
   </div>
   <div class='ocr_carea' id='block_1_117' title="bbox 2168 5559 3824 5634">
    <p class='ocr_par' dir='ltr' id='par_1_117' title="bbox 2168 5559 3824 5634">
     <span class='ocr_line' id='line_1_117' title="bbox 2168 5559 3824 5634; baseline -0.004 -14"><span class='ocrx_word' id='word_1_679' title='bbox 2168 5565 2380 5621; x_wconf 81' lang='lat' dir='ltr'>ultioni</span> <span class='ocrx_word' id='word_1_680' title='bbox 2413 5564 2735 5634; x_wconf 86' lang='lat' dir='ltr'>subjaceat.</span> <span class='ocrx_word' id='word_1_681' title='bbox 2766 5559 3258 5616; x_wconf 88' lang='lat' dir='ltr'>Conservantibus</span> <span class='ocrx_word' id='word_1_682' title='bbox 3289 5563 3486 5615; x_wconf 88' lang='lat' dir='ltr'>autem</span> <span class='ocrx_word' id='word_1_683' title='bbox 3531 5559 3653 5614; x_wconf 61' lang='lat' dir='ltr'>hac</span> <span class='ocrx_word' id='word_1_684' title='bbox 3708 5575 3824 5630; x_wconf 82' lang='lat' dir='ltr'>pax</span> 
     </span>
    </p>
   </div>
   <div class='ocr_carea' id='block_1_118' title="bbox 2169 5648 3822 5715">
    <p class='ocr_par' dir='ltr' id='par_1_118' title="bbox 2169 5648 3822 5715">
     <span class='ocr_line' id='line_1_118' title="bbox 2169 5648 3822 5715; baseline -0.007 0"><span class='ocrx_word' id='word_1_685' title='bbox 2169 5653 2401 5715; x_wconf 88' lang='lat' dir='ltr'>Domini</span> <span class='ocrx_word' id='word_1_686' title='bbox 2433 5651 2618 5708; x_wconf 90' lang='lat' dir='ltr'>nostri</span> <span class='ocrx_word' id='word_1_687' title='bbox 2649 5651 2789 5708; x_wconf 88' lang='lat' dir='ltr'>Jesu</span> <span class='ocrx_word' id='word_1_688' title='bbox 2825 5648 3040 5705; x_wconf 89' lang='lat' dir='ltr'>Christi</span> <span class='ocrx_word' id='word_1_689' title='bbox 3073 5651 3130 5704; x_wconf 90' lang='lat' dir='ltr'>et</span> <span class='ocrx_word' id='word_1_690' title='bbox 3164 5649 3564 5705; x_wconf 85' lang='lat' dir='ltr'>misericordia</span> <span class='ocrx_word' id='word_1_691' title='bbox 3583 5663 3822 5704; x_wconf 87' lang='lat' dir='ltr'>conser-</span> 
     </span>
    </p>
   </div>
   <div class='ocr_carea' id='block_1_119' title="bbox 2169 5736 3823 5813">
    <p class='ocr_par' dir='ltr' id='par_1_119' title="bbox 2169 5736 3823 5813">
     <span class='ocr_line' id='line_1_119' title="bbox 2169 5736 3823 5813; baseline -0.005 -12"><span class='ocrx_word' id='word_1_692' title='bbox 2169 5749 2356 5813; x_wconf 89' lang='lat' dir='ltr'>vetur,</span> <span class='ocrx_word' id='word_1_693' title='bbox 2377 5746 2669 5813; x_wconf 89' lang='lat' dir='ltr'>quatenus</span> <span class='ocrx_word' id='word_1_694' title='bbox 2697 5742 2755 5795; x_wconf 91' lang='lat' dir='ltr'>et</span> <span class='ocrx_word' id='word_1_695' title='bbox 2783 5739 2877 5794; x_wconf 88' lang='lat' dir='ltr'>hic</span> <span class='ocrx_word' id='word_1_696' title='bbox 2907 5737 3162 5794; x_wconf 87' lang='lat' dir='ltr'>fructum</span> <span class='ocrx_word' id='word_1_697' title='bbox 3206 5737 3369 5793; x_wconf 77' lang='lat' dir='ltr'>bonae</span> <span class='ocrx_word' id='word_1_698' title='bbox 3403 5736 3650 5796; x_wconf 80' lang='lat' dir='ltr'>actionis</span> <span class='ocrx_word' id='word_1_699' title='bbox 3682 5751 3823 5810; x_wconf 86' lang='lat' dir='ltr'>per-</span> 
     </span>
    </p>
   </div>
  </div>
