4004 6162
182 390 308 456 309

187 524 427 601 cipiant,
461 528 517 584 et
545 526 699 602 apud
730 525 1064 586 districtum
1094 525 1359 585 Judicem
1405 527 1646 600 praamia
1675 532 1836 583 ister-
1868 530 1922 597 Α

187 633 276 674 na:
305 615 467 690 pacis
496 617 815 674 inveniant.
849 621 1058 685 Amen,
1092 633 1283 682 amen,
1318 632 1508 672 amen.

256 710 314 761 8.
347 710 578 775 Petrus,
608 708 666 763 S.
698 706 937 765 Paulus.
973 707 1245 763 Urbanus
1274 705 1381 760 PP.
1414 706 1483 761 II.

258 795 473 852 Datum
505 794 732 852 Salerni
764 811 866 868 per
895 812 1138 853 manum
1167 795 1412 851 Joannis
1428 795 1484 851 S.
1522 795 1588 851 R.
1623 796 1685 850 E.
1719 794 1841 850 dia-

184 884 319 939 coni
349 883 690 956 eardinalis,
724 902 824 941 xm
879 884 1004 942 Kal.
1057 886 1224 957 Aug,
1257 883 1575 941 indictione
1611 902 1689 949 vr,
1722 884 1843 955 [vn]

185 973 421 1030 Incaru.
453 977 619 1029 Dom.
681 990 835 1030 anno
892 974 1053 1042 4099,
1105 972 1481 1047 pontiﬁcatus
1530 977 1725 1029 autem
1772 972 1839 1028 D.

182 1062 406 1119 Urbani
438 1062 488 1119 II
517 1078 681 1136 papae
711 1079 789 1119 x1.

907 1231 1124 1288 CCXLI.

190 1339 443 1399 Urbanus
476 1337 527 1393 ΙΙ
552 1340 906 1412 Brunonz'set
936 1339 1179 1412 Lanuim'
1210 1339 1610 1411 (cremitarum)
1637 1356 1844 1412 posses-

256 1413 451 1485 siones
468 1425 752 1485 concessas,
772 1427 805 1464 α
834 1411 1104 1485 [Rogeriol
1138 1412 1330 1467 comite
1350 1414 1401 1466 et
1437 1414 1669 1479 Joanne,
1703 1413 1846 1485 epis-

258 1497 389 1554 copo
414 1481 772 1554 Scyllacensi,
804 1482 1114 1537 conﬁrmat.

814 1598 1001 1669 (Anno
1035 1597 1220 1671 1098.)

519 1713 815 1786 menum,
836 1713 1003 1769 Italia
1032 1730 1210 1783 sacra,
1241 1714 1329 1783 IX,
1362 1715 1514 1786 427.]

188 1854 195 1859 ’
258 1864 541 1923 υιωιυωε
567 1864 900 1938 episcopus,
942 1881 1146 1921 servus
1188 1883 1485 1923 servorum
1516 1867 1639 1935 Dei,
1672 1867 1853 1924 dilec.

189 1954 268 2011 tis
300 1954 359 2010 in
392 1953 620 2010 Christo
647 1952 786 2010 ﬁliis
818 1955 1084 2010 Bauxoxr
1113 1958 1169 2011 et
1220 1956 1479 2022 LANUINI,
1512 1955 1761 2013 salutem
1792 1962 1849 2013 et

182 2036 572 2119 apostolicam
602 2042 1087 2099 benedictionem.

261 2131 410 2197 Quia
445 2131 628 2204 igitur
670 2131 854 2187 nostri
904 2131 1082 2188 ofﬁcii
1129 2132 1371 2189 interest
1419 2149 1720 2190 servorum
1753 2134 1848 2191 Dei

192 2220 372 2295 quieti
403 2222 460 2276 et
489 2220 1022 2293 commodis,prout
1054 2221 1111 2277 in
1144 2223 1390 2278 Domino
1414 2223 1696 2295 possibile
1719 2224 1849 2290 erit,

190 2310 520 2384 providere,
551 2309 935 2382 petitionibus
966 2311 1197 2381 vestris,
1222 2311 1323 2365 ﬁlii
1357 2311 1415 2366 in
1448 2311 1678 2368 Christo
1713 2312 1851 2368 cha-

191 2397 417 2454 rissimi
447 2414 514 2453 ac
546 2397 1364 2463 reverendissimi,clementer
1394 2399 1857 2457 annuimus.Per

190 2486 373 2558 hujus
398 2486 580 2559 igitur
602 2485 903 2559 apostolici
919 2486 1202 2561 privilegii
1228 2488 1504 2561 paginam
1528 2490 1851 2563 apostolica

192 2570 538 2632 auctoritate
559 2575 955 2643 concedimus,
988 2580 1043 2632 et
1065 2577 1294 2633 ﬁrmam
1318 2583 1373 2634 et
1402 2578 1675 2634 stabilem
1708 2583 1766 2635 et
1790 2581 1850 2635 in

193 2668 543 2738 perpetuum
565 2679 1011 2736 permansurum
1035 2664 1847 2725 conﬁrmamusdonatiouem

194 2757 484 2809 terrarum
506 2768 633 2825 quae
663 2752 826 2808 vobis
854 2752 1003 2808 datae
1026 2758 1165 2809 sunt
1185 2755 1244 2809 in
1270 2754 1657 2827 Squillacensi
1687 2757 1855 2812 terri-

192 2842 363 2911 torio,
398 2844 457 2897 et
488 2841 830 2914 conscriptae
859 2844 915 2895 et
963 2842 1384 2909 determinatus,
1431 2848 1487 2901 ct
1536 2844 1854 2917 designatae

194 2947 301 3004 per
317 2931 601 2988 terminos
632 2934 817 2987 certos
849 2948 883 2987 a
922 2931 1131 2988 dilecto
1158 2936 1359 2988 nostro
1382 2933 1500 2989 ﬁlio
1526 2934 1590 2989 R.
1615 2934 1857 3000 Comite,

212 3024 265 3076 et
294 3020 523 3077 Joanne
567 3019 858 3076 confratre
906 3026 1106 3076 nostro
1136 3020 1538 3093 ‘Squillacensi
1587 3023 1858 3096 episcopo

204 3103 561 3166 concedente
591 3112 647 3165 et
678 3110 1082 3166 conﬁrmante.
1119 3110 1397 3177 Quocirca
1419 3112 1692 3183 praedicta
1721 3129 1859 3168 auc-

214 3199 445 3255 toritate
491 3197 888 3271 praecipimus,
931 3200 1268 3265 statuimus,
1321 3204 1377 3255 et
1424 3217 1491 3256 ea
1537 3218 1664 3273 qum
1696 3202 1859 3258 vobis

1400 388 1808 489 EPISTOL/E
1850 392 1950 455 ΕΤ
1991 390 2468 457 PRIVILEGIA.

3480 392 3599 457 510

2645 528 2901 589 CCXLII.

1956 617 2200 675 Urbanus
2229 621 2539 696 consecrato
2570 618 2835 696 Gerlando
2880 621 3122 696 episcopo
3169 621 3303 694 ﬁnes
3334 623 3601 682 restitutae

2287 693 2525 747 ecclesiae
2553 693 2923 765 Agrigentini:
2951 693 3257 765 conﬁrntat.

2578 784 2765 855 (Anno
2794 784 2977 857 1098.)

2374 870 2607 941 [MANSI,
2645 871 2849 928 Concil.
2885 873 2995 940 XX,
3028 874 3179 944 951.]

2024 973 2302 1031 URBANUS
2333 976 2660 1050 episcopus,
2695 996 2896 1034 servus
2915 996 3213 1035 servorum
3236 980 3359 1049 Dei,
3394 981 3604 1039 dilecto

1952 1064 2115 1119 fratri
2140 1064 2469 1132 Gannasco,
2490 1066 2867 1140 Agrigentino
2889 1069 3183 1142 episcopo,
3210 1071 3457 1143 ejusque
3478 1088 3610 1127 suc-

1952 1153 2285 1209 cessoribus
2318 1156 2595 1212 canonice
2619 1157 3029 1230 promovendis
3059 1159 3118 1214 in
3161 1164 3531 1232 perpetuum.

2026 1242 2457 1314 Omnipotcntis
2472 1244 2570 1299 Dei
2595 1244 2977 1317 dispositione
2994 1250 3305 1303 mutantur
3319 1252 3604 1322 tempora,

1954 1332 2391 1387 transferuntur
2420 1349 2599 1405 regna
2623 1352 2635 1403 ;
2668 1334 2807 1389 hhic
2838 1339 2927 1390 est
2956 1337 3108 1408 quod
3136 1336 3607 1410 maguinominis

1956 1420 2219 1474 nationes
2251 1421 2477 1477 dirutas
2506 1427 2563 1477 et
2591 1423 2922 1495 depressas,
2949 1424 3090 1481 viles
3120 1441 3253 1483 vero
3283 1430 3459 1499 atque
3489 1427 3607 1483 exi-

1954 1525 2100 1581 guas
2130 1527 2552 1583 nonnunquam
2578 1510 2828 1585 legimus
2852 1513 3132 1569 oxaltatas
3157 1513 3321 1583 ;hinc
3341 1519 3431 1571 est
3452 1516 3608 1587 quod

1957 1598 2017 1653 in
2050 1599 2405 1671 quibusdam
2439 1600 2776 1673 regionibus
2800 1601 3115 1658 Christiani
3138 1604 3394 1660 nominis
3424 1607 3613 1677 potes-

1956 1692 2133 1744 tatem
2169 1705 2528 1761 paganorum
2578 1690 2777 1745 feritas
2808 1693 3129 1763 occupavit,
3162 1692 3221 1746 in
3253 1693 3610 1764 quibusdam

1958 1778 2169 1832 iterum
2205 1794 2567 1851 paganorum
2584 1779 2951 1851 tyrannidem
2969 1779 3311 1836 Christianae
3341 1783 3610 1854 potentiae

1966 1866 2223 1938 dignitas
2234 1866 3139 1924 conculcavit.Sicutnostristem
3148 1869 3388 1941 poribus
3400 1869 3613 1942 glorio-

1967 1954 2338 2011 sissimorum
2370 1954 2701 2028 principum
2726 1957 2957 2013 Roberti
2992 1957 3162 2014 ducis
3179 1963 3236 2013 et
3260 1958 3489 2031 Rogerii
3523 1976 3615 2016 co-

1963 2044 2122 2098 mitis
2176 2045 2518 2099 fortitudine
2575 2062 2861 2117 supremze
2913 2046 3271 2119 dignationis
3316 2048 3614 2105 miseratio

1962 2144 2194 2188 omnem
2243 2133 2667 2189 Saracenorum
2713 2133 3041 2190 molestiam
3090 2136 3147 2190 in
3194 2136 3391 2194 Sicilia
3421 2136 3617 2195 insula

1961 2222 2332 2295 expugnavit,
2378 2227 2434 2278 et
2483 2222 2800 2295 antiquum
2850 2223 3117 2280 Ecclesia:
3151 2229 3364 2280 sanctas
3396 2229 3616 2282 statum

1963 2328 2066 2384 pro
2096 2310 2416 2367 voluntatis
2447 2328 2565 2366 suae
2616 2310 2979 2383 beneplacito
3023 2314 3403 2385 recuperavit.
3454 2314 3617 2371 Unde

1964 2403 2022 2455 et
2050 2398 2236 2471 ipsius
2270 2398 2549 2456 ineffabili
2583 2399 2994 2456 misericordia:
3025 2401 3243 2473 gratias
3274 2402 3527 2475 agimus,
3560 2407 3619 2459 et

1963 2488 2153 2561 ipsius
2182 2488 2434 2562 gratiam
2467 2504 2644 2560 super
2674 2486 2804 2543 illos
2826 2489 3090 2563 egregios
3115 2490 3343 2557 fratres,
3365 2489 3617 2547 alterum

1956 2578 2082 2649 jam
2114 2577 2476 2642 defunctum,
2510 2576 2758 2632 alterum
2793 2576 2919 2648 ipso
2942 2581 3209 2649 patrante
3242 2578 3618 2650 superstitem

1966 2666 2435 2738 imploramus,et
2464 2666 2536 2721 ad
2567 2665 2950 2722 ecclesiarum
2969 2683 3096 2738 quae
3118 2666 3177 2721 in
3203 2667 3407 2723 eadem
3425 2667 3622 2724 insula

1966 2760 2105 2811 sunt
2154 2756 2606 2821 restitutionem,
2656 2774 2759 2813 seu
2809 2756 3237 2812 ordinationem
3284 2774 3389 2829 pro
3432 2757 3617 2814 nostri

1967 2845 2140 2901 ofﬁcii
2174 2845 2367 2900 debito
2398 2844 2941 2901 auhelamus.Sicut
2972 2845 3154 2918 igitur
3182 2850 3475 2902 annuente
3503 2845 3619 2903 Deo

1968 2936 2303 2988 czeterarum
2329 2934 2454 3005 jam
2490 2934 2796 3006 parochias
2818 2933 3243 3007 disposuimus,
3264 2933 3342 2990 ita
3362 2939 3419 2991 et
3446 2935 3617 3008 Agri-

1968 3022 2217 3094 gentinus
2250 3022 2517 3078 dimcesis
2548 3022 2851 3094 prarscntis
2878 3022 3092 3078 decreti
3125 3022 3469 3079 auctoritate
3498 3024 3617 3080 dis-

1970 3110 2282 3183 ponimus;
2319 3111 2636 3167 statuimus
2669 3112 2847 3178 enim,
2882 3110 3229 3168 charissime
3270 3110 3448 3168 frater
3475 3115 3621 3169 Ger-

1966 3198 2161 3265 lande,
2192 3216 2365 3271 quem
2392 3200 2762 3271 omnipotens
2793 3199 3077 3255 Dominus
3109 3199 3167 3253 in
3198 3198 3328 3271 ipsa
3365 3199 3622 3257 Ecclesia

198 3292 489 3343 concessa
519 3289 678 3351 sunt,
710 3286 1588 3345 licentiainterdicimusutadie
1612 3289 1671 3345 in
1686 3294 1857 3346 antea
1887 3273 1929 3339 C
1969 3292 2168 3343 nostra
2194 3292 2474 3359 tanquam
2508 3289 2570 3343 B.
2604 3287 3049 3343 Petrimanibus
3067 3288 3623 3361 consecraredigna-

210 3390 400 3447 neque
426 3374 624 3430 comiti
658 3374 794 3444 ipsi,
828 3392 1015 3448 neque
1053 3376 1230 3433 alicui
1278 3376 1578 3434 haeredum
1617 3394 1857 3433 suorum

208 3464 607 3538 supradictam
637 3468 892 3519 vestram
924 3464 1299 3521 donationem
1330 3470 1389 3521 et
1417 3465 1567 3521 hanc
1597 3477 1857 3522 nostram

209 3552 710 3609 conﬁrmationem
740 3552 954 3609 violare
982 3553 1070 3611 vel
1102 3555 1401 3611 dearctare
1445 3554 1628 3611 liceat.
1661 3556 1861 3629 Neque

209 3642 280 3698 de
308 3641 402 3698 his
436 3658 562 3714 qua:
596 3641 1015 3699 conﬁrmamus
1046 3643 1244 3717 aliqua
1267 3661 1329 3699 re
1357 3644 1710 3700 intromittat
1737 3661 1860 3717 per-

206 3746 415 3786 sonam
446 3730 571 3787 sine
598 3733 791 3786 vestra
810 3729 1428 3803 voluntate,quatenus
1443 3733 1860 3806 omnipotentis

206 3814 308 3875 Dei
362 3818 747 3892 speculationi
780 3819 1075 3876 mentibus
1119 3820 1320 3876 liberis
1355 3819 1666 3891 insistatis,
1700 3825 1757 3877 et
1785 3822 1856 3877 ad

203 3909 334 3980 ejus
391 3906 557 3964 faciei
617 3907 983 3964 dulcedinem
1029 3909 1156 3982 ipso
1206 3914 1520 3982 praestante
1561 3912 1859 3983 pervenire

201 3995 538 4053 valeatis.Si
571 4013 690 4068 qua
718 4014 853 4052 vero
885 4014 1133 4070 persona
1162 4002 1263 4054 aut
1291 3999 1474 4055 hzcres
1506 3999 1735 4057 comitis
1765 3999 1857 4071 ip-

203 4102 333 4141 sam
360 4084 681 4154 violaverit,
718 4085 829 4141 nisi
863 4087 933 4141 ad
966 4086 1315 4159 condignam
1333 4088 1556 4143 venerit
1586 4088 1857 4144 satisfac-

202 4174 447 4241 tionem,
480 4190 617 4229 eum
648 4174 889 4230 honoris
918 4174 1005 4231 vel
1037 4176 1211 4231 ofﬁcii
1242 4177 1330 4231 sui
1365 4176 1622 4248 periculo
1653 4178 1856 4249 subja-

202 4278 332 4319 cere
360 4263 757 4331 decernimus,
788 4267 844 4319 et
870 4281 904 4319 a
948 4264 1173 4320 Christo
1217 4283 1282 4319 ac
1315 4265 1585 4322 Ecclesiae
1617 4283 1857 4339 corpore

203 4356 566 4425 segregatus,
599 4355 774 4423 atque
806 4353 860 4407 in
895 4356 1107 4409 aeterno
1138 4352 1400 4410 examine
1425 4355 1685 4411 districte
1716 4356 1853 4411 sub-

190 4441 390 4512 jaceat
410 4440 617 4496 ultioni
649 4441 775 4497 sine
821 4442 1258 4498 intermissione
1309 4446 1364 4499 et
1399 4444 1673 4499 remedio.
1710 4444 1854 4499 Con-

198 4528 576 4585 servantibus
605 4534 803 4586 autem
834 4531 928 4603 pie
957 4548 990 4586 a
1037 4531 1152 4587 Deo
1199 4535 1257 4588 et
1300 4530 1699 4587 misericordia
1728 4533 1854 4604 ejus

1970 3379 2066 3431 tus
2096 3379 2203 3442 est,
2238 3380 2302 3430 ut
2335 3375 2437 3431 tibi
2470 3377 2746 3449 deinceps
2771 3375 3002 3448 tuisque
3023 3374 3302 3448 legitimis
3325 3392 3620 3433 successo-

1970 3464 2136 3519 ribus
2183 3465 2500 3538 episcopali
2522 3465 2656 3537 jure
2709 3465 3029 3537 regendum
3075 3481 3140 3521 ae
3184 3464 3619 3537 disponendum

1968 3557 2247 3626 perpetuo
2277 3557 2512 3609 maneat
2540 3554 2829 3626 quidquid
2869 3554 3022 3609 infra
3070 3554 3217 3610 ﬁnes
3252 3554 3618 3627 subscriptos

1969 3642 2316 3709 continetur,
2334 3642 2604 3699 videlicet
2623 3661 2656 3698 a
2683 3643 2808 3699 loco
2822 3642 2921 3698 ubi
2943 3643 3129 3699 oritur
3158 3644 3376 3699 fiumen
3408 3644 3619 3701 subtus

1967 3730 2313 3787 Corilionem
2365 3748 2550 3803 usque
2607 3732 2860 3804 desuper
2906 3736 3128 3804 petram
3176 3732 3246 3787 de
3300 3732 3526 3802 Zineth,
3564 3736 3621 3789 et

1967 3821 2104 3878 inde
2129 3822 2390 3877 tenditur
2417 3839 2519 3895 per
2547 3821 2863 3878 divisiones
2887 3821 3092 3878 Jatinae
3145 3826 3202 3877 et
3243 3821 3529 3893 Cephalae,
3563 3827 3621 3878 et

1967 3911 2178 3967 deinde
2226 3912 2297 3966 ad
2343 3910 2659 3967 divisiones
2688 3909 2937 3979 Biccari;
2971 3909 3105 3964 inde
3141 3926 3275 3964 vero
3327 3927 3513 3982 usque
3546 3910 3619 3966 ad

1967 4000 2184 4055 ﬂumen
2220 3999 2465 4068 salsum,
2499 4001 2653 4071 quod
2687 4003 2777 4054 est
2807 3998 3014 4053 divisio
3047 3997 3316 4053 Panormi
3357 4003 3414 4053 et
3444 3998 3621 4054 Ther-

1966 4105 2219 4155 marum,
2245 4092 2301 4143 et
2330 4088 2403 4143 ab
2435 4104 2531 4144 ore
2562 4088 2738 4159 hujus
2771 4086 3053 4153 ﬂuminis,
3078 4086 3176 4140 ubi
3195 4085 3428 4140 caditin
3461 4102 3622 4142 mare

1968 4177 2339 4250 protenditur
2370 4177 2490 4232 hanc
2542 4175 2819 4247 parochia
2868 4176 3038 4246 juxta
3094 4189 3256 4249 mare
3313 4190 3500 4246 usque
3547 4175 3619 4229 ad

1969 4267 2184 4321 flumen
2218 4266 2489 4333 Tortum;
2522 4269 2579 4320 ct
2607 4265 2679 4320 ab
2712 4264 2817 4320 hoc
2850 4263 3062 4319 abindc
3085 4263 3238 4318 unde
3260 4261 3466 4329 oritur,
3499 4267 3623 4319 ten-

1965 4355 2124 4411 ditur
2153 4356 2225 4411 ad
2256 4355 2404 4426 Pyra
2433 4355 2647 4410 subtus
2694 4354 2921 4410 Petram
2974 4352 3129 4419 Elia),
3165 4356 3338 4425 atque
3382 4353 3517 4409 inde
3545 4353 3619 4409 ad

1965 4444 2149 4500 altum
2182 4449 2464 4512 montem,
2499 4442 2598 4516 qui
2631 4446 2719 4500 est
2748 4460 2927 4516 supra
2957 4443 3100 4515 Pyra
3131 4460 3144 4511 ;
3175 4442 3311 4498 inde
3336 4442 3620 4499 autemad

1965 4533 2184 4589 flumen
2217 4533 2460 4601 salsum,
2496 4533 2595 4589 ubi
2637 4533 2912 4605 jungitur
2959 4548 3091 4587 cum
3143 4532 3386 4587 flumine
3437 4533 3619 4587 Petra

196 4616 590 4690 praesentibus
621 4622 678 4675 et
707 4618 920 4675 futuris
942 4620 1174 4676 saeculis
1222 4624 1611 4678 conservetur.
1646 4623 1852 4679 Amen.
1885 4636 1934 4702 Β
1966 4620 2122 4686 Elim,
2153 4626 2209 4676 et
2240 4639 2309 4677 ex
2346 4622 2456 4677 hoc
2486 4621 2728 4677 flumine
2778 4621 2931 4677 sicut
2972 4621 3166 4694 ipsum
3218 4618 3520 4676 descendit
3546 4620 3621 4676 ad

198 4704 261 4762 Si
290 4720 424 4761 vero
446 4709 568 4762 tam
597 4705 804 4780 legalis
830 4724 1045 4775 comes,
1080 4713 1181 4764 aut
1225 4709 1354 4781 ejus
1402 4708 1606 4775 haeres,
1641 4709 1854 4767 addere

197 4792 423 4866 aliquid
453 4795 593 4851 huic
621 4794 871 4852 voluerit
901 4798 1337 4867 donationi,sub
1354 4797 1463 4854 hac
1495 4801 1696 4854 nostra
1725 4814 1857 4854 con-

196 4883 531 4941 ﬁrmatione
562 4888 757 4941 ratum
787 4900 916 4941 esse
948 4886 1282 4942 statuimus.

201 4975 206 4978 ’
274 4962 549 5028 Urbanus
579 4970 879 5030 catholica:
908 4973 1177 5041 Ecclesia:
1208 4973 1537 5048 episcopus.

268 5060 390 5133 Ego
418 5062 730 5118 Rainerius
759 5062 918 5118 card.
953 5063 1300 5137 subscripsi.

270 5148 389 5222 Ego
413 5149 671 5207 Joannes
701 5152 859 5208 card.
895 5169 974 5208 ss.

268 5236 387 5310 Ego
412 5237 717 5312 Alphanus
746 5239 1153 5297 Salernitanus
1184 5241 1522 5315 archiepisc.
1557 5259 1637 5299 ss.

267 5326 388 5399 Ego
416 5329 664 5385 Amatus
694 5328 1036 5402 capellanus
1067 5335 1124 5386 et
1153 5332 1425 5388 sacerdos
1458 5350 1537 5388 ss.

268 5415 388 5488 Ego
419 5415 539 5473 Dis.
574 5416 911 5490 capellanus
943 5436 1024 5475 ss.

268 5504 388 5577 Ego
419 5504 840 5563 Constantinus
870 5507 1204 5566 Catacensis
1236 5509 1414 5583 episc.
1450 5528 1530 5566 ss.

206 5602 215 5608 ’
268 5596 481 5650 Datum
512 5593 736 5652 Salerni
770 5612 972 5653 mense
1002 5598 1556 5670 Septembri,indict.
1588 5616 1666 5668 v1,
1702 5616 1854 5657 anno

196 5682 271 5737 ab
305 5683 715 5741 Incarnatione
744 5685 1051 5744 Dominica
1084 5688 1240 5743 1098.

1964 4710 2371 4783 Lympiadum,
2407 4710 2507 4781 qui
2537 4709 2702 4765 locus
2733 4709 3340 4781 dividitAgrigentum
3366 4712 3421 4763 ct
3454 4709 3623 4764 Bute-

1964 4799 2314 4870 riam,atque
2341 4797 2475 4853 inde
2507 4814 2608 4869 per
2638 4797 2995 4852 maritimam
3042 4813 3230 4868 usque
3281 4797 3353 4851 ad
3397 4796 3617 4851 ﬂumen

1965 4888 2036 4942 de
2067 4885 2294 4952 Bilichi,
2328 4886 2483 4957 quod
2516 4889 2605 4940 est
2633 4884 2840 4939 divisio
2872 4882 3161 4948 Maxarim,
3181 4887 3237 4938 et
3268 4881 3458 4938 adhuc
3488 4885 3618 4937 ten-

1968 4976 2144 5043 ditur,
2180 4974 2331 5030 sicut
2361 4973 2468 5028 hoc
2502 4972 2717 5027 flumen
2750 4972 2933 5027 currit
2976 4988 3164 5042 usque
3212 4970 3423 5025 subtus
3462 4968 3620 5024 Cori-

1963 5063 2202 5133 lionem,
2238 5062 2337 5119 ubi
2368 5060 2576 5134 incipit
2605 5060 2831 5126 divisio,
2875 5060 3128 5132 exceptis
3168 5057 3424 5124 Biccaro,
3458 5056 3619 5113 Cori-

1966 5154 2140 5220 lione,
2175 5157 2231 5208 et
2279 5150 2568 5207 Thermis.
2606 5151 2667 5205 In
2724 5148 3076 5222 proprietate
3107 5150 3301 5203 autem
3356 5148 3478 5201 tam
3531 5145 3620 5201 tui

1966 5259 2145 5315 quam
2177 5256 2585 5297 successorum
2618 5243 2853 5294 tuorum
2880 5239 3014 5309 jure
3037 5234 3237 5291 Casale
3258 5233 3457 5290 Cathal
3483 5250 3617 5291 cum

1964 5334 2196 5386 centum
2230 5327 2483 5392 villanis,
2518 5328 2670 5383 sicut
2691 5345 2724 5383 a
2755 5325 3089 5399 supradicto
3121 5323 3241 5380 ﬁlio
3290 5327 3491 5380 nostro
3523 5340 3616 5379 co-

1967 5418 2108 5475 mite
2130 5418 2371 5491 Rogerio
2403 5417 2685 5472 traditum
2720 5421 2829 5486 est,
2861 5416 3295 5471 conserventur.
3339 5412 3621 5469 Praeterea

1965 5524 2326 5581 quaecunque
2357 5507 2416 5561 in
2448 5510 2750 5578 posterum
2780 5504 3128 5559 liberalitate
3167 5502 3500 5575 principum
3529 5501 3620 5557 vel

1964 5596 2256 5654 oblatione
2286 5594 2769 5652 ﬁdeliumeadem
2797 5591 3438 5665 EcclesiaAgrigentina
3455 5591 3620 5662 juste

1967 5691 2142 5759 atque
2175 5685 2446 5743 canonice
2477 5684 2691 5755 poterit
2731 5682 2996 5756 adipisci,
3030 5682 3198 5738 firma
3240 5681 3347 5737 tibi
3384 5680 3617 5751 tuisque
