3990 6156
401 315 517 380 511
1710 309 1783 371 Β.
1833 306 2035 374 URBA

2173 308 2226 371 ll
2269 307 2523 372 PAPE.
3715 305 3857 374 512

401 448 844 510 successoribus
873 448 931 506 et
976 446 1202 504 illibata
1239 448 1638 520 permaneant.
1673 442 2051 500 Decernimus
2083 443 2135 510 Α
2165 441 2583 516 ctissimi,quia
2605 443 2732 516 jam
2756 445 2916 500 tanto
2939 444 3203 518 tempore
3224 446 3484 502 vestram
3504 441 3849 501 Ecclesiam

403 559 540 615 ergo
572 543 636 596 ut
665 539 812 595 nulli
845 539 1081 595 omnino
1112 536 1418 592 hominum
1453 534 1621 589 liceat
1651 533 1916 588 eamdem
1947 534 2053 588 Ec-
2165 549 2431 588 errorum
2465 534 2716 590 tenebrae
2749 537 3148 606 contegunt,et
3178 552 3212 590 a
3239 534 3482 590 veritate
3499 533 3660 591 sedis
3698 551 3851 608 apo—

404 631 642 687 elesiam
674 633 890 684 temere
929 625 1291 698 perturbare,
1348 627 1451 678 aut
1479 623 1609 693 ejus
1655 621 2054 694 possessiones
2165 623 2379 678 stolicze
2407 623 2685 679 alienant.
2711 623 2870 679 Unde
2901 641 3003 680 vos
3034 628 3317 696 tanquam
3348 626 3642 682 viscerum
3675 641 3850 680 meo-

404 721 653 784 auferre,
685 717 773 773 vel
803 715 1025 770 ablatas
1058 713 1324 781 retinere,
1373 712 1657 777 minuere,
1690 709 1779 766 vel
1812 714 2054 766 temera-
2165 729 2296 766 rum
2331 711 2482 767 ﬁlios
2514 717 2755 784 paterna
2781 711 3090 768 dilectione
3119 712 3842 786 corripimus,admonen-

403 810 506 865 riis
535 805 936 864 vexationibus
969 803 1229 874 fatigare,
1283 803 1380 856 sed
1431 799 1628 856 omnia
1669 801 1890 872 integre
1925 816 2056 854 con-
2166 805 2252 856 tes
2283 806 2340 856 et
2370 802 2742 858 obsecrantes
2774 806 2838 856 ut
2867 803 2940 858 ad
2961 819 3129 858 mera:
3149 803 3415 858 veritatis
3435 801 3635 858 lumen
3660 819 3844 858 men-

401 901 702 954 eerientur
732 899 852 949 tam
882 892 1002 947 tuis
1035 907 1211 963 quam
1245 891 1679 954 eanonicorum,
1713 894 1768 944 et
1809 888 2052 944 clerico-
2163 890 2310 945 tium
2345 894 2672 946 vestrarum
2705 891 2908 946 oculos
2940 890 3198 947 elevetis.
3231 892 3467 947 Auferte
3499 890 3726 948 malum
3760 909 3838 948 ex

401 1004 530 1041 rum
563 983 850 1054 omnium,
885 999 949 1037 ac
999 997 1324 1053 pauperum
1371 980 1578 1036 usibus
1632 977 1956 1050 profutura.
1991 977 2051 1033 Si
2161 978 2326 1033 vobis
2358 978 2534 1050 ipsis;
2571 978 2776 1050 lupum
2814 979 2981 1034 illum
3004 979 3132 1036 dico
3156 984 3213 1036 et
3237 981 3448 1052 furem,
3476 982 3575 1052 qui
3597 998 3723 1036 non
3753 981 3834 1036 ad

402 1092 527 1148 quae
559 1077 753 1128 autem
787 1069 1178 1126 ecclesiastica
1209 1068 1574 1124 saecularisve
1619 1084 1866 1140 persona
1901 1067 2052 1122 hanc
2163 1067 2411 1123 salutem
2443 1070 2696 1122 vestram
2734 1085 2838 1140 per
2866 1069 3084 1124 ostium
3141 1069 3420 1135 introivit,
3453 1071 3553 1125 sed
3588 1070 3838 1126 aliunde

397 1171 607 1220 nostra;
639 1159 1076 1218 constitutionis
1107 1159 1384 1231 paginam
1435 1159 1646 1224 sciens,
1690 1161 1892 1212 contra
1921 1173 2048 1212 eam
2163 1156 2446 1222 ascendit,
2481 1161 2545 1210 ut
2575 1160 2790 1212 mactet
2821 1160 2878 1211 et
2906 1158 3226 1212 manducet
3258 1161 3314 1212 et
3345 1158 3835 1230 perdat.Autigi-

394 1253 591 1310 venire
620 1251 950 1318 tentaverit,
1005 1249 1276 1325 secundo.
1310 1247 1550 1303 tertiove
1586 1246 1961 1312 commonita,
2000 1247 2048 1302 si
2161 1247 2258 1298 tur
2287 1243 2552 1300 Ecclesiae
2604 1245 2933 1300 invasorem
2980 1251 3035 1301 et
3067 1250 3500 1318 occupatorem,
3533 1246 3828 1306 Obertum

397 1361 459 1400 se
488 1359 602 1396 non
633 1338 1029 1396 satisfactione
1061 1354 1318 1408 congrua
1353 1335 1766 1399 emendaverit,
1803 1339 2052 1407 potesta—
2160 1332 2671 1401 dicimus,llenrici
2707 1333 3049 1406 complicem
3082 1339 3138 1389 et
3169 1335 3529 1401 Guiberti,ex
3556 1335 3746 1402 vobis,
3775 1336 3834 1390 si

397 1432 473 1487 tis
504 1430 862 1501 honorisque
895 1428 986 1484 sui
1018 1427 1300 1498 dignitate
1333 1430 1542 1489 careat,
1575 1441 1850 1495 reamque
1878 1440 1939 1478 se
1967 1424 2050 1477 di-
2160 1439 2275 1493 quo
2301 1424 2471 1478 modo
2491 1423 2994 1495 possibile,pellite
3021 1429 3153 1490 ;aut
3181 1424 3231 1480 ei
3257 1429 3538 1495 tanquam
3562 1430 3835 1481 asancta.

393 1522 530 1576 vino
553 1519 778 1592 judicio
810 1517 1055 1572 existere
1105 1516 1174 1570 de
1206 1518 1534 1586 perpetrata
1583 1513 1890 1585 iniquitate
1923 1530 2050 1584 cog-
2160 1511 2421 1566 Romana
2447 1511 2700 1568 Ecclesia
2722 1511 2995 1577 alieno,et
3016 1513 3834 1583 excommunicato,obedien-

398 1613 620 1676 noscat,
654 1612 826 1678 atque
858 1625 889 1659 a
922 1602 1321 1659 sacratissimo
1375 1619 1612 1674 corpore
1663 1607 1717 1656 et
1764 1602 2048 1674 sanguine
2158 1600 2302 1654 tiam
2358 1604 2612 1655 vestram
2667 1601 3148 1673 consortiumque
3178 1605 3436 1656 vestrum
3469 1602 3825 1657 subtrahite.

397 1699 498 1754 Dei
521 1701 576 1753 et
603 1695 828 1750 Domini
849 1693 1232 1765 redemptoris
1256 1693 1437 1747 nostri
1463 1692 1601 1746 Jcsu
1626 1691 1835 1746 Christi
1858 1691 2048 1746 aliena
2158 1688 2273 1744 Hoc
2297 1689 2492 1760 ipsum
2511 1689 2581 1744 de
2599 1690 2830 1746 Wiredo
2851 1690 3289 1762 pseudoabbate
3317 1691 3828 1763 prwcipimus,qui

399 1787 520 1851 fiat,
555 1788 610 1839 et
641 1784 700 1838 in
731 1788 985 1838 extremo
1017 1781 1280 1837 examine
1311 1779 1585 1836 districta:
1615 1779 1821 1834 ultioni
1855 1780 2048 1850 subja-
2079 1817 2126 1881 B
2158 1794 2260 1850 per
2284 1779 2549 1848 ejusdem
2575 1778 3409 1851 pseudoepiscopiviolentiam
3435 1780 3821 1836 Arduennen-

399 1871 798 1931 ceat.Cunctis
829 1875 1021 1926 autem
1055 1870 1244 1924 eidem
1275 1868 1541 1924 Ecclesiir.
1565 1870 1728 1939 justa
1763 1869 2050 1923 servanti-
2079 1865 2126 1881 "
2163 1884 2221 1921 se
2236 1866 2655 1923 monasterium
2681 1868 2742 1922 B.
2774 1868 3014 1923 Huberti
3047 1865 3429 1940 occupavit.Si
3463 1868 3595 1940 quis
3617 1874 3820 1925 autem

397 1965 509 2020 bus
540 1965 617 2019 sit
645 1979 756 2036 pax
787 1959 1018 2015 Domini
1040 1957 1222 2014 nostri
1247 1958 1384 2013 Jesu
1419 1957 1653 2022 Christi,
1681 1960 1972 2027 quatenus
1996 1959 2052 2010 et
2160 1953 2437 2027 deinceps
2469 1957 2552 2012 eis
2584 1957 3016 2012 communicare
3036 1958 3497 2030 praesumpserit,
3521 1959 3708 2016 donec
3729 1976 3823 2014 ec-

396 2053 492 2110 hic
523 2053 775 2107 fructum
832 2051 996 2104 bonae
1031 2046 1276 2104 actionis
1317 2046 1664 2119 percipiant,
1709 2049 1763 2100 et
1816 2046 1872 2098 in
1925 2044 2049 2100 loco
2160 2043 2471 2099 clesiarum
2503 2043 2716 2116 quibus
2740 2045 3420 2119 incubantoppressione
3440 2047 3822 2114 deserta,Deo

387 2140 596 2216 judicii
629 2139 866 2212 praemia
887 2143 1111 2193 aeternae
1132 2135 2046 2209 pacisinveniant.Amen,amen,
2159 2137 2215 2188 et
2243 2133 2364 2187 sedi
2398 2133 2726 2204 apostolicae
2770 2134 3156 2204 satisfaciant,
3207 2136 3397 2190 sciant
3441 2152 3501 2192 se
3544 2137 3818 2208 ejusdem

395 2247 586 2288 amen.
2157 2222 2776 2279 excommunicationis
2807 2222 3036 2280 vinculo
3089 2223 3420 2280 innodatos.
3454 2224 3631 2280 Vobis
3671 2243 3822 2281 sane

465 2321 674 2376 Datum
705 2317 858 2374 Barii
891 2332 991 2389 per
1021 2333 1231 2372 manus
1246 2314 1509 2380 Joannis,
1535 2315 1592 2368 S.
1625 2313 1690 2367 ll.
1719 2313 1781 2368 Ε.
1817 2311 2048 2367 diaconi
2157 2314 2213 2365 et
2240 2310 2460 2366 caeteris
2491 2311 2765 2368 omnibus
2797 2317 3000 2367 notum
3035 2313 3112 2367 sit
3143 2313 3282 2385 quia
3313 2313 3582 2388 religioso
3613 2315 3821 2370 abbati

394 2409 578 2474 card.,
611 2425 664 2462 VI
697 2407 780 2462 Id.
813 2404 1297 2470 0ctobr.,indiet.
1332 2421 1452 2470 viii,
1495 2404 1781 2458 Incarnat.
1816 2401 2044 2456 Domini
2154 2399 2508 2454 Theoderico
2555 2400 2848 2457 licentiam
2895 2401 3165 2457 dedimus
3221 2407 3284 2456 ut
3332 2420 3365 2457 a
3415 2403 3822 2462 schismaticis

395 2497 551 2565 1099,
586 2485 802 2569 pontii:
825 2495 1042 2550 Urbani
1074 2494 1123 2548 II
1145 2494 1248 2548 PP.
1288 2511 1363 2547 x1.
2155 2503 2482 2552 conversos,
2517 2488 2615 2560 qui
2648 2489 2720 2544 ad
2753 2489 2948 2562 ipsum
2981 2491 3370 2562 confugerint,
3396 2509 3429 2548 a
3453 2491 3684 2548 vinculo
3716 2511 3819 2558 ex-

1078 2582 1358 2636 CCXLIII.
2153 2577 2708 2634 communicationis
2739 2577 3019 2634 absolvat.

403 2658 609 2714 Urbani
655 2659 706 2710 II
752 2656 980 2726 epistola
1037 2653 1106 2707 ad
1153 2655 1353 2722 fratres
1411 2653 1464 2705 S.
1527 2652 1757 2706 llubcrti
1813 2651 2047 2722 Aiidagi-
2226 2670 2510 2723 Datum."

741 2769 744 2774 _
780 2725 787 2726 '
1115 2725 1320 2778 nensis.
2851 2756 3102 2814 CCXLV.

1017 2812 1202 2881 (Anno
1237 2812 1420 2877 1098.)

565 2885 886 2957 [ΜΑιιτιεΝε,
919 2885 1262 2954 amplissima
1285 2883 1524 2950 ϐοηθοίη
1561 2882 1651 2948 IV,
1689 2884 1869 2954 1013.]

464 2975 742 3032 URBANUS
785 2971 1118 3044 episcopus,
1164 2988 1368 3027 servus
1421 2988 1718 3028 servorum
1767 2971 1887 3036 Dei,
1936 2975 2040 3027 Ar-

391 3063 749 3123 duennensis
780 3061 1114 3118 monasterii
1142 3061 1204 3115 B.
1238 3061 1480 3116 Huberti
1511 3059 1812 3116 catholicis
1843 3060 2040 3117 fratri-

387 3156 522 3226 bus,
556 3152 808 3211 salutem
838 3155 896 3206 et
923 3149 1305 3223 apostolicam
1328 3150 1812 3206 benedictionem.

458 3243 829 3307 Audivimus,
857 3245 912 3296 et
933 3241 1200 3295 auditum
1234 3240 1679 3296 nondolerenon
1698 3255 2037 3311 possumus,

387 3333 527 3407 quia
573 3331 793 3389 Otberti
845 3329 1324 3402 pseudoepiscopi
1379 3328 1652 3384 violentia
1693 3329 2039 3386 venerabilis

385 3423 544 3480 ﬁlius
574 3424 772 3478 noster
800 3419 1214 3486 Theodericus,
1242 3422 1432 3474 vester
1462 3418 1663 3483 abbas,
1698 3435 1801 3490 pro
1841 3419 2037 3475 catho-

386 3512 507 3567 licae
541 3509 674 3565 fidei
700 3507 890 3580 gratia
913 3509 982 3562 de
1015 3511 1205 3562 vestro
1232 3507 1309 3562 sit
1338 3507 1692 3562 monasterio
1733 3506 2034 3578 expulsus,

389 3605 446 3656 et
478 3597 749 3652 Wiredus
779 3593 1329 3666 pseudomonachus
1379 3611 1483 3665 per
1511 3595 1776 3666 ejusdem
1815 3595 2038 3650 Otberti

387 3685 720 3742 violentiam
753 3700 929 3754 super
957 3683 1149 3753 capita
1179 3686 1368 3737 vestra
1419 3683 1494 3737 sit
1547 3683 1828 3753 ingestus.
1875 3683 2036 3748 Quod

387 3773 625 3832 omnino
659 3772 827 3828 nobis
853 3769 1161 3843 displicere
1192 3770 1411 3826 sciatis.
1462 3771 1625 3826 Unde
1676 3787 1774 3826 vos
1826 3771 2036 3828 litteris

386 3863 776 3939 prasentibus
807 3861 1225 3927 salutantes,ut
1252 3864 1453 3916 vestrae
1479 3860 1610 3916 fidei
1646 3862 2035 3918 constantiam

383 3952 736 4010 conservetis
766 3951 1156 4012 hortamur,et
1186 3947 1480 4004 licentiam
1502 3949 1778 4021 indulgeo
1804 3954 1868 4005 ut
1893 3950 1943 4006 si
1975 3950 2034 4006 in

385 4042 739 4100 monasterio
771 4044 961 4096 vestro
993 4039 1316 4094 secundum
1359 4038 1620 4112 regulam
1667 4039 1820 4095 beati
1863 4039 2037 4096 Bene-

385 4134 525 4190 dicti
556 4136 612 4188 et
640 4129 1021 4204 apostolicam
1043 4128 1344 4184 veritatem
1375 4129 1564 4184 vivere
1587 4145 1698 4184 non
1731 4128 2033 4195 valetis,ad

383 4223 775 4295 quodcunque
843 4218 1182 4291 religiosum
1242 4218 1542 4274 volueritis
1612 4217 2034 4274 monasterium

385 4310 691 4378 secedatis,
731 4309 913 4364 donec
945 4307 1314 4377 omnipotens
1361 4307 1510 4361 Deus
1544 4305 1737 4360 locum
1771 4311 2034 4363 vestrum

311 4375 328 4384 ἱ
386 4375 685 4469 respiciat,
711 4399 768 4451 et
796 4375 1125 4451 secundum
1151 4393 1584 4465 bencplacitum
1611 4411 1785 4450 suum
1808 4395 1868 4450 in
1893 4396 2034 4468 pris-

385 4487 508 4542 tino
539 4488 694 4542 statu
728 4485 1020 4540 reformet.
1055 4482 1226 4538 Illum
1245 4487 1441 4537 autem
1463 4482 1769 4538 Wiredum
1803 4501 2034 4540 monas-

385 4575 517 4632 terii
541 4573 716 4630 vestri
749 4573 1076 4628 invasorem
1127 4589 1262 4627 eum
1294 4571 1418 4627 suis
1452 4571 1724 4628 omnibus
1755 4574 2031 4645 subditis,

385 4663 648 4738 quandiu
679 4662 751 4719 ab
783 4662 971 4734 ipsius
1004 4661 1342 4717 monasterii
1373 4659 1672 4718 invasione
1712 4679 1826 4720 non
1857 4664 2031 4720 desti-

384 4753 539 4820 terit,
562 4769 597 4808 a
625 4756 826 4808 sancta
858 4751 1120 4806 Romana
1151 4749 1406 4807 Ecclesia
1457 4752 2029 4810 excommunicatum

2255 2845 2461 2901 Urbani
2481 2847 2530 2901 II
2557 2848 2882 2917 rescriptum
2908 2863 3006 2918 pro
3039 2847 3328 2902 Casincnsi
3355 2851 3710 2906 monasterio.

2223 2933 2502 2989 URBANUS
2533 2935 2866 3007 episc0pus,
2917 2952 3118 2992 servus
3163 2953 3464 2993 servorum
3504 2937 3627 3006 Dei,
3661 2938 3808 2996 cha-

2151 3021 2385 3078 rissimo
2419 3021 2537 3078 filio
2564 3025 2782 3078 ANSONI
2812 3025 3354 3081 Beneventanorum
3377 3027 3810 3096 domino,salu-

2148 3115 2267 3166 tem
2299 3115 2356 3166 et
2386 3111 2764 3182 apostolicam
2796 3113 3283 3170 benedictionem.

2070 3179 2113 3246 (ἶ
2221 3199 2366 3254 Cum
2399 3217 2585 3272 nuper
2615 3218 2648 3255 a
2680 3205 2733 3255 te
2784 3201 3185 3271 discessimus,
3221 3204 3374 3260 nosti
3423 3203 3534 3260 sub
3582 3209 3811 3276 quanta

2152 3293 2205 3344 te
2235 3288 2536 3345 affectione
2567 3289 2904 3346 dimisimus
2937 3309 2948 3345 :
2983 3291 3040 3345 in
3075 3292 3277 3347 eadem
3311 3309 3445 3348 vero
3479 3293 3807 3367 affectione,

2149 3378 2207 3431 in
2239 3379 2504 3433 eamdem
2537 3378 2959 3450 benignitatem
2991 3384 3048 3435 et
3077 3397 3184 3436 nos
3215 3381 3320 3436 tibi
3372 3399 3627 3454 manere,
3660 3387 3719 3438 et
3753 3387 3810 3439 te

2148 3465 2318 3521 nobis
2365 3465 2636 3544 volumus
2686 3482 3046 3538 permanere,
3100 3471 3377 3541 quoniam
3424 3471 3664 3542 quidem
3696 3489 3808 3542 nos

2148 3554 2429 3610 honorem
2460 3558 2632 3610 tuum
2663 3571 2914 3624 servare,
2947 3561 3003 3612 et
3038 3557 3095 3612 in
3140 3557 3347 3614 melius
3398 3577 3610 3632 augere
3641 3578 3808 3618 cura-

2147 3643 2364 3711 bimus,
2412 3643 2461 3699 si
2493 3647 2549 3698 et
2598 3648 2661 3698 tu
2694 3644 2753 3698 in
2807 3645 2961 3700 beati
3010 3646 3163 3702 Petri
3215 3647 3458 3720 apostoli
3490 3651 3547 3703 et
3595 3654 3803 3706 nostra

2147 3731 2441 3788 curaveris
2473 3731 2749 3788 fidelitate
2775 3737 2831 3788 et
2862 3751 3057 3790 amore
3089 3737 3417 3808 persistere.
3452 3741 3528 3793 De
3555 3755 3798 3794 monas-

2145 3820 2288 3876 terio
2319 3822 2540 3878 Sanctae
2595 3821 2824 3894 Sophiae
2885 3824 3114 3894 quoties
3172 3829 3229 3881 et
3286 3843 3354 3881 ex
3413 3831 3633 3898 quanto
3669 3829 3801 3900 jam

2147 3913 2408 3982 tempore
2471 3910 2818 3967 Casinenses
2886 3913 3157 3968 monachi
3221 3914 3683 3986 reclamaverint,
3747 3921 3803 3974 te

2145 3999 2341 4070 ipsum
2376 3997 2642 4072 ignorare
2683 4017 2798 4054 non
2839 4001 3156 4057 credimus.
3209 4003 3406 4074 Nuper
3454 4005 3514 4060 in
3561 4005 3804 4068 Barensi

2145 4086 2390 4142 concilio
2422 4103 2555 4144 cum
2593 4087 2830 4160 scriptis
2879 4093 2936 4144 et
2984 4090 3364 4147 monimentis
3396 4092 3645 4150 ecclesia;
3678 4111 3800 4151 sua:

2136 4175 2435 4246 justitiam
2487 4192 2656 4232 suam
2720 4180 2979 4234 astruere
3035 4180 3223 4251 parati
3286 4181 3555 4250 fuissent,
3615 4183 3802 4240 abbas

2146 4264 2369 4320 Sanctae
2393 4263 2618 4337 Sophim
2651 4265 2954 4323 occasione
2976 4269 3059 4322 tui
3083 4285 3272 4324 causae
3306 4271 3594 4327 actionem
3628 4271 3799 4345 fugit.

2144 4353 2288 4407 Cum
2320 4353 2713 4408 Beneventum
2747 4354 2923 4410 etiam
2954 4356 3321 4413 venissemus
3371 4355 3430 4413 in
3462 4359 3590 4432 ipsa
3617 4361 3801 4418 beate

2143 4441 2366 4514 Sophia:
2401 4443 2596 4508 domo,
2629 4443 2838 4500 fratres
2871 4445 2982 4517 ipsi
3018 4450 3307 4518 quantum
3337 4449 3530 4520 questi
3581 4449 3802 4506 fuerint

2063 4549 2110 4615 Ι)
2143 4528 2376 4585 audisti.
2412 4531 2558 4596 Quid
2594 4548 2698 4586 nos
2744 4532 2846 4586 tibi
2898 4533 2969 4588 de
3001 4534 3202 4590 eadem
3254 4554 3432 4592 causa
3476 4537 3802 4594 dixerimus

2145 4619 2482 4686 meministi,
2517 4624 2657 4676 tunc
2707 4621 2876 4677 nobis
2907 4639 3010 4696 pro
3060 4623 3380 4681 voluntatis
3424 4630 3548 4681 tuae.
3583 4626 3802 4698 placito

2140 4708 2516 4781 respondisti.
2552 4709 2668 4764 Nos
2719 4716 2915 4766 autem
2971 4711 3194 4769 diutius
3247 4715 3364 4787 pati
3413 4715 3693 4778 nolumus
3733 4721 3804 4774 ut

389 4797 539 4820 """
562 4797 597 4808 “”
625 4797 826 4853 ῗ“””ἴ“’
858 4797 1120 4850 “ῗ““““’“
1152 4797 1424 4850 ’⁷ἶ’““”.
1459 4797 2029 4852 ”“””“Ῑ““”“’“’“⁶“
2143 4797 2458 4853 Casinense
2519 4801 2943 4855 monasterium
3005 4802 3075 4856 de
3135 4801 3226 4858 his
3279 4820 3405 4875 qum
3465 4805 3537 4872 ad
3599 4804 3798 4878 ipsum

384 4859 514 4899 esse
543 4845 779 4914 scriptis
802 4840 966 4896 vobis
999 4840 1380 4912 praesentibus
1411 4845 1853 4898 innotescimus.
2145 4885 2432 4918 “MM”
2463 4885 2733 4918 “HM,”
2761 4887 3032 4918 ,n:n_:nm
3062 4889 3280 4918 mnu”
3313 4892 3570 4918 una,“
3612 4893 3635 4918 τ
3660 4911 3798 4918 “___

1415 4886 1853 4898 ’”“”“““’“”““””’
2145 4886 2432 4984 pertinere
2463 4886 3282 4984 videnﬁturdnju-riamdiutius
3313 4892 3588 4984 patiatur.
3612 4893 3800 4984 Locus

389 4994 594 5062 Urbani
645 5005 692 5060 II
749 5002 980 5074 epistola
1036 4975 1490 5056 (ιᾶψῖᾶἇιὶίέηεοδ
1552 5018 1652 5073 pro
1722 5003 2034 5060 Theoderico
2143 4975 2300 5074 enim?
2335 4975 2458 5074 ίΡῗθ
2482 4991 2587 5048 ΡθΓ
2747 4977 2994 5074 ετθξίθω
3048 4979 3202 5034 beati
3235 4981 3526 5074 Benedi‘fti
3567 4983 3799 5074 meritis

1104 5073 1310 5127 abbate.
1552 5061 1566 5073 ⁸
2145 5078 2259 5116 non
2281 5065 2511 5116 tantum
2543 5061 2732 5128 nobis,
2768 5063 2866 5134 qui
2900 5081 3079 5137 prope
3109 5084 3338 5136 sumus,
3375 5069 3478 5124 sed
3513 5069 3796 5127 universa

1007 5162 1192 5232 (Anno
1227 5161 1406 5229 1098.)
2142 5149 2317 5204 etiam
2352 5148 2526 5204 Italiae
2546 5154 2910 5221 opportunus
2926 5157 2983 5208 et
3006 5156 3369 5212 necessarius
3385 5157 3796 5226 _est,multum-

871 5233 1178 5303 [Mauri-1x”
1210 5234 1305 5285 ubi
1328 5234 1540 5301 διῳναῇ
2145 5255 2256 5309 que
2289 5254 2394 5292 nos
2425 5238 2652 5293 deceret
2685 5245 2767 5304 ut,
2802 5242 2848 5296 si
2882 5243 3160 5314 possibile
3193 5245 3568 5314 esset,locum
3597 5247 3795 5320 ipsum

458 5321 735 5378 Unnmus
765 5322 1093 5396 episcopus,
1129 5336 1326 5376 servus
1357 5337 1654 5376 servorum
1689 5323 1809 5388 Dei,
1836 5325 2031 5380 catho-
2143 5327 2214 5381 de
2244 5326 2459 5382 nostris
2506 5327 2682 5383 etiam
2715 5329 3069 5399 diceremus,
3116 5335 3334 5390 nedum
3385 5353 3513 5405 sua,
3568 5336 3797 5394 favente

388 5407 516 5464 licis
549 5410 822 5466 omnibus
851 5411 910 5466 in
959 5411 1108 5466 clero
1156 5409 1460 5465 Leodiensi
1511 5414 1568 5464 et
1616 5413 1830 5484 populo
1878 5415 1936 5471 S.
1978 5419 2034 5471 et
2134 5414 2388 5486 justitia,
2414 5433 2529 5472 non
2564 5417 2824 5490 recipiat.
2862 5420 2992 5476 Tibi
3022 5421 3224 5495 igitur,
3257 5427 3540 5497 tanquam
3573 5425 3796 5482 charis-

387 5499 450 5552 Α.
477 5498 557 5586 B.
2143 5506 2294 5561 simo
2325 5509 2381 5561 et
2410 5505 2566 5561 fideli
2597 5513 2795 5570 nostro
2819 5512 3170 5568 mandamus
3193 5513 3601 5586 utvenerabili
3629 5516 3794 5574 fratri

457 5585 736 5644 Dolemus
767 5603 870 5658 pro
886 5587 1050 5644 vobis
1079 5587 1346 5660 graviter,
1381 5587 1486 5644 filii
1523 5587 1582 5645 in
1632 5589 1859 5648 Christo
1898 5591 2035 5652 dile-
2143 5598 2342 5652 nostro
2373 5595 2673 5653 Casinensi
2705 5599 2904 5656 abbati
2933 5605 2989 5656 et
3019 5602 3146 5674 ejus
3170 5603 3452 5662 fratribus
3476 5605 3546 5675 de
3569 5608 3792 5664 Sanctae
