3990 6156
16 2504 19 2571 l

166 328 311 392 513

1371 336 1778 403 EPISTOLAS
1819 338 1920 401 ET
1962 337 2435 402 PBIVILEGIA.

3467 306 3605 413 ait

164 464 425 537 Sophia:
479 468 834 525 monasterio
884 469 1008 528 vice
1056 472 1257 528 nostra
1293 473 1594 544 justitiam
1634 472 1834 530 facias.
1865 472 1922 541 Α
1955 472 2393 545 Monte-Majore
2423 488 2557 529 cum
2588 472 2718 546 ipso
2746 476 2965 541 monte,
3025 474 3330 532 ecclesiam
3377 476 3600 536 Sanctae

162 552 353 618 Quod
375 555 425 612 si
449 560 584 613 ante
607 560 659 614 te
685 559 852 632 quasi
875 559 1211 618 siccularem
1229 564 1575 635 potestatem
1599 578 1838 620 causam

163 659 359 717 agere
381 647 808 718 excusaverint,
841 653 902 705 tu
934 667 1035 707 eos
1064 651 1136 708 ad
1169 651 1539 724 praesentiam
1580 656 1842 709 nostram

160 733 381 791 venire
408 735 711 809 compelle.
745 738 869 803 Quo
900 743 1095 795 autem
1128 741 1378 797 termino
1423 745 1556 797 ante
1600 759 1708 797 nos
1738 758 1843 815 pro

159 838 365 881 causa
394 824 503 879 hac
535 827 846 883 convenire
875 828 1144 897 debeant,
1174 830 1343 885 nobis
1372 835 1510 886 ante
1551 830 1839 903 signiﬁca,

161 916 236 967 ut
272 917 331 969 et
370 930 476 970 nos
496 914 799 971 Casinensi
821 915 1015 972 abbati
1035 916 1457 991 signiﬁcemus.
1481 918 1656 974 Porro
1678 916 1845 991 quid-

164 1002 323 1074 quid
360 1019 470 1059 nos
500 1003 706 1060 exinde
738 1004 1143 1074 statuerimus,
1174 1010 1343 1063 tuum
1370 1006 1501 1074 erit,
1533 1007 1626 1064 his
1666 1006 1841 1063 etiam

162 1091 994 1167 renitentibus,'adimplere;
1031 1093 1290 1169 alioquin
1336 1097 1702 1154 auctoritatis
1738 1114 1839 1153 no-

164 1184 315 1235 stra
350 1181 631 1253 injuriam
664 1182 886 1239 diutius
927 1183 1047 1257 pati
1103 1185 1501 1258 nequibimus,
1560 1187 1703 1259 quin
1735 1186 1843 1243 ad-

162 1286 392 1327 versus
422 1275 801 1329 contumaces
830 1274 986 1345 quod
1018 1274 1194 1331 ofﬁcii
1226 1276 1411 1332 nostri
1459 1280 1549 1333 est
1598 1275 1842 1350 implea-

163 1376 339 1432 mus,
372 1363 434 1416 et
462 1360 765 1418 Casinensi
798 1362 993 1419 abbati
1053 1380 1180 1437 qua)
1222 1382 1329 1421 sua
1383 1370 1523 1421 sunt
1569 1365 1841 1422 restitua-

162 1465 337 1514 mus,
375 1464 577 1522 quem,
611 1451 671 1506 in
704 1456 990 1524 quantum
1049 1453 1300 1521 videtur,
1352 1454 1585 1528 plenam
1630 1455 1844 1512 habere

152 1538 475 1610 justitiam
503 1539 823 1597 credimus.

244 1632 402 1684 Data
429 1629 700 1702 Ciperani
730 1630 901 1687 tertio
932 1631 1128 1688 Nonas
1156 1633 1517 1690 Novembris.

318 1852 491 1908 Bulla
523 1852 733 1910 Urbani
760 1855 811 1910 II
832 1765 1485 1927 psgtzolbwnaslerio
1515 1855 1707 1914 Sancti

837 1927 1196 1999 Cucuphatis.

830 2034 1020 2105 (Anno
1050 2034 1236 2102 1098.)

290 2137 541 2209 (lanea,
574 2138 755 2195 Marsa
784 2140 1101 2212 Hispanica.
1142 2140 1433 2214 Append.,
1459 2157 1515 2214 p.
1552 2142 1734 2213 1203.)

252 2252 536 2310 Uaaauus
566 2254 898 2328 episcopus,
927 2272 1130 2312 servus
1159 2272 1459 2313 servorum
1484 2254 1606 2326 Dei,
1632 2256 1841 2315 dilecto

164 2343 303 2400 filio
328 2340 722 2411 anaamo,
745 2342 940 2400 abbati
964 2345 1306 2402 monasterii
1328 2346 1526 2402 Sancti
1544 2347 1845 2420 Cucupha-

164 2434 259 2490 tis
289 2434 450 2507 quod
480 2432 823 2489 Detovienae
856 2434 1093 2505 dicitur,
1125 2436 1369 2508 ejusque
1400 2437 1844 2495 successoribus

168 2520 537 2597 regulariter
563 2521 997 2579 substituendis
1028 2523 1085 2578 in
1118 2528 1489 2597 perpetuum.

255 2612 369 2668 Pis:
382 2610 701 2684 postulatio
721 2611 1038 2668 voluntatis
1051 2613 1258 2669 effectu
1273 2613 1443 2670 debet
1457 2620 1844 2688 prosequente

174 2698 495 2774 compleri,
515 2704 805 2773 quatenus
826 2704 882 2757 et
903 2701 1226 2758 devotionis
1247 2701 1552 2759 sinceritas
1576 2703 1845 2762 laudabi-

174 2790 325 2847 liter
350 2790 653 2858 enitescat,
688 2794 745 2846 et
775 2789 999 2846 utilitas
1022 2790 1317 2862 postulata
1332 2790 1484 2849 vires
1514 2793 1846 2851 indubitan-

176 2885 279 2936 ter
300 2882 587 2936 assumat.
620 2878 768 2943 Quia
794 2896 931 2952 ergo
963 2879 1195 2936 dilectio
1218 2885 1320 2936 tua
1339 2882 1409 2936 ad
1434 2882 1591 2938 sedis
1612 2888 1846 2955 aposto-

176 2968 315 3025 lica:
338 2972 571 3043 portum
594 2968 938 3041 confugiens
959 2969 1087 3041 ejus
1110 2968 1415 3027 tuitionem
1432 2970 1733 3029 devotione
1745 2973 1846 3030 de-

180 3058 317 3114 bita
344 3056 668 3131 requisivit,
703 3074 809 3113 nos
832 3056 1244 3131 supplicationi
1269 3062 1381 3115 tuas
1412 3059 1727 3118 clementer
1747 3079 1846 3118 an-

182 3147 454 3205 nuimus.
487 3146 647 3203 Beati
678 3145 966 3219 siquidem
999 3145 1352 3220 Cucuphatis
1372 3149 1698 3206 venerabile
1720 3168 1843 3208 mo-

1873 1847 1922 1914 Β

1954 560 2148 617 Μαιιίω
2177 562 2249 617 de
2279 561 2535 631 Toldclo,
2569 563 2874 621 ecclesiam
2907 563 3103 620 Sancti
3127 563 3335 622 Felicis
3357 568 3426 623 de
3449 567 3604 625 Villa

1953 650 2025 706 de
2055 649 2322 721 Milanos,
2356 652 2663 709 ecclesiam
2695 653 2920 711 Sanctae
2948 654 3139 710 Mariae
3163 658 3218 711 et
3237 656 3431 712 Sancti
3450 658 3602 713 Petri

1952 739 2107 812 quod
2130 744 2388 797 castrum
2407 741 2565 797 Felix
2588 742 3143 810 dicitur,ecclesiam
3167 744 3394 801 Sancta:
3412 742 3611 803 Mariae‘

1951 832 2008 884 et
2031 829 2227 885 Sancti
2243 830 2487 887 Joannis
2509 831 2664 904 quod
2686 832 3162 889 Monasteriolum
3178 838 3405 900 vocant,
3428 834 3606 892 eccle-

1953 916 2099 974 siam
2121 919 2349 975 Sanctae
2368 918 2569 976 Crucis
2591 923 2649 977 et
2667 921 2865 977 Sancti
2886 919 3159 994 Sylvestri
3182 922 3253 978 de
3274 922 3602 993 Vallerana,

1951 1006 2256 1064 ecclesiam
2277 1008 2475 1066 Sancti
2509 1010 2866 1083 Cucuphatis
2890 1011 2961 1066 de
2975 1009 3210 1079 Moia,et
3226 1009 3401 1067 aliam
3424 1012 3605 1069 eccle-

1952 1095 2099 1151 siam
2123 1097 2316 1153 Sancti
2340 1097 2698 1172 Cucuphatis
2728 1100 2798 1156 de
2818 1100 3103 1172 'Garriga,
3127 1099 3431 1157 ecclesiam
3455 1102 3606 1159 San-

1952 1185 2027 1240 cti
2052 1185 2345 1242 Benedicti
2368 1191 2426 1243 et
2448 1187 2734 1260 Spisellis,
2772 1187 3070 1245 ecclesiam
3108 1189 3303 1245 Sancti
3326 1190 3605 1263 Stephani

1953 1274 2022 1329 de
2053 1275 2379 1345 Castelleto,
2414 1276 2721 1334 ecclesiam
2768 1278 2965 1334 Sancti
3009 1278 3227 1334 Juliani
3277 1279 3348 1335 de
3393 1281 3607 1336 Sancta
3692 1294 3701 1313 '

1951 1362 2116 1419 Oliva
2145 1381 2275 1420 cum
2301 1363 2560 1436 castello,
2585 1367 2891 1424 ecclesiam
2914 1367 3109 1424 Sancti
3134 1366 3449 1425 Salvatoris
3472 1369 3607 1426 Bac-

1951 1452 2135 1508 tensis
2165 1470 2299 1510 cum
2332 1454 2806 1527 possessionibus
2836 1460 2893 1513 et
2929 1456 3296 1530 pertinentiis
3327 1458 3452 1515 suis
3481 1477 3495 1528 ;
3521 1474 3609 1515 ec-

1951 1540 2191 1597 clesiam
2226 1543 2421 1598 Sancti
2444 1544 2597 1601 Petri
2624 1548 2680 1600 et
2706 1545 2930 1601 Sanctae
2958 1545 3160 1603 Crucis
3185 1547 3256 1602 de
3281 1547 3604 1619 Mosquefa,

1954 1630 2258 1689 ecclesiam
2298 1636 2519 1689 Sanctae
2550 1632 2741 1690 Mariae
2784 1636 2856 1691 de
2902 1634 3239 1708 Capelades,
3300 1634 3606 1692 ecclesiam

1951 1720 2145 1776 Sancti
2173 1719 2376 1777 Felicis
2406 1722 2476 1778 de
2497 1721 2699 1780 Castro
2731 1722 3016 1793 0dilione,
3050 1724 3358 1781 ecclesiam
3382 1724 3607 1782 Sancta:

1953 1808 2146 1864 Mariae
2178 1810 2250 1867 de
2278 1810 2524 1868 Castello
2554 1812 2626 1868 de
2676 1810 2949 1869 Clariana
2990 1830 3123 1870 cum
3174 1814 3303 1886 ipso
3343 1812 3605 1882 castello,

1953 1896 2258 1955 ecclesiam
2311 1900 2534 1956 Sanctae
2596 1900 2789 1958 Mariae
2830 1903 2902 1960 de
2943 1901 3251 1976 Aqualata,
3298 1902 3608 1961 ecclesiam

1949 1987 2143 2042 Sancti
2194 1988 2348 2044 Petri
2397 1989 2468 2046 de
2513 1990 2655 2058 Viri,
2712 1991 3021 2048 castellum
3073 1992 3270 2048 Sancti
3314 1992 3609 2050 Vincentii

1950 2092 2084 2131 cum
2137 2076 2265 2149 ipsa
2322 2077 2584 2146 ecclesia,
2619 2078 2925 2136 castellum
2980 2080 3051 2135 de
3106 2080 3418 2138 Albiniana
3472 2099 3608 2139 cum

1951 2164 2197 2221 ecclesia
2225 2183 2352 2234 sua,
2387 2166 2662 2224 ecclesias
2693 2168 2889 2224 Sancti
2938 2168 3239 2241 Sepulchri
3287 2174 3344 2226 et
3384 2171 3609 2228 Sancta:

1955 2253 2153 2310 Mariae
2183 2255 2254 2311 de
2282 2256 2566 2329 Amposta
2610 2273 2742 2312 cum
2794 2255 3084 2314 universis
3131 2260 3608 2330 possessionibus

1951 2348 2009 2399 et
2039 2343 2408 2415 pertinentiis
2436 2361 2661 2411 eorum,
2702 2343 2979 2402 ecclesias
3038 2348 3237 2404 Sancti
3282 2346 3518 2405 Martini
3550 2353 3608 2406 et

1952 2431 2151 2488 Sancti
2183 2432 2412 2502 Felicis,
2446 2438 2503 2490 et
2525 2434 2719 2489 Sancti
2742 2434 2974 2491 Genesii
3003 2452 3130 2508 quae
3150 2439 3292 2492 sunt
3312 2437 3383 2492 ad
3414 2437 3606 2510 ipsam

1954 2526 2176 2578 curtem
2209 2522 2280 2578 de
2313 2522 2468 2591 Faio,
2490 2522 2797 2580 ecclesiam
2825 2524 3021 2580 Sancti
3048 2524 3277 2582 Genesii
3298 2529 3355 2582 et
3381 2526 3605 2584 Sancta:

1953 2609 2190 2668 Eulalia:
2221 2628 2399 2684 quam
2430 2617 2638 2669 vocant
2664 2612 2955 2686 Tapioles,
3004 2611 3262 2670 alodium
3306 2615 3461 2688 quod
3519 2619 3608 2672 est

1952 2699 2107 2756 intra
2137 2717 2339 2758 muros
2369 2701 2623 2758 civitatis
2638 2701 2995 2771 Barcinonze,
3025 2702 3248 2760 scilicet
3269 2721 3403 2760 cum
3424 2704 3609 2760 domi-

1954 2789 2085 2857 bus,
2102 2780 2389 2857 curtibus,
2408 2790 2595 2846 hortis
2608 2790 3027 2857 ethortalibus,
3040 2791 3127 2848 vel
3150 2797 3439 2866 quantum
3456 2794 3608 2850 infra

1954 2877 2313 2934 territorium
2345 2880 2629 2951 praedictae
2661 2880 2911 2936 civitatis
2950 2882 3256 2953 praefatum
3311 2887 3605 2941 monaste-

1954 2967 2109 3022 rium
2141 2966 2355 3023 habere
2388 2968 2634 3037 videtur,
2660 2968 2915 3025 alodium
2938 2970 3093 3042 quod
3117 2974 3207 3026 est
3235 2970 3387 3028 infra
3408 2972 3607 3028 termi-

1954 3073 2061 3111 nos
2091 3056 2161 3111 de
2191 3060 2379 3113 castro
2406 3056 2583 3113 Fonte
2613 3058 2813 3126 rubea,
2836 3062 2894 3115 et
2916 3059 2986 3114 de
3010 3058 3438 3130 Monte-Acuto,
3460 3065 3517 3117 et
3536 3061 3607 3117 de

1955 3144 2220 3214 Piniana,
2254 3148 2311 3201 et
2340 3146 2410 3201 de
2440 3145 2661 3214 Carolo,
2695 3151 2753 3202 et
2789 3147 2860 3203 dc
2890 3148 3090 3203 Castro
3135 3146 3303 3217 Virli,
3344 3149 3606 3206 alodium

178 3237 535 3301 nasterium,
598 3236 691 3291 cui
744 3217 1087 3308 disponente
1150 3217 1393 3294 Domino
1456 3239 1517 3294 in
1574 3239 1845 3297 abbatem
1876 3217 1919 3284 α
1957 3234 2026 3290 de
2056 3233 2269 3290 Olorda
2298 3251 2432 3290 cum
2465 3234 2595 3308 ipsa
2622 3238 2802 3301 turre,
2834 3240 2893 3290 et
2921 3234 3181 3291 alodium
3232 3238 3385 3309 quod
3418 3242 3509 3294 est
3542 3240 3604 3294 in

177 3338 437 3398 praeesse
458 3324 840 3398 dignosceris,
864 3342 972 3381 nos
980 3326 1151 3397 juxta
1178 3326 1598 3383 venerabilium
1623 3330 1844 3400 praede-

176 3428 491 3472 cessorum
526 3417 863 3470 nostrorum
889 3413 1184 3488 exemplar
1206 3416 1316 3471 sub
1339 3416 1666 3488 apostolicae
1690 3417 1846 3474 sedis

180 3503 548 3579 protectione
570 3502 899 3576 specialiter
927 3502 985 3558 in
1018 3508 1366 3577 perpetuum
1398 3522 1634 3561 manere
1654 3506 1845 3563 sanci-

182 3606 350 3661 mus,
380 3596 436 3648 et
467 3599 584 3649 tam
616 3592 813 3663 ipsum
846 3610 1022 3665 quam
1047 3594 1321 3649 universa
1349 3594 1423 3649 ad
1450 3593 1645 3666 ipsum
1677 3595 1847 3669 perti-

182 3680 413 3737 inent'ia
437 3680 545 3736 tibi
579 3680 818 3753 tuisque
846 3679 1125 3755 legitimis
1166 3682 1608 3739 successoribus
1656 3684 1843 3757 possi-

182 3771 402 3841 denda,
434 3771 687 3843 regenda
716 3788 783 3826 ac
813 3768 1178 3843 disponenda
1208 3771 1536 3840 firmamus,
1584 3771 1843 3830 alodium

184 3858 419 3916 scilicet
447 3860 601 3932 quod
634 3860 691 3915 in
724 3860 1059 3915 monasterii
1096 3860 1283 3933 ipsius
1323 3860 1547 3917 ambitu
1595 3863 1844 3918 circum-

186 3952 375 4005 situm
404 3954 495 4004 est
525 3962 657 4004 cum
685 3947 932 4004 ecclesia
969 3947 1163 4003 Sancti
1226 3948 1375 4004 Petri
1408 3953 1466 4005 et
1522 3950 1716 4006 Sancti
1746 3955 1844 4007 Se-

184 4038 333 4105 veri,
349 4052 484 4093 cum
506 4036 780 4093 omnibus
803 4036 1020 4093 finibus
1037 4037 1526 4111 pertinentiisque
1538 4038 1846 4107 suis,sicut

184 4126 251 4182 in
282 4126 779 4199 prédecessorum
803 4130 1135 4181 nostrorum
1152 4124 1473 4199 privilegiis
1490 4127 1841 4199 continetur,

187 4213 617 4271 menasterium
640 4214 864 4271 Sancta:
891 4212 1125 4269 Caeciliae
1142 4215 1212 4270 de
1234 4214 1686 4272 Monte-Serrato
1708 4233 1843 4273 cum

188 4302 463 4360 terminis
493 4306 551 4359 ct
578 4302 1049 4376 possessionibus
1081 4309 1136 4359 et
1167 4304 1532 4375 pertinentiis
1561 4305 1723 4373 suis;
1748 4322 1844 4361 ec-

186 4391 433 4450 clesiam
460 4391 996 4448 Sancti'Laurentii
1028 4408 1160 4447 cum
1192 4391 1439 4448 ecclesia
1490 4393 1686 4448 Sancti
1716 4394 1842 4451 Ste-

184 4480 370 4555 phani
392 4484 453 4537 et
475 4478 763 4538 castellari
786 4497 919 4537 cum
944 4479 1232 4548 terminis,
1257 4480 1622 4552 adjacentiis,
1645 4498 1842 4553 posse-

1956 3322 2299 3378 duodecimo
2321 3323 2440 3379 sive
2464 3323 2521 3378 in
2542 3322 3059 3389 Misano,alodium
3083 3324 3235 3396 quod
3260 3324 3437 3381 habet
3457 3325 3609 3382 infra

1954 3411 2273 3467 terminum
2307 3412 2379 3467 de
2408 3410 2677 3468 Terrasia
2732 3416 2789 3468 et
2823 3411 2893 3468 de
2942 3410 3275 3480 Castellaro,
3309 3414 3365 3469 et
3414 3412 3472 3468 in
3502 3416 3608 3470 Ar-

1956 3517 2135 3556 raona
2165 3504 2221 3556 et
2252 3501 2308 3555 in
2342 3500 2676 3557 Barbarano
2709 3504 2766 3556 et
2793 3500 2865 3557 de
2918 3500 3144 3574 palatio
3199 3501 3387 3570 Ausit,
3427 3507 3485 3559 et
3537 3503 3609 3560 de

1954 3588 2170 3663 palatio
2192 3588 2489 3660 Palatano,
2516 3595 2575 3647 et
2604 3591 2661 3646 in
2684 3589 2822 3647 villa
2843 3591 2914 3647 de
2936 3588 3181 3664 Mogodo
3201 3594 3258 3648 et
3278 3592 3350 3647 de
3370 3591 3606 3660 Moleto,

1952 3683 2010 3734 et
2038 3679 2097 3734 in
2132 3678 2346 3753 palatio
2374 3680 2445 3735 de
2487 3679 2673 3752 Aries,
2732 3684 2789 3736 et
2846 3680 2907 3736 in
2941 3679 3172 3737 Lisiano
3222 3681 3522 3754 superiore
3553 3682 3610 3739 et

1952 3766 2247 3838 inferiore,
2279 3768 2414 3825 etin
2437 3768 2715 3842 parochia
2740 3770 2812 3826 de
2837 3769 3113 3836 Parietes,
3145 3774 3202 3826 et
3221 3770 3293 3827 de
3314 3770 3605 3845 Gallego’s,

1954 3862 2012 3913 et
2044 3856 2419 3931 Plegarnanis
2448 3862 2504 3915 et
2560 3858 2632 3915 de
2662 3858 2911 3929 Petiaco,
2947 3858 3101 3931 quod
3151 3859 3356 3915 dicunt
3386 3858 3606 3916 bellum

1954 3946 2230 4013 ditinum,
2263 3950 2321 4002 et
2349 3948 2421 4002 de
2450 3946 2719 4012 Bitilona,
2755 3952 2811 4003 et
2833 3948 2904 4003 de
2928 3947 3277 4003 Palumbare
3307 3948 3454 4003 etde
3475 3947 3605 4005 Otto

1953 4039 2011 4090 et
2035 4035 2107 4090 de
2140 4035 2442 4107 ltivopullo
2469 4040 2525 4092 et
2546 4036 2617 4092 de
2638 4035 2801 4091 Valle
2831 4036 2901 4091 de
2919 4034 3156 4105 Ariolfo,
3179 4036 3326 4092 etde
3346 4036 3608 4091 Grannu-

1952 4122 2150 4191 larios,
2177 4127 2233 4178 et
2253 4123 2323 4178 de
2348 4124 2585 4190 Lerona,
2619 4128 2676 4179 et
2707 4124 2776 4179 de
2809 4123 3104 4191 Moserati,
3137 4126 3192 4178 et
3222 4123 3292 4180 de
3329 4126 3605 4180 Samatus

1952 4216 2007 4268 et
2038 4212 2109 4268 de
2138 4210 2397 4268 Canovas
2427 4216 2484 4268 et
2513 4212 2583 4267 de
2636 4212 2887 4269 Corronc
2932 4212 3229 4284 superiore
3285 4216 3342 4268 et
3399 4212 3602 4269 subte-

1954 4301 2124 4369 riore,
2172 4300 2432 4357 alodium
2481 4301 2550 4357 de
2597 4301 2815 4358 Turres
2875 4301 3070 4370 Beses,
3105 4317 3239 4358 cum
3288 4301 3400 4358 alio
3448 4298 3603 4375 quod

1953 4390 2157 4446 Nelma
2187 4390 2403 4446 femina
2432 4388 2513 4447 ibi
2540 4389 2773 4459 obtulit,
2807 4389 3067 4447 alodium
3095 4388 3168 4447 de
3195 4392 3452 4461 Ausona,
3484 4391 3605 4449 alo;

1953 4480 2118 4536 dium
2149 4481 2220 4537 de
2252 4480 2494 4549 Storria,
2527 4485 2585 4536 et
2614 4478 2812 4536 omnia
2833 4479 3025 4537 alodia
3053 4497 3181 4553 quae
3212 4479 3389 4537 habet
3416 4483 3473 4538 et
3494 4481 3606 4538 ha-

183 4570 469 4628 sionibus'
512 4568 1000 4642 pertinentiisque
1049 4568 1174 4625 suis
1213 4587 1227 4637 ;
1288 4568 1593 4625 ecclesiam
1649 4570 1844 4626 Sancti
1875 4587 1922 4652 D
1955 4569 2090 4625 bere
2120 4569 2290 4626 debet
2318 4568 2379 4625 in
2410 4570 2684 4642 praedicto
2716 4569 2995 4627 comitatu
3027 4568 3464 4641 Barcinonensi,
3497 4571 3605 4629 Ge-

185 4659 355 4716 Pauli
384 4664 545 4715 extra
576 4672 778 4715 muros
808 4658 1142 4714 Barcinonze
1173 4673 1305 4714 cum
1340 4656 1532 4713 alodio
1573 4660 1728 4730 quod
1762 4659 1839 4715 ibi

186 4748 407 4806 obtulit
451 4748 755 4805 Girbertus
785 4751 839 4804 et
871 4764 1013 4803 uxor
1041 4747 1189 4820 ejus,
1224 4762 1354 4802 cum
1398 4746 1674 4803 omnibus
1715 4764 1842 4820 quae

187 4838 366 4895 modo
396 4836 677 4910 possidet,
740 4841 797 4893 et
846 4837 1080 4893 inantea
1127 4836 1504 4909 acquisierit:
1537 4835 1841 4893 ecclesiam

186 4930 413 4983 Sanctae
442 4926 636 4983 Maria:
669 4926 739 4982 de
763 4926 940 4982 Fonte
964 4926 1161 4984 Ruben
1185 4943 1318 4982 cum
1341 4925 1531 4982 alodio
1560 4926 1713 4998 quod
1738 4927 1843 4982 tibi

189 5012 408 5072 obtulit
433 5012 719 5072 Geraldus
749 5014 990 5071 Mironis
1014 5032 1027 5070 :
1052 5013 1358 5071 ecclesiam
1380 5014 1578 5071 Sancti
1603 5015 1752 5072 Petri
1773 5016 1844 5072 de

186 5102 479 5174 Clariana,
501 5103 807 5161 ecclesiam
830 5102 1028 5160 Sancti
1052 5102 1339 5160 Vincentii
1363 5102 1434 5160 de
1459 5104 1839 5178 Aqua-Obba,

189 5192 496 5251 ecclesiam
530 5192 754 5250 Sanctae
780 5193 975 5250 Maria}
1006 5197 1064 5249 et
1090 5191 1285 5249 Sancti
1313 5193 1596 5268 Stephani
1634 5194 1705 5251 de
1735 5194 1841 5251 Pa-

188 5282 329 5340 lotio
354 5301 369 5351 ;
403 5282 709 5340 ecclesiam
730 5282 925 5339 Sancti
947 5281 1102 5338 Cucu
1112 5281 1305 5356 phatis
1325 5282 1396 5338 de
1419 5281 1646 5350 Rifano,
1664 5280 1843 5339 eccle-

186 5370 337 5429 siam
360 5371 559 5429 Sancti
585 5371 864 5445 Stephani
890 5372 960 5428 de
985 5369 1296 5444 Rivipullo,
1319 5370 1626 5428 ecclesiam
1647 5371 1841 5429 Sancti

184 5460 395 5518 Asiscli
425 5460 497 5517 de
520 5458 674 5516 Villa
701 5461 915 5531 Auziri,
948 5460 1257 5518 ecclesiam
1287 5461 1482 5516 Sancti
1522 5460 1752 5518 Martini
1786 5462 1843 5518 et

185 5548 383 5606 Sancti
410 5549 657 5605 Romani
677 5550 751 5606 de
773 5548 1171 5617 Monte-Gate,
1194 5548 1502 5604 ecclesiam
1528 5550 1721 5607 Sancti
1746 5549 1843 5606 Fe-

185 5636 321 5701 licis
350 5638 423 5698 de
454 5637 815 5711 Castellario,
848 5638 1155 5700 ecclesiam
1187 5638 1384 5696 Sancti
1417 5637 1741 5699 Sebastiani
1770 5640 1842 5697 de

1953 4658 2257 4726 rundensi,
2282 4658 2631 4725 Ausonensi,
2664 4662 2721 4714 ct
2751 4658 2811 4714 in
2844 4660 3123 4716 comitatu
3147 4659 3447 4730 Minorisa,
3470 4677 3604 4717 eum

1952 4746 2238 4803 universis
2264 4747 2532 4803 terminis
2562 4747 2728 4817 suis;
2778 4747 3086 4805 ecclesiam
3144 4748 3341 4806 Sancti
3387 4749 3604 4814 Quiriei

1952 4852 2085 4891 cum
2117 4835 2363 4892 decimis
2397 4840 2453 4892 et
2482 4837 2759 4908 primitiis
2788 4842 2847 4894 et
2875 4836 3269 4895 oblationibus
3316 4836 3462 4894 suis.
3494 4832 3605 4893 De-

1952 4924 2136 4980 cimas
2167 4941 2399 4997 quoque
2431 4943 2577 4998 quas
2610 4926 2681 4983 de
2726 4926 2819 4982 his
2853 4926 2971 4983 sive
3001 4926 3070 4982 de
3095 4924 3227 4981 aliis
3280 4924 3419 4980 locis
3468 4922 3602 4982 ante

1950 5012 2189 5086 triginta
2205 5030 2390 5069 annos
2403 5015 2826 5071 monasterium
2839 5018 3093 5071 vestrum
3108 5013 3600 5085 praedecessorum

1954 5104 2288 5158 nostrorum
2321 5103 2696 5160 concessione
2721 5102 3001 5176 possedit,
3034 5117 3140 5158 nos
3171 5100 3231 5155 in
3253 5102 3599 5172 perpetuum

1948 5191 2158 5248 vestris
2175 5190 2385 5249 usibus
2402 5193 2642 5249 omnino
2659 5193 2890 5266 quietas
2906 5194 2963 5246 et
2997 5189 3254 5260 integras
3270 5188 3600 5245 conservari

1951 5281 2566 5339 censemus.Praeterea
2582 5299 2685 5355 per
2705 5279 3006 5354 praesentis
3027 5275 3309 5352 privilegii
3326 5275 3600 5348 paginam

1951 5370 2273 5443 apostolica
2295 5370 2640 5427 auctoritate
2663 5369 2977 5427 statuimus
2995 5370 3058 5422 ut
3074 5381 3433 5438 quaecunque
3448 5366 3602 5423 bona

1950 5460 2071 5516 sive
2120 5460 2524 5533 possessiones
2574 5459 2631 5514 in
2677 5455 2946 5531 praesenti
2979 5453 3310 5512 cmnobium
3338 5460 3599 5512 vestrum

1945 5549 2106 5622 juste
2137 5547 2418 5622 possidet,
2441 5548 2559 5603 sive
2590 5547 2647 5602 in
2682 5546 2944 5601 futurum
2967 5543 3344 5600 concessione
3362 5544 3598 5617 pontifi-

1947 5653 2109 5710 cum,
2142 5636 2491 5696 liberalitate
2521 5634 2875 5713 principum,
2899 5633 2988 5693 vel
3018 5633 3313 5693 oblatione
3332 5632 3597 5696 ﬁdelium
