3990 6156
385 275 507 337 515

1693 274 1764 335 Β.
1813 273 2113 336 URBANI
2162 274 2209 335 ll
2258 274 2511 335 PAPJE.

3674 272 3803 332 516

376 407 539 479 ,Ῑιιεὶθ
570 423 637 463 ac
666 407 943 464 canonice
973 406 1185 481 poterit
1215 406 1478 480 adipisci,
1509 408 1680 462 ﬁrma
1727 405 1832 461 tibi
1882 406 2031 463 tuis-
2058 411 2114 477 Α
2145 406 2399 462 cutionis
2429 406 2864 480 opportunitate
2902 404 3233 480 promptius
3262 421 3328 462 ac
3350 404 3666 478 benignius
3721 405 3803 461 ad

386 512 500 569 que
531 496 970 553 successoribus
1002 500 1058 552 et
1086 496 1311 551 illibata
1341 499 1698 568 permaneat.

457 585 836 642 Decernimus
862 601 998 658 ergo
1017 589 1082 640 ut
1101 583 1244 640 nulli
1270 583 1506 639 omnino
1534 582 1843 641 hominum
1864 584 2035 640 liceat

385 674 655 731 eamdem
676 673 994 730 Ecclesiam
1013 675 1230 729 temere
1252 672 1612 744 perturbare,
1636 677 1737 729 aut
1756 674 1885 745 ejus
1906 691 2035 747 pos-

385 761 680 820 sessiones
707 761 955 829 auferre,
1008 758 1099 816 vel
1130 759 1359 817 oblatas
1416 761 1684 829 retinere,
1732 761 1821 819 vel
1869 763 2033 835 juste

383 852 552 908 datas
573 849 698 907 suis
721 849 930 906 usibus
949 848 1266 913 vindicare.
1291 849 1578 919 minuere,
1600 850 1689 907 vel
1708 850 2033 907 temerariis

380 938 784 997 vexationibus
803 937 1049 1011 fatigare
1074 956 1088 1007 ;
1112 938 1212 994 sed
1231 937 1430 994 omnia
1445 937 1674 1013 integra
1692 956 2034 997 conserven-

381 1032 479 1084 tur
493 1043 693 1084 eorum
711 1044 813 1099 pro
828 1043 1079 1098 quorum
1098 1027 1589 1084 sustentationeet
1609 1028 2034 1103 gubernatione

379 1132 659 1173 concessa
682 1119 821 1172 sunt
838 1114 1046 1171 usibus
1064 1132 1155 1171 om
1166 1114 1422 1173 nimodis
1433 1116 2034 1191 profutura.Sepu1tu-

379 1222 505 1262 ram
528 1220 761 1278 quoque
780 1204 1047 1275 ejusdem
1082 1202 1191 1259 loci
1214 1203 1460 1261 liberam
1502 1206 1742 1263 omnino
1771 1223 1899 1264 esse
1931 1209 2031 1264 de-

378 1293 696 1363 cernimus,
729 1296 793 1347 ut
823 1309 1025 1348 eorum
1056 1292 1157 1364 qui
1188 1309 1251 1350 se
1280 1292 1399 1350 illic
1421 1292 1653 1367 sepeliri
1677 1294 2029 1353 deliberave-

377 1383 497 1439 rint
527 1380 814 1438 devotioni
848 1385 905 1437 et
933 1384 1201 1438 extremae
1251 1380 1556 1452 voluntati,
1590 1384 1704 1441 nisi
1757 1385 1904 1442 forte
1934 1402 2029 1442 ex-

377 1471 796 1529 communicati
830 1470 969 1539 sint,
995 1470 1194 1528 nullus
1216 1471 1482 1529 obsistat.
1508 1472 1769 1530 Obeunte
1788 1478 1845 1530 te
1874 1491 2031 1531 nu-nc

377 1561 507 1633 ejus
536 1559 647 1617 loci
676 1559 887 1616 abbate
918 1558 1005 1615 vel
1037 1564 1269 1616 tuorum
1304 1559 1563 1631 quolibet
1600 1578 2027 1631 successorum,

376 1648 578 1705 nullus
609 1648 707 1704 ubi
742 1648 1001 1720 qualibet
1030 1648 1427 1722 subreptionis
1449 1650 1669 1707 astutia
1696 1667 1800 1707 seu
1820 1651 2023 1708 violen-

376 1738 460 1792 tia
475 1741 862 1810 praeponatur,
878 1736 992 1793 nisi
1016 1753 1190 1809 quem
1206 1738 1416 1795 fratres
1429 1740 1725 1795 communi
1740 1757 2028 1798 consensu

377 1825 464 1882 vel
478 1827 724 1882 fratrum
743 1842 877 1898 pars
891 1825 1120 1882 consilii
1136 1826 1387 1884 sanioris
1400 1829 1724 1886 secundum
1741 1830 1840 1887 Dei
1865 1830 2031 1887 timo-

378 1930 501 1971 rem
541 1919 599 1970 et
636 1913 792 1970 beati
828 1915 1121 1970 Benedicti
1163 1914 1427 1989 regulam
1464 1917 1765 1991 elegerint.
1801 1918 2030 1976 Electus

378 2005 573 2057 autem
603 2018 639 2057 a
666 2000 992 2058 dioecesano
1014 2002 1287 2075 episcopo
1317 2010 1707 2071 consecretur,
1738 2006 2029 2079 siquidem

375 2089 624 2163 gratiam
644 2094 701 2146 et
713 2089 1185 2148 communionem
1204 2092 1533 2165 apostolicae
1557 2095 1715 2150 sedis
1734 2095 2027 2155 habuerit.

376 2183 433 2237 et
468 2178 652 2253 gratis
695 2195 761 2234 ac
809 2179 936 2234 sine
986 2180 1265 2252 pravitate
1316 2180 1369 2235 id
1430 2182 1699 2239 exhibere
1759 2183 2026 2253 voluerit,

375 2267 647 2341 Alioquin
678 2268 750 2323 ad
784 2267 1113 2323 Romanum
1146 2267 1480 2340 pontiﬁcem
1513 2273 1792 2342 recurrat,
1825 2276 1926 2327 aut
1956 2273 2029 2329 ab

300 2382 307 2389 ι
375 2356 490 2413 alio
522 2373 697 2429 quem
727 2354 1004 2412 maluerit
1033 2356 1318 2414 catholico
1347 2358 1609 2416 antistite
1633 2366 2027 2417 consecretur.

377 2445 536 2501 Idem
569 2449 627 2501 et
647 2446 717 2502 de
739 2444 1208 2501 ordinationibus
1230 2447 1479 2502 fratrum
1506 2448 1577 2503 de
1598 2448 1935 2516 chrismate,
1959 2450 2030 2505 de

377 2533 649 2590 altarium
680 2533 802 2589 sive
820 2533 1198 2590 basilicarum
1223 2536 1659 2592 consecratione
1689 2537 2026 2595 statuimus.

375 2621 460 2677 Ad
473 2621 756 2678 indicium
770 2626 967 2677 autem
981 2623 1249 2695 praestita:
1268 2624 1847 2682 aitomanaEcclesia
1860 2625 2031 2685 liber-

375 2710 515 2765 tatis
537 2726 640 2782 pro
665 2710 909 2765 ecclesia
928 2710 1129 2766 Sancti
1170 2711 1356 2779 Pauli,
1384 2713 1815 2770 morabatinum
1842 2733 2027 2772 unum

340 2798 345 2809 “
378 2797 692 2870 quotannis
725 2798 1101 2854 Lateranensi
1133 2797 1353 2870 palatio
1396 2799 1756 2872 persolvetis.
1805 2803 1863 2858 Si
1914 2822 2031 2877 qua

379 2902 520 2942 sane
547 2884 940 2942 ecclesiastica
968 2887 1333 2945 saecularisve
1358 2905 1607 2962 persona
1638 2890 1787 2948 hanc
1817 2897 2029 2949 nostrae

384 2973 820 3031 constitutionis
852 2975 1126 3048 paginam
1159 2977 1371 3045 sciens,
1422 2984 1622 3036 contra
1654 2996 1779 3037 eam
1814 2985 2030 3041 temere

381 3064 578 3120 venire
610 3064 933 3131 tentaverit,
966 3067 1223 3122 secundo
1271 3066 1517 3124 tertiove
1570 3071 1944 3139 commonita,
1978 3071 2028 3129 si

2060 1782 2108 1848 B

2141 495 2271 552 fuit.
2304 496 2556 570 Ideoque
2581 500 2977 570 opportunum
3010 494 3307 560 duximus,
3341 495 3670 552 secundum
3692 511 3800 568 pe—

2140 585 2405 643 titionem
2446 585 2792 642 venerabilis
2822 584 3019 642 fratris
3049 583 3233 641 nostri
3263 582 3510 640 Oderisii
3537 584 3801 641 abbatiis

2139 675 2337 741 vestri,
2363 676 2580 732 nostris
2603 676 2663 732 in
2684 680 2981 748 posterum
2998 675 3212 732 litteris
3232 675 3510 731 adnotare
3538 673 3802 747 qualiter

2141 762 2469 837 Cinglensis
2501 764 2660 821 cellae
2711 781 2908 834 causa,
2942 766 3097 822 unde
3151 768 3412 822 vestrum
3459 763 3797 821 cmnobium

2140 852 2367 909 diutius
2396 853 2788 927 inquietatum
2811 856 2918 924 est,
2945 871 3133 927 nuper
3151 854 3211 910 in
3233 857 3435 910 nostra
3455 853 3530 910 sit
3552 851 3800 910 audien-

2140 941 2224 997 tia
2243 942 2676 1014 nostrojudicio
2697 943 3139 1011 difﬁnita.Quod
3166 944 3324 1000 enim
3346 940 3580 1000 dilectio
3598 946 3801 1000 vestra

2141 1029 2374 1104 plenius
2401 1032 2578 1101 novit,
2613 1049 2763 1104 saepe
2793 1033 2865 1089 dc
2894 1034 3098 1091 eodem
3147 1032 3379 1107 negotio
3410 1032 3470 1089 in
3528 1032 3801 1089 Romana

2139 1119 2417 1190 Ecclesia,
2449 1120 2603 1178 inter
2625 1121 2933 1195 synodales
2962 1126 3149 1192 actus,
3182 1129 3316 1179 ante
3336 1122 3799 1196 praedecessores

2140 1214 2375 1267 nostros
2406 1209 2651 1283 quaestio
2679 1215 2810 1268 acta
2837 1215 2927 1268 est
2949 1230 2983 1267 a
3022 1214 3235 1268 sanctae
3284 1210 3579 1268 memoriae
3619 1211 3799 1268 Desi-

2139 1296 2297 1354 derio
2325 1299 2555 1367 (Victore
2580 1300 2660 1357 III
2676 1309 2869 1373 papa),
2900 1299 3231 1374 apostolicae
3267 1300 3423 1358 sedis
3452 1300 3797 1374 presbytero

2138 1386 2421 1444 cardinali
2450 1392 2508 1445 et
2537 1389 2875 1446 monasterii
2895 1390 3227 1449 Casinensis
3242 1391 3472 1462 abbate,
3494 1390 3595 1464 qui
3627 1394 3799 1464 post-

2140 1476 2380 1532 modum
2409 1477 2615 1533 divinae
2646 1478 3007 1553 dignationis
3036 1481 3225 1554 gratia
3255 1480 3329 1538 ad
3353 1480 3572 1539 summi
3592 1479 3797 1553 ponti-

2140 1565 2347 1622 ficatus
2376 1564 2599 1638 apicem
2632 1569 3022 1640 pervenit,sed
3043 1570 3253 1644 exiguo
3281 1572 3543 1644 tempore
3582 1586 3795 1642 super-

2139 1653 2297 1709 vixit.
2330 1654 2538 1712 Nostro
2569 1656 2745 1713 etiam
2776 1662 3035 1731 tempore
3057 1658 3117 1715 in
3148 1659 3532 1733 synodalibus
3547 1659 3795 1735 gestisa

2139 1743 2428 1801 confratre
2482 1750 2694 1814 vestro,
2753 1763 2929 1820 quem
2987 1749 3260 1821 superius
3329 1749 3791 1817 nominavimus,

2140 1833 2421 1902 Oderisio,
2454 1839 2666 1891 sanctae
2694 1839 2906 1893 Πυθίη-ω
2936 1836 3202 1894 Ecclesiae
3234 1837 3573 1913 presbytero
3594 1836 3793 1896 cardi-

2140 1921 2280 1989 nali,
2314 1922 2383 1979 de
2414 1940 2591 1980 causa
2638 1924 2766 1997 ipsa
2822 1942 3016 1983 coram
3075 1932 3277 1985 nostra
3327 1933 3417 1985 est
3471 1928 3793 2003 praesentia.

2139 2012 2352 2084 saepius
2382 2013 2828 2086 proclamatum.
2871 2016 3095 2073 Accidit
3144 2022 3342 2075 autem
3388 2022 3453 2075 ut
3498 2019 3793 2077 Robertus

2139 2116 2335 2158 comes
2378 2103 2449 2158 ad
2493 2103 2647 2159 beati
2705 2105 2999 2162 Benedicti
3037 2106 3403 2166 devotionem
3458 2110 3794 2183 promptius

2139 2207 2472 2260 conversus,
2503 2190 2697 2249 locum
2730 2192 2928 2267 ipsum
2958 2196 3031 2251 ad
3071 2197 3250 2253 vestri
3299 2198 3639 2255 monasterii
3687 2200 3795 2272 jus

2138 2279 2428 2352 pertinere
2449 2288 2844 2355 cognosceret,
2880 2284 2981 2357 qui
3012 2302 3149 2342 mox
3176 2288 3451 2344 eumdem
3492 2287 3685 2345 locum
3729 2289 3799 2344 in

2137 2384 2384 2425 manum
2415 2370 2639 2442 praefati
2670 2370 2868 2429 fratris
2900 2373 3086 2430 nostri
3111 2374 3360 2433 Oderisii
3409 2377 3663 2433 reddidit
3688 2395 3702 2434 :
3726 2395 3799 2435 eo

2139 2456 2432 2529 siquidem
2458 2462 2721 2532 tempore
2742 2459 3197 2536 abbatissa,qum
3217 2462 3277 2520 in
3295 2462 3499 2521 cellam
3518 2464 3804 2524 violenter

2139 2544 2404 2618 ingressa
2435 2548 2642 2617 fuerat,
2676 2566 2779 2622 pro
2812 2550 3078 2623 ejusdem
3112 2553 3344 2610 comitis
3404 2554 3614 2611 timore
3671 2554 3801 2612 dis-

2138 2638 2414 2690 cesserat.
2449 2635 2633 2709 Coepit
2660 2636 2813 2694 inter
2859 2639 2979 2696 haec
3008 2638 3111 2698 illa
3152 2647 3366 2699 nostrae
3425 2644 3799 2702 auctoritatis

2138 2739 2331 2791 aures,
2365 2725 2509 2781 dum
2557 2725 2614 2780 in
2648 2726 2792 2783 urbe
2822 2718 3112 2796 essemus,
3162 2730 3382 2788 crebris
3434 2730 3797 2792 clamoribus

2136 2801 2446 2884 appellare,
2481 2814 2635 2871 unde
2668 2833 2772 2872 nos
2802 2833 2871 2873 ex
2895 2816 3073 2875 latere
3106 2825 3305 2878 nostro
3337 2822 3492 2879 viros
3522 2828 3801 2893 strenuos

2136 2918 2324 2973 usque
2351 2903 2607 2976 Capuam
2639 2905 3080 2979 destinavimus,
3105 2909 3204 2982 qui
3222 2909 3530 2985 diligenter
3549 2928 3793 2970 causam

2138 2995 2449 3064 utramque
2479 3000 2896 3067 cognoscerent
2930 3001 2986 3053 et
3014 2997 3251 3071 paciﬁca
3282 3000 3629 3071 delinirent;
3670 3019 3794 3075 quo

2133 3082 2275 3134 tunc
2307 3079 2546 3151 quidem
2567 3082 2925 3153 quibusdam
2954 3085 3362 3146 occasionibus
3398 3089 3469 3146 ad
3517 3086 3794 3147 allectum

378 3169 440 3211 se
460 3170 577 3210 non
595 3153 991 3211 satisfactione
1012 3171 1269 3228 congrua
1290 3158 1705 3227 emendaverit,
1724 3161 2029 3232 potestatis
2060 3152 2103 3220 C
2138 3169 2436 3238 pervenire
2468 3152 2601 3226 non,
2614 3172 2824 3244 potuit.
2858 3174 2995 3231 Post
3024 3174 3393 3250 aliquantum
3439 3196 3547 3252 pro
3595 3181 3796 3238 causis

373 3241 731 3315 honorisque
761 3242 853 3298 sui
886 3243 1169 3317 dignitate
1197 3252 1412 3315 careat,
1447 3264 1724 3321 reamque
1748 3266 1812 3305 se
1831 3250 2028 3308 divino

364 3331 590 3403 judicio
622 3333 868 3389 existere
899 3333 970 3389 de
999 3336 1331 3407 perpetrata
1352 3336 1661 3409 iniquitate
1691 3347 2027 3411 cognoscat,

373 3424 431 3476 et
459 3438 494 3476 a
513 3421 913 3477 sacratissimo
932 3436 1172 3493 corpore
1203 3441 1269 3479 ac
1291 3425 1577 3498 sanguine
1595 3426 1693 3482 Dei
1718 3432 1775 3483 et
1795 3428 2027 3485 Domini

372 3509 779 3582 Redemptoris
802 3510 988 3565 nostri
1009 3510 1149 3566 Jesu
1171 3511 1387 3591 Christi
1407 3513 1596 3570 aliena
1624 3516 1748 3583 ﬁat,
1768 3522 1944 3588 atque
1968 3517 2026 3573 in

374 3601 632 3652 extremo
652 3597 917 3652 examine
933 3596 1208 3653 districtae
1236 3598 1443 3656 ultioni
1466 3602 2024 3673 subjaceat.Cunctis

374 3687 572 3739 autem
602 3682 791 3739 eidem
813 3682 939 3739 loco
962 3685 1129 3757 justa
1159 3687 1527 3745 servantibus
1549 3690 1627 3745 sit
1652 3707 1764 3763 pax
1792 3691 2026 3750 Domini

374 3771 560 3828 nostri
588 3771 727 3829 Jesu
759 3771 996 3842 Christi,
1032 3779 1328 3846 quatenus
1358 3780 1416 3832 et
1448 3775 1541 3832 hic
1573 3778 1829 3836 fructum
1858 3782 2025 3839 bonaa

373 3860 621 3917 actionis
640 3860 983 3934 percipiant,
1004 3867 1061 3919 et
1082 3864 1236 3937 apud
1250 3863 1582 3921 districtum
1596 3867 1855 3939 judicem
1877 3888 2025 3944 pras-

372 3948 494 4006 mia
516 3954 740 4006 aeternae
772 3949 932 4022 pacis
966 3952 1284 4009 inveniant.

444 4039 742 4113 Scriptum
774 4056 878 4111 per
897 4057 1108 4098 manus
1127 4043 1367 4099 Gerardi
1393 4044 1602 4102 notarii
1635 4048 1947 4121 regionarii
1968 4054 2025 4107 et

371 4127 664 4184 seriniarii
689 4133 902 4186 sancta:
929 4130 1202 4187 Romanis
1225 4131 1680 4204 Ecclesiae,anno
1704 4136 2018 4195 Dominicis

371 4215 793 4274 Incarnationis
826 4218 1140 4276 millesimo
1171 4223 1553 4294 nonagesimo
1596 4230 1817 4295 octavo,
1868 4227 2021 4284 indi-

371 4305 560 4361 ctione
589 4306 861 4378 septima,
895 4309 1115 4365 mensis
1145 4309 1480 4366 Decembris
1505 4312 1599 4368 die
1628 4314 1839 4386 primo.

1036 4397 1342 4453 CCXLVII.

552 4482 758 4539 Urbani
785 4484 842 4539 ll
869 4483 1019 4540 bulla
1043 4502 1143 4556 pro
1169 4487 1452 4545 Casinensi
1481 4494 1826 4548 monasterio.

1003 4574 1189 4645 (Anno
1224 4574 1405 4637 1098.)

673 4660 961 4729 (Manum,
986 4663 1185 4720 Annal.
1220 4666 1443 4736 Bencd.,
1476 4667 1543 4735 V,
1575 4670 1724 4743 665.)

441 4748 720 4807 URBANUS
741 4751 1072 4824 episcopus,
1096 4771 1299 4812 servus
1325 4774 1625 4814 servorum
1648 4760 1769 4828 Dei,
1795 4761 2020 4818 dilectis

366 4837 507 4896 ﬁliis
534 4841 873 4898 Casinensis
904 4843 1152 4898 omnobii
1187 4846 1493 4903 monachis
1522 4848 1773 4905 salutem
1806 4858 1862 4907 et
1887 4869 2021 4924 apo-

365 4929 633 4986 stolicam
664 4930 1155 4988 benedictionem.

436 5022 518 5075 Ex
536 5019 711 5076 ofﬁcii
735 5020 919 5077 nostri
943 5020 1138 5078 debito
1169 5026 1225 5078 et
1245 5024 1587 5081 auctoritate
1611 5028 2022 5101 compellimur

363 5106 756 5165 Ecclesiarum
790 5108 965 5166 saluti
998 5114 1057 5166 et
1087 5110 1237 5183 paci,
1271 5117 1447 5184 prout
1477 5114 1763 5173 Dominus
1794 5118 1943 5175 scire
1965 5125 2024 5177 et

365 5212 537 5269 posse
574 5198 818 5271 dederit,
872 5198 1191 5271 providere,
1233 5203 1409 5257 vestri
1457 5205 1748 5278 praecipue
1806 5224 2015 5264 mona-

366 5285 549 5353 sterii,
582 5288 736 5359 quod
769 5293 981 5344 sanctae
1003 5294 1216 5344 nostra:
1249 5290 1405 5346 sedis
1427 5293 1758 5363 apostolica:
1790 5312 2024 5370 semper

366 5369 713 5430 familiarius
743 5392 809 5431 ac
841 5377 1107 5433 devotius
1137 5377 1401 5451 adhaesit,
1434 5384 1491 5436 et
1517 5379 1580 5435 in
1611 5382 1772 5439 omni
1822 5369 2022 5458 perse-

367 5550 485 5611 tur.

2137 3256 2549 3315 ecclesiasticis
2572 3259 2783 3317 Urbem
2812 3263 2920 3336 (49)
2947 3266 3188 3338 egressi,
3213 3284 3347 3324 cum
3367 3262 3635 3326 eamdem
3657 3284 3796 3328 cau-

2138 3361 2264 3401 sam
2289 3344 2627 3420 diligentius
2641 3348 2699 3404 in
2714 3351 3021 3425 utriusque
3041 3356 3224 3426 partis
3247 3357 3557 3429 praesentia
3578 3362 3796 3416 tracta-

2137 3450 2357 3502 remus,
2390 3439 2771 3512 cognovimus
2803 3437 3109 3512 praefatum
3131 3445 3519 3503 venerabilem
3550 3447 3797 3507 fratrem

2137 3527 2404 3581 nostrum
2428 3525 2757 3585 Oderisium
2790 3529 3058 3587 abbatem
3090 3538 3372 3603 vestrum,
3401 3551 3517 3592 non
3550 3536 3794 3595 malitis

2135 3611 2481 3685 intentione,
2514 3617 2616 3672 sed
2638 3618 2888 3689 justitiae
2919 3626 3185 3694 respectu
3220 3622 3412 3680 locum
3442 3622 3634 3696 illum,
3664 3631 3795 3685 tan-

2135 3718 2313 3773 quam
2345 3703 2437 3760 sui
2453 3704 2633 3776 juris,
2665 3706 2737 3763 de
2763 3725 2878 3781 quo
2901 3711 3116 3782 sapius
3147 3712 3788 3786 proclamaverat,rece-

2133 3790 2650 3880 pissesEnimvero
2681 3800 2740 3851 et
2768 3798 3202 3870 pontiﬁcalibus
3231 3803 3497 3875 decretis,
3529 3810 3587 3862 et
3615 3823 3787 3880 rega-

2132 3877 2290 3968 libus
2320 3879 2752 3954 instrumentis,
2784 3891 2842 3943 et
2871 3891 3034 3945 terrea
3064 3889 3395 3965 principum
3441 3877 3708 3968 scriptis,w
3728 3900 3790 3955 et

2131 3965 2243 4024 loci
2260 3968 2317 4023 fu
2326 3970 2399 4025 nd
2409 3971 2588 4028 atoris
2600 3972 2987 4049 chirographo
3008 3978 3214 4037 cellam
3228 3981 3504 4053 ipsamad
3523 3965 3786 4043 vestrum

2132 4057 2549 4115 ostendebatur
2578 4065 2999 4121 monasterium
3032 4069 3345 4139 pertinere.
3387 4073 3537 4139 Quia
3585 4077 3788 4132 tamen

2131 4144 2260 4201 sine
2283 4146 2507 4217 judicio
2552 4152 2910 4223 praecedente
2960 4162 3278 4230 receperat,
3327 4177 3561 4232 aequum
3612 4156 3790 4221 nobis

2129 4232 2325 4325 visum
2355 4242 2443 4292 est
2475 4242 2540 4293 ut
2567 4239 2886 4313 abbatissa,
2920 4261 3046 4317 quae
3078 4263 3140 4303 se
3179 4250 3548 4320 quaarebatur
3575 4267 3792 4325 exspo-

2130 4321 2290 4395 liata,
2311 4325 2778 4401 reinvestiretur;
2797 4338 2930 4405 post
2951 4335 3341 4399 reversionem
3353 4355 3487 4397 vero
3501 4321 3792 4417 nostram,

2130 4410 2190 4503 in
2224 4416 2536 4503 utramque
2565 4422 2791 4490 partem
2814 4418 3142 4495 legitimum
3167 4427 3465 4498 judicium
3494 4410 3790 4503 ageretur;

2052 4521 2100 4585 D
2132 4502 2198 4556 In
2227 4501 2299 4557 iis
2331 4504 2560 4575 diebus,
2589 4505 2872 4581 largiente
2900 4511 3168 4585 Domino,
3202 4501 3626 4588 plenarium'in
3677 4520 3792 4577 Ba-

2133 4592 2289 4647 rensi
2320 4592 2451 4649 urbi
2482 4596 2797 4654 concilium
2827 4598 3120 4661 celebrare
3138 4605 3620 4680 disponebamus.
3652 4609 3794 4667 Post

2131 4695 2365 4737 menses
2396 4681 2577 4755 igitur
2602 4702 2706 4741 sex
2750 4687 3114 4749 abbatissam
3170 4693 3333 4752 illam
3363 4700 3423 4754 et
3474 4697 3690 4756 litteris
3730 4703 3793 4757 et

2130 4767 2313 4823 nostri
2345 4770 2463 4827 oris
2494 4772 2837 4833 invitatione
2878 4781 3248 4854 vocavimus;
3289 4787 3486 4844 venire
3510 4770 3515 4775 ’
3543 4790 3788 4862 quidem

2130 4858 2343 4927 renuit,
2376 4860 2477 4915 sed
2509 4863 2785 4922 nuntium
2807 4867 3120 4928 destinavit
3145 4890 3158 4930 :
3186 4890 3323 4931 cum
3349 4858 3786 4938 autem‘minus

2128 4943 2355 5017 plenas,
2390 4965 2497 5006 nec
2526 4951 2671 5009 satis
2703 4955 3081 5017 rationabiles
3111 4977 3320 5021 causas
3371 4965 3443 5023 de
3487 4966 3647 5025 illius
3677 4970 3783 5026 ab-

2128 5033 2317 5091 sentia
2344 5052 2541 5095 coram
2572 5042 2816 5100 concilio
2840 5046 3209 5121 reddidisset,
3232 5069 3359 5122 nos,
3394 5073 3468 5113 ne
3490 5059 3649 5130 quod
3680 5057 3787 5117 illa

2127 5125 2464 5196 gravamine
2484 5130 2603 5202 pati
2626 5138 3258 5210 quereretur,ejusdem
3279 5160 3470 5203 causa
3492 5125 3784 5205 actionem

2130 5229 2317 5287 usque
2358 5217 2431 5271 ad
2471 5222 2738 5278 nostrum
2777 5223 3027 5282 reditum
3069 5227 3348 5291 duximus
3373 5234 3784 5296 differendam.

2132 5302 2306 5361 Porro
2360 5305 2756 5368 Beneventum
2805 5316 3123 5390 venientes,
3174 5319 3388 5380 iterum
3437 5331 3671 5384 nostras
3710 5329 3788 5386 ad

2128 5390 2291 5449 illam
2330 5393 2552 5454 litteras
2604 5400 3052 5481 destinavimus,
3101 5410 3257 5469 diem
3307 5419 3366 5471 et
3415 5414 3610 5474 locum
3652 5400 3788 5491 lquo

374 5466 550 5600 'mps)
582 5476 725 5539 Cum
776 5479 998 5541 scilicet
1050 5482 1159 5545 has
1203 5489 1399 5565 partes
1456 5485 1599 5547 adiit
1645 5493 1779 5550 ante
1824 5490 2049 5570 aliquot
2086 5514 2340 5574 menses,
2394 5519 2510 5581 quo
2556 5512 2816 5584 tempore
2860 5466 3058 5589 Capua
3099 5534 3135 5576 a
3174 5466 3789 5600 Degerievob—s—ideb;
