4004 6162
199 286 322 353 817

1373 288 1780 358 EPISTOLAE
1823 292 1922 357 ET
1964 292 2443 357 PRIVILEGIA.

3488 294 3608 355 518

200 440 383 480 causa
410 423 751 481 ventilanda
799 424 993 493 fuerit,
1050 424 1445 499 designantes.
1479 427 1623 484 Cum
1655 433 1847 485 autem
1876 429 1932 496 Α
1964 445 2075 484 non
2101 427 2473 502 ambigamus
2499 430 2635 500 (non
2659 428 2817 485 enim
2846 426 2906 482 in
2927 427 3045 481 vita
3058 428 3287 481 tantum
3310 425 3609 482 venerabi-

200 529 307 569 nec
338 516 479 570 tunc
499 514 855 585 venisset,ad
885 513 1079 570 locum
1113 513 1292 570 alium
1316 532 1443 572 eam
1478 517 1648 573 tertio
1680 534 1850 574 voca-

198 601 420 658 vimus.
452 602 627 659 Venit
656 603 776 670 illa,
826 603 928 660 sed
983 620 1221 659 causam
1253 606 1489 678 aggredi
1550 607 1853 673 recusavit,

200 707 477 747 asserens
498 708 561 748 se
588 708 966 765 nequaquam
990 693 1191 748 omnia
1209 692 1536 767 Cinglensis
1555 695 1710 752 cellas
1734 712 1860 751 mu-

199 779 468 836 nimenta
515 786 573 836 et
626 780 852 838 litteras
902 782 1229 854 recepisse;
1262 782 1334 837 ad
1394 783 1549 855 quod
1609 784 1855 840 fratrum

200 872 542 926 nostrorum
568 869 806 942 quidam
838 871 1224 927 sacramentis
1248 874 1703 945 asserereparati
1736 874 1856 930 fue-

198 961 356 1024 rant,
386 975 453 1015 se
489 974 594 1015 nec
625 958 844 1031 plures,
878 976 983 1016 nec
1015 958 1161 1016 alias
1190 960 1250 1015 in
1301 959 1427 1017 loco
1452 962 1653 1018 eodem
1688 962 1858 1018 char-

200 1052 318 1115 tas,
350 1064 529 1119 quam
561 1063 710 1120 quas
738 1048 1133 1119 reddiderant,
1167 1049 1479 1105 invenisse.
1504 1049 1607 1106 Illa
1638 1056 1856 1107 secreto

200 1135 508 1193 nonnullis
538 1137 785 1192 fratrum
818 1137 917 1209 qui
949 1137 1253 1194 nobiscum
1286 1144 1452 1194 erant
1491 1139 1859 1196 munimenta

202 1242 314 1281 sua
341 1225 620 1298 prodidit,
662 1226 831 1282 nobis
884 1231 1079 1281 autem
1140 1227 1445 1284 ostendere
1496 1228 1853 1285 detrectavit.

200 1317 468 1386 Cumque
479 1314 793 1385 judiciario
823 1315 1024 1370 ordine
1056 1331 1293 1370 causam
1328 1332 1433 1372 nec
1488 1315 1659 1372 vellet
1690 1333 1858 1391 agere

202 1418 310 1457 nec
340 1402 577 1467 valeret,
611 1420 718 1458 nos
750 1419 879 1459 eam
913 1408 979 1458 ut
1009 1404 1079 1458 ad
1112 1404 1343 1459 abbatis
1394 1408 1453 1460 et
1483 1404 1728 1460 fratrum
1760 1422 1855 1461 ve-

202 1495 463 1547 strorum
497 1492 869 1548 concordiam
893 1496 1204 1565 satageret,
1233 1494 1728 1559 commonuimus,
1754 1513 1856 1551 nec

203 1581 428 1636 monita
445 1581 1089 1653 suscepit,etjudicium
1115 1582 1345 1653 penitus
1370 1582 1857 1655 subterfugiLIte-

202 1685 335 1724 rum
366 1668 614 1725 caanobii
668 1670 843 1724 vestri
904 1669 1235 1726 munimina
1292 1670 1585 1739 vidimus;
1646 1671 1856 1727 iterum

200 1756 550 1830 pontiﬁcum
584 1758 982 1814 Romanorum
1017 1758 1319 1831 privilegia
1349 1763 1406 1814 et
1436 1758 1855 1831 imperatorum

204 1846 428 1918 scripta
456 1847 899 1919 perspeximus;
929 1848 1140 1902 iterum
1171 1848 1495 1904 fundatoris
1527 1846 1635 1904 loci
1667 1847 1855 1905 chiro-

202 1934 582 2009 graphum,et
604 1935 991 1992 Beneventani
1018 1936 1320 2008 principis,
1344 1936 1442 2009 qui
1471 1941 1609 1992 tunc
1634 1927 1856 2010 tem'po-
1898 2008 1899 2011 η

204 2024 287 2081 ris
318 2024 528 2094 fuerat,
560 2025 999 2081 concessionem
1025 2025 1392 2081 audivimus:
1428 2026 1642 2097 quibus
1671 2027 1858 2082 omni-

205 2112 318 2169 bus
347 2112 620 2170 instructi
649 2117 706 2169 et
734 2113 898 2186 prius
912 2130 1140 2180 sumus,
1166 2113 1532 2187 Cinglensem
1557 2114 1761 2170 cellam
1786 2117 1858 2171 ab

205 2201 333 2273 ipso
364 2201 727 2258 fundationis
760 2202 993 2257 exordio
1046 2203 1117 2257 ad
1151 2202 1468 2258 Casinense
1528 2204 1857 2259 cmnobium

209 2292 587 2364 pertinuisse,
637 2298 694 2348 et
739 2309 844 2364 per
874 2292 1208 2348 Pasinensis
1239 2293 1471 2348 abbatis
1500 2292 1858 2349 voluntatem

208 2380 743 2439 sanctimonialium
779 2381 855 2435 ibi
883 2380 1393 2454 congregationem
1426 2382 1608 2437 fuisse
1660 2382 1859 2455 dispo-

208 2468 405 2524 sitam.
451 2469 545 2525 Sic
577 2474 708 2541 post
738 2468 955 2525 multas
986 2471 1224 2525 tandem
1276 2468 1608 2536 dilationes,
1642 2472 1860 2544 negotii

206 2558 448 2614 veritate
504 2563 830 2630 perspecta,
902 2557 1332 2613 communicato
1385 2575 1519 2613 cum
1582 2559 1862 2615 fratribus

207 2646 425 2702 nostris
455 2646 769 2719 episcopis,
794 2664 895 2702 seu
929 2647 1201 2702 Romanae
1233 2645 1501 2702 Ecclesiae
1552 2646 1859 2703 cardinali-

205 2735 339 2807 bus,
362 2736 785 2808 judicibusque
813 2735 1082 2799 concilio,
1113 2734 1430 2791 venerabili
1464 2736 1623 2791 fratri
1656 2736 1853 2791 Oderi-

202 2824 293 2897 sio
323 2823 523 2880 abbati
542 2828 733 2881 vestro
758 2823 1070 2897 Cinglense
1102 2824 1525 2880 monasterium
1548 2840 1615 2879 ex
1635 2825 1862 2898 integro

209 2913 580 2969 restituimus
599 2931 612 2979 ;
634 2912 923 2969 itatamen
940 2913 1086 2968 utde
1108 2912 1373 2983 locoipso
1387 2912 1863 2970 sanctimoniales

208 3001 453 3077 minime
482 3001 865 3074 expellantur,
899 3002 996 3056 sed
1020 3017 1252 3074 semper
1272 3000 1388 3055 illic
1409 3000 1735 3073 puellarum
1761 3002 1859 3058 Dei

208 3090 585 3163 congregatio
631 3095 1020 3157 conversetur,
1056 3093 1237 3157 tanto,
1274 3094 1339 3144 ut
1368 3106 1699 3161 speramus,
1729 3091 1861 3145 reli-

1967 517 2039 573 lis
2072 518 2267 573 fratris
2299 519 2479 575 nostri
2515 517 2776 574 Rabbodi
2801 516 3084 573 unitatem
3119 515 3379 588 ipsarum
3412 514 3609 570 Eccle-

1966 606 2187 663 siarum
2220 624 2623 672 sanxeramus,
2657 610 2713 663 et
2770 604 3106 661 authentico
3139 608 3369 660 tantum
3401 603 3609 660 Novio-

1967 697 2260 752 mensium
2292 695 2593 769 privilegia
2624 700 2749 751 rata
2778 711 3013 750 manere
3040 692 3612 767 decreveramus),nil

1966 789 2161 840 tamen
2195 786 2266 840 ad
2290 802 2545 857 praesens
2579 801 2753 857 super
2781 783 2891 838 hac
2921 799 2982 837 re
3010 782 3099 839 vel
3145 782 3494 838 mutandum
3523 780 3612 837 vel

1967 872 2387 929 stabiliendum
2419 873 2713 928 duximus.
2738 872 2997 927 Fratrem
3031 875 3226 926 autem
3255 870 3611 938 Baldricum,

1966 978 2140 1034 quem
2173 963 2243 1017 ad
2279 980 2384 1018 nos
2415 962 2682 1020 misistis.
2715 961 3158 1017 Noviomensem
3202 958 3451 1015 electum
3506 976 3613 1015 nos

1966 1056 2083 1106 tuae
2113 1050 2457 1107 fraternitati
2493 1049 2868 1107 remittimus.
2912 1049 2996 1102 Tu
3033 1047 3140 1118 ipsi
3175 1051 3227 1104 et
3257 1047 3527 1103 Ecclesiae
3554 1049 3612 1104 in

1966 1157 2084 1212 qua
2112 1139 2329 1196 electus
2360 1142 2449 1197 est
2477 1139 2799 1195 secundum
2824 1138 3004 1193 Deum
3033 1141 3208 1208 atque
3232 1136 3480 1193 salutem
3501 1141 3617 1194 tua;

1965 1234 2023 1285 et
2052 1228 2239 1301 ipsius
2271 1228 2481 1285 animze
2510 1227 2811 1301 providere
2841 1226 3035 1282 debita
3062 1224 3453 1282 sollicitudine
3483 1244 3616 1299 pro-

1966 1322 2185 1374 curate.
2224 1317 2376 1374 Vale.

2656 1405 2934 1460 CCXLIX.

2052 1497 2211 1551 Bulla
2240 1512 2338 1567 pro
2369 1495 2562 1551 abbate
2592 1494 2813 1565 Majoris
2841 1494 3152 1549 Monnsterii
3183 1493 3524 1549 Turonensis.

2534 1584 2716 1643 (Circa
2747 1600 2816 1637 an
2867 1583 3050 1645 1098.)

2216 1672 2469 1746 [ΒΑιυΖη
2504 1674 2722 1727 Misce".
2758 1672 2894 1725 edit.
2933 1670 3366 1739 Luc.,ll,181.]

2042 1762 2319 1818 Unewus
2330 1762 2867 1835 episcopus,sorvus
2881 1759 3288 1815 servorumDei
3303 1759 3616 1815 venerabili

1968 1850 2086 1905 filio
2119 1851 2429 1905 Bsnxsnno
2450 1850 2686 1921 Majoris
2712 1848 3040 1904 \Ionasterii
3067 1847 3542 1919 abbati,salutem
3565 1853 3621 1904 et

1968 1938 2346 2012 apostolicam
2379 1939 2864 1997 benedictionem.

2040 2028 2133 2083 Sic
2166 2028 2316 2100 apud
2354 2029 2538 2084 bonos
2567 2028 2721 2083 viros
2752 2032 2841 2083 est
2870 2027 3153 2082 servanda
3198 2025 3522 2094 humilitas,
3555 2031 3622 2082 ut

1967 2116 2227 2172 veritatis
2260 2133 2325 2172 ac
2350 2116 2598 2186 justitia:
2630 2134 2742 2171 non
2777 2116 3083 2171 deseratur
3138 2115 3473 2172 auctoritas.
3533 2116 3621 2171 Ita

1929 2205 1933 2208 ’
1969 2222 2106 2277 ergo
2133 2204 2522 2260 humilitatem
2556 2209 2715 2259 tuam
2751 2204 3110 2276 suscipimus
3134 2208 3199 2258 ut
3225 2203 3525 2259 veritatem
3553 2220 3619 2260 ac

1962 2292 2256 2363 justitiam
2288 2297 2612 2348 teneamus.
2646 2292 2724 2347 Te
2755 2292 3046 2364 siquidem
3080 2310 3183 2365 per
3202 2293 3620 2365 omnipotentis

1969 2381 2067 2437 Dei
2092 2382 2339 2453 gratiam
2357 2381 2710 2436 catholicum
2729 2397 2794 2435 ac
2813 2397 2943 2437 vere
2958 2380 3292 2453 religiosum
3311 2380 3615 2437 habemus.

1970 2469 2027 2525 Si
2065 2470 2204 2541 quid
2235 2486 2368 2525 vero
2400 2471 2456 2525 in
2490 2469 2875 2525 ordinationis
2906 2474 3020 2525 tuae
3041 2469 3377 2542 primordiis
3406 2468 3492 2526 vel
3520 2486 3622 2542 per

1970 2559 2295 2614 ordinantis
2327 2558 2559 2631 culpam
2589 2558 2678 2613 vel
2710 2573 2811 2630 per
2841 2563 3001 2613 tuam
3036 2557 3452 2629 negligentiam
3484 2557 3622 2614 deli-

1971 2647 2173 2719 quisti,
2207 2664 2313 2703 nos
2360 2647 2487 2713 tibi,
2522 2646 2673 2703 beati
2718 2646 2952 2701 Martini
2986 2646 3212 2701 meritis
3239 2646 3620 2712 conﬁdentes,

1971 2736 2119 2791 beati
2138 2735 2285 2791 Petri
2300 2736 2424 2791 vice
2438 2741 2494 2790 et
2506 2735 2856 2790 auctoritate
2868 2734 2924 2789 di
2933 2734 3241 2792 mittimus.
3252 2735 3412 2791 Hanc
3426 2739 3621 2791 autem

1973 2825 2076 2881 tibi
2091 2825 2489 2896 pcenitentiam
2510 2824 2827 2880 indicimus
2844 2827 2909 2878 ut
2932 2824 3003 2879 de
3035 2827 3240 2891 caetero
3272 2824 3618 2880 commisso-

1972 2930 2103 2968 rum
2137 2913 2383 2968 fratrum
2417 2912 2593 2967 saluti
2624 2912 3041 2984 vigilantiusac
3072 2912 3621 2968 ferventiusinstare

1972 3018 2086 3057 non
2106 3000 2425 3056 desinas.In
2452 3000 2558 3056 hac
2572 3000 2860 3072 siquidem
2877 3005 3037 3073 parte
3054 3001 3328 3057 omnibus
3344 3002 3625 3058 adversus

1972 3096 2026 3147 te
2038 3089 2427 3146 oblocutionis
2447 3105 2642 3145 vocem
2666 3089 3058 3145 auferimuset
3082 3094 3429 3162 perpetuum
3453 3090 3625 3147 silen-

213 3178 460 3250 giosius,
494 3182 710 3250 quanto
762 3177 1036 3232 sanctiori
1094 3182 1338 3249 patrono
1394 3180 1861 3250 monasteriaque
1891 3168 1935 3233 C
1973 3178 2120 3235 tium
2154 3179 2535 3250 imperamus.
2570 3177 2868 3233 Universis
2916 3180 3111 3233 autem
3143 3178 3315 3234 vestri
3378 3178 3623 3234 emnobii

211 3267 539 3323 commissa:
573 3270 732 3334 sunt,
762 3265 921 3320 salva
955 3266 1007 3319 in
1043 3267 1318 3321 omnibus
1339 3267 1497 3322 sedis
1530 3268 1859 3339 apostolicae

211 3355 556 3413 reverentia.
617 3355 800 3418 Quam
867 3354 1090 3410 scilicet
1146 3356 1576 3412 restitutionem
1651 3356 1862 3413 litteris

209 3444 597 3516 praesentibus
630 3448 816 3499 ratam
859 3449 914 3498 et
946 3443 1282 3498 inviolatam
1318 3450 1594 3515 perpetuo
1626 3462 1863 3502 manere

210 3550 543 3601 censemus,
601 3532 729 3588 dico
761 3532 1153 3588 decernimus.
1213 3533 1269 3588 Si
1330 3533 1463 3605 quis
1506 3537 1697 3589 autem
1732 3539 1864 3606 post

204 3621 346 3688 hec,
380 3621 630 3694 hujusce
662 3621 910 3677 actionis
948 3626 1145 3676 tenore
1175 3622 1426 3693 cognito,
1458 3622 1860 3679 constitutioni

204 3715 415 3767 nostra;
447 3716 664 3768 temere
727 3710 959 3766 obviare
987 3710 1314 3777 tentaverit,
1348 3709 1675 3782 apostolica:
1704 3711 1860 3767 indi-

200 3799 499 3873 gnationis
548 3799 769 3855 ultione
805 3799 1126 3872 plectetur;
1161 3799 1259 3871 qui
1299 3815 1433 3855 vero
1493 3806 1863 3857 conservator

201 3890 509 3960 exstiterit,
536 3888 745 3943 divinae
803 3887 1229 3943 benedictionis
1259 3889 1449 3960 gratia
1504 3888 1858 3960 perfruatur.

270 3977 567 4049 Scriptum
605 3993 707 4049 per
737 3993 977 4032 manum
998 3976 1148 4031 Petri
1181 3975 1446 4032 scriniari
1480 3977 1684 4032 nostrii
1709 3980 1860 4034 sacri

201 4064 430 4139 palatii,
463 4065 781 4120 indictione
808 4064 1080 4137 septima,
1106 4065 1329 4120 mensis
1385 4065 1722 4122 Decembris
1768 4068 1860 4123 die

208 4171 306 4209 VII.

276 4247 488 4299 Datum
523 4242 716 4298 Roma:
744 4243 896 4315 apud
932 4243 1171 4298 Beatum
1214 4243 1446 4298 Petrum
1483 4260 1583 4315 per
1613 4260 1856 4301 manum

202 4331 472 4397 Joannis,
505 4336 720 4387 sancta:
755 4330 1024 4386 Romanae
1046 4331 1311 4387 Ecclesiae
1333 4331 1560 4387 diaconi
1591 4334 1857 4391 cardina-

203 4419 300 4488 lis,
330 4424 495 4476 sexto
525 4420 664 4475 Idus
699 4419 1049 4488 Decembris,
1079 4418 1392 4475 indictione
1413 4420 1680 4492 septima,
1705 4439 1857 4479 anno

1972 3267 2251 3323 fratribus
2284 3265 2660 3337 praesentium
2691 3265 3017 3321 litterarum
3048 3266 3391 3321 auctoritate
3423 3267 3620 3338 princi-

1972 3356 2168 3429 pimus
2200 3360 2265 3410 ut
2281 3354 2584 3411 devotione
2597 3353 2939 3425 plenissima
2956 3354 3211 3410 debitam
3230 3354 3334 3410 tibi
3354 3370 3621 3410 reveren-

1970 3446 2108 3501 tiam
2133 3443 2641 3515 obedientiamque
2662 3442 3312 3515 persolvant,quatenus
3329 3448 3622 3501 annuente

1971 3537 2085 3589 Deo
2108 3537 2164 3588 et
2192 3532 2301 3604 ipsi
2334 3533 2406 3589 de
2437 3537 2551 3589 tua:
2580 3530 2997 3588 sollicitudinis
3028 3532 3215 3605 gratia
3244 3536 3303 3589 et
3322 3536 3384 3588 tu
3417 3532 3488 3588 de
3509 3532 3624 3606 ips-

1969 3639 2137 3679 orum
2169 3620 2496 3678 obedientia
2526 3620 2745 3694 pariter
2773 3621 3027 3694 gaudere
3059 3620 3317 3694 possitis.

2715 3728 2859 3783 CCL.

1973 3818 2181 3876 Urbani
2229 3819 2279 3873 II
2321 3819 2547 3890 cpistola
2574 3889 2581 3890 γ
2604 3817 2674 3872 ad
2731 3819 3038 3889 episcopum
3091 3817 3615 3890 Magdcburgensem.

2040 3922 2108 3931 ν-
2137 3890 2213 3945 Ne
2232 3888 2468 3950 vacillet.
2489 3889 2582 3944 sed
2614 3896 2775 3945 recta?
2794 3888 2978 3945 οαιιςῑε
3003 3890 3240 3954 insistat,
3274 3888 3546 3945 hortatur.

2445 3976 2629 4047 (Intra
2657 3993 2750 4035 an.
2787 3975 3138 4043 1098-1099).

2390 4066 2623 4135 [Massa
2658 4064 2866 4120 Concil.
2898 4064 3012 4129 XX,
3044 4064 3194 4131 7M].

2038 4154 2307 4209 URBANUS
2338 4152 2669 4225 episcopus,
2738 4168 2940 4206 servus
2988 4167 3287 4208 servorum
3335 4152 3455 4221 Dei,
3526 4153 3617 4217 Ν..

1966 4240 2453 4316 Magdeburgensi
2476 4240 3027 4314 episcopo,salutem
3051 4246 3107 4297 et
3122 4239 3501 4314 apostolicam
3520 4241 3619 4297 be-

1967 4330 2379 4388 nedictionem.

2036 4419 2256 4477 lndolis
2284 4425 2417 4489 tuae,
2459 4418 2667 4477 dilecte
2699 4419 2756 4475 in
2789 4419 3020 4476 Christo
3070 4420 3269 4487 frater,
3300 4419 3618 4477 strenuita-

203 4508 521 4565 Dominicis
574 4509 998 4565 Incarnationis
1033 4508 1190 4577 1098,
1224 4508 1602 4581 pontificatus
1659 4516 1854 4567 autem
1884 4533 1932 4598 D
1962 4513 2081 4565 tem
2112 4510 2420 4578 miramur,
2455 4509 2574 4566 imo
2604 4508 3041 4581 aliquantulum
3091 4508 3244 4565 circa
3275 4509 3508 4582 pietatis
3537 4508 3621 4565 vi-

203 4597 431 4654 domini
465 4597 682 4654 Urbani
714 4597 760 4653 II
784 4614 944 4670 papa:
976 4615 1053 4652 x1.

862 4702 1191 4758 CCXLVIII.

204 4793 418 4865 Urbani
447 4794 499 4850 II
522 4794 745 4866 epistola
777 4794 846 4849 ad
877 4792 1175 4847 Manassem
1207 4796 1523 4848 Renwnsem
1567 4792 1860 4865 archiepis-

926 4880 1136 4934 rapum.

508 4994 511 4997 ς
828 4952 1021 5023 (Anno
1056 4953 1239 5022 1098.)

216 5115 225 5119 _
444 5041 699 5112 [BALUZ.,
733 5040 958 5096 Misce”.
992 5040 1132 5096 edit.
1170 5041 1333 5109 Luc.,
1368 5040 1441 5107 II,
1471 5040 1620 5113 444.]

212 5203 223 5209 ξ
278 5129 561 5187 URBANUS
589 5131 921 5203 episcopus,
970 5145 1174 5185 servus
1218 5144 1516 5185 servorum
1548 5129 1671 5200 Dei,
1705 5146 1861 5187 reve-

207 5218 550 5275 rentissimo
578 5218 737 5273 fratri
771 5224 830 5274 et
860 5216 1201 5290 coepiscopo
1232 5217 1525 5286 Manasss,
1590 5218 1862 5275 Remensi

206 5307 669 5380 archiepiscopo,
704 5306 954 5363 salutem
989 5310 1047 5362 et
1087 5303 1466 5379 apostolicam
1515 5306 1864 5362 benedictio-

206 5413 364 5453 nem.

278 5486 561 5552 Quamvis
609 5485 952 5542 clericorum
1010 5482 1489 5540 Noviomensium
1538 5482 1762 5544 litteras
1793 5486 1863 5544 de

204 5574 598 5652 Tornacensis
629 5574 896 5640 Ecclesia
936 5572 1346 5652 conjunctione
1393 5571 1571 5635 falsas
1603 5591 1670 5635 ex
1700 5579 1862 5651 parte

1965 4614 2130 4653 scera
2161 4598 2464 4666 timemus,
2498 4615 2569 4653 ne
2629 4598 2983 4655 incurrentia
3040 4597 3253 4655 erroris
3310 4597 3616 4670 persuasio

1962 4685 2116 4741 infra
2145 4686 2463 4756 praecordia
2512 4686 2871 4755 jamdudum
2924 4687 3029 4741 tibi
3063 4685 3428 4758 pollulasset,
3464 4685 3620 4757 quod

1968 4772 2159 4839 absit;
2195 4772 2668 4844 quandoquidem
2705 4789 2807 4842 per
2865 4773 3173 4844 utriusque
3205 4789 3378 4829 sexus
3422 4771 3624 4827 fideles

1970 4860 2275 4932 religiosos
2305 4860 2585 4915 veraciter
2616 4861 2721 4915 tibi
2746 4866 3047 4933 exoptatos
3066 4860 3375 4933 aliquoties
3393 4864 3623 4915 nostras

1969 4948 2291 5003 direximus
2350 4946 2573 5002 litteras
2630 4952 2765 5015 tuae,
2820 4952 2885 5003 ut
2941 4963 3269 5020 speramus,
3329 4944 3619 5013 fidelitati,

1970 5036 2336 5109 nullumque,
2369 5040 2471 5091 aut
2527 5052 2769 5109 prorsus
2828 5052 2980 5104 raro,
3041 5036 3125 5091 uti
3185 5034 3361 5090 talem
3401 5049 3467 5089 ac
3500 5037 3622 5090 tam

1971 5131 2301 5192 strenuum,
2355 5126 2519 5185 decet
2544 5125 2759 5192 virum,
2794 5123 2961 5180 nobis
2991 5122 3202 5178 dedisti
3251 5137 3619 5193 responsum.

1969 5217 2116 5273 Cave
2145 5231 2301 5287 ergo,
2334 5231 2467 5270 cave
2497 5213 2760 5281 interim,
2796 5230 3014 5286 quaeso,
3051 5227 3122 5266 ne
3180 5208 3397 5267 collum
3453 5216 3622 5267 tuum

1970 5303 2260 5361 Pharaoni
2290 5303 2577 5359 subdatur
2626 5320 2741 5376 quo
2799 5302 3100 5358 decidente
3157 5299 3333 5356 veteri
3392 5308 3623 5356 contro-

1969 5393 2176 5461 versia,
2212 5408 2362 5465 quae,
2396 5393 2649 5463 peccatis
2692 5391 2911 5448 nostris
2968 5389 3356 5463 exigentibus,
3409 5406 3623 5463 magno

1970 5481 2253 5554 temporis
2284 5479 2472 5554 spatio
2500 5480 2820 5538 Ecclesium
2881 5479 2987 5535 Dei
3020 5494 3125 5551 per
3186 5478 3418 5535 diversa
3462 5479 3623 5535 orbis

1971 5571 2227 5645 climata,
2260 5585 2407 5653 pene
2454 5586 2556 5648 per
2608 5569 2916 5632 interiores
2971 5566 3262 5631 medullas
3288 5558 3618 5651 ’fatigavit;
