3990 6156
407 294 525 354 519
1706 291 1773 350 Β.
1826 289 2117 351 URBANI

2168 291 2215 348 ll
2266 289 2512 349 ΡΑΡιΕ.
3710 282 3865 344 520

402 425 564 484 salvo
595 429 792 483 tamen
814 440 1136 497 paucorum
1167 422 1438 479 interiore
1459 422 1714 490 nomine,
1745 420 1879 477 Baal
1913 438 2051 493 pau-
2080 422 2133 490 Α
2163 420 2424 493 qualibet
2453 420 2785 477 easaudeat
2807 437 2842 477 a
2869 418 3089 493 prmfati
3111 416 3449 475 monasterii
3464 417 3861 490 prOprietate

400 515 569 591 latim
622 516 903 571 confusus
935 519 1022 570 est
1070 517 1125 569 et
1156 513 1374 568 mundo
1431 511 1706 566 absordet
1762 511 2050 566 donorum

400 603 657 678 episcopi
691 603 878 660 sancti
905 601 1312 658 fraudulentus
1341 599 1746 655 mercator.Tu
1768 616 1903 672 ergo
1925 599 2048 671 qui,

399 699 465 751 ut
497 712 532 751 a
560 694 698 761 Deo,
730 694 811 749 ita
839 696 896 747 et
943 692 1016 747 ab
1064 688 1407 745 hominibus
1463 688 1697 746 culmen
1750 688 2046 761 accepisti,

400 785 555 857 quod
583 782 865 856 magistro
891 778 1309 852 apostolorum,
1343 778 1513 850 cujus
1558 778 1745 834 vicem
1804 778 2050 851 adeptus

396 890 483 939 es,
511 872 753 943 suisque
774 868 1216 926 successoribus
1243 866 1629 940 spopondisti.
1650 868 1809 934 Quod
1846 867 1896 923 si
1918 884 2046 940 per-

396 976 658 1020 severare
687 959 878 1014 valeas
941 957 1140 1013 salvus
1166 956 1302 1013 eris.
1361 957 1542 1013 Nemo
1591 957 1750 1013 enim
1806 953 2048 1013 mittens

394 1065 637 1106 manum
669 1064 837 1104 suam
872 1047 931 1103 in
963 1050 1250 1112 aratrum,
1281 1044 1333 1101 si
1382 1051 1534 1102 retro
1592 1044 1929 1119 prospiciat,
1964 1045 2045 1100 fa-

392 1139 555 1195 ciens
583 1137 874 1208 injustum
906 1135 1159 1203 sulcum,
1186 1136 1359 1205 aptus
1380 1138 1466 1190 est
1499 1151 1675 1208 regno
1704 1134 1804 1190 Dei
1831 1153 1844 1203 ;
1869 1139 1926 1191 et
1945 1134 2045 1206 qui

390 1227 889 1300 tetigeritjpicem,
950 1223 1356 1297 inquinabitur
1400 1223 1472 1278 ab
1520 1240 1606 1280 ea.
1640 1224 1790 1280 Sunt
1847 1228 2045 1280 autem

391 1316 507 1373 alia
536 1333 653 1372 non
676 1315 913 1372 modulo
945 1315 1223 1372 chartulae
1254 1314 1740 1382 commendanda,
1770 1330 1897 1386 quae
1933 1314 2045 1369 Deo

389 1405 738 1479 disponente
764 1421 1023 1477 praesens
1054 1406 1285 1481 legatus
1306 1407 1499 1464 verbis
1527 1403 1655 1460 auri
1677 1407 1897 1459 secrete
1918 1402 2048 1457 inti-

390 1494 596 1560 mabit,
630 1511 758 1567 qua?
794 1511 1103 1567 precamur
1132 1496 1374 1554 honeste
1405 1494 1674 1551 remittas
1695 1492 2045 1565 quantocius

389 1584 628 1657 poteris.
662 1582 963 1641 Gloriosus
992 1585 1147 1642 Deus
1174 1589 1430 1642 mentem
1451 1587 1614 1639 tuam
1648 1585 1822 1654 atque
1852 1581 2042 1653 provi—

388 1672 523 1727 deat
552 1676 687 1728 tuos
719 1675 905 1728 actus.

1121 1763 1302 1819 CCLI.

392 1850 643 1906 Urbanus
696 1850 747 1905 II
803 1854 1239 1919 Hartmannum,
1300 1852 1546 1908 abbatem
1614 1851 2038 1916 Cottwicensem,

460 1943 488 1995 <_«
526 1920 857 1995 Gebehardo,
885 1921 1288 1979 Constantiensi
1316 1926 1579 1995 episcopo,
1632 1924 1691 1978 in
1749 1921 2044 1994 apostolica

458 1993 733 2062 legatione
765 1992 1073 2064 adjutorem
1096 1992 1401 2052 constituit.
1430 2016 1459 2045 »

851 2084 1035 2153 (Intra
1064 2101 1160 2139 an.
1195 2084 1389 2139 1088-4
1402 2084 1552 2155 099.)

388 2170 556 2242 [Vide
583 2172 716 2227 Acta
765 2175 1107 2255 sanctorum,
1129 2177 1275 2255 Aug.
1310 2177 1352 2228 t.
1395 2174 1483 2255 .I_I‘,
1513 2189 1576 2255 ‘p.
1609 2172 1736 2255 376,
1795 2172 1855 2227 in
1910 2171 2041 2227 Vita

776 2243 1131 2313 Altemanni,
1152 2243 1409 2317 episcopi
1432 2243 1648 2315 Petam]
1702 2302 1715 2317 _

1114 2332 1318 2389 CCLII.

389 2419 636 2478 Urbanus
666 2423 717 2477 II
742 2424 1066 2478 monasterii
1096 2423 1465 2479 Gottwicensis
1481 2423 2041 2494 privilegia,rogante

758 2494 1096 2549 Hartmanno
1125 2494 1338 2562 abbate,
1373 2494 1680 2564 confirmat.

875 2582 1057 2651 (Intra
1077 2599 1171 2637 an.
1201 2580 1566 2651 4088-1099.)

688 2669 852 2738 [Vide
885 2672 1025 2725 Acta
1052 2677 1363 2725 sanctorum
1392 2669 1491 2724 ubi
1526 2670 1755 2741 supra.]

1103 2757 1333 2813 CCLIII.

383 2843 746 2912 Privilegium
802 2846 1168 2901 immanitatis
1225 2845 1569 2918 Shafhusano
1628 2847 1685 2901 in
1742 2848 2037 2918 lIz'rsaugia

864 2919 1191 2973 monasterio
1219 2934 1556 2973 concessum.

2070 1794 2120 1861 B

850 3004 1029 3075 (Intra
1060 3022 1153 3060 an.
1211 3006 1560 3069 1088-1099).

794 3075 1027 3147 [MANSI,
1063 3077 1279 3134 Concil.
1314 3077 1432 3143 XX,
1465 3080 1613 3145 706.]

453 3162 731 3220 Uasmus
752 3164 1086 3238 episcopus,
1122 3181 1323 3222 servus
1345 3183 1648 3223 servorum
1682 3167 1802 3235 Dei,
1823 3166 2032 3224 dilecto
2064 3156 2106 3224 C

383 3252 442 3308 in
474 3252 702 3309 Christo
732 3252 852 3309 filio
883 3253 1300 3311 Schafhusensi
1340 3255 1557 3325 abbati,
1605 3256 1848 3328 ejusque
1900 3273 2034 3313 suc-

382 3342 715 3399 cessoribus
746 3341 1091 3415 regulariter
1135 3344 1564 3400 substituendis
1580 3344 1638 3399 in
1662 3348 2033 3417 perpetuum.

382 3435 527 3489 Cum
557 3431 846 3487 universis
896 3435 1112 3488 sanctae
1166 3432 1434 3489 Ecclesiae
1483 3432 1624 3488 ﬁliis
1681 3437 1739 3489 et
1798 3439 2035 3506 aposto-

383 3519 507 3581 lica
552 3520 709 3575 sedis
760 3520 1106 3576 auctoritate
1163 3538 1229 3576 ac
1282 3520 1686 3577 benevolentia
1742 3523 2035 3580 debitores

383 3607 728 3675 existamus,
758 3606 877 3662 illis
917 3612 1116 3663 tamen
1149 3606 1292 3663 locis
1353 3614 1527 3681 atque
1586 3611 1852 3682 personis
1907 3628 2035 3684 quae

384 3693 695 3766 specialius
728 3711 793 3751 ac
821 3694 1172 3753 familiarius
1206 3697 1477 3753 Romanis
1518 3697 1815 3755 adhaerent
1842 3700 2037 3757 Eccle-

384 3784 506 3851 siaa,
538 3794 786 3856 quisque
818 3783 1119 3857 amplioris
1179 3784 1478 3858 religionis
1508 3788 1698 3860 gratia
1754 3790 2035 3859 eminent,

385 3872 747 3945 propensiori
777 3890 884 3929 nos
897 3873 1477 3932 convenitcharitatis
1490 3876 1685 3932 studio
1708 3877 2033 3935 imminere.

385 3962 570 4034 Igitur
597 3966 717 4018 tam
750 3962 869 4019 tuis
899 3967 956 4019 et
970 3968 1203 4019 tuorum
1228 3963 1687 4038 fratrum,quam
1705 3971 1761 4023 et
1782 3966 2037 4041 religiosi

385 4051 616 4107 comitis
647 4052 713 4107 N.
774 4052 889 4125 piis
941 4052 1091 4109 votis
1133 4057 1189 4109 et
1246 4052 1630 4127 petitionibus
1689 4061 2034 4128 annuentes,

383 4139 579 4196 Sancti
611 4141 929 4198 Salvatoris
960 4142 1290 4200 venerabile
1323 4144 1755 4213 coenobium,ab
1784 4146 2039 4221 N.quon-

386 4229 520 4284 dam
553 4231 765 4285 comite
798 4233 949 4302 apud
996 4231 1195 4289 villam
1245 4233 1311 4288 H.
1348 4234 1457 4289 sub
1508 4234 1726 4291 honore
1769 4237 2037 4292 omnium

387 4321 722 4373 sanctorum
754 4319 1124 4386 aediﬁcatum,
1158 4326 1216 4376 et
1266 4322 1433 4379 beato
1465 4321 1630 4377 Petro
1661 4323 1943 4392 oblatum,
1977 4326 2037 4381 in

379 4404 483 4475 jus
494 4410 839 4476 perpetuum
854 4408 1162 4463 cttntelam
1180 4408 1494 4481 recipimus
1506 4410 1837 4482 apostolica:
1858 4414 2035 4483 sedis,

388 4491 542 4551 sicut
572 4510 605 4547 a
636 4494 740 4565 piae
790 4496 1081 4551 memoriae
1111 4497 1534 4568 praedecessore
1573 4504 1772 4556 nostro
1823 4501 2040 4576 Gregoo
2068 4528 2115 4594 Β

388 4581 474 4637 rio
521 4581 623 4637 Vll
652 4586 881 4639 constat
912 4583 1093 4639 fuisse
1123 4590 1484 4658 susceptum.
1533 4586 1828 4661 Quidquid
1861 4592 2036 4649 etiam

389 4672 784 4729 immunitatis
814 4673 969 4730 idem
996 4673 1254 4746 pontifex
1284 4674 1411 4731 loco
1442 4676 1551 4748 ipsi
1612 4678 1874 4747 contulit,
1935 4699 2041 4740 nos

386 4778 620 4837 quoque
651 4764 1046 4827 concedimus.
1079 4767 1135 4820 et
1195 4766 1463 4837 praasenti
1496 4766 1724 4824 decreto
1764 4772 2034 4827 corrobo-

386 4870 608 4909 ramus.
641 4853 973 4925 Apostolioa
1004 4854 1201 4926 itaque
1233 4855 1577 4911 auctoritate
1627 4858 1941 4916 statuimus
1975 4866 2039 4917 ut

387 4942 658 4999 universa
687 4959 815 5013 qua:
836 4942 1059 5015 praefati
1080 4944 1323 4999 comites
1344 4943 1429 4999 vel
1446 4943 1545 4999 alii
1567 4944 1813 5017 quilibet
1836 4947 2037 5007 ﬁdeles

386 5031 649 5087 coenobio
700 5036 890 5088 vestro
921 5032 992 5086 de
1048 5031 1173 5088 suis
1230 5030 1605 5089 facultatibus
1659 5036 2034 5108 contulerint,

387 5136 630 5192 quaeque
655 5120 828 5177 hodie
850 5124 1066 5194 posset,
1094 5122 1213 5178 sive
1244 5123 1304 5177 in
1348 5116 1615 5179 futurum
1664 5126 2038 5184 concessione

388 5209 752 5278 pontificum,
783 5209 1137 5267 liberalitate
1193 5210 1549 5284 principum,
1606 5212 1693 5269 vel
1749 5213 2037 5274 oblatione

388 5295 650 5352 ﬁdelium
674 5300 836 5369 juste
858 5304 1032 5373 atque
1063 5300 1342 5357 canonice
1366 5300 1577 5372 poterit
1593 5300 2038 5374 adispiciﬁrma

389 5383 515 5448 tibi,
546 5386 780 5458 tuisque
811 5389 1251 5446 successoribus
1282 5393 1339 5445 et
1370 5388 1593 5444 illibata
1632 5398 2034 5460 permaneant.

389 5469 471 5527 De
494 5472 658 5529 cellis
688 5480 882 5531 autem
914 5480 1098 5534 Beatae
1146 5479 1388 5551 Agnetis
1420 5481 1477 5533 et
1536 5477 1719 5533 Beate
1751 5478 1943 5537 Mariae
1975 5482 2035 5540 in

388 5559 530 5621 villa
559 5562 626 5619 N.
661 5563 1007 5622 nominatim
1035 5566 1540 5638 interdicimus,ne
1570 5566 1703 5643 quis
1734 5570 2038 5632 occasione

2161 510 2506 567 subtrahere
2532 509 2619 566 vel
2679 509 2954 579 alienare,
2988 509 3088 566 sed
3122 509 3181 565 in
3225 525 3290 564 eo
3350 506 3554 563 ordine
3584 520 3861 579 semper

2160 603 2438 656 maneant
2460 618 2472 669 ;
2499 615 2614 672 quo
2632 617 2665 654 ε,
2684 598 3114 670 te,charissime
3145 596 3230 653 ﬁli
3246 596 3636 669 N.,institutaa
3658 598 3853 663 sunt,

2160 704 2266 744 nec
2296 689 2404 744 tibi
2436 706 2543 745 nec
2574 705 2984 745 successorum
3014 692 3253 745 tuorum
3284 683 3463 742 alicui
3514 684 3698 742 liceat
3724 698 3851 740 eas

2158 777 2504 847 distrahere,
2535 777 2624 834 vel
2677 795 2879 835 earum
2920 779 3075 833 bona
3130 781 3348 832 temere
3377 778 3481 832 aut
3534 773 3851 830 violenter

2158 866 2427 923 minuere
2452 866 2541 924 vel
2572 868 2819 924 auferre.
2879 867 2938 923 Si
2970 867 3104 939 quis
3135 882 3265 941 vero
3295 861 3580 921 hactenus
3609 879 3846 920 eorum

2159 956 2488 1030 quidquam
2513 952 2967 1025 abstulit,donec
2998 955 3369 1023 restituat,ab
3391 950 3844 1026 omnipotentis

2156 1044 2257 1101 Dei
2291 1047 2480 1119 gratia
2533 1046 2763 1102 alienus
2810 1046 3040 1103 existat.
3099 1046 3382 1100 Praeterea
3439 1058 3731 1099 mansuro
3768 1040 3840 1097 in

2154 1140 2503 1207 perpetuum
2535 1136 2766 1191 decreto
2797 1134 3120 1203 sancimus,
3151 1138 3217 1190 ut
3263 1132 3411 1189 nulli
3461 1132 3712 1189 omnino
3744 1130 3840 1186 vi-

2154 1223 2415 1282 ventium
2472 1223 2645 1281 liceat
2674 1225 2733 1279 in
2762 1228 2953 1280 vestro
3007 1222 3364 1279 monasterio
3396 1220 3619 1294 aliquid
3677 1236 3839 1294 pro-

2156 1313 2440 1387 prietatis,
2469 1313 2843 1381 conditionis,
2894 1310 3245 1368 haereditarii
3287 1310 3467 1383 juris,
3499 1309 3835 1366 advocatia

2154 1401 2512 1459 investitura:
2544 1405 2646 1457 aut
2675 1401 2990 1474 cujuslibet
3018 1400 3348 1475 potestatis,
3392 1415 3524 1472 quae
3551 1397 3831 1456 libertati

2153 1496 2210 1547 et
2245 1491 2423 1564 quieti
2454 1490 2703 1547 fratrum
2753 1494 2979 1558 noceat,
3036 1489 3352 1546 vindicare.
3412 1488 3607 1546 Abbas
3669 1498 3832 1545 sane

2153 1597 2287 1636 cum
2321 1579 2602 1637 fratribus
2632 1580 2977 1636 advocatum
3010 1578 3328 1652 sibi,quem
3360 1577 3656 1634 utiliorem
3683 1593 3831 1650 pro-

2150 1668 2423 1737 viderint,
2458 1669 2749 1725 instituat.
2784 1668 2893 1735 Qui
2923 1668 2972 1723 si
3010 1667 3390 1745 postmodum
3450 1664 3827 1723 monasterio

2151 1757 2381 1814 inutilis
2413 1757 2836 1825 fuerit,remoto
2868 1773 2933 1813 eo
2967 1756 3148 1812 alium
3177 1756 3518 1829 praeﬁciunt.
3538 1753 3827 1829 Sepultu-

2152 1864 2278 1903 ram
2309 1847 2577 1919 ejusdem
2608 1845 2719 1902 loci
2746 1845 2991 1902 liberam
3011 1844 3251 1902 omnino
3272 1860 3402 1902 esse
3421 1844 3821 1913 decrevimus,

2153 1940 2218 1991 ut
2244 1952 2446 1992 eorum
2479 1935 2580 2008 qui
2614 1935 2692 2015 ibi
2717 1934 2955 2009 sepeliri
2988 1933 3457 2001 deliberaverint,
3515 1933 3823 1990 devotioni

2151 2029 2208 2081 et
2237 2028 2508 2081 extremae
2523 2023 2957 2091 voluntati,nisi
2990 2023 3136 2080 forte
3156 2021 3641 2080 excommunicati
3667 2024 3821 2090 sint,

2150 2114 2350 2171 nullus
2381 2114 2652 2171 obsistat.
2684 2114 2740 2169 Si
2772 2130 2920 2186 quas
2966 2129 3100 2169 vero
3130 2112 3389 2169 decimas
3446 2111 3821 2186 pertinentes

2149 2203 2591 2275 ecclesiis,quas
2623 2202 2851 2259 habetis
2884 2207 2941 2259 et
2968 2201 3284 2275 habebitis,
3306 2219 3342 2258 a
3369 2200 3539 2258 laicis
3562 2217 3819 2274 recupe-

2151 2309 2297 2359 rare,
2334 2296 2629 2347 annuente
2658 2291 2927 2358 Domino,
2961 2290 3291 2364 potueritis,
3333 2290 3543 2348 vestris
3595 2291 3815 2347 usibus

2148 2384 2428 2454 perpetuo
2459 2381 2885 2453 mancipandas
2916 2379 3140 2452 absque
3191 2380 3456 2436 omnium
3500 2379 3815 2453 episcopo-

2145 2486 2276 2525 rum
2308 2468 2774 2526 contradictione
2804 2485 3134 2538 censemus,
3172 2469 3333 2526 salva
3362 2467 3680 2543 episcopali
3714 2485 3815 2525 re-

2146 2559 2426 2615 verentia.
2464 2558 2661 2615 Laicos
2694 2575 2797 2615 seu
2830 2558 3071 2614 clericos
3103 2557 3412 2615 saeculares
3463 2558 3536 2613 ad
3566 2573 3814 2614 conver-

2148 2647 2372 2705 sionem
2417 2647 2735 2719 suscipere,
2797 2646 3020 2704 nullius
3070 2647 3330 2720 episcopi
3359 2645 3448 2703 vel
3510 2646 3813 2720 praepositi

2146 2736 2528 2793 contradictio
2565 2754 2668 2793 vos
2721 2737 3003 2793 inhibeat.
3062 2736 3147 2793 Ad
3196 2737 3308 2792 hoc
3367 2736 3681 2807 adjicimns
3740 2738 3813 2792 ut

2146 2825 2291 2882 nulli
2324 2826 2733 2898 episcoporum
2784 2826 3031 2882 facultas
3061 2826 3139 2881 sit
3168 2826 3295 2881 sine
3324 2823 3571 2881 Romani
3614 2824 3811 2897 ponti-

2146 2915 2273 2972 ﬁcis
2303 2914 2539 2971 licentia
2564 2914 2692 2972 loca
2719 2919 2915 2971 vestra
2932 2914 3021 2971 vel
3040 2913 3361 2971 monachos
3376 2913 3799 2983 interdictioni,

2143 3004 2231 3060 vel
2264 3003 2851 3060 excommunicationi
2883 3001 3355 3074 subjicere.Nulli
3386 3006 3661 3076 praeterea
3691 3003 3802 3059 ho-

2145 3093 2289 3149 mini
2321 3093 2493 3148 liceat
2521 3093 2863 3167 saepefatum
2894 3092 3319 3148 monasterium
3336 3096 3554 3149 temere
3575 3096 3803 3165 pertur-

2144 3180 2398 3250 hare,vel
2429 3182 2556 3254 eius
2586 3182 3123 3254 possessiones,seu
3156 3197 3250 3237 res
3281 3185 3522 3238 caeteras
3545 3181 3795 3248 auferre,

2145 3269 2372 3327 ablatas
2401 3271 2675 3338 retinere,
2709 3269 2975 3326 minuere
3007 3269 3095 3326 vel
3128 3268 3460 3326 temerariis
3481 3268 3797 3327 vexationi-

2143 3361 2257 3417 bus
2308 3359 2589 3432 fatigare;
2646 3358 2747 3415 sed
2805 3359 3006 3415 omnia
3065 3359 3294 3431 integra
3350 3362 3795 3428 conserventur,

2143 3465 2345 3505 eorum
2372 3463 2477 3521 pro
2510 3463 2762 3520 quorum
2818 3446 3248 3503 sustentatione
3277 3463 3344 3503 ac
3374 3446 3797 3529 gubernatione

2145 3552 2422 3593 concessa
2452 3539 2608 3605 sunt,
2643 3535 2851 3592 usibus
2884 3534 3242 3593 omnimodis
3272 3532 3599 3609 profutura,
3643 3550 3794 3609 qua-

2144 3629 2318 3682 tenus
2348 3624 2467 3681 illic
2509 3626 2621 3681 Deo
2652 3625 2967 3680 servientes
2999 3624 3207 3681 fratres
3238 3625 3308 3681 ab
3329 3624 3489 3680 omni
3510 3628 3797 3697 potestate

2144 3714 2311 3770 liberi
2342 3715 2618 3771 Romanae
2674 3713 3042 3770 liberalitatis
3072 3714 3260 3787 gratia
3307 3712 3624 3787 potiantur,
3656 3719 3714 3770 et
3761 3730 3797 3771 a

2145 3801 2530 3860 saecularibus
2579 3803 2935 3859 tumultibus
2993 3801 3189 3871 alieni,
3247 3803 3666 3876 omnipotentis
3699 3803 3795 3859 Dei

2146 3891 2530 3965 speculationi
2562 3891 2831 3948 licentius
2862 3908 3065 3949 vacare
3110 3891 3476 3965 praevaleant.
3537 3890 3796 3948 Obeunte

2146 3984 2202 4038 te
2232 3998 2389 4037 nunc
2418 3981 2683 4052 ejusdem
2715 3979 2827 4036 loci
2860 3981 3087 4047 abbate,
3122 3980 3211 4036 vel
3270 3984 3508 4037 tuorum
3539 3979 3795 4052 quolibet

2148 4085 2574 4135 successorum,
2596 4068 2807 4141 nullus.
2826 4069 2907 4124 ibi
2938 4068 3199 4142 qualibet
3228 4069 3624 4142 subreptionis
3641 4072 3795 4126 astu-

2152 4159 2252 4225 tia,
2288 4175 2391 4215 seu
2421 4158 2701 4214 violentia
2757 4162 3151 4231 praeponatur,
3210 4158 3323 4214 nisi
3355 4175 3530 4231 quem
3590 4157 3792 4215 fratres

2146 4246 2443 4304 communi
2459 4262 2748 4303 consensu
2761 4246 2846 4303 vel
2872 4247 3119 4303 fratrum
3134 4262 3270 4319 pars
3293 4246 3521 4303 concilii
3546 4245 3793 4303 sanioris

2147 4336 2473 4393 secundum
2506 4335 2657 4391 beati
2692 4335 2984 4392 Benedicti
3016 4335 3279 4409 regulam
3318 4335 3616 4409 elegerint.
3649 4335 3792 4392 Con-

2149 4426 2501 4481 secrationes
2534 4424 2811 4480 altarium
2852 4423 3251 4494 basilicarum,
3294 4424 3528 4480 ordines
3560 4421 3791 4481 clerico-

2147 4531 2301 4582 rum,
2335 4514 2612 4580 chrisma,
2669 4517 2726 4569 et
2755 4516 2962 4569 caetera
3018 4514 3091 4569 ad
3147 4511 3481 4587 episcopale
3537 4512 3789 4570 cilicium

2145 4603 2497 4677 pertinentia
2535 4602 2609 4658 ab
2640 4601 2913 4675 episcopo
2944 4601 3460 4668 Constantiensi,in
3491 4602 3659 4675 cujus
3703 4616 3791 4657 es-

2150 4692 2224 4749 tis
2253 4691 2507 4757 dioecesi,
2541 4690 2860 4763 accipiatis,
2897 4689 2945 4747 si
2995 4694 3193 4747 tamen
3224 4691 3547 4748 catholicus
3602 4694 3707 4759 est,
3737 4694 3791 4748 et

2149 4781 2396 4854 gratiam
2427 4783 2484 4835 et
2496 4778 2967 4836 communionem
2992 4779 3323 4852 apostolicae
3337 4780 3494 4836 sedis
3507 4779 3788 4836 habuerit.

2144 4869 2302 4926 Alias
2332 4884 2464 4925 vero
2494 4866 2668 4924 liceat
2682 4868 2846 4925 vobis
2879 4868 3252 4935 catholicum,
3277 4885 3452 4943 quem
3471 4868 3785 4936 volueritis,

2146 4959 2305 5015 adire
2364 4956 2714 5027 antistitem,
2775 4962 2833 5014 et
2860 4958 2933 5014 ab
2964 4974 3031 5014 eo
3089 4958 3549 5015 consecrationis
3603 4974 3786 5016 sacra-

2146 5050 2343 5104 menta
2371 5047 2689 5119 suscipere,
2721 5045 2809 5103 vel
2841 5047 2915 5103 ad
2949 5047 3148 5104 sedem
3191 5047 3572 5122 apostolicam
3602 5062 3786 5104 recur-

2146 5152 2303 5193 rere:
2337 5133 2799 5216 quiIapostolica
2825 5135 3011 5192 fultus
3044 5137 3409 5206 auctoritate,
3443 5153 3574 5210 quae
3604 5139 3788 5211 postu-

2145 5225 2347 5281 lantur
2376 5223 2696 5297 indulgeat.
2742 5224 2827 5280 Ad
2858 5223 3142 5281 indicium
3196 5228 3393 5283 autem
3452 5230 3730 5299 percepta
3755 5243 3787 5282 a

2146 5313 2410 5369 Romana
2436 5310 2696 5369 Ecclesia
2725 5311 3012 5371 libertatis
3042 5314 3170 5370 auri
3202 5315 3439 5371 unciam
3483 5312 3789 5387 quotannis

2146 5400 2523 5458 Lateranensi
2546 5399 2760 5473 palatio
2783 5400 3215 5473 persolvetis.Si
3242 5421 3360 5477 qua
3373 5402 3787 5476 sanedeinceps

2145 5489 2538 5548 ecclesiastica
2567 5489 2936 5550 saecularisve
2976 5509 3246 5566 persona,
3300 5492 3481 5567 huius
3510 5491 3788 5567 privilegii

2146 5581 2421 5657 paginam
2452 5580 2663 5651 sciens,
2709 5584 2912 5643 contra
2963 5596 3092 5643 eam
3118 5587 3337 5643 temere
3381 5583 3581 5645 venire
3610 5585 3783 5642 tenta-
