4004 6162
157 337 280 412 ’521

171 571 353 627 ctione
383 587 643 644 congrua
693 572 1108 637 emendaverit,
1160 570 1465 642 potestatis
1510 569 1816 625 honorisve

170 661 259 717 sui
306 660 589 733 dignitate
629 666 844 729 careat,
902 677 1180 733 reamque
1230 677 1291 716 se
1338 658 1533 715 divino
1590 658 1816 730 judicio

168 752 408 806 existere
437 750 508 805 de
538 752 870 822 perpetrata
898 750 1207 823 iniquitate
1230 752 1562 821 cognoscat,
1588 753 1762 819 atque
1784 764 1818 801 a

168 838 539 894 sanctissimo
560 854 800 910 corpore
820 843 877 894 et
896 839 1187 912 sanguine
1208 838 1309 895 Dei
1331 855 1397 894 ac
1430 835 1817 908 redemptoris

168 927 349 984 nostri
376 926 517 984 Jeeu
551 926 762 982 Christi
797 927 986 983 aliena
1018 928 1139 994 fiat,
1171 932 1231 983 et
1274 926 1333 981 in
1378 930 1633 981 extremo
1683 940 1815 979 exa-

169 1014 324 1072 mine
367 1015 645 1071 districtaa
695 1014 901 1070 ultioni
955 1016 1274 1087 subjaceat.
1319 1014 1561 1070 Cunctis
1621 1016 1816 1069 autem

170 1104 352 1160 eidem
373 1103 501 1159 loco
525 1104 691 1174 justa
719 1103 1089 1159 servantibus
1120 1103 1195 1159 sit
1234 1121 1345 1175 pax
1375 1101 1607 1158 Domini
1632 1100 1816 1156 nostri

168 1193 306 1251 Jesu
335 1192 566 1255 Christi,
593 1197 883 1265 quatenus
908 1197 963 1248 et
981 1192 1074 1247 hic
1102 1194 1358 1248 fructum
1380 1192 1544 1246 bona:
1572 1188 1817 1245 actionis

170 1281 513 1355 percipiant,
536 1286 592 1337 et
613 1281 768 1355 apud
788 1280 1119 1337 districtum
1135 1281 1396 1353 judicem
1411 1278 1819 1352 praemiamter—

171 1387 256 1427 na
285 1369 443 1443 pacis
472 1369 797 1426 inveniant.

877 1458 1093 1515 CCLIV.

171 1550 377 1607 Urbani
403 1549 457 1604 Il
482 1548 708 1620 epistola
736 1546 807 1602 ad
852 1548 1195 1620 Rodulphum
1260 1548 1531 1620 comitem.
1564 1575 1633 1586 ——-
1681 1546 1815 1600 Pro-

622 1620 971 1674 immunitate
1000 1619 1387 1675 ecclesiastica.

647 1709 828 1777 (Intra
856 1724 951 1761 an.
988 1707 1339 1777 1088-1099.)

617 1796 843 1864 [MANSI,
878 1795 1064 1851 Coneil
1086 1796 1205 1863 XX,
1223 1796 1374 1864 656.]

241 1906 423 1962 Nosse
452 1908 508 1960 te
536 1902 807 1959 volumus
839 1903 978 1975 quia
1004 1902 1150 1959 nulli
1182 1900 1547 1958 saecularium
1579 1898 1817 1956 domino

172 1999 512 2069 potestatem
564 1992 624 2046 in
675 1991 915 2047 clericos
963 1991 1177 2047 habere
1226 1990 1386 2059 licet;
1445 1989 1545 2045 sed
1611 2005 1817 2045 omnes

174 2083 362 2141 clerici
393 2083 665 2155 episcopo
699 2079 803 2137 soli
839 2097 967 2136 esse
1000 2081 1213 2137 debent
1241 2079 1509 2151 subjecti.
1561 2078 1817 2142 Quicun-

174 2190 285 2244 que
326 2188 464 2227 vero
523 2169 693 2226 aliter
757 2169 1201 2241 praesumpserit
1261 2168 1550 2224 canonicae
1614 2166 1816 2239 procul

176 2261 350 2317 dubio
373 2257 671 2316 sententiae
694 2258 1041 2329 subjacebit.

904 2363 1105 2419 CCLV.

275 2454 480 2512 Urbani
509 2454 559 2509 II
586 2454 809 2525 epistola
854 2452 927 2526 ad
980 2453 1257 2522 Hugonem
1304 2456 1721 2526 Lugdunensem

748 2524 1234 2595 archiepiscopum.

670 2613 854 2685 (Intra
869 2629 963 2668 an.
993 2612 1345 2685 1088-4099.)

604 2702 831 2768 [MANSI,
862 2703 1069 2759 Concil.
1102 2702 1222 2772 XX,
1254 2705 1400 2772 677.]

248 2793 522 2848 [Insanus
550 2790 599 2845 Il
635 2790 861 2845 Hueom
890 2790 1265 2862 Lugdunensi
1290 2793 1745 2869 archiepiscopo.

246 2878 658 2955 Lugdunensis
694 2880 957 2951 paraeciaa
998 2879 1261 2949 clericos,
1294 2898 1443 2953 quos
1480 2890 1684 2941 contra
1709 2890 1824 2941 sta-

174 2974 301 3026 tuta
328 2984 619 3024 canonum
635 2972 689 3023 et
712 2968 783 3022 ab
807 2967 1050 3023 alterius
1071 2968 1333 3039 para-scire
1357 2971 1646 3045 episcopis
1669 2975 1822 3030 ordi-

180 3065 343 3114 natos
373 3057 697 3113 litterarum
719 3060 954 3111 tuarum
988 3055 1413 3128 significatione
1459 3063 1820 3129 monstrasti,

178 3163 307 3202 cum
335 3146 628 3219 graduum
659 3160 904 3199 suorum
955 3144 1174 3200 honore
1224 3147 1477 3218 recipere
1524 3149 1824 3222 religionis

176 3244 289 3293 tuae
338 3235 651 3309 prudentia
700 3232 932 3306 poterit,
983 3234 1031 3289 si
1085 3251 1183 3290 eos
1235 3235 1380 3291 alias
1438 3239 1713 3295 canonice
1770 3245 1827 3295 et

179 3326 305 3382 sine
332 3325 613 3399 gravitate
640 3322 835 3394 aliqua
864 3322 1164 3379 ordinatos
1186 3325 1533 3394 constiterit,
1554 3327 1604 3382 si
1627 3332 1825 3385 tamen

181 3431 381 3471 eorum
412 3414 593 3469 vitam
624 3409 986 3484 probabilem
1016 3410 1075 3465 id
1109 3411 1485 3484 indulgentias
1517 3430 1825 3487 prospexe-

186 3503 265 3559 ris
278 3501 616 3575 promereri.
632 3500 905 3573 Legimus
918 3499 1133 3571 quippe
1149 3505 1419 3556 sanctum
1436 3502 1828 3575 Epiphanium

185 3594 527 3665 episcopum
558 3606 627 3645 ex
653 3588 887 3644 dicecesi
919 3589 1105 3644 sancti
1140 3588 1385 3645 Joannis
1431 3589 1829 3664 Chrysostomi

184 3681 473 3754 quosdam
503 3678 745 3735 clericos
776 3677 1097 3745 ordinasse,
1131 3679 1285 3751 quod
1309 3684 1551 3735 sanctus
1580 3680 1667 3736 vir
1704 3698 1827 3737 om-

183 3771 323 3827 nino
351 3785 470 3825 non
501 3767 752 3835 fecisset,
786 3766 836 3822 si
865 3767 949 3822 eis
981 3767 1400 3823 detrimentum
1424 3774 1572 3825 terre
1593 3786 1833 3843 perpen-

182 3858 384 3915 disset.
417 3856 573 3920 Quos
596 3855 775 3928 igitur
802 3854 1168 3927 recipiendos
1196 3856 1516 3913 moderatio
1540 3862 1644 3915 tua
1685 3858 1835 3915 arbi-

179 3951 333 4003 trata
360 3945 556 4012 fuerit,
588 3943 857 4015 injuncta
900 3943 1319 4001 satisfactionis
1366 3930 1834 4020 gratia'propter

183 4034 503 4093 Ecclesium
552 4048 733 4109 quem
777 4031 1145 4087 offenderunt
1188 4049 1447 4106 congrua
1493 4035 1835 4107 pcenitentia

186 4122 582 4182 miserationis
596 4120 817 4176 intuitu
831 4120 889 4175 in
904 4138 1011 4177 suo
1024 4138 1317 4193 quemque
1334 4122 1550 4179 honore
1566 4124 1832 4197 recipias,

184 4213 347 4270 salva
374 4213 435 4268 in
462 4210 738 4269 omnibus
769 4214 1110 4267 sanctorum
1143 4227 1435 4267 canonum
1469 4212 1797 4286 disciplina.

901 4316 1126 4373 CCLVI.

191 4413 399 4471 Urbani
426 4411 479 4466 II
498 4408 729 4481 epistola
754 4408 822 4463 ad
852 4406 1303 4481 Ebredunensem,
1366 4410 1745 4480 Vapincensem
1790 4418 1840 4467 et

262 4480 837 4553 Diemem’episcopos.
863 4510 930 4553 -έ-
961 4480 1261 4553 Antequam
1291 4481 1731 4545 reconcilientur,
1774 4484 1840 4553 ﬁ-

263 4556 546 4610 delitatem
572 4551 1055 4606 excommunicatis
1084 4551 1272 4605 nullus
1295 4567 1511 4606 servare
1540 4554 1769 4621 cogitur.

486 4642 744 4713 (Fragm.
779 4671 843 4679 —
880 4640 1035 4693 Intra
1066 4655 1159 4693 an.
1196 4639 1545 4706 1088-1099.)

406 4731 732 4801 (Gnarum,
769 4731 1000 4792 Decret.,
1035 4727 1094 4782 C.
1127 4744 1218 4792 xv,
1248 4743 1345 4799 qu.
1378 4730 1433 4793 6,
1461 4745 1511 4798 c,
1542 4728 1623 4799 5.]

258 4822 500 4876 Juratos
532 4817 750 4873 milites
781 4816 1008 4888 Hugoni
1039 4816 1257 4885 comiti,
1293 4833 1363 4872 ne
1394 4816 1528 4888 ipsi,
1579 4817 1840 4889 quandiu

185 4908 737 4965 excommunicatus
768 4910 876 4973 est,
911 4904 1183 4973 serviant,
1204 4905 1528 4977 prohibeto.
1556 4906 1731 4972 Quisi
1753 4924 1845 4963 sa-

188 4985 498 5055 cramenta
510 4995 850 5068 praetenderi
862 4998 942 5060 nt,
964 5010 1209 5049 monean
1220 4998 1275 5049 tu
1286 5012 1313 5047 r
1328 4999 1591 5065 oportere
1604 4995 1718 5051 Deo
1732 5013 1850 5052 ma-

1343 346 1750 412 EPISTOLzE
1792 344 1896 408 ET
1938 292 2414 409 PRIVILEGIA.

168 482 328 550 verit,
379 482 635 538 secundo
684 482 920 538 tertiove
959 481 1309 549 commonia,
1344 480 1392 537 si
1432 498 1545 535 non
1583 481 1813 536 satista-
1842 478 1894 546 Α

1846 1847 1895 1913 Β

3458 338 3577 399 522

2620 475 2869 530 CCLVII.

1929 569 2135 627 Urbani
2165 569 2217 622 Il
2244 568 2467 637 epistola
2499 564 2567 619 ad
2598 566 2894 637 Hugonem,
2929 565 3237 637 episeOpum
3288 559 3578 637 Gratiano-

2071 632 2328 694 litauum.
2362 668 2429 677 —-
2458 632 2922 691 Extraordinaria
2948 632 3179 706 pollutio
3210 634 3272 688 in
3298 632 3579 689 naturali-

2034 727 2094 765 ηδ
2123 725 2235 765 non
2256 707 2479 779 impedit
2498 708 2934 762 matrimonium.

2214 798 2467 870 (Fragm.
2501 827 2571 838 —
2602 797 2759 851 Intra
2788 811 2884 851 an.
2919 791 3274 866 1088-4099.)

2071 886 2399 958 (Gnarum,
2426 886 2655 952 Decret.,
2689 886 2748 940 C.
2780 900 2949 949 xxxv,
2982 898 3082 954 qu.
3115 885 3170 947 2,
3204 897 3255 937 c.
3284 880 3399 947 11.)

1998 973 2472 1031 Extraordinaria
2493 971 2736 1046 pollutio
2780 989 2897 1028 non
2946 971 3061 1027 nisi
3109 970 3169 1025 in
3213 967 3579 1026 naturalibus

1927 1064 2208 1131 admissa,
2241 1062 2329 1119 vel
2363 1061 2575 1134 saepius
2605 1060 2896 1131 reiterata,
2930 1056 3416 1117 citramaritalem
3440 1057 3577 1113 aﬁ‘e-

1925 1159 2108 1218 ctum,
2144 1151 2192 1207 si
2220 1150 2479 1225 praebitis
2509 1150 2890 1207 sacramentis
2940 1148 3023 1205 ita
3069 1165 3199 1205 esse
3248 1144 3580 1204 constiterit

1927 1240 2425 1314 quemadmodum
2458 1238 2625 1295 nobis
2656 1237 2776 1293 tuis
2806 1236 3202 1310 signiﬁcatum
3234 1238 3324 1292 est
3343 1233 3576 1304 litteris,

1926 1330 2286 1387 nonvidetur
2299 1326 2740 1384 matrimonium
2756 1325 3059 1398 impedire,
3073 1324 3341 1398 quamvis
3353 1324 3483 1397 ipsa
3494 1329 3583 1381 est

1927 1419 2244 1475 criminosa
2274 1422 2331 1473 et
2360 1414 2737 1474 damnabilis.

2602 1503 2881 1560 CCLVIII.

1933 1598 2137 1655 Urbani
2166 1598 2217 1653 II
2254 1610 2429 1669 papa:
2464 1596 2706 1669 opinata
2734 1593 2804 1649 ad
2850 1579 3130 1669 Magonem
3171 1592 3580 1669 Cluniacensem

1999 1664 2269 1724 abbatem:
2303 1664 2371 1708 ἐ-
2405 1667 2458 1721 8.
2493 1664 2708 1723 Βενιίηὶ
2737 1666 3130 1736 monasterium
3154 1664 3208 1721 ei
3227 1665 3395 1736 juxta
3444 1680 3577 1721 con-

1994 1740 2308 1796 suetudines
2339 1738 2719 1795 Cluniacenses
2749 1735 3165 1807 informandum
3192 1734 3453 1792 concedit.

2389 1828 2573 1899 (Intra
2600 1843 2698 1882 an.
2734 1824 3092 1894 1088-1099.)

2229 1921 2316 1985 (D.
2350 1917 2641 1984 Bououe'r,
2676 1914 2910 1984 Recueit,
2942 1917 2984 1969 t.
3019 1931 3076 1986 p.
3105 1914 3261 1986 737,)

1998 2006 2279 2062 Uanmus
2305 2005 2636 2077 episcopus,
2659 2019 2861 2059 servus
2884 2017 3183 2058 servorum
3205 2002 3329 2072 Dei,
3346 2018 3582 2061 venera-

1927 2095 2027 2151 bili
2062 2094 2229 2151 fratri
2261 2095 2509 2159 Hueom,
2541 2091 2914 2148 Cluniacensi
2958 2090 3177 2160 abbati,
3227 2089 3478 2150 salutem
3523 2095 3583 2150 et

1928 2182 2315 2257 apostolicam
2345 2180 2828 2238 benedictionem.

1997 2272 2188 2328 Justis
2219 2270 2491 2344 precibus
2512 2268 2909 2325 ministerium
2938 2271 3207 2323 nostrum
3238 2268 3441 2326 deesse
3463 2285 3580 2325 non

1928 2361 2118 2417 debet.
2153 2359 2371 2415 Idcirco
2406 2356 2777 2413 Flandrensis
2807 2355 3121 2412 comitissae
3162 2370 3384 2428 preces,
3431 2373 3580 2429 quas

1926 2450 2136 2505 abbate
2157 2449 2218 2503 B.
2246 2446 2461 2503 Bertini
2477 2449 2825 2518 suggerente
2838 2444 3155 2511 mandavit,
3179 2445 3580 2502 admittenda:

1929 2555 2026 2594 ore
2056 2537 2441 2593 decrevimus.
2474 2532 2792 2591 Postulavit
2821 2534 2932 2605 (50)
2963 2532 3121 2589 enim
3150 2537 3218 2589 ut
3254 2533 3318 2591 Β.
3361 2534 3579 2591 Bertini

1930 2625 2355 2682 monasterium
2399 2628 2511 2679 tuae
2563 2626 2920 2693 tuorumque
2941 2636 3350 2678 successorum
3385 2624 3583 2696 provi-

1930 2714 2139 2770 dentiae
2155 2713 2583 2786 disponendum
2600 2710 3044 2782 curandumque
3057 2711 3579 2769 committeremus:

1931 2804 2087 2877 quod
2119 2819 2246 2869 nos,
2281 2802 2379 2875 qui
2410 2818 2515 2873 pro
2544 2799 2861 2856 commisso
2890 2798 3081 2854 ofﬁcio
3110 2798 3287 2855 saluti
3318 2801 3585 2857 omnium

1931 2892 2232 2965 providere
2245 2891 2549 2957 debemus,
2564 2888 2879 2944 clementer
2891 2887 3231 2945 annuimus.
3243 2889 3431 2945 Tuam
3449 2905 3587 2964 ergo

1933 2979 2356 3036 fraternitatem
2396 2976 2743 3032 auctoritate
2798 2975 3175 3047 prasentium
3224 2975 3584 3034 litterarum-

1933 3082 2398 3132 commonemus,
2428 3069 2495 3119 ut
2515 3064 2939 3119 monasterium
2971 3064 3167 3135 ipsum
3197 3063 3259 3119 iu
3289 3069 3395 3122 tua
3421 3065 3586 3122 dein-

1934 3174 2070 3229 ceps
2083 3155 2410 3229 provisione
2424 3152 3148 3224 suscipias,abbatemque,
3168 3153 3217 3209 si
3238 3152 3589 3227 discipline-

1937 3261 2032 3300 mo
2046 3244 2281 3299 nasticaa
2311 3240 2725 3297 inconveniens
2748 3239 3217 3314 fuerit,amovere
3230 3240 3478 3297 facultas
3492 3258 3586 3297 vo-

1935 3333 2223 3389 bislibera
2246 3330 2644 3403 permittatur,
2666 3326 2824 3383 salvo
2846 3326 3084 3399 quidem
3107 3327 3586 3402 dimc‘esaniepis-

1937 3418 2459 3493 uepijurc,scilicet
2486 3421 2552 3472 ut
2578 3416 2743 3473 vobis
2773 3416 2833 3470 in
2865 3415 3207 3471 monasterii
3228 3416 3584 3475 correctione

1936 3508 2170 3567 obviare
2204 3524 2319 3563 non
2350 3506 2555 3562 valeat.

2648 3593 2733 3649 CC
2741 3594 2878 3650 LIX.

1938 3687 2302 3757 Privilegium
2352 3683 2579 3757 Urbani
2604 3684 2657 3757 Π
2692 3697 2857 3757 papae
2900 3684 3172 3757 Baginero
3217 3683 3403 3740 abbati
3463 3701 3589 3744 mo-

2007 3753 2241 3814 nasterii
2269 3759 2324 3812 S.
2358 3757 2512 3811 Petri
2543 3753 2931 3825 Crispiniensis
2959 3753 3147 3813 Romae
3172 3770 3500 3814 concessum.

2416 3843 2595 3915 (Intra
2624 3860 2720 3898 an.
2754 3842 3115 3913 1088-1099.)

2119 3934 2282 4003 (Gali.
2320 3932 2541 4001 Christ.,
2575 3935 2720 3987 tom.
2755 3931 2850 4000 III,
2886 3930 3187 4000 Instrum.,
3218 3948 3276 4004 p.
3298 3933 3413 4004 26.)

2013 4024 2292 4080 URBANUS
2323 4019 2656 4093 episcopus,
2676 4036 2878 4076 servus
2899 4035 3203 4077 servorum
3222 4020 3345 4088 Dei,
3368 4019 3593 4079 charis-

1944 4112 2094 4170 simo
2109 4110 2226 4167 ﬁlio
2240 4107 2865 4177 suoRaemsno,abbati
2881 4108 3595 4179 monasteriiSanctiPetri,

1945 4200 2102 4273 quod
2132 4202 2217 4255 est
2248 4198 2430 4254 situm
2481 4196 2541 4251 in
2585 4194 2724 4251 villa
2775 4212 2902 4267 quas
2949 4199 3192 4253 vocatur
3238 4197 3597 4271 Crispinium

1947 4306 2123 4362 super
2153 4286 2394 4343 ﬂuvium
2420 4284 2566 4351 Hon,
2603 4284 2663 4339 in
2695 4300 2844 4358 pago
2875 4283 3121 4341 Hainau.

2017 4378 2159 4433 Tuis
2190 4375 2388 4449 igitur,
2412 4373 2789 4430 dilectissime
2814 4373 2872 4428 in
2896 4372 3121 4431 Christo
3170 4374 3274 4445 fili,
3291 4375 3476 4449 justis
3497 4393 3602 4450 po.

1951 4465 2372 4524 stulationibus
2395 4467 2718 4520 annuentes
2741 4479 2843 4535 per
2864 4464 3171 4536 praesentis
3190 4464 3476 4539 privilegii
3500 4483 3601 4540 pa-

1872 4570 1918 4636 D
1952 4555 2150 4629 ginem
2171 4554 2327 4609 Beati
2352 4552 2505 4608 Petri
2529 4552 2973 4621 monasterium,
2995 4554 3053 4610 in
3074 4572 3190 4627 quo
3211 4556 3416 4611 beatus
3438 4555 3604 4612 Chri-

1951 4644 2026 4701 sti
2056 4642 2354 4698 confessor
2378 4639 2726 4696 Landelinus
2745 4642 3011 4712 quiescit,
3037 4643 3217 4699 situm
3239 4643 3297 4700 in
3319 4644 3455 4701 villa
3476 4661 3604 4717 quas

1950 4732 2165 4787 dicitur
2185 4728 2563 4799 Crispinium,
2587 4745 2766 4800 super
2783 4729 3025 4786 ﬂuvium
3045 4731 3192 4799 Hon,
3218 4732 3279 4788 in
3298 4748 3447 4805 pago
3472 4732 3608 4788 Hai-

1956 4838 2092 4887 nau,
2108 4818 2429 4889 regendum
2443 4834 2507 4871 ac
2520 4816 2951 4887 disponendum
2967 4819 3074 4874 tibi
3085 4819 3318 4891 tuisque
3330 4820 3609 4892 legitimis

1956 4904 2396 4965 successoribus
2429 4903 2869 4959 confirmamus.
2901 4905 3279 4975 Adjacentem
3303 4906 3480 4962 etiam
3500 4905 3608 4962 vil-
3631 4894 3637 4901 ’

1954 4997 2073 5053 1am
2105 4992 2648 5065 supranominatam
2679 5009 2713 5047 a
2732 4991 2888 5048 Novo
2913 4994 3153 5050 Fossato
3170 5010 3306 5049 cum
3331 4994 3609 5050 omnibus

188 5088 287 5161 gis
306 5086 523 5142 servire
540 5101 718 5155 quam
742 5083 1100 5137 hominibus.
1121 5082 1481 5138 Fidelitatem
1499 5085 1652 5139 enim
1672 5102 1849 5157 quam
1957 5082 2433 5158 possessionibus
2465 5080 2591 5136 suis
2622 5081 2681 5136 in
2700 5081 2905 5153 pratis,
2929 5083 2986 5137 in
3010 5083 3169 5155 agris
3197 5081 3369 5139 cultis
3395 5087 3500 5139 aut
3518 5083 3610 5139 in-

189 5174 536 5232 Christiano
568 5171 819 5245 principi
843 5172 1142 5242 jurarunt,
1178 5175 1290 5226 Deo
1342 5172 1585 5244 ejusque
1630 5174 1851 5229 sanctis
1959 5172 2155 5240 cultis,
2190 5172 2250 5225 in
2282 5170 2451 5243 aquis
2482 5186 2841 5242 aquarumve
2871 5171 3239 5240 decursibus,
3298 5176 3356 5228 et
3402 5170 3611 5231 silvam

190 5262 556 5331 adversanti,
610 5266 669 5317 et
697 5277 899 5317 eorum
925 5263 1212 5333 praecepta
1242 5258 1488 5316 calcanti
1509 5261 1670 5317 nulla
1691 5262 1853 5318 cohi-

190 5353 421 5408 bentur
450 5350 793 5407 auctoritate
824 5347 1169 5421 persolvere.

272 5452 394 5547 (59)
426 5476 565 5541 Qum

530 5742 797 5811 PATROL.
843 5742 987 5811 GLI.

1963 5280 2090 5336 quae
2111 5259 2398 5333 Ambligis
2420 5259 2657 5326 dicitur,
2681 5259 2834 5316 sicut
2856 5277 2890 5317 a
2908 5261 3077 5318 bona
3095 5261 3389 5319 memorias
3401 5261 3614 5319 comite

1962 5349 2247 5409 Balduino
2277 5353 2334 5407 et
2365 5354 2550 5405 matre
2592 5350 2721 5421 ejus
2768 5350 3034 5407 Richilde
3083 5351 3253 5408 beato
3299 5351 3615 5411 Landelino

240 5474 394 5559 _
426 5476 565 5559 0qu
613 5474 785 5559 prius
819 5472 1247 5559 Cluniacenses
1294 5473 1387 5559 ad.
1415 5473 1856 5559 informandum
1964 5476 2121 5559 vires
2147 5478 2214 5559 et
2225 5472 2489 5559 animum
2516 5473 2820 5559 applicuit:
2845 5474 2925 5559 De
2948 5492 3063 5559 quo
3086 5475 3620 5559 legenduslperius

192 5545 502 5605 Sithiense
525 5549 582 5600 S.
613 5545 833 5601 Bertini
864 5545 1288 5602 monasterium
1319 5545 1695 5604 advocaverat
1732 5548 1859 5606 Cle-

189 5618 453 5690 mentia,
485 5616 690 5678 eadem
721 5632 875 5675 anno
904 5616 1045 5677 4112
1085 5620 1152 5676 ut
1194 5617 1331 5677 inde
1377 5616 1727 5693 ejicerentur
1773 5619 1860 5680 illi

1969 5547 2126 5624 apud
2159 5546 2534 5616 Martenium,
2564 5546 2713 5604 tom.
2745 5546 2821 5606 III
2850 5546 3170 5621 Anc—odotq'
3189 5548 3299 5608 col.
3328 5546 3460 5612 608.

3228 5747 3305 5823 ιτ
