4004 6162
468 229 585 291 523

1750 237 1819 301 Β.
1866 236 2155 303 URBANl
2197 236 2249 301 ΙΙ
2295 238 2542 303 ΡΑΡιΕ.

3741 237 3869 304 δελ

467 364 714 435 reddita,
743 372 801 423 et
830 386 864 425 a
891 373 1229 430 venerabilii
1274 375 1394 430 viro
1440 374 1691 430 Gerardo
1737 377 2109 430 Cameracen-
2137 376 2190 441 Α
2221 374 2483 430 minuere
2514 375 2601 432 vel
2634 374 2960 431 temerariis
2999 370 3402 430 vexationibus
3451 372 3717 447 fatigare,
3761 372 3868 430 sed

467 452 624 509 sium
677 457 948 532 episcopo
1009 464 1351 520 conﬁrmata
1424 466 1581 530 sunt,
1654 463 1882 536 integra
1940 480 2109 536 pror-

470 563 574 602 sus
619 550 677 605 et
719 548 877 603 omni
924 552 1219 608 exactione
1268 551 1450 607 libera
1496 553 1732 624 praefato
1779 552 1937 608 Beati
2012 553 2112 608 Pe-

470 636 543 691 tri
580 638 929 693 monasterio
978 638 1037 693 in
1082 643 1427 711 perpetuum
1480 640 1835 713 possidenda
1878 659 2114 697 manere

471 724 862 780 decernimus.
897 725 1175 782 Praeterea
1197 728 1514 799 apostolica
1545 729 1890 785 auctoritate
1911 730 2115 785 statui-

472 829 605 867 mus
636 815 701 867 ut
731 829 1092 885 quiscunque
1123 814 1291 871 hodie
1324 816 1475 872 idem
1509 818 1929 875 monasterium
1952 820 2113 890 juste

470 900 749 971 possidet,
782 900 901 957 sive
922 900 979 956 in
1004 904 1326 959 crastinum
1352 907 1723 962 concessione
1746 908 2108 979 pontificum.

469 986 777 1059 largitione
807 988 1138 1063 principum
1178 993 1267 1049 vel
1311 994 1603 1051 oblatione
1652 995 1910 1053 ﬁdelium
1950 998 2114 1069 juste

386 1070 393 1075 ’
468 1078 643 1146 atque
672 1076 948 1133 canonice
978 1080 1188 1150 poterit
1216 1081 1482 1153 adipisci,
1516 1083 1686 1138 firma
1722 1082 1828 1138 tibi
1879 1084 2113 1157 tuisque

467 1164 907 1221 successoribus
933 1166 1157 1223 illibata
1186 1175 1587 1241 permaneant,
1632 1174 1792 1228 salva
1836 1173 2108 1229 Camera-

390 1260 393 1263 ‘
468 1252 662 1308 censis
674 1254 930 1327 episcopi
944 1257 1222 1313 canonica
1236 1260 1574 1315 reverentia.
1592 1261 2111 1336 Decernimusergo

470 1358 541 1397 ne
573 1341 672 1397 ulli
703 1345 940 1399 omnino
972 1345 1278 1402 hominum
1312 1348 1481 1404 liceat
1511 1350 1663 1405 idem
1689 1352 2110 1406 monasterium

469 1435 684 1487 temere
713 1434 1072 1505 perturbare,
1105 1440 1208 1491 aut
1235 1437 1285 1491 ei
1310 1438 1575 1494 subditas
1594 1439 1992 1511 possessiones
2013 1458 2114 1496 au-

471 1521 639 1587 ferre,
667 1522 951 1589 minuere,
972 1523 1059 1578 vel
1080 1526 1404 1581 temerariis
1422 1528 1824 1584 vexationibus
1848 1529 2110 1601 fatigare,

468 1611 569 1665 sed
594 1610 832 1666 omnino
855 1611 1079 1684 integra
1096 1619 1509 1670 conserventur
1525 1633 1723 1672 eorum
1742 1634 1843 1689 pro
1861 1635 2110 1689 quorum

469 1700 892 1756 sustentatione
922 1717 988 1756 ac
1007 1702 1429 1774 gubernatione
1451 1720 1725 1761 concessa
1746 1712 1887 1762 sunt
1907 1706 2113 1764 usibus
2144 1743 2191 1807 Β

469 1789 791 1861 profutura.
812 1790 963 1846 Sane
980 1791 1027 1847 si
1049 1791 1183 1862 quis
1206 1792 1263 1847 in
1286 1794 1605 1849 crastinum
1640 1795 2115 1868 archiepiscopus

469 1881 571 1932 aut
598 1877 928 1949 episcopus,
952 1879 1268 1951 imperator
1293 1887 1395 1935 aut
1416 1899 1533 1947 rex,
1560 1883 1831 1955 princeps
1857 1889 1957 1939 aut
1974 1886 2114 1953 dux,

468 1983 662 2021 comes
689 1977 790 2022 aut
810 1967 1153 2037 vicecomes,
1169 1974 1270 2025 aut
1278 1971 1480 2041 judex,
1501 1975 1905 2044 autpersonna
1920 1973 2117 2046 quaeli-

466 2055 564 2110 bet
594 2071 808 2127 magna
835 2056 924 2111 vel
951 2074 1146 2128 parva,
1183 2063 1387 2130 potens
1433 2060 1519 2115 vel
1571 2060 1881 2132 impotens,
1935 2062 2113 2133 hujus

466 2145 646 2199 nostri
681 2144 963 2217 privilegii
998 2147 1271 2219 paginam
1307 2149 1499 2203 sciens
1530 2157 1729 2205 contra
1759 2168 1889 2206 eam
1921 2152 2113 2207 venire

464 2232 793 2300 tentaverit,
824 2250 957 2289 seeu
969 2236 1081 2289 ndo
1112 2236 1354 2292 tertiove
1368 2238 1726 2293 commonita
1743 2239 1793 2294 si
1810 2257 1923 2294 non
1939 2240 2110 2295 satis-

464 2322 713 2377 factione
739 2338 998 2394 congrua
1023 2326 1963 2391 emendaverit,aChristiEcclesiae
1986 2345 2111 2384 cor-

463 2426 603 2482 pore
631 2427 767 2465 eum
801 2413 1017 2466 auctori
1029 2418 1142 2467 tate
1169 2415 1472 2485 potestatis
1492 2415 1821 2487 apostolicae
1843 2433 2111 2490 segrega-

463 2516 616 2554 mus.
632 2498 1122 2555 Conservantibus
1136 2506 1328 2557 autem
1347 2520 1499 2574 paxa
1513 2504 1626 2558 Deo
1640 2509 1696 2558 et
1709 2504 2111 2561 misericordia

464 2587 849 2657 praesentibus
879 2603 946 2642 ac
975 2589 1188 2643 futuris
1220 2589 1450 2644 saeculis
1482 2596 1873 2648 conservetur.
1902 2595 2123 2649 Amen.‘

1174 2675 1374 2731 CCLX.

467 2764 715 2819 Urbanus
741 2764 799 2844 ΙΙ.
824 2784 848 2844 -_
879 2764 1183 2844 ownobimn
1214 2764 1512 2844 Genercnse
1534 2769 1593 2821 in
1615 2767 1919 2844 Guasconia
1939 2772 1999 2844 in
2011 2771 2109 2842 jus

536 2842 587 2889 et
607 2838 997 2913 proprietatem
1026 2838 1334 2905 apostolicae
1362 2838 1504 2913 sedis
1524 2841 1717 2913 recipit
1741 2849 1792 2895 et
1816 2838 2107 2913 privilegio

536 2906 833 2960 communit
861 2905 959 2959 sub
991 2922 1173 2962 annuo
1202 2924 1366 2962 censu
1396 2911 1444 2965 II
1468 2905 1761 2966 unciurum
1788 2905 1935 2968 a'uri.
1969 2936 1998 2962 υ

734 2998 739 3003 “
925 2994 1106 3067 (Intra
1135 3011 1230 3050 an.
1265 2995 1622 3070 1088-1099.)

462 3081 668 3153 [Centii
698 3082 1010 3161 Camerari‘i
1042 3082 1211 3161 Liber
1240 3084 1552 3161 censualis,
1594 3089 1749 3161 apud

958 3154 1138 3226 Antiq.
1173 3156 1319 3224 ιιαι.,
1356 3160 1421 3225 V,
1459 3160 1607 3229 885.]

461 3314 669 3371 Urbani
693 3316 746 3369 II
766 3331 926 3387 papa
951 3246 1431 3399 privilegiifnilifrlo
1481 3322 1810 3376 monasterio
1855 3323 2106 3377 Latinia-

1188 3404 1355 3443 σεηετ.

928 3475 1110 3544 (Intra
1139 3490 1235 3530 an.
1274 3478 1628 3549 1088-1099.)

554 3561 875 3630 [MAEILLON
907 3565 964 3615 et
994 3561 1278 3631 Romam,
1314 3565 1475 3620 Ouvr.
1509 3567 1707 3637 ροεΙΙι..
1741 3568 1834 3636 ΙΙΙ,
1868 3570 2017 3639 401.]

531 3648 806 3703 Uasmus
838 3649 1169 3720 episcopus,
1198 3667 1400 3707 servus
1422 3669 1721 3709 servorum
1748 3655 1872 3720 Dei,
1894 3656 2105 3712 dilecto

458 3736 579 3792 lilio
604 3743 923 3793 ARNULPHO
944 3737 1324 3794 Latiniacensi
1338 3741 1534 3796 abbati
1546 3744 1791 3814 ejusque
1816 3760 2106 3802 successo-

459 3827 623 3882 ribus
655 3825 1002 3899 regulariter
1032 3830 1439 3898 promovendis
1470 3830 1529 3885 in
1563 3836 1931 3904 perpetuum.

530 3915 640 3971 Piaa
656 3914 969 3987 postulatio
980 3915 1295 3973 voluntatis
1310 3919 1447 3974 ell'ec
1456 3924 1514 3975 tu
1534 3921 1706 3976 debet
1720 3930 2105 3995 prosequente

457 4003 754 4076 compleri,
779 4009 1071 4076 quatenus
1090 4009 1148 4060 et
1167 4005 1491 4063 devotionis
1514 4008 1819 4066 sinceritas
1837 4011 2102 4068 laudabi-

452 4092 584 4147 liter
612 4092 921 4157 elucescat,
952 4099 1009 4148 et
1040 4094 1264 4150 utilitas
1286 4096 1578 4166 postulata
1598 4097 1747 4153 vires
1769 4100 2103 4165 indubitan-

452 4186 538 4237 ter
561 4186 847 4237 assumat.
871 4182 1017 4246 Quia
1043 4182 1223 4255 igitur
1253 4184 1456 4240 electio
1480 4191 1581 4241 tua
1602 4188 1670 4241 ad
1698 4189 1855 4243 sedis
1878 4194 2103 4260 aposto-

449 4268 569 4323 licae
604 4274 836 4340 portum
870 4271 1234 4342 confugiens,
1265 4274 1394 4343 ejus
1442 4275 1752 4331 tuitionem
1803 4277 2099 4332 devotione

450 4356 648 4411 debita
679 4357 1000 4430 requisivit,
1036 4376 1141 4415 nos
1175 4361 1587 4432 supplicationi
1638 4363 1953 4418 clementer
1994 4381 2097 4418 an-

2222 463 2381 517 omni
2432 464 2659 537 integra
2702 469 3137 532 conserventur,
3192 479 3393 519 eorum
3444 479 3547 535 pro
3613 478 3871 536 quorum

2222 552 2643 608 sustentatione
2667 569 2733 608 ac
2754 553 3175 624 gubernatione
3206 568 3484 608 concessa
3504 556 3642 607 sunt
3658 551 3875 607 usibus

2221 639 2576 695 omnimodis
2629 642 2950 713 profutura,
3004 639 3162 696 salvo
3229 638 3455 695 scilicet
3518 637 3871 694 Parisiensis

2222 718 2487 783 Ecclesiae
2510 729 2645 799 jure
2674 729 2974 797 canonico,
3009 730 3090 785 ita
3111 733 3303 784 tamen
3325 728 3479 800 quod
3502 744 3689 800 neque
3708 728 3870 799 ejus-

2221 817 2353 870 dem
2388 816 2651 873 Ecclesiae
2683 818 2974 890 episcopo,
3008 834 3195 890 neque
3238 816 3647 872 archidiacono
3698 814 3872 870 liceat

2220 904 2539 960 temerariae
2573 905 3191 961 excommunicationis
3221 904 3309 960 vel
3340 903 3732 961 exsecutionis
3763 908 3871 960 aut

2222 994 2600 1050 consuetudis
2626 1010 2940 1067 gravamen
2972 994 3207 1066 aliquod
3254 994 3534 1050 fratribus
3581 993 3863 1066 irrogare.

2221 1080 2484 1138 Obeunte
2513 1088 2568 1139 te
2596 1100 2751 1139 nunc
2780 1085 3046 1156 ejusdem
3076 1082 3185 1139 loci
3216 1082 3445 1150 abbate,
3496 1081 3585 1137 vel
3626 1086 3865 1139 tuorum

2222 1170 2481 1241 quolibet
2510 1189 2937 1239 successorum,
2971 1171 3170 1227 nullus
3202 1171 3282 1228 ibi
3314 1170 3620 1244 quibusvis
3657 1171 3869 1227 subre-

2223 1260 2520 1332 ptionibus
2565 1261 2783 1317 astutia
2824 1260 2911 1317 vel
2965 1259 3238 1316 violentia
3286 1265 3682 1332 praeponatur,
3754 1259 3871 1315 nisi

2222 1366 2393 1419 quem
2433 1352 2640 1404 fratres
2673 1350 2968 1405 communi
3003 1366 3311 1418 consensu,
3345 1348 3432 1405 vel
3469 1348 3716 1404 fratrum
3734 1365 3874 1421 pars

2221 1438 2447 1491 consilii
2474 1438 2746 1501 sanioris,
2774 1455 2875 1493 seu
2902 1438 3336 1493 secundumDei
3357 1437 3627 1493 timorem
3645 1442 3701 1492 et
3719 1438 3873 1493 beati

2223 1526 2513 1581 Benedicti
2548 1526 2809 1598 regulam
2840 1526 3139 1599 elegerint.
3176 1524 3404 1581 Electus
3451 1542 3607 1596 vero,
3646 1544 3678 1582 a
3717 1525 3876 1582 Pari-

2221 1614 2397 1668 siensi
2420 1614 2691 1687 episeopo
2713 1623 3101 1671 consecretur.
3120 1615 3202 1671 Ad
3219 1613 3508 1685 judicium
3528 1619 3723 1671 autem
3740 1630 3871 1687 per-

2221 1709 2396 1774 cepta:
2429 1721 2462 1757 a
2509 1704 2768 1758 Romana
2817 1703 3071 1759 Ecclesia
3114 1702 3402 1758 libertatis
3453 1702 3577 1758 auri
3630 1704 3869 1760 unciam

2226 1796 2440 1863 quotan
2452 1792 2541 1846 nis
2556 1792 2925 1847 Lateranensi
2944 1790 3157 1863 palatio
3170 1789 3529 1863 persolvetis.
3552 1791 3668 1847 Vos
3682 1792 3866 1864 igitur

2223 1881 2327 1936 ﬁlii
2362 1881 2417 1935 in
2441 1881 2670 1936 Christo
2701 1880 2917 1947 dilecti,
2954 1880 3053 1937 Dei
3084 1882 3355 1936 timorem
3405 1884 3465 1936 et
3498 1896 3757 1936 amorem
3809 1881 3869 1937 in

2224 1971 2499 2026 cordibus
2531 1969 2742 2025 habere
2769 1969 3036 2042 satagite,
3069 1973 3134 2024 ut
3164 1973 3383 2040 quanto
3415 1986 3449 2024 a
3491 1969 3871 2027 saecularibus

2224 2058 2579 2114 tumultibus
2611 2059 2911 2114 liberiores
2943 2057 3104 2126 estis,
3145 2062 3300 2114 tanto
3341 2057 3598 2130 amplius
3638 2058 3871 2131 placare

2223 2147 2339 2203 Deo
2371 2148 2549 2203 totius
2584 2147 2796 2203 mentis
2835 2153 2891 2202 et
2942 2147 3149 2202 anima:
3198 2146 3517 2203 virtutibus
3562 2146 3869 2205 anheletis.

2220 2241 2367 2292 Sane
2391 2236 2436 2292 si
2461 2237 2596 2309 quis
2621 2235 2677 2291 in
2698 2236 3023 2292 crastinum
3046 2234 3522 2309 archiepiscopus
3543 2235 3874 2308 autcpisco-

2222 2343 2354 2398 pus,
2389 2326 2707 2397 imperator
2737 2336 2835 2380 aut
2864 2342 2984 2391 rex,
3015 2329 3117 2380 aut
3147 2325 3286 2389 dux,
3308 2341 3504 2380 comes
3524 2324 3869 2395 vicecomes,

2210 2415 2412 2487 judex,
2432 2418 2531 2469 aut
2545 2414 2938 2469 ecclesiastica
2951 2412 3227 2486 quaelibet
3246 2412 3609 2469 saecularisve
3625 2430 3873 2485 persona

2218 2503 2368 2559 hanc
2403 2508 2611 2558 nostra:
2659 2502 3025 2558 auctoritatis
3073 2502 3348 2574 paginam
3400 2501 3613 2569 sciens,
3669 2508 3870 2559 contra

2216 2608 2344 2661 eam
2367 2597 2582 2647 temere
2606 2592 2797 2646 venire
2821 2591 3144 2661 tentaverit,
3170 2590 3430 2646 secundo
3448 2590 3688 2646 tertiove
3710 2607 3868 2646 com-

2217 2680 2497 2747 monitus,
2533 2680 2582 2735 si
2614 2697 2728 2735 non
2760 2680 3157 2736 satisfactione
3178 2694 3467 2752 congruae
3489 2679 3867 2748 mendaverit,

2215 2768 2519 2841 potestatis
2549 2768 2905 2840 honorisque
2925 2768 3015 2823 sui
3039 2767 3321 2840 dignitate
3344 2771 3556 2839 careat,
3580 2783 3865 2839 reumque

2214 2873 2277 2912 se
2304 2856 2498 2912 divino
2514 2856 2739 2928 judicio
2758 2856 2827 2911 de
2850 2860 3179 2929 perpetrata
3195 2855 3505 2927 iniquitate
3524 2860 3863 2928 cognoscat,

2213 2950 2271 3002 et
2301 2962 2335 3001 a
2354 2945 2749 3001 sacratissimo
2770 2962 3010 3018 corpore
3031 2961 3096 3001 ac
3119 2943 3402 3017 sanguine
3421 2943 3521 2999 Dei
3544 2948 3601 2999 et
3623 2943 3862 3000 Domini

2215 3034 2617 3106 Redemptoris
2650 3034 2834 3090 nostri
2862 3034 3004 3089 Jesu
3037 3032 3251 3090 Christi
3280 3031 3505 3087 alienus
3537 3032 3656 3099 fiat,
3681 3036 3869 3104 atque

1795 3089 2103 3148 Mummi“
2135 3106 2179 3174 C
2220 3125 2278 3181 in
2328 3131 2583 3181 extremo
2622 3124 2885 3180 examine
2935 3122 3211 3179 districta:
3261 3120 3469 3176 ultioni
3536 3121 3866 3192 subjaceat.

2216 3213 2453 3269 Cunctis
2483 3218 2680 3269 autem
2711 3212 2900 3268 eidem
2931 3211 3057 3267 loco
3079 3212 3247 3282 justa
3280 3207 3646 3267 servantibus
3665 3208 3741 3264 sit
3755 3226 3872 3282 pax

2217 3302 2448 3358 Domini
2472 3302 2652 3358 nostri
2677 3301 2817 3357 Jesu
2839 3301 3075 3371 Christi,
3100 3305 3391 3372 quatenus
3411 3302 3469 3354 et
3493 3297 3587 3353 hic
3602 3298 3867 3354 fructum

2214 3392 2380 3447 bonae
2402 3391 2649 3447 actionis
2675 3388 2993 3464 percipiant
3008 3394 3063 3445 et
3073 3389 3225 3461 apud
3241 3388 3574 3444 districtum
3590 3385 3866 3443 Judicem

2216 3480 2457 3553 praamia
2486 3485 2709 3536 aeternae
2738 3480 2899 3552 pacis
2930 3477 3246 3534 inveniant.
3280 3483 3487 3532 Amen.

2906 3583 3163 3639 CCLXII.

2219 3678 2425 3733 Urbani
2484 3678 2535 3732 Η
2592 3676 2818 3747 epistola
2885 3673 2956 3728 ad
3022 3674 3335 3747 Rotgerium
3416 3673 3870 3747 Suessionensegm

2284 3743 2712 3820 episcopumff
2746 3747 2810 3801 ιῖι
2836 3746 2895 3799 in
2922 3743 3275 3815 parochianis
3322 3743 3563 3799 ecclesiis
3604 3746 3876 3800 canonici

2287 3817 2563 3887 regulares
2595 3817 2931 3872 ordinentur.

2708 3904 2890 3970 (Intra
2920 3920 3013 3958 an.
3048 3901 3401 3967 4088-1099.)

2637 3992 2874 4062 [Mausx,
2906 3991 3099 4046 concil.
3134 3990 3244 4057 ΧΧ,
3275 3991 3427 4061 677.]

2264 4096 2267 4099 ’
2303 4101 2576 4156 URBANUS
2609 4113 2759 4170 papa
2790 4098 3077 4152 ROTGERIO
3108 4095 3515 4156 Suessionensi
3543 4097 3763 4153 abbati.

2279 4187 2467 4243 Justis
2494 4186 2642 4243 votis
2671 4202 2979 4242 assensum
3001 4186 3274 4258 praebere,
3285 4186 3585 4259 justisque
3606 4184 3865 4258 postula-

2208 4276 2469 4332 tionibus
2491 4292 2662 4331 aures
2686 4275 3129 4331 accommodare
3146 4291 3252 4330 nos
3272 4274 3560 4342 convenit,
3585 4273 3705 4346 qui,
3722 4271 3861 4329 licet

2206 4364 2456 4438 indigni,
2474 4364 2722 4435 justitiae
2749 4364 3023 4420 custodes
3040 4368 3216 4435 atque
3238 4379 3531 4436 praecones
3552 4362 3610 4417 in
3629 4361 3858 4417 excelsa

448 4445 711 4514 nuimus,
743 4450 802 4501 et
832 4447 985 4502 beati
1018 4447 1167 4503 Petri
1201 4449 1596 4506 Latiniacense
1646 4453 2090 4520 monasterium,
2124 4467 2170 4532 υ
2202 4453 2603 4527 apostolorum
2625 4452 2958 4526 principum
2982 4452 3131 4507 Petri
3149 4458 3207 4509 et
3228 4451 3394 4507 Pauli
3416 4450 3656 4524 specula
3678 4449 3858 4522 positi

426 4533 542 4587 cui
573 4533 688 4589 Deo
736 4539 971 4593 auctore
1020 4538 1316 4608 praesides,
1367 4543 1424 4594 et
1469 4544 1590 4594 tam
1632 4540 1681 4594 ei
1728 4540 2089 4612 adjacentem

446 4620 645 4677 villam
669 4638 844 4695 quam
867 4630 1073 4680 caetera
1096 4627 1293 4681 omnia
1320 4629 1391 4683 ad
1413 4629 1603 4700 ipsum
1621 4630 2091 4701 pertinentiasub

447 4710 688 4767 tutelam
721 4713 1049 4783 apostolicm
1075 4716 1233 4771 sedis
1263 4717 1604 4788 excipimus.
1636 4718 1741 4773 Per
1793 4719 2091 4790 praesentis

445 4815 582 4872 ergo
594 4800 872 4875 privilegii
895 4804 1168 4875 paginam
1186 4805 1502 4875 apostolica
1521 4808 1862 4861 auctoritate
1887 4809 2093 4863 statui-

446 4904 581 4943 mus
603 4892 668 4943 ut
688 4895 807 4944 tam
828 4891 1067 4961 praefata
1090 4891 1511 4948 Latiniacensis
1536 4893 1669 4948 villa
1690 4912 1867 4965 quam
1891 4901 2095 4951 caetera

448 4977 647 5032 omnia
675 4994 804 5048 quas
833 4982 1089 5033 vestrum
1126 4980 1295 5034 hodie
1338 4982 1761 5038 monasterium
1812 4983 2089 5055 possidet,

448 5066 567 5120 sive
588 5066 647 5120 in
672 5066 935 5122 futurum
957 5068 1331 5123 concessione
1353 5069 1719 5139 pontificum,
1746 5069 2093 5127 liberalitate

447 5153 775 5225 principum
789 5155 872 5210 vel
887 5155 1176 5211 oblatione
1190 5156 1446 5212 ﬁdelium
1466 5158 1619 5227 iuste
1630 5163 1805 5233 atque
1817 5160 2092 5216 canonice

443 5243 658 5312 poterit
673 5243 940 5315 adipisci,
966 5244 1136 5301 firma
1153 5245 1257 5300 tibi
1282 5245 1518 5319 tuisque
1539 5250 1999 5318 successoribus,
2035 5252 2092 5305 et

444 5328 667 5384 illibata
679 5334 2089 5410 permaneant.l)ecernimusergoutnulliomnino

445 5416 752 5474 hominum
784 5419 956 5477 liceat
985 5424 1258 5480 eumdem
1290 5424 1481 5481 locum
1513 5430 1730 5482 temere
1748 5427 2089 5498 perturbare

444 5507 545 5572 aut
576 5507 704 5581 ejus
735 5512 1139 5586 possessiones
1170 5513 1398 5575 auferre
1424 5512 1513 5573 vel
1544 5512 1768 5574 ablatas
1816 5515 2084 5578 retinere.

2201 4544 2448 4599 Domino
2497 4542 2841 4615 disponente
2894 4541 3162 4596 videmur
3208 4540 3475 4597 existere.
3528 4539 3601 4595 Ut
3668 4537 3856 4611 igitur

2203 4632 2484 4706 propositi
2515 4630 2689 4688 vestri
2715 4630 2978 4686 ordinem
3010 4628 3337 4684 secundum
3361 4629 3512 4684 beati
3532 4625 3852 4699 Augustini

2204 4710 2468 4794 regulam
2516 4718 2816 4775 commissi
2861 4717 2967 4773 tibi
3004 4718 3212 4774 fratres
3262 4716 3579 4788 tranquille
3621 4714 3857 4771 valeant

2204 4810 2425 4880 absque
2457 4807 2823 4863 saacularium
2870 4805 3235 4861 tumultuum
3304 4804 3853 4878 perturbationibus

2202 4902 2496 4952 annuente
2527 4896 2772 4951 Domino
2803 4894 3115 4959 custodire,
3135 4894 3516 4968 postulationi
3533 4898 3645 4950 tua:
3661 4892 3853 4968 liben-

2200 4990 2288 5041 ter
2316 4983 2654 5050 annuimus,
2677 4989 2735 5038 et
2758 4965 3483 5055 praesentium—litterarum
3504 4965 3852 5039 auctoritate

2201 5073 2595 5137 concedimus,
2632 5075 2695 5127 ut
2724 5070 3181 5144 in‘paroehianis
3208 5071 3469 5129 ecclesiis
3500 5088 3626 5144 qua:
3656 5069 3730 5125 ad
3754 5083 3848 5125 ve-

2200 5168 2388 5217 strum
2411 5161 2835 5217 monasterium
2860 5159 3168 5233 pertinent,
3186 5159 3483 5234 regulares
3494 5158 3659 5216 vobis
3674 5157 3850 5214 liceat

2199 5250 2440 5306 claustri
2470 5249 2647 5306 vestri
2678 5248 2918 5306 clericos
2949 5250 3259 5306 canonicos
3306 5250 3600 5316 ordinare,
3639 5247 3741 5319 qui
3787 5253 3849 5303 et

2197 5338 2462 5395 ecclesiis
2490 5339 2635 5411 ipsis
2665 5338 2931 5411 religiose
2963 5338 3237 5407 serviant,
3265 5344 3323 5395 et
3369 5336 3691 5409 adjacentis
3741 5352 3845 5408 po-

2197 5426 2318 5502 puli
2350 5426 2688 5502 parochiam
2721 5427 3043 5484 secundum
3073 5426 3343 5482 timorem
3375 5426 3499 5493 Dei,
3532 5424 3690 5483 salvo
3714 5423 3847 5498 epi-

2196 5517 2358 5595 scopi
2380 5516 2515 5596 jure
2532 5515 2761 5590 dubito,
2782 5514 3030 5579 sollicite
3051 5531 3363 5594 procurare
3381 5532 3498 5576 non
3515 5511 3848 5597 negligant,
