4004 6162
118 326 233 419 ses
324 366 329 369 *

1287 316 1690 414 mmmam
1731 350 1832 410 ET
1875 347 2341 411 PRIVILEGIA.

3395 354 3513 413 526
3540 432 3547 435 ε

119 495 401 563 quatenus
422 487 620 545 omnia
642 506 769 562 quae
794 489 1005 544 domus
1037 486 1137 543 Dei
1162 490 1300 542 sunt
1323 503 1357 541 a
1397 483 1759 558 sapientibus
1788 486 1845 550 Α
1874 486 2095 550 serunt,
2129 482 2319 538 redire
2348 481 2587 537 omnino
2616 482 2689 538 ad
2744 483 3189 553 monasterium,
3230 489 3288 542 et
3315 489 3516 545 votum

117 584 170 636 et
196 578 490 652 sapienter
524 578 1029 634 administrentur.

180 672 324 723 Data
354 684 393 723 ιι
425 667 563 723 Idus
593 665 752 723 Julii.

793 754 1064 811 CCLXIII.

114 847 319 906 Urbani
357 860 521 919 papae
558 843 881 919 epistolagagd
904 842 1267 919 ,Bernardum
1305 840 1762 911 archiepiscopum

771 916 1109 971 Toletanum.

572 1005 756 1078 (lntra
806 1022 900 1059 an.
952 1002 1303 1072 1088-1000.)

538 1095 773 1166 [Massa
799 1093 1007 1150 Concil.
1039 1092 1149 1159 XX,
1182 1090 1337 1160 70L]

182 1204 457 1260 Haemus
483 1195 814 1274 episcopus,
848 1214 1053 1255 servus
1072 1213 1374 1254 servorum
1400 1194 1522 1263 Dei,
1557 1193 1765 1248 dilecto

109 1292 276 1349 fratri
306 1296 366 1348 et
385 1291 726 1363 coepiscopo
777 1290 1091 1344 Bsausnno
1122 1286 1401 1343 Toletano
1431 1281 1679 1340 salutem
1712 1283 1769 1337 et

1873 587 2050 628 suum
2081 568 2401 643 adimplere
2431 573 2735 643 cogantur.
2804 614 2809 619 .

1944 663 2175 726 Datum,
2208 663 2316 715 etc.

2569 747 2817 805 CCLXV.

1876 840 2079 897 Urbani
2108 840 2158 894 II
2206 852 2370 910 papa?
2418 839 2782 908 privilegium
2814 855 2917 911 pro
2966 840 3205 897 Ecclesia
3257 844 3520 899 Jacoensi.

2374 926 2554 998 (Intra
2575 943 2669 983 an.
2704 927 3060 1001 1088-1099.)

1874 1019 2108 1089 [AYNSA,
2159 1016 2494 1093 Fundacion,
2548 1016 2929 1093 expetendas,“
2953 1018 3232 1093 granan
3372 1036 3523 1078 cosas

2191 1087 2547 1143 memorabis:
2593 1087 2659 1142 de
2702 1089 2923 1156 Huesca,
2958 1087 3016 1162 p.
3047 1090 3201 1162 539.]

1946 1194 2223 1249 UBBANUS
2246 1192 2578 1265 episcopus,
2611 1211 2813 1251 servus
2844 1212 3142 1253 servorum
3164 1198 3286 1272 Dei,
3309 1199 3517 1273 Ps'rno,

1876 1283 2147 1340 Oseitano
2166 1282 2460 1356 episcopo,
2494 1283 2738 1357 ejusque
2768 1287 3207 1347 successoribus
3246 1291 3522 1348 canonice

108 1381 493 1455 apostolicam
525 1378 1009 1435 benedictionem.

180 1470 532 1525 Litterarum
562 1467 936 1540 praesentium
969 1465 1119 1520 lator
1149 1465 1220 1519 ad
1276 1480 1382 1518 nos
1427 1462 1663 1517 veniens
1694 1460 1767 1514 ab

108 1558 400 1616 exorcista
424 1572 607 1627 usque
632 1557 699 1611 ad
728 1555 1122 1610 sacerdotium
1155 1551 1385 1607 nullum
1419 1550 1682 1606 ordinem
1708 1565 1769 1604 se
1878 1568 2053 1607 mana
2084 1568 2117 1605 a
2146 1550 2395 1605 Domino
2423 1551 2565 1606 Jesu
2596 1551 2846 1619 Christo,
2880 1555 2979 1627 qui
3026 1556 3211 1613 beatis
3242 1558 3522 1630 apostolis

109 1647 408 1721 accepisse
438 1646 741 1701 confessus
771 1649 878 1700 est.
915 1644 1075 1708 Quod
1109 1642 1415 1698 audientes
1446 1638 1766 1712 plurimum
1877 1641 2046 1696 Petro
2076 1644 2132 1695 et
2162 1638 2341 1695 Paulo
2400 1638 2621 1712 ligandi
2654 1645 2828 1712 atque
2883 1642 3143 1700 solvendi
3173 1650 3524 1718 potestatem

107 1736 311 1793 mirati
366 1752 595 1791 sumus.
630 1734 695 1789 Et
752 1734 891 1805 quia
920 1734 1048 1805 ejus
1080 1747 1335 1803 persona
1366 1728 1537 1785 nobis
1569 1728 1771 1799 ignota
1880 1727 2189 1795 concessit,
2210 1728 2516 1784 observare
2529 1729 2825 1800 justitiam
2848 1735 2906 1787 et
2925 1732 3384 1792 misericordiam
3414 1736 3525 1793 im-

107 1828 237 1883 sine
270 1824 485 1881 litteris
515 1830 572 1879 et
593 1823 719 1917 sine
753 1821 887 1878 ullis
909 1820 1142 1917 indiciis
1187 1824 1386 1876 nostro
1416 1835 1479 1874 se
1512 1831 1770 1917 prtesen-
1801 1852 1848 1917 B
1881 1818 2133 1890 pendere
2166 1816 2385 1871 didicit.
2404 1817 2724 1889 Sequentes
2754 1819 2934 1891 igitur
2961 1823 3396 1882 constitutionis
3426 1842 3528 1899 pa-

107 1917 252 1991 tavit
283 1913 643 1986 conspectui,
697 1929 830 1968 eum
865 1910 1198 1967 streuuitati
1250 1913 1360 1964 tua:
1405 1905 1768 1972 remisimus,
1801 1905 1848 1917 ““’
1880 1906 2078 1980 ginam
2111 1906 2559 1978 prmdecessoris
2614 1909 2798 1963 nostri
2832 1909 2936 1966 PP.
2997 1911 3259 1986 Gregorii
3297 1914 3419 1982 VII,
3458 1915 3530 1972 de

109 2003 516 2087 pmcipientes
546 2006 612 2057 ut
632 2018 869 2057 causam
894 2001 1022 2071 ejus
1042 1998 1354 2087 diligenter
1379 1994 1682 2087 inquiras;
1716 1996 1773 2087 et
1878 1995 2150 2087 terminis
2194 1994 2399 2087 Dscen.
2437 1995 2809 2068 episcopatus
2840 2004 2896 2055 et
2922 2000 3153 2058 Jaccen.
3207 2020 3357 2076 quos
3405 2004 3532 2078 ipse

109 2094 156 2149 si
190 2092 354 2166 quod
386 2082 557 2147 refert
586 2107 787 2145 verum
821 2105 948 2145 esse
999 2086 1349 2153 constiterit,
1385 2102 1419 2140 a
1449 2081 1772 2139 sacerdotio
1875 2084 2008 2155 jure
2030 2083 2399 2155 antiquitatis
2449 2100 2692 2140 summa:
2725 2092 2781 2142 et
2810 2089 3080 2160 precibus
3108 2091 3346 2163 gloriosi
3378 2094 3532 2168 regis

110 2181 269 2238 male
300 2187 360 2237 et
387 2180 717 2235 inordinate
748 2183 1004 2249 accepto,
1059 2175 1279 2231 indicta
1325 2190 1501 2245 quam
1534 2172 1771 2244 dignam
1886 2172 2168 2229 Rauimiri
2200 2171 2323 2227 filio
2356 2173 2484 2243 ejus
2544 2178 2603 2228 et
2654 2180 2854 2234 nostro
2909 2178 3256 2237 charissima
3315 2182 3530 2240 Garsiaa

110 2270 354 2327 duxeris
385 2268 745 2342 paenitentia,
801 2283 903 2339 per
962 2282 1183 2321 annum
1243 2279 1473 2319 cessare
1514 2259 1771 2331 jubebis.
1884 2260 2370 2334 episcopoOscen.
2403 2265 2700 2318 etJaccen.
2735 2264 2793 2319 in
2816 2270 2979 2338 parte
3008 2269 3275 2327 orientali
3297 2288 3532 2329 conces-

109 2364 283 2416 Anno
313 2375 451 2415 vero
485 2356 852 2423 transacto,si
886 2356 1013 2428 ejus
1043 2353 1227 2409 vitaet
1256 2350 1618 2408 conversatio
1641 2347 1777 2403 talis
1887 2350 1963 2407 sit
1984 2370 1998 2418 ;
2019 2349 2171 2406 sicut
2191 2349 2366 2405 Cinea
2386 2350 2621 2407 Fluvius
2642 2369 2677 2407 a
2697 2352 2963 2411 Pirannis
2981 2358 3281 2415 montibus
3297 2361 3533 2417 descen-

111 2451 241 2506 visa
274 2447 452 2503 fuerit
481 2451 537 2502 et
568 2444 685 2503 alia
716 2462 830 2501 non
894 2443 1225 2516 impediunt
1255 2446 1319 2497 ut
1349 2441 1569 2496 honore
1600 2438 1780 2511 digna
1888 2440 2054 2503 dens,
2088 2455 2192 2511 per
2248 2442 2530 2495 montana
2585 2445 2642 2496 et
2697 2441 2873 2513 plana
2901 2444 3200 2519 discurrit,
3242 2465 3429 2520 usque
3459 2450 3533 2506 ad

115 2540 194 2597 sit
221 2541 413 2599 tanto.
437 2553 640 2592 omnes
672 2534 907 2590 ordines
930 2549 1079 2605 quos
1107 2549 1221 2586 non
1245 2529 1469 2602 accepit
1485 2545 1619 2584 cum
1651 2527 1777 2599 ipso
1886 2528 2096 2584 vallem
2122 2528 2455 2599 Lupariam,
2492 2528 2646 2584 infra
2666 2546 2815 2601 quos
2837 2533 3120 2591 terminos
3140 2537 3317 2593 etiam
3347 2537 3536 2595 eccle-

114 2625 341 2698 pariter
362 2621 1089 2698 presbyteratu,siquidem
1106 2619 1573 2692 presbyteratum
1598 2615 1779 2690 gratis

117 2711 535 2785 assumpserit,
572 2709 654 2765 illi
687 2709 983 2765 restituas.

1875 1371 2285 1447 promovendis
2317 1372 2374 1427 in
2407 1376 2773 1445 perpetuum.

1949 1461 2357 1517 Misericordiae
2390 1465 2578 1516 mater
2598 1466 2656 1517 et
2696 1463 2939 1534 justitizs
2975 1470 3173 1522 custos
3207 1468 3376 1525 sedes
3404 1469 3524 1526 Ro-

1891 2618 2009 2674 sias
2041 2618 2112 2672 de
2143 2616 2330 2684 Belsa,
2364 2622 2420 2672 et
2448 2617 2519 2673 de
2550 2618 2785 2686 Gestan,
2843 2624 2901 2676 et
2930 2623 3002 2678 de
3045 2622 3349 2696 Alquezar,
3382 2631 3441 2683 et
3466 2628 3538 2684 de

1894 2706 2204 2762 Barbastro
2234 2706 2421 2761 eidem
2452 2709 2808 2765 antecessori
2839 2714 2963 2779 tuo,
2999 2727 3032 2766 ο
3064 2712 3540 2788 Petre,episcopo

816 2833 1094 2889 CCLXIV'
1894 2796 2100 2878 Qscen.
2158 2794 2471 2889 privilegii
2499 2797 2821 2889 assertione
2879 2800 3244 2858 confirmavit
3283 2819 3297 2857 :
3340 2806 3397 2859 et
3436 2820 3543 2859 nos

120 2929 289 2983 Bulla
353 2926 560 2984 Urbani
616 2926 667 2981 ll
716 2884 1023 2996 papas—(lil—
1050 2884 1281 2977 rlietrum
1332 2922 1638 2991 episcopum
1663 2920 1775 2974 Jac-

1911 2900 2131 2996 ;uoque
2162 2884 2286 2955 pari
2311 2884 2520 2956 spiritu
2548 2887 2783 2942 eosdem
2809 2889 3238 2947 terminoscum
3253 2892 3544 2965 praedictis

1911 2989 1991 2996 -..-
2024 2972 2157 2996 --ζέ-
2194 2976 2244 2996 -L
2278 2972 2544 2996 L..___!_:_
2585 2989 2777 2996 --μη-Α
2845 2981 2890 2996 -ι
2934 2994 2978 2996 γᾼ
3051 2995 3058 2996 ,
3118 2979 3130 2990 ε
3171 2979 3184 2992 ο
3253 2985 3263 2996 ι
3321 2982 3333 2993 ι

842 2971 1076 3050 (ζεηδετηῖ
1105 2971 1164 2977 Π-
1335 2971 1630 2991 Thurii?”
1665 2971 1707 2974 Γ
1735 2971 1746 2972 7
1772 3052 1777 3055 Δ
1898 2971 2159 3028 θΟεῙθείίδ
2190 2976 2247 3027 et
2278 2972 2546 3028 terminis
2582 2989 2805 3045 earum,
2838 2981 2896 3032 8t
2924 2979 3220 3037 canonicis
3249 2982 3369 3038 tuis
3398 2999 3547 3055 pre-

598 3084 780 3156 (Intra
830 3100 924 3140 an,
967 3081 1325 3148 4088-1099_)
1899 3061 2047 3156 senti
2066 3061 2964 3156 auctoritate.corrobro_ramus,et
2984 3083 3187 3124 omnes
3204 3069 3349 3127 alias
3360 3071 3550 3130 Eccle-

120 3178 473 3250 [Manium-zz,
534 3149 771 3250 Historia
804 3171 970 3250 ﬁdehla
998 3170 1301 3250 fgndacion
1332 3186 1366 3241 ῃ
1387 3165 1775 3250 ¹ιιίτέξριςείιῳῑρε

1911 3149 2173 3221 sias,quze
2188 3149 2295 3203 hac
2317 3149 2375 3203 in
2403 3149 2495 3205 die
2513 3155 2652 3206 sunt
2672 3152 2822 3207 inter
2841 3154 2957 3209 duo
2975 3155 3220 3213 flumina
3239 3157 3547 3218 Alcanatre

198 3218 771 3303 Jé'siiiwfudiz'ﬁé'iii
998 3218 1359 3314 'éiiégb'q'i,’
1380 3218 1790 3307 'ihiidl'f,
1824 3218 1866 3285 C
1901 3218 2186 3303 videlicet,
2218 3241 2273 3291 et
2302 3237 2495 3304 Cinea,
2527 3238 2615 3293 vel
2647 3239 2705 3294 in
2737 3245 3039 3311 posterum
3085 3250 3198 3301 Deo
3233 3245 3548 3305 miserante

201 3338 261 3392 p.
294 3318 447 3389 235.]
1903 3327 1958 3381 in
1995 3325 2336 3397 praescripto
2395 3327 2644 3383 termino
2677 3328 3126 3386 aedificabuntur
3158 3350 3172 3388 :
3232 3337 3298 3389 ut
3327 3334 3549 3392 scilicet

1902 3415 2177 3486 deinceps
2207 3413 2462 3486 querela,
2522 3431 2699 3487 quam
2759 3417 3151 3477 archidiaconi
3206 3422 3296 3478 tui
3345 3423 3547 3496 Luppo

1904 3502 2277 3558 Fortunionis
2320 3508 2376 3558 et
2406 3504 2609 3576 Luppo
2641 3505 2928 3563 Eneconis
2957 3507 3220 3566 fecerunt
3251 3511 3422 3568 nobis
3452 3529 3556 3585 pro

1906 3591 2189 3656 ccclesiis,
2211 3608 2358 3663 quas
2388 3592 2458 3646 de
2489 3592 2646 3649 sedis
2676 3596 2787 3649 tuae
2805 3596 3082 3667 parochia
3098 3599 3406 3674 condignis
3429 3616 3562 3674 pos-

1908 3680 2298 3735 tulationibus
2330 3680 2551 3736 Sanctii
2584 3681 2782 3755 Regis,
2823 3685 2963 3756 quia
3005 3690 3221 3745 terram
3274 3707 3408 3747 cum
3438 3689 3561 3764 gla-

1909 3768 2005 3824 dio
2029 3769 2405 3840 acquisierat,
2428 3770 2699 3842 cappellze
2731 3790 2849 3828 suae
2879 3774 3409 3853 Montis-Aragonis
3434 3796 3564 3837 con-

1911 3874 2300 3923 cesseramus,
2334 3858 2394 3913 in
2426 3863 2725 3930 posterum
2758 3863 2998 3918 omnino
3024 3865 3343 3936 sopiretur:
3376 3872 3433 3923 et
3459 3868 3565 3923 Ec-

1913 3945 2103 4002 clesiae
2136 3950 2248 4000 tuze
2282 3963 2386 4017 pro
2419 3963 2484 4002 eo
2516 3949 2672 4019 quod
2724 3951 3115 4021 praedecessor
3160 3957 3300 4010 tuus
3329 3954 3567 4012 Garsias

1915 4034 2228 4107 episcopus
2258 4040 2459 4091 contra
2518 4052 2828 4091 censuram
2874 4038 3160 4111 privilegii
3194 4040 3462 4110 Romani,
3496 4043 3568 4098 de

1916 4122 2175 4178 Ecclesia
2205 4123 2331 4193 jam
2378 4124 2819 4195 praenominata,
2850 4125 3117 4182 videlicet
3158 4128 3229 4184 de
3259 4129 3568 4202 Alquezar,
3654 4180 3659 4183 ,

1918 4227 2022 4283 per
2038 4209 2373 4265 violentiam
2394 4211 2583 4266 fuerat
2601 4212 2902 4284 expulsus,
2912 4210 3016 4286 per
3038 4221 3299 4273 nostram
3323 4234 3566 4274 manum

200 3425 484 3481 URBANUS
505 3422 833 3495 episcopus,
852 3437 1056 3476 servus
1080 3435 1383 3475 servorum
1414 3417 1536 3483 Dei,
1552 3432 1793 3471 venera-

124 3514 233 3569 bili
264 3513 431 3568 fratri
464 3512 649 3567 Ps'rao
670 3510 935 3566 Jaccensi
958 3509 1253 3582 episcopo,
1289 3506 1541 3562 salutem
1569 3510 1625 3560 et
1654 3520 1792 3576 apo-

122 3604 403 3660 stolicam
436 3599 916 3657 benedictionem.

199 3693 353 3747 Cum
386 3689 719 3745 monasticae
754 3686 1053 3761 religionis
1103 3686 1162 3741 in
1213 3685 1491 3758 religioso
1543 3683 1798 3739 claustro

128 3781 475 3836 rudimenta
486 3775 1130 3849 susceperis,miramur
1144 3774 1463 3846 plurimum
1481 3772 1636 3844 quod
1651 3772 1803 3841 ejus-

128 3870 267 3925 dem
288 3866 591 3940 religionis
620 3866 775 3921 viros
797 3864 1121 3937 plurimum
1146 3861 1494 3918 adverseris.
1530 3860 1804 3926 Queritur

130 3959 297 4013 enim
326 3954 680 4012 venerabilis
710 3953 868 4009 illius
899 3958 1099 4008 noster
1129 3952 1310 4007 abbas
1329 3950 1525 4006 Sancti
1555 3947 1804 4004 Joannis

134 4047 195 4101 in
229 4047 423 4101 Pinna
453 4045 607 4116 quod
640 4043 829 4116 ipsius
862 4042 969 4097 loci
1003 4039 1400 4096 cmmeterium
1432 4038 1808 4095 vehementer

135 4138 483 4208 impugnes,
502 4138 560 4189 et
590 4134 661 4189 ab
693 4149 760 4187 eo
791 4132 946 4186 viros
977 4130 1242 4185 retrahas
1273 4127 1614 4194 saeculares;
1651 4125 1807 4199 quod

137 4241 323 4296 quam
358 4239 530 4296 prave
559 4220 948 4290 facias,etiam
982 4218 1366 4275 saecularibus
1384 4221 1548 4290 potes
1579 4216 1810 4290 legibus

136 4311 607 4384 informari,quaa
642 4310 864 4366 sanctis
883 4308 1164 4363 cnnobiis
1183 4311 1593 4372 consonantes,
1621 4309 1809 4359 extre-
1920 4299 2052 4355 illas
2079 4297 2352 4356 ecclesias
2385 4316 2519 4355 cum
2565 4300 2689 4356 suis
2719 4302 3085 4373 pertinentiis
3123 4304 3323 4373 libere,
3356 4311 3413 4364 et
3441 4308 3568 4365 sine

142 4420 273 4457 mas
288 4398 827 4458 deﬁcientiumvolu
840 4402 1026 4453 ntates
1041 4401 1197 4451 ratas
1210 4395 1407 4450 haberi
1423 4394 1809 4449 constituunt.
1920 4389 2342 4460 inquietatione
2366 4388 2761 4462 quorumlibet
2779 4396 3145 4464 posterorum
3167 4396 3225 4451 in
3258 4413 3401 4470 pace
3416 4398 3571 4457 bona

146 4489 558 4546 Dixeritetiam
589 4490 826 4544 devotos
848 4484 1204 4541 monasterio
1242 4484 1418 4548 viros,
1453 4498 1631 4554 prava
1651 4480 1813 4535 illinc
1923 4480 2056 4549 post
2085 4478 2325 4533 modum
2358 4478 2635 4535 obtineat.
2666 4480 2726 4534 In
2746 4484 2907 4553 parte
2929 4482 3104 4538 etiam
3127 4488 3569 4557 septentrionali

152 4579 455 4647 suasione,
479 4576 794 4645 retrahere,
815 4576 885 4631 de
917 4574 1134 4646 quibus
1166 4587 1518 4644 magnopere
1548 4571 1814 4624 metuen-
1845 4584 1891 4647 D
1922 4565 2124 4620 eodem
2155 4569 2374 4631 tenore,
2434 4582 2550 4637 quo
2602 4584 2706 4640 per
2758 4569 3024 4640 ejusdem
3075 4573 3229 4646 regis
3286 4575 3572 4634 Ranimiri

153 4669 299 4724 dum
315 4671 504 4734 est,ne
520 4666 844 4722 secundum
863 4662 1358 4736 Apostolidictum
1377 4657 1814 4714 damnationem
1924 4651 2195 4708 similiter
2224 4652 2589 4721 instantiam,
2623 4672 2757 4712 cum
2806 4675 2987 4731 supra
3015 4661 3224 4733 positis
3254 4665 3575 4739 assignatis

155 4758 489 4818 incurrant,
550 4755 688 4827 quia
720 4753 969 4826 primam
1026 4752 1201 4807 ﬁdem
1260 4748 1488 4804 irritam
1534 4746 1812 4801 fecerunt.
1924 4740 2193 4796 terminis
2221 4740 2569 4808 videlicet,et
2600 4760 2785 4817 usque
2815 4746 2888 4802 ad
2927 4746 3120 4805 locum
3152 4750 3254 4821 qui
3283 4752 3456 4827 vulgo
3486 4755 3573 4811 di-

152 4850 343 4901 Tuam
387 4842 946 4916 igiturdilectionem
980 4839 1189 4895 litteris
1214 4834 1813 4911 praesentibusadmo-
1926 4829 2081 4884 citur
2126 4827 2510 4916 Planemayor
2555 4830 2784 4890 inclusa
2827 4840 2950 4892 tota
2999 4842 3154 4894 terra
3200 4839 3467 4912 Pintana,
3518 4848 3577 4901 et

156 4950 373 4990 nemus
396 4915 568 5004 atque
609 4931 1003 5004 praecipimus,
1037 4946 1108 4985 ne
1138 4927 1387 4983 ulterius
1420 4922 1818 4997 quorumlibet
1924 4917 2071 4973 valle
2102 4915 2343 4986 Orsella,
2377 4934 2509 4973 cum
2540 4919 2799 4979 ecclesiis
2831 4925 3274 4997 suppositorum
3306 4931 3576 4987 castello-

156 5022 456 5089 suasione,
491 5019 683 5076 locum
714 5016 1014 5089 illum,qui
1047 5015 1156 5071 sub
1187 5014 1334 5069 beati
1371 5010 1522 5067 Petri
1545 5012 1817 5082 jurespe-
1926 5023 2056 5061 rum
2089 5006 2160 5061 de
2188 5004 2265 5061 Us
2299 5004 2543 5073 scilicet,
2576 5012 2633 5064 et
2679 5010 2750 5067 de
2780 5012 2907 5079 Sos,
2969 5018 3026 5069 et
3055 5015 3128 5070 de
3180 5016 3373 5087 Lusia,
3416 5022 3474 5074 et
3502 5020 3575 5076 de

153 5110 386 5165 cialiter
431 5108 782 5176 continetur,
844 5103 1191 5178 hujusmodi
1222 5101 1629 5159 vexationibus
1655 5098 1815 5154 defa-

148 5200 347 5271 tiges;
381 5214 487 5254 nec
517 5214 552 5253 a
580 5195 956 5253 conversione
996 5194 1254 5264 devotos,
1287 5206 1391 5245 nec
1424 5206 1456 5244 a
1485 5187 1814 5244 cmmeterio

149 5292 426 5344 mortuos
454 5286 701 5343 ulterius
722 5284 937 5341 retrahi
962 5281 1223 5356 patiaris.
1258 5280 1443 5350 Super
1463 5277 1815 5334 detrimento

143 5375 361 5441 etiam,
388 5374 543 5446 quod
569 5389 675 5445 per
703 5369 1044 5443 hujusmodi
1088 5367 1426 5425 occasiones
1457 5362 1815 5421 monasterio

149 5461 392 5519 illatum
416 5465 635 5526 est,aut
650 5461 946 5532 justitiam
971 5459 1216 5531 integra,
1250 5460 1350 5511 aut
1375 5452 1815 5510 convenientem

148 5551 897 5626 concordiam,supradicto
920 5547 1117 5605 abbati
1141 5542 1514 5620 praecipiamus
1531 5539 1815 5598 exhiberi.

143 5639 251 5707 Illi
278 5657 414 5704 vero
441 5641 543 5720 qui
564 5644 978 5699 contravotum
999 5652 1177 5698 suum
1196 5652 1230 5695 a
1253 5630 1606 5698 monasterio
1632 5646 1816 5693 reces-

1926 5186 2131 5240 Oscen.
2183 5187 2240 5239 et
2274 5184 2508 5242 Jaccen.
2543 5187 2809 5246 Ecclesiae
2840 5190 2899 5248 in
2927 5198 3274 5266 perpetuum
3305 5194 3571 5252 concedi-

1926 5273 2334 5346 mus,dignum
2348 5276 2686 5346 judicantes
2707 5284 2773 5335 ut
2821 5284 2941 5337 tam
2964 5282 3076 5339 ista
3096 5299 3273 5356 quam
3303 5282 3418 5342 alia
3446 5301 3572 5343 om-

1927 5362 2025 5417 nia
2055 5379 2182 5434 qute
2217 5365 2490 5436 praefatus
2523 5384 2621 5424 rex
2652 5368 2747 5425 die
2801 5386 2917 5441 qua
2962 5372 3242 5432 canonica
3295 5373 3355 5432 in
3397 5374 3576 5435 Jaoca

1927 5452 2036 5506 fuit
2086 5453 2407 5509 constituta
2436 5456 2706 5531 epiSCOpo
2733 5462 2791 5515 et
2828 5460 3125 5519 canonicis
3174 5463 3236 5520 in
3269 5465 3576 5538 praesentia

1927 5556 2133 5597 novem
2150 5542 2516 5615 pontificum,
2545 5548 2614 5603 ad
2639 5547 2862 5605 ordinis
2882 5552 3369 5613 sustentationem
3395 5554 3578 5616 libers

1926 5628 2183 5707 donavit,
2219 5631 2442 5695 scilicet
2462 5634 2683 5698 Lierties
2700 5637 2927 5715 villam,
2958 5645 3015 5703 et
3036 5642 3266 5721 Sesave,
3298 5647 3356 5707 et
3380 5640 3577 5716 locum

1926 5094 2107 5162 Bel,et
2136 5096 2207 5150 de
2227 5096 2538 5168 Aguero,et
2558 5098 2629 5155 de
2653 5100 2915 5167 Moriello
2945 5119 2959 5158 :
2992 5106 3050 5160 et
3079 5120 3300 5163 nos.....
3334 5107 3573 5163 eosdem
3684 5160 3690 5166 .
