4004 6162
460 270 578 333 527

1762 274 1835 340 B.
1882 273 2174 341 UBBANI
2216 274 2269 340 II
2312 273 2563 345 ΡΑΡΑΞ.

3744 275 3871 357 328

462 409 559 479 qui
582 408 796 462 dicitur
817 412 1039 479 septem
1062 410 1267 475 fontes,
1293 427 1422 465 cum
1448 410 1720 465 omnibus
1741 426 2101 497 eorumper-
2138 411 2182 478 Α
2219 408 2482 485 pellanus
2516 411 2797 483 populum
2823 411 2980 467 illius
3009 417 3172 466 terra:
3193 409 3758 483 regebat,baptism_a
3778 428 3870 471 cc-

461 496 745 565 tiuentiis,
779 496 954 554 cultis
975 504 1032 553 et
1057 498 1371 554 incuItiS‘et
1399 515 1532 572 cum
1564 497 1808 554 decimis
1838 499 2104 554 omnium

462 589 758 644 redituum
789 586 1095 659 regalium,
1127 591 1184 642 et
1203 603 1402 642 eorum
1428 586 1529 659 qui
1562 586 2011 661 quibuscunque
2040 604 2109 643 ex

465 677 660 734 causis
692 676 928 748 regibus
977 692 1236 751 unquam
1288 675 1690 747 persolventur
1720 677 1776 730 in
1825 676 2019 738 Jacca.
2053 681 2111 731 et

465 768 921 838 circumquaque
950 781 1054 836 per
1084 768 1266 819 totam
1298 765 1671 836 Aragoniam,
1705 763 1932 821 illibata
1946 765 2106 820 dein-

465 873 600 929 ceps
629 854 859 910 servitio
888 850 1299 908 canonicorum
1359 869 1461 924 per
1491 853 1720 909 inﬁnita
1766 853 1978 909 saecula
2004 853 2107 908 ha-

463 946 727 999 beantur.
762 941 820 997 Si
879 957 996 1012 qua
1052 957 1193 997 sane
1250 941 1307 995 in
1340 946 1638 1012 posterum
1694 941 2107 1005 ecclesiastica,

464 1030 828 1087 sacularis've
850 1045 1118 1103 persona,
1137 1028 1317 1102 hujus
1335 1034 1545 1085 nostrae
1572 1030 1914 1086 assertionis
1945 1035 2110 1086 teno-

464 1137 587 1175 rem
619 1118 832 1186 sciens,
865 1123 1221 1174 contra‘eum
1249 1122 1463 1175 temere
1480 1120 1673 1175 venire
1694 1118 2112 1187 tentaverit,se—

463 1209 655 1265 eundo
677 1208 917 1265 tertiove
938 1207 1355 1275 commonitus,
1382 1209 1431 1264 si
1462 1226 1576 1263 non
1606 1225 1859 1281 congrue
1891 1207 2113 1264 satisfe-

464 1298 627 1364 cerit,
660 1297 965 1369 potestatis
988 1296 1343 1368 honorisque
1385 1297 1473 1351 sui
1521 1297 1803 1370 dignitate
1850 1299 2109 1352 careat...

463 1387 905 1459 Divinojudicio
928 1386 997 1442 de
1018 1391 1347 1459 perpetrata
1366 1385 1673 1458 iniquitate
1694 1390 2025 1459 cognoscat,
2057 1390 2115 1441 et

464 1492 497 1535 a
523 1477 921 1533 sacratissimo
952 1492 1192 1548 corpore
1222 1493 1288 1531 ac
1348 1476 1633 1547 sanguine
1665 1474 1893 1531 Domini
1928 1474 2113 1530 nostri

463 1572 599 1622 Jesu
624 1566 836 1622 Christi
874 1566 1079 1620 *aliena
1100 1566 1219 1620 ﬁat.
1255 1565 1493 1621 Cunctis
1524 1571 1718 1621 autem
1752 1565 1983 1637 praeﬁxa
2015 1569 2112 1618 Ec-

467 1656 652 1713 clesire
683 1656 889 1711 Oscen.
925 1658 982 1708 et
1033 1654 1265 1709 Jaccen.
1319 1653 1458 1726 jura
1487 1654 1859 1711 servantibus
1892 1653 1971 1708 sit
2005 1668 2117 1725 pax

468 1745 701 1803 Domini
730 1743 911 1799 nostri
943 1743 1082 1799 Jesu
1113 1742 1349 1809 Christi,
1373 1749 1430 1797 et
1449 1743 1565 1798 vita
1594 1746 1827 1799 aeterna.

1107 1836 1111 1841 ⁷
1160 1839 1435 1896 CCLXVI.

466 1935 723 1991 Urbanus
750 1931 1090 1998 Petronium,
1112 1932 1422 2001 episcopum
1447 1931 1856 1999 Legionensem.
1897 1946 1966 1984 ea:
1996 1945 2116 2001 ma-

540 1946 723 1988 banus
750 1946 1090 1998 Petronium,
1179 1946 1422 2001 iscopum
1447 1946 1856 1999 Legionensem.
1897 1946 1966 1984 ea:
1996 1946 2115 1981 ma-

540 2008 619 2059 tre
648 2019 759 2058 non
788 2003 1031 2073 legitima
1083 1946 1312 2070 egitum,
1369 2002 1437 2056 ab
1466 2001 1629 2073 hujus
1662 2002 1868 2073 peccati
1896 1999 2115 2055 vinculo

538 2076 787 2131 absolvit.

951 2145 1131 2215 (Intra
1161 2160 1256 2199 an.
1293 2143 1638 2215 1088-1099.)

718 2234 1046 2305 [GRATIAN.,
1074 2234 1278 2288 Decret.
1313 2249 1352 2298 1,
1387 2233 1524 2301 dist,
1543 2233 1633 2300 56,
1667 2250 1717 2288 c.
1754 2230 1864 2305 11.]

541 2324 687 2390 Quia
716 2320 1061 2394 simpliciter
1101 2320 1172 2376 ad
1206 2320 1404 2375 sedem
1456 2318 1834 2393 apostolicam
1874 2317 2117 2373 veniens

470 2410 774 2467 humiliter
804 2412 1104 2482 peccatum
1139 2425 1242 2463 con
1255 2409 1443 2464 fessus
1463 2424 1526 2464 es
1543 2409 1695 2480 quod
1722 2404 2002 2480 pontiﬁcii
2030 2404 2114 2460 tui

468 2499 1045 2556 videbaturofﬁcium
1072 2496 1827 2570 impedire,vidclicet,quod
1847 2510 1916 2550 ex
1931 2497 2117 2549 matre

471 2606 587 2647 non
617 2586 881 2661 legitima
930 2590 1267 2659 procreatus
1292 2587 1395 2653 sis,
1430 2603 1608 2658 quam
1639 2585 1860 2640 vivente
1883 2582 2120 2654 propria

470 2695 647 2734 uxore
679 2683 843 2749 pater
873 2681 1011 2731 tuus
1041 2676 1382 2748 cognovisse
1439 2674 1841 2748 dignoscitur;
1876 2689 1939 2745 ἰ’
1977 2671 2113 2736 Nos,

471 2764 797 2840 apostolica:
813 2762 1285 2820 mansuetudinis
1296 2764 1486 2837 gratia
1498 2764 1867 2829 admonente,
1902 2764 2115 2816 accite-

470 2858 552 2912 ris
584 2873 709 2929 quae
740 2853 1132 2912 sacerdotium
1152 2852 1481 2926 impediunt
1502 2850 1848 2908 criminibus
1877 2854 1996 2905 tam
2028 2849 2115 2904 tui

470 2945 827 3022 professione
858 2959 1038 3014 quam
1068 2942 1313 2997 fratrum
1363 2940 1721 3010 testimonio,
1770 2940 1871 3012 qui
1918 2943 2112 2994 tecum

470 3034 957 3106 sunt,immunem
971 3036 1027 3087 te
1041 3034 1424 3105 agnoscentes
1446 3035 1501 3085 et
1519 3030 1694 3086 vitam
1707 3033 1867 3086 tuam
1883 3027 2113 3100 religio-

469 3142 593 3180 sam
627 3122 950 3187 audientes,
982 3121 1053 3176 ab
1085 3120 1264 3193 hujus
1297 3126 1350 3176 te
1382 3119 1597 3193 peccati
1628 3118 1856 3174 vinculo
1888 3115 2115 3174 absolu-

470 3218 595 3270 tum
630 3214 687 3269 in
720 3213 991 3283 suscepto
1042 3208 1384 3266 sacerdotali
1438 3208 1629 3264 ofﬁcio
1672 3208 2113 3262 conﬁrmamus.

1137 3307 1459 3364 CCLXVIII.

478 3403 723 3459 Urbanus
753 3402 804 3456 II
826 3416 975 3471 .papa
1020 3398 1307 3471 committit
1331 3396 1592 3471 Mathitili
1613 3396 1931 3471 Acomitissm
1959 3394 2116 3471 resti-

536 3464 1094 3528 tutionem-cocleam
1150 3468 1639 3530 Sancti-Floriani,
1698 3464 2009 3536 faciendam
2049 3464 2118 3518 ab

537 3545 781 3613 episcopo
847 3542 1137 3613 Mantuano
1192 3538 1261 3592 ad
1289 3541 1529 3610 favorem
1562 3534 1877 3592 monasterii
1933 3534 2119 3590 Sancti

540 3610 816 3668 Benedicti
845 3611 909 3667 de
940 3610 1297 3680 Padolyrone.
1340 3624 1343 3631 ’

888 3698 1070 3766 (Intra
1091 3712 1310 3751 annum
1343 3696 1690 3763 1088-1099.)

722 3788 1100 3859 [Maammnn
1124 3784 1338 3839 Bullar.
1374 3787 1580 3851 Casin.,
1617 3783 1686 3851 II,
1720 3782 1868 3854 118.]

466 3900 473 3906 ’
545 3877 825 3933 ΠηΒΑΝῠε
856 3875 1401 3947 episcopus,servus
1423 3888 1721 3929 servorum
1751 3871 1872 3941 Dei,
1891 3871 2115 3945 inclytae

468 3968 776 4033 MATHILDI,
808 3965 991 4019 unicae
1035 3963 1189 4019 beati
1232 3962 1384 4019 Petri
1429 3961 1583 4029 filiae,
1606 3961 1855 4018 salutem
1887 3966 1943 4017 et
1971 3979 2114 4034 apo-

467 4056 732 4113 stolicam
757 4052 1243 4110 benedictionem.

535 4147 901 4216 Conquestus
932 4145 1021 4196 est
1052 4140 1208 4196 ﬁlius
1231 4146 1430 4196 noster
1449 4139 1692 4196 coenobii
1716 4140 1909 4196 Sancti
1940 4141 2113 4197 Bene-

463 4233 598 4287 dicti
625 4234 805 4287 abbas
836 4246 1014 4302 super
1038 4230 1290 4301 quadam
1331 4228 1575 4285 ecclesia
1590 4230 1781 4284 Sancti
1802 4226 2048 4283 Floriani
2081 4243 2116 4283 a

462 4322 645 4376 beata:
696 4320 989 4374 memoriae
1035 4323 1196 4390 patre
1227 4323 1328 4373 tuo
1381 4321 1443 4373 Β.
1501 4318 1559 4372 in
1593 4318 1809 4388 pnedio
1849 4316 2112 4386 ejusdem

466 4407 807 4463 monasterii
858 4408 1119 4472 fundata,
1154 4411 1211 4461 et
1257 4425 1291 4461 a
1321 4406 1597 4479 religione
1629 4412 1729 4460 tua
1779 4405 1903 4476 jam
1958 4403 2111 4461 dicto

460 4496 721 4552 cmnobio
749 4502 952 4568 postea
1002 4496 1248 4551 reddita.
1283 4497 1468 4560 Quam
1520 4512 1653 4550 cum
1689 4493 2109 4549 monasterium
2143 4517 2188 4582 Β

461 4584 605 4640 illud
630 4583 826 4656 quiete
844 4584 1128 4639 tenuisset
1156 4588 1214 4639 et
1244 4601 1277 4639 a
1309 4583 1624 4654 capellanis
1654 4581 1777 4638 suis
1805 4598 1934 4637 eam
1967 4581 2108 4656 regi,

458 4677 661 4746 utpote
711 4673 867 4745 quod
912 4688 1089 4728 suum
1140 4677 1285 4738 erat,
1318 4671 1445 4727 sine
1477 4671 1745 4727 molestia
1774 4675 1831 4727 et
1860 4669 2110 4743 alicujus

458 4762 853 4818 controversia
902 4760 1304 4817 administrari
1338 4760 1572 4815 fecisset
1602 4758 1754 4815 facta
1782 4765 2106 4816 commuta-

456 4851 780 4907 tioneinter
802 4851 1189 4905 Mantuanum
1211 4848 1635 4920 episcopum,et
1666 4850 2107 4914 monasterium,

457 4941 528 4996 de
561 4938 934 4995 monasteriis
955 4938 1346 5011 episcopatus,
1379 4943 1434 4992 et
1464 4936 1535 4992 de
1556 4936 1817 4993 ecclesiis
1839 4939 2106 5005 abbatiaa,

461 5030 614 5084 sicut
672 5030 819 5084 bene
877 5028 1037 5083 novit
1088 5026 1400 5099 prudentia
1456 5031 1579 5091 tua,
1612 5044 1745 5081 cum
1801 5037 2000 5099 postea
2050 5027 2106 5083 id

456 5119 819 5173 destructum
836 5116 1332 5187 fuisset,iitrisque
1346 5113 1791 5187 partibus,quod
1806 5115 2108 5188 proprium

457 5212 602 5273 erat,
636 5205 1071 5278 recipientibus,
1104 5203 1255 5258 hanc
1286 5202 1469 5259 solam
1514 5203 1840 5269 ecclesiam,
1889 5203 1959 5259 de
1992 5221 2110 5276 qua

458 5293 523 5346 ﬁt
548 5294 932 5364 querimonia;
953 5292 1263 5366 episcopus
1288 5290 1399 5367 sibi
1424 5292 1682 5358 retinuit,
1717 5308 1962 5365 eamque
1977 5310 2107 5348 mo-

458 5381 711 5435 nasterio
735 5382 972 5437 reddere
993 5380 1196 5436 noluit.
1223 5379 1464 5446 Quando
1482 5380 1658 5434 etiam
1685 5381 2109 5439 monasterium

457 5463 604 5523 illud
632 5469 897 5525 Ecclesiae
922 5470 1117 5525 Sancti
1142 5469 1315 5539 Petri,
1342 5467 1458 5533 cui,
1478 5466 1878 5543 licetindigni,
1907 5472 2105 5543 pressi-

459 5555 690 5631 demus,
724 5559 1097 5619 concessione
1147 5564 1250 5617 tua
1277 5556 1560 5618 traditum
1592 5565 1718 5632 est;
1753 5558 1980 5643 abbatis
2013 5578 2105 5643 ca-

2145 1783 2193 1850 Β

2218 494 2499 568 lebrabat,
2524 502 2581 555 et
2600 501 2886 572 quidquid
2910 501 2982 556 ad
3007 501 3573 577 animarum/curam.
3590 500 3868 575 pertinet,

2218 587 2603 660 permissione
2625 589 3077 644 Mantuanorum
3091 587 3501 661 episcoporum
3514 588 3599 655 ibi,
3608 580 3868 663 regebat.

2218 676 2502 733 Volumus
2535 677 2732 749 itaque
2756 683 2813 733 et
2834 676 3206 749 praecipimus
3232 672 3295 731 ut
3316 676 3737 733 monasterium
3761 695 3871 734 no-

2219 770 2431 832 strum,
2465 766 2621 838 quod
2680 782 2853 822 suum
2885 772 3037 843 erat,
3088 782 3324 841 quoque
3344 757 3768 837 jurektejnehat,
3790 784 3875 843 ex

2220 854 2446 927 integro
2478 853 2735 927 recipiat,
2782 839 3123 928 nullamque
3153 839 3445 911 benorum
3494 870 3740 911 suorum
3770 840 3865 912 di-

2220 941 2606 998 minutionem
2631 942 2928 999 ullomodo
2949 944 3019 1000 de
3043 943 3136 999 his
3166 960 3293 1016 quas
3323 942 3561 1000 tenebat
3590 943 3864 1016 patiatur.

2220 1032 2457 1103 Oportet
2474 1032 2730 1104 igiturut
2750 1033 2809 1088 in
2832 1032 3139 1111 prementia
3160 1032 3464 1105 Regiensis
3495 1033 3779 1106 episcopi,
3809 1039 3869 1090 et

2219 1118 2466 1176 aliorum
2500 1121 2876 1197 prudentium
2908 1122 3184 1190 virorum,
3224 1123 3605 1193 Mantuanum
3632 1123 3865 1194 episco-

2224 1226 2361 1285 pum
2395 1209 2744 1265 conveniens
2775 1210 2946 1283 eique
2977 1209 3284 1285 praecipias
3315 1214 3380 1265 ut
3409 1227 3478 1266 ea
3505 1227 3634 1283 quis
3658 1204 3867 1289 mona-

2223 1297 2379 1353 sterii
2415 1299 2651 1353 fuerunt
2680 1299 2792 1355 sibi
2841 1299 3113 1356 restituat
3142 1303 3199 1355 et
3230 1298 3345 1355 alia
3375 1298 3433 1354 in
3486 1315 3627 1371 pace
3673 1298 3870 1372 ipsum

2225 1386 2523 1461 possidere
2554 1389 2874 1460 permittat.
3834 1402 3837 1405 '

2881 1495 3211 1552 CCLXVIII.

2230 1583 2435 1639 Urbani
2480 1585 2530 1638 Il
2566 1584 2792 1652 epistola
2840 1584 2911 1639 ad
2940 1585 3148 1639 clerum
3192 1584 3562 1656 populumque
3624 1584 3873 1645 Salerni-

2436 1665 2647 1710 tanum.
2676 1687 2739 1695 —
2771 1656 2878 1710 Pro
2910 1655 3656 1711 immunitateiecclesiastica.

2707 1745 2886 1815 (Intra
2917 1761 3011 1799 an.
3048 1744 3400 1816 1088-1099.)

2681 1831 2915 1905 [MANSI,
2950 1831 3152 1887 Concil.
3177 1831 3243 1900 X,
3268 1831 3421 1903 660.]

2297 1936 2570 1992 Una/mus
2592 1940 2920 2009 episcopus,
2941 1953 3143 1993 servus
3166 1953 3465 1993 servorum
3488 1936 3611 2006 Dei,
3644 1936 3872 2003 dilectis

2226 2023 2362 2080 ﬁliis
2393 2026 2545 2082 clero
2575 2032 2633 2081 et
2660 2025 2873 2098 populo
2895 2025 3262 2082 Salernitano
3293 2025 3544 2085 salutem
3575 2030 3875 2098 ctaposto-

2225 2112 2399 2169 licam
2432 2115 2913 2171 benedictionem.

2297 2203 2623 2259 Lanzonem
2649 2203 3178 2275 presbyterum,qui
3204 2203 3505 2277 ecclesiam
3525 2204 3748 2261 Sancta:
3761 2203 3880 2260 Ma-

2225 2293 2322 2348 riae
2356 2309 2457 2364 per
2488 2308 2727 2347 manum
2759 2291 2968 2348 laicam
2999 2292 3482 2365 invasit,expulso
3511 2309 3577 2350 eo
3600 2292 3701 2365 qui
3724 2290 3874 2366 legi-

2225 2382 2366 2437 time
2400 2380 2754 2454 possidebat,
2781 2381 3057 2437 noveritis
3072 2381 3362 2449 sententia
3386 2385 3584 2453 nostra
3606 2381 3799 2439 ofﬁcio
3821 2386 3882 2438 et

2228 2469 2507 2525 beneficio
2526 2469 2923 2525 interdictum.
2960 2470 3176 2525 Omnes
3190 2474 3466 2543 praeterea
3480 2470 3577 2543 qui
3592 2469 3879 2541 ecclesias

2225 2557 2313 2613 vel
2338 2557 2731 2614 ecclesiastica
2755 2559 3037 2614 beneﬁcia
3058 2563 3158 2615 aut
3178 2558 3569 2633 cappellanias
3583 2560 3710 2615 sine
3732 2560 3884 2633 epis-

2225 2648 2351 2719 copi
2377 2663 2665 2702 consensu
2687 2664 2788 2719 per
2810 2664 3050 2702 manum
3066 2648 3273 2703 laicam
3295 2648 3875 2717 obtinuerint,donec

2222 2735 2585 2791 satisfaciant
2641 2752 2748 2791 suo
2806 2737 3097 2808 episcopo,
3153 2737 3477 2792 secundum
3529 2742 3873 2793 sanctorum

2224 2841 2515 2880 canonum
2547 2824 2883 2893 constituta,
2918 2825 2989 2881 ab
3019 2826 3211 2881 officio
3242 2829 3300 2881 et
3328 2826 3608 2882 beneﬁcio
3639 2826 3885 2882 interdi-

2224 2928 2433 2970 cimus.

2231 3093 2439 3150 Urbani
2476 3093 2523 3148 Il
2573 3093 2802 3165 epistola
2859 3004 3628 3165 adccbgoid‘il'zfumbantistitem
3689 3094 3884 3165 Uritu-

2297 3181 2433 3237 num
2486 3195 2552 3205 —
2583 3160 2801 3237 Mandat
2844 3168 2903 3218 ut
2950 3164 3129 3237 sedem
3161 3160 3534 3237 episcopalem,
3569 3166 3625 3219 in
3682 3160 3885 3237 urbem

2301 3236 2485 3291 Uriam
2522 3235 2793 3307 quondam
2814 3236 3163 3303 translatam,
3187 3235 3489 3292 Brundisio
3518 3237 3646 3292 urbi
3660 3235 3880 3292 reddat.

2693 3326 2876 3394 (Intra
2925 3342 3020 3380 an.
3058 3325 3414 3397 1088-1099.)

2583 3412 2877 3485 mensus,
2903 3406 3257 3481 Italia-sacra,
3282 3413 3372 3481 IX,
3406 3413 3521 3483 30.]

2298 3520 2574 3576 Uneauus
2605 3520 2652 3576 Il
2684 3519 3223 3593 episcopus,servus
3254 3535 3553 3576 servorum
3584 3519 3709 3593 Dei,
3738 3517 3888 3576 dile-

2225 3615 2317 3663 cto
2348 3608 2404 3664 in
2439 3608 2672 3665 Christo
2706 3609 2869 3665 fratri
2899 3608 3143 3668 Genmo.
3177 3607 3413 3664 Oritano
3436 3607 3705 3687 antistiti,
3725 3608 3889 3687 saluo

2224 3702 2341 3753 tem
2376 3702 2431 3754 et
2455 3696 2836 3771 apostolicam
2867 3695 3353 3752 benedictionem.
3678 3682 3707 3699 ’“
3742 3732 3746 3735 .
3781 3684 3786 3693 ”

2293 3786 2440 3851 Quia
2462 3786 2633 3841 nobis
2666 3785 2915 3839 virorum
2936 3783 3227 3839 veracium
3249 3783 3592 3850 assertione,
3615 3785 3715 3857 qui
3749 3802 3887 3844 rem

2224 3873 2997 3948 diligenterinvestigarunt,
3030 3875 3395 3944 compertum
3412 3876 3502 3927 est
3531 3870 3886 3932 cathedram

2222 3968 2406 4026 tuam,
2430 3980 2556 4034 quae
2587 3978 2742 4016 nunc
2764 3962 2918 4032 apud
2942 3960 3248 4017 Oritanum
3273 3961 3661 4034 municipium
3692 3962 3887 4019 habe-

2222 4056 2337 4117 tur,
2370 4051 2522 4124 apud
2556 4048 2869 4105 Brundusii
2894 4049 3187 4106 civitatem
3212 4049 3540 4123 antiquitus
3555 4051 3881 4123 exstitisse,

2222 4145 2422 4212 postea
2451 4138 2679 4195 civitate
2709 4137 2971 4194 desolata
3002 4137 3059 4193 in
3081 4137 3465 4195 Orientanum
3484 4139 3882 4214 municipium

2220 4242 2349 4283 esse
2375 4227 3248 4299 translatam,nunc,miserante
3262 4224 3532 4299 Domino,
3556 4228 3877 4285 Brundusii

2221 4320 2310 4372 est
2340 4315 2541 4373 civitas
2575 4317 2866 4382 restituta,
2927 4316 3201 4373 volumus
3229 4320 3287 4372 et
3315 4316 3616 4389 praesentis
3646 4317 3878 4391 paginae

2221 4406 2565 4461 auctoritate
2594 4405 2895 4462 sancimus
2926 4410 2990 4460 ut
3019 4406 3285 4461 eamdem
3311 4405 3660 4478 episcopalis
3680 4405 3881 4461 cathe-

2220 4494 2327 4551 dra
2369 4494 2766 4551 Brundusium
2802 4495 3107 4563 referatur,
3140 4510 3206 4550 eo
3256 4490 3453 4550 tenere
3484 4498 3548 4549 ut
3575 4493 3877 4573 Goﬁ‘ridus

2220 4584 2492 4658 egregius
2523 4601 2717 4639 comes
2777 4587 2975 4639 noster
3024 4581 3083 4638 in
3115 4582 3347 4638 Christo
3388 4582 3545 4639 ﬁlius
3574 4580 3879 4657 pollicitus

2219 4677 2328 4739 est,
2356 4677 2464 4729 etc.

2919 4761 3165 4818 CCLXX.

2222 4852 2428 4910 Urbani
2474 4849 2821 4923 epistolahad
2881 4849 3108 4906 Vitalem
3148 4844 3549 4923 presbyterum‘
3586 4850 3872 4921 [Brixian-

2286 4924 2441 4986 sem.)
2486 4920 2552 4960 5——
2584 4925 2651 4977 In
2682 4920 2951 4989 dignitate
2997 4920 3264 4977 servanda
3284 4920 3615 4977 S'imoniacis
3642 4923 3871 4979 miseri-

2287 4994 2473 5047 cordia
2504 4999 2674 5062 potest
2706 4992 2967 5063 impendi,
3000 4996 3047 5047 si
3076 5008 3163 5047 eos
3194 4995 3305 5048 vita
3328 4992 3686 5049 commendat.

2698 5097 2881 5170 (Intra
2911 5115 3005 5155 an.
3043 5099 3376 5155 1088-1099.

2466 5185 2762 5257 [Gnarum
2795 5186 3023 5255 Decret.,
3058 5187 3119 5241 C.
3154 5203 3193 5253 ι,
3225 5202 3325 5259 qu.
3358 5185 3414 5255 5,
3459 5202 3507 5242 c.
3539 5183 3620 5258 2.]

2292 5297 2401 5349 Eos
2453 5292 2553 5365 qui
2611 5291 2916 5349 ecclesiam
2971 5296 3258 5363 emerunt,
3320 5292 3372 5350 si
3430 5308 3682 5366 persona
3728 5291 3891 5371 talia:

2218 5382 2395 5438 fuerit
2424 5398 2601 5454 quam
2632 5381 2751 5437 vita
2780 5382 3171 5454 commendet,
3205 5382 3470 5439 videlicet
3510 5385 3576 5437 ut
3605 5380 3664 5436 in
3692 5372 3871 5461 cenio-

2216 5469 2353 5539 niis,
2384 5470 2471 5527 vel
2522 5472 2895 5527 monasteriis
2928 5470 3270 5545 regulariter
3288 5471 3459 5543 vivat,
3488 5469 3547 5526 in
3568 5468 3659 5526 sui
3680 5466 3868 5539 hono-

2215 5560 2299 5643 ris
2330 5558 2543 5634 officio,
2577 5559 3030 5625 misericorditer
3086 5558 3625 5633 condescendendo,
3686 5560 3867 5627 mini-
