4004 6162
133 322 257 403 δὶο

1306 342 1714 409 marcus
1755 320 1871 409 Er
1896 317 2372 413 summam.

3418 320 3539 424 seu

134 477 323 532 strare
352 475 763 567 concedimus,
783 476 1007 553 absque
1032 480 1227 536 tamen
1252 476 1587 537 sanctorum
1618 474 1799 536 cano-'
1811 454 1883 547 Α³ι
1897 481 2180 556 Spiritum
2209 487 2502 553 sanctum,
2533 482 3083 564 quoipseindignus
3098 494 3222 549 erat
3238 489 3538 567 (quoniam

134 580 280 621 num
310 565 667 640 przejindicio.

819 656 1088 716 CCLXXI.

130 741 208 799 Ad
235 745 506 821 eumdem.
537 778 605 787 -—
635 747 789 821 Filii,
812 749 899 821 iret
954 749 1086 819 ﬁliae
1116 753 1241 821 ante
1292 748 1377 804 vel
1399 754 1522 820 post
1563 763 1781 820 compa-

283 819 595 874 ternitatem
619 820 792 890 geniti
821 820 1066 889 legitime
1090 820 1353 891 conjungi
1376 819 1619 891 possunt.

613 908 799 979 (Intra
827 902 1306 979 an.1088'-1899.)

339 995 641 1062 [Gnarum
674 998 902 1063 Deci-et,
933 998 993 1053 C.
1027 1013 1162 1065 xxx,
1193 1013 1290 1069 qu.
1326 998 1383 1062 3,
1413 1014 1465 1061 c,
1498 999 1577 1069 4.]

201 1084 396 1157 Super
450 1084 666 1156 quibus
712 1085 970 1141 consulit
1030 1102 1137 1141 nos
1195 1090 1297 1141 tua
1355 1078 1612 1151 dilectio,
1674 1086 1783 1143 hoc

126 1173 364 1229 videtur
394 1172 565 1229 nobis
614 1190 684 1229 ex
731 1175 1025 1230 sententia
1083 1168 1598 1246 respondendum;
1631 1179 1697 1231 ut
1726 1179 1785 1232 et

127 1262 468 1335 haptismus
479 1263 577 1328 sit,
609 1262 658 1319 si
672 1264 930 1321 instante
943 1264 1289 1320 necessitate
1305 1263 1522 1319 femina
1533 1280 1782 1336 puerum

127 1350 189 1405 in
218 1350 460 1406 nomine
491 1349 793 1406 Trinitatis
814 1346 1209 1422 baptizaverit,
1243 1354 1301 1405 et
1329 1352 1485 1422 quod
1506 1351 1782 1423 spiritua-

130 1437 279 1494 lium
309 1442 623 1511 parentum
654 1438 779 1507 filii,
812 1438 897 1494 vel
917 1438 1070 1509 filios,
1099 1444 1253 1503 ante,
1275 1438 1365 1495 vel
1399 1445 1531 1511 post
1554 1456 1785 1513 compa-

126 1526 466 1584 ternitatem
497 1528 676 1602 geniti
708 1533 956 1601 possunt
988 1528 1246 1601 legitime
1263 1522 1786 1603 conjungi,przeter

128 1615 292 1673 illam
324 1632 636 1689 personam
667 1633 771 1690 per
798 1633 973 1691 quam
1007 1622 1335 1691 compatres
1384 1624 1525 1676 sunt
1573 1619 1779 1676 effecti.

809 1725 1101 1781 CCLXXII.

1894 576 1960 627 ut
1989 572 2271 646 scriptum
2303 577 2410 629 est.
2445 574 2685 647 Spiritus
2711 582 2931 634 sanctus
2978 580 3290 653 disciplinae
3318 584 3539 656 effugiet

1893 662 2077 732 ﬁctum
2109 661 2259 734 [Sap.
2293 663 2378 731 1]),
2429 665 2529 721 sed
2574 665 2723 734 ideo,
2781 673 3067 738 quantum
3095 668 3152 725 in
3214 671 3342 744 ipso
3392 678 3535 741 erat,

1894 766 2087 806 emere
2116 750 2317 815 voluit,
2350 756 2415 808 ut
2444 769 2512 808 ex
2549 754 2879 811 venditione
2929 757 3230 830 signorum
3277 777 3404 835 quae
3437 779 3541 835 per

1893 840 2164 895 eumdem
2212 841 2427 897 fiebant
2488 841 2937 916 multiplicatam
2998 849 3306 918 pecuniam
3360 868 3537 922 quam

1892 928 2184 984 obtulerat
2237 929 2582 986 lucraretur.
2639 933 2755 988 Nec
2813 934 3109 1007 apostolus
3156 940 3536 1010 emptionem.

1893 1017 2147 1089 Spiritus
2178 1018 2362 1073 sancti
2397 1035 2572 1091 quam
2600 1020 2746 1076 bene
2777 1028 3014 1079 noverat
3044 1024 3167 1079 fieri
3198 1042 3311 1081 non
3345 1043 3537 1098 posse,

1892 1105 1993 1161 sed
2009 1105 2390 1162 ambitionem
2405 1106 2541 1163 talis
2553 1115 2833 1181 qumstus,
2851 1111 2908 1167 id
2923 1116 3011 1167 est
3037 1114 3361 1181 avaritiam,
3383 1117 3538 1187 quod

1891 1199 1980 1250 est
2010 1194 2300 1251 idolorum
2328 1197 2596 1262 servitus,
2630 1198 2689 1253 in
2722 1201 2923 1255 eodem
2954 1202 3188 1258 Simone
3219 1203 3535 1274 exhorruit,

1890 1284 1948 1338 et
1978 1282 2405 1339 maledictionis
2428 1285 2629 1355 jaculo
2662 1288 2929 1359 perculit.

1962 1371 2241 1445 Quisquis
2270 1373 2467 1446 itaque
2499 1391 2590 1431 res
2623 1375 3051 1433 ecclesiasticas
3101 1396 3228 1451 quas
3259 1380 3358 1436 Dei
3390 1382 3543 1438 dona

1892 1464 2051 1529 sunt,
2085 1462 2363 1534 quoniam
2395 1479 2429 1518 a
2458 1463 2574 1520 Deo
2632 1464 2903 1520 fidelibus
2936 1469 2992 1521 et
3049 1484 3082 1522 a
3108 1468 3379 1525 fidelibus
3428 1475 3541 1527 Deo

1893 1550 2207 1618 donantur,
2240 1566 2486 1623 quaeque
2518 1553 2591 1607 ab
2621 1553 2823 1609 eodem
2857 1556 3040 1626 gratis
3063 1556 3451 1629 accipiuntur,
3487 1563 3544 1615 et

1893 1638 2022 1694 ideo
2058 1638 2239 1711 gratis
2272 1639 2399 1695 dari
2449 1640 2681 1710 debent,
2741 1647 2979 1716 propter
3007 1660 3113 1699 sua
3158 1645 3319 1701 lucra
3346 1646 3545 1702 vendit

1891 1725 1978 1783 vel
2010 1727 2171 1793 emit,
2204 1744 2337 1783 cum
2364 1729 2568 1785 eodem
2609 1730 2849 1787 Simone
2896 1732 3114 1787 donum
3145 1733 3245 1788 Dei
3295 1734 3545 1807 pecunia

127 1810 209 1869 Ad
236 1811 508 1869 eumdem.
536 1815 787 1915 έλυιτςτ
811 1815 978 1915 simul
1007 1831 1133 1870 cum
1156 1816 1274 1898 viro
1304 1814 1502 1915 ﬁlium
1546 1815 1783 1887 alicujus
1813 1850 1862 1915 Β
1892 1815 2177 1888 possideri
2208 1816 2521 1873 existimat.
2571 1818 2703 1875 Ideo
2748 1820 2849 1891 qui
2905 1821 3140 1876 easdem
3172 1838 3264 1878 res
3322 1841 3439 1879 non
3470 1824 3540 1879 ad

524 1887 585 1940 in
615 1887 941 1957 baptismate
968 1902 1078 1942 non
1105 1887 1389 1958 suscipiat.

611 1974 795 2043 (Intra
823 1991 918 2030 an.
953 1974 1304 2045 10884099.)

338 2061 633 2133 [ϐλημα.
669 2067 903 2126 Decret.,
936 2062 998 2118 C.
1034 2080 1163 2131 xxx,
1196 2079 1296 2135 qu.
1330 2064 1384 2134 4,
1414 2079 1465 2118 c.
1499 2064 1579 2135 6.]

209 2170 376 2234 Quod
392 2169 749 2241 autemjuxor
776 2186 908 2225 cum
932 2168 1213 2225 maritoin
1238 2168 1590 2241 baptismate
1605 2168 1784 2225 simul

130 2274 246 2315 non
262 2256 475 2314 debeat
504 2257 799 2330 suscipere
813 2256 1253 2330 puerum,nnlla
1277 2257 1617 2314 auctoritate
1628 2274 1787 2329 repe-

128 2348 281 2403 ritur
311 2345 812 2419 prohibitum.Sed
829 2351 892 2403 ut
907 2346 1131 2421 puritas
1146 2347 1232 2420 spi
1243 2346 1468 2402 ritualis
1481 2345 1787 2419 paternita-

126 2437 202 2493 tis
214 2436 290 2493 ab
304 2434 609 2492 omnilabe
622 2440 679 2492 et
703 2434 947 2492 infamia
971 2440 1348 2492 conservetur
1370 2434 1675 2503 immunis,
1696 2435 1783 2491 di-

127 2542 309 2599 gnum
323 2541 452 2582 esse
465 2524 832 2581 decernimus
846 2530 910 2581 ut
926 2526 1158 2598 utrique
1174 2524 1412 2580 insimul
1426 2526 1498 2580 ad
1512 2525 1621 2579 hoc
1634 2525 1785 2596 aspi-

128 2628 254 2670 rare
286 2612 532 2669 minime
561 2618 937 2685 presumant.
973 2613 1119 2678 Quia
1148 2630 1281 2670 vero
1298 2612 1592 2687 piaculare
1618 2612 1781 2685 ﬂagi-

127 2704 274 2758 tium
336 2701 655 2771 commisit,
715 2701 816 2776 qui
875 2703 1108 2759 duabus
1157 2702 1580 2758 commatribus
1625 2700 1785 2757 velut

129 2791 362 2847 duabus
421 2780 719 2847 sororibus
778 2790 999 2863 nupsit,
1063 2807 1276 2863 magna
1322 2792 1493 2862 juxta
1539 2790 1779 2846 modum

129 2880 312 2952 culpa:
334 2878 676 2953 pmnitentia
706 2878 819 2935 sibi
852 2880 1023 2936 debet
1054 2880 1302 2953 injungi.

786 2984 1009 3043 CCLXX
1022 2986 1114 3042 III.

128 3076 207 3132 Ad
237 3078 487 3141 Lucium,
514 3078 868 3148 praepositum
898 3074 1086 3131 Sancti
1113 3076 1374 3131 Iuventii.
1400 3107 1465 3114 ——
1500 3075 1570 3148 De
1600 3075 1781 3148 valere

200 3148 462 3219 baptismi
490 3146 839 3219 aliorumque
882 3148 1350 3203 sacramentorum
1382 3163 1417 3200 a
1463 3146 1778 3200 criminosis

197 3219 564 3275 sacerdotibus
593 3219 939 3274 coltatorum.

625 3308 809 3378 (Intra
840 3321 935 3363 an.
973 3307 1322 3377 1088-1099.)

553 3395 788 3467 [MANSI,
824 3396 1029 3453 Concit.
1066 3396 1186 3459 XX,
1221 3397 1371 3466 660.]

190 3502 470 3559 [Insanus
499 3501 834 3575 episcOpus,
867 3519 1071 3558 servus
1088 3517 1386 3558 servorum
1420 3501 1544 3565 Dei,
1568 3499 1780 3557 dilecto

124 3585 244 3646 ﬁlio
277 3592 482 3657 Lucm,
517 3590 827 3662 praeposito
858 3590 1114 3647 ecclesiae
1131 3588 1327 3646 Sancti
1347 3587 1602 3645 Juventii
1623 3589 1779 3660 apud

121 3679 415 3745 Ticinum,
451 3678 698 3735 salutem
732 3683 789 3734 et
819 3679 1197 3751 apostolicam
1220 3678 1705 3735 benedictionem.

191 3765 467 3841 Salvator
493 3766 759 3839 prtedixit
785 3767 845 3822 in
878 3766 1185 3839 Evangelia
1218 3767 1370 3822 circa
1387 3766 1563 3822 ﬁnem
1581 3765 1777 3821 saeculi

125 3855 604 3931 pseudocbristos
630 3860 688 3911 et
715 3854 1253 3928 pseudoprophctas
1280 3852 1542 3928 surgere,
1559 3859 1615 3910 et
1632 3854 1779 3910 mul-

124 3939 213 4002 tos
241 3945 545 4013 seducere,
578 3948 634 4000 et
656 3944 856 4001 fideles
873 3961 1012 4002 suos
1041 3944 1099 4000 in
1132 3944 1352 3999 mundo
1376 3942 1592 3999 multas
1610 3942 1776 3998 habi-

124 4040 286 4091 turos
319 4048 669 4105 pressuras;
703 4034 803 4088 sed
835 4037 1031 4088 tamen
1066 4036 1263 4105 portas
1293 4031 1463 4087 inferi
1495 4032 1778 4087 adversus

125 4121 446 4180 Ecclesium
499 4137 611 4177 non
671 4122 1093 4194 praevalituras.
1157 4120 1329 4176 Proin
1383 4120 1541 4192 quia,
1593 4125 1659 4174 ut
1696 4118 1780 4176 ait

126 4211 441 4284 Apostolus
472 4212 519 4281 (Ι
549 4212 668 4267 Cor.
711 4213 812 4281 χι),
872 4212 1076 4283 oportet
1130 4209 1362 4267 haereses
1412 4225 1545 4275 esse,
1595 4212 1657 4264 ut
1684 4210 1781 4281 qui

124 4302 343 4372 probati
367 4304 498 4356 sunt
526 4302 807 4371 mauifesti
851 4301 1009 4371 ﬁant,
1058 4302 1286 4371 oportet
1315 4315 1421 4354 nos
1479 4314 1613 4353 cum
1646 4315 1778 4370 pro-

128 4390 302 4462 pheta
333 4404 401 4445 ex
429 4390 672 4445 adverso
727 4388 1064 4453 ascendere,
1110 4392 1167 4444 et
1195 4403 1430 4442 murum
1489 4403 1781 4457 opponere

128 4494 231 4551 pro
261 4478 440 4534 domo
473 4477 668 4545 Israel,
701 4482 910 4533 etcum
938 4477 1139 4533 eodem
1164 4474 1425 4548 apostolo
1438 4490 1540 4546 per
1564 4473 1781 4530 multas

1896 1904 2004 1961 hoc
2035 1905 2107 1961 ad
2140 1905 2294 1976 quod
2324 1904 2608 1962 institutze
2641 1912 2799 1974 sunt,
2850 1910 2952 1965 sed
2983 1909 3055 1965 ad
3091 1911 3327 1983 propria
3357 1911 3539 1983 lucra,

1893 2010 2138 2049 munere
2169 1992 2402 2064 linguae,
2434 1994 2522 2049 vel
2551 1995 2794 2052 indebiti
2843 1997 3132 2069 obsequii,
3179 2000 3265 2056 vel
3298 2001 3545 2074 pecunia

1893 2081 2141 2155 largitur
2167 2081 2256 2136 vel
2286 2082 2649 2155 adipiscitur,
2682 2084 3051 2143 Simoniacus
3071 2091 3179 2153 est,
3205 2106 3336 2145 cum
3382 2091 3542 2163 prin-

1894 2171 2101 2244 cipalis
2128 2171 2372 2227 intentio
2403 2171 2660 2228 Simonis
2692 2172 2867 2229 fuerit
2895 2174 3021 2230 sola
3050 2177 3308 2247 pecunia:
3357 2180 3543 2234 avari-

1894 2258 1997 2325 tia,
2029 2259 2087 2314 id
2119 2263 2208 2315 est
2238 2259 2587 2323 idololatria,
2615 2265 2680 2316 ut
2710 2261 2791 2320 ait
2807 2263 3107 2334 apostolus
3127 2264 3363 2320 Paulus.
3387 2266 3543 2323 Alio-

1894 2348 2037 2420 quin
2070 2366 2174 2404 cur
2204 2349 2464 2422 synodus
2494 2349 2986 2406 Chalcedonensis
3017 2357 3420 2409 sexcentarum
3442 2355 3544 2409 tri-

1892 2437 2057 2509 ginta
2103 2438 2513 2510 episcoporum
2562 2442 2995 2510 procuratorem
3055 2440 3144 2495 vel
3176 2442 3541 2498 defensorem

1892 2525 2180 2594 Ecclesiae,
2211 2524 2298 2581 vel
2333 2543 2690 2599 quemquam
2736 2527 2949 2599 regulas
2998 2530 3348 2601 subjectum,
3400 2531 3541 2587 adeo

1893 2631 1995 2686 per
2022 2614 2326 2688 pecuniam
2361 2615 2615 2670 ordinari
2663 2615 2955 2688 prohibet,
3006 2621 3069 2672 ut
3121 2619 3541 2676 interventores

1892 2718 2125 2775 quoque
2154 2702 2303 2758 tanti
2334 2702 2571 2759 sceleris
2603 2704 3073 2772 anathematizet,
3100 2703 3211 2761 nisi
3244 2708 3396 2779 quod
3421 2724 3545 2763 eos-

1891 2792 2024 2846 dem
2055 2792 2420 2847 Simoniacos
2455 2791 2727 2863 judicet?
2756 2793 2920 2857 Quod
2953 2794 3001 2849 si
3052 2793 3275 2865 praefati
3320 2795 3539 2852 milites

1889 2879 2155 2936 Ecclesiae
2186 2881 2259 2936 ob
2292 2880 2471 2951 hujus
2487 2881 2677 2937 scelus
2697 2881 2894 2938 taliter
2924 2880 3345 2955 percelluntur,
3369 2902 3541 2941 nemo

1890 2968 2127 3040 sapiens
2157 2969 2392 3042 negabit
2421 2987 2533 3024 non
2559 2970 2880 3027 militantes
2897 2971 3164 3028 Ecclesia;
3188 2972 3372 3029 multo
3385 2974 3544 3029 dam-

1889 3056 2141 3113 nabilius
2172 3058 2320 3113 hanc
2351 3059 2424 3114 ob
2455 3075 2714 3130 causam,
2740 3059 2798 3115 id
2829 3060 3285 3117 estvenditionis
3307 3061 3392 3117 vel
3414 3079 3543 3118 em-

1890 3144 2126 3218 ptionis,
2161 3146 2370 3202 debere
2402 3145 2654 3219 percelli.

1964 3233 2075 3289 Sed
2107 3238 2165 3288 et
2195 3234 2404 3289 beatus
2435 3235 2827 3305 predecessor
2857 3238 3056 3290 noster
3083 3236 3381 3294 Paschalis
3428 3240 3541 3311 (51)

1891 3322 1963 3377 de
1993 3322 2454 3387 consecratione,
2489 3326 2545 3376 et
2575 3323 2647 3377 de
2698 3323 2872 3378 rebus
2906 3339 3035 3394 quas
3087 3327 3437 3398 proveniunt
3472 3344 3543 3384 ex

1891 3410 2770 3484 consecratione,af‘firmatquod
2786 3411 3055 3484 quisquis
3068 3413 3313 3470 alterum
3337 3430 3539 3471 eorum

1890 3499 2105 3567 vendit,
2142 3499 2266 3555 sine
2296 3516 2412 3571 quo
2442 3499 2693 3555 alterum
2725 3500 2940 3557 habere
2971 3518 3085 3557 non
3117 3506 3325 3574 potest,
3372 3509 3538 3560 neut-

1893 3605 2021 3643 rum
2055 3605 2166 3643 non
2183 3587 2876 3661 venditumderelinquit.
2910 3592 2989 3646 Ac
3012 3607 3114 3663 per
3139 3591 3247 3647 hoc
3278 3608 3413 3648 eum
3439 3591 3539 3666 qui

1890 3694 2011 3733 rem
2045 3676 2311 3733 Ecclesiae
2343 3677 2543 3732 vendit
2559 3676 2644 3732 vel
2663 3678 2806 3733 emit
2822 3679 3220 3736 Simoniacum
3242 3678 3536 3753 intelligit;

1890 3767 1945 3821 in
1981 3765 2216 3822 nomine
2246 3783 2377 3821 vero
2410 3765 2807 3837 procuratoris
2829 3766 3097 3835 intelligit
3117 3769 3354 3840 praefata
3374 3787 3543 3842 syno-

1889 3856 2001 3910 dus
2032 3854 2351 3927 quemlibet
2381 3853 2920 3911 ecclesiasticarum
2951 3873 3143 3911 rerum
3164 3857 3542 3914 administra-

1887 3948 2094 4010 torem,
2128 3947 2194 3998 ut
2220 3959 2339 3997 ver.
2372 3959 2458 4014 gr.
2494 3944 2894 4015 prapositum,
2916 3960 3280 4011 oecononum,
3314 3944 3541 4002 vicedu-

1890 4033 2139 4088 minum:
2173 4030 2500 4086 defensoris
2531 4031 2769 4085 nomine
2800 4032 3146 4087 advocatum
3179 4033 3297 4087 sive
3327 4034 3538 4089 casta]-

1889 4121 2054 4185 dum,
2083 4125 2139 4175 et
2160 4120 2444 4191 judicem:
2479 4119 2535 4173 in
2555 4119 2816 4189 subjecto
2846 4119 3060 4192 regulae
3078 4120 3543 4193 archipresbyte-

1890 4225 2018 4264 rum
2053 4206 2552 4272 archidiaconum,
2596 4206 2966 4272 canonicum,
3022 4208 3399 4276 monachum,
3450 4210 3540 4265 vel

1890 4295 2210 4369 quemlibet
2239 4287 2631 4352 ecclesiastico
2665 4296 3063 4368 mancipatum
3111 4298 3322 4352 ofﬁcio.
3377 4300 3539 4364 Quod

1889 4403 2022 4442 vero
2052 4385 2331 4457 Spiritum
2365 4389 2657 4451 sanctum,
2691 4388 2978 4457 quantum
3012 4386 3069 4441 in
3103 4403 3164 4441 se
3193 4391 3304 4451 est,
3332 4389 3545 4442 vendat

1891 4475 1979 4530 vel
2009 4478 2167 4530 emat
2183 4475 2279 4545 qui
2300 4474 2742 4546 praeposituram
2758 4472 2845 4529 vel
2865 4474 3204 4546 hujusmodi
3238 4475 3436 4531 vendit
3457 4476 3543 4530 vei

126 4550 545 4624 tribulatioues
574 4566 791 4621 intrare
820 4564 879 4620 in
908 4580 1152 4637 regnum
1179 4563 1301 4630 Dei,
1334 4564 1489 4619 unde
1517 4580 1628 4618 non
1645 4567 1783 4618 sunt
1814 4576 1859 4640 ι)
1891 4562 2055 4629 emit,
2089 4561 2224 4617 audi
2256 4563 2648 4632 Augustinum
2682 4550 2861 4634 super
2890 4563 3175 4619 Joannem
3204 4580 3216 4618 :
3268 4585 3297 4615 «
3328 4564 3372 4619 Ο
3402 4568 3557 4635 quot,

127 4654 433 4727 condigne
477 4655 780 4725 passiones
839 4654 1019 4725 hujus
1075 4653 1357 4725 temporis
1416 4653 1486 4707 ad
1520 4653 1780 4707 futuram

129 4742 377 4816 gloriam
437 4756 564 4813 quae
624 4742 977 4798 revelabitur
1033 4741 1091 4797 in
1156 4742 1346 4797 nobis.
1409 4740 1591 4814 Igitur
1647 4741 1787 4813 quia

130 4824 439 4887 iudctuisti
464 4830 635 4886 nobis
666 4831 822 4902 quod
853 4829 959 4886 tibi
992 4830 1285 4901 objicitur:
1319 4829 1787 4903 Utrumvendere

128 4916 587 4975 ecclesiasticam
604 4928 725 4975 rem
740 4919 1140 4975 Simoniacum
1156 4918 1370 4975 sit°boc
1384 4917 1784 4974 Simoniacum

130 5024 260 5064 esse
317 5007 585 5080 patenter
637 5007 934 5082 colligitur
987 5026 1055 5064 ex
1103 5007 1212 5064 hoc
1270 5007 1424 5079 quod
1483 5007 1545 5063 Β.
1578 5007 1785 5063 Petrus

131 5096 435 5169 apostolus
480 5095 563 5152 ait
618 5096 884 5154 Simoni:
942 5098 1184 5153 Pecunia
1240 5104 1337 5151 tua
1392 5099 1568 5150 tecum
1613 5098 1688 5151 sit
1726 5098 1787 5151 in

127 5186 516 5257 perditionem,
576 5188 707 5257 quia
761 5187 1090 5242 existimasti
1143 5184 1347 5240 donum
1402 5184 1500 5239 Dei
1551 5187 1788 5254 pecunia

130 5271 401 5346 possideri
429 5272 569 5345 (Act.
599 5273 746 5348 vm).
780 5274 1008 5331 Donum
1040 5272 1257 5345 quippe
1286 5270 1387 5327 Dei
1420 5275 1509 5327 est
1530 5271 1786 5344 Spiritus

130 5366 395 5429 sanctus,
428 5367 487 5419 et
514 5363 735 5419 donum
758 5362 860 5419 Dei
882 5367 974 5419 est
992 5358 1552 5433 resipsiusecclesim
1569 5358 1785 5425 oblata,

131 5451 279 5509 Etsi
312 5452 471 5509 bene
519 5452 795 5519 advortis,
853 5453 1054 5508 Simon
1113 5450 1341 5522 Magus,
1392 5448 1492 5522 qui
1531 5448 1663 5505 ficte
1714 5449 1786 5505 ad

132 5541 310 5613 fidem
364 5541 635 5609 accessit,
712 5559 828 5597 non
884 5540 1168 5613 Spiritum
1225 5542 1498 5597 sanctum
1555 5542 1791 5611 propter

201 5608 319 5703 ﬁt)
352 5629 658 5688 Paschalis
690 5608 936 5701 primus;

1895 4651 2190 4722 proposita
2220 4650 2513 4704 fecerunt!
2549 4650 2808 4705 Alterum
2833 4650 3196 4723 propositum
3212 4651 3388 4707 habet
3408 4652 3544 4707 Car-

1896 4739 2130 4809 thagine
2164 4737 2514 4803 Primianus,
2550 4736 2800 4792 alterum
2822 4737 2996 4794 habet
3026 4739 3434 4805 Maximianus,
3469 4739 3548 4794 al-

1897 4833 2083 4884 terum
2112 4826 2289 4881 habet
2320 4825 2376 4879 in
2413 4824 2765 4880 Mauritania
2822 4826 3102 4899 Rogatus,
3162 4828 3408 4882 alterum
3440 4828 3545 4881 ha-

1895 4918 2034 4972 bent
2061 4916 2120 4970 in
2153 4913 2436 4969 Numidia
2465 4912 2547 4967 illi
2575 4919 2632 4967 et
2660 4913 2746 4967 illi
2777 4930 2924 4985 quos
2945 4915 3072 4985 jam
3105 4932 3212 4970 nec
3242 4915 3545 4970 nominare

1896 5005 2247 5062 sufﬁcimus.
2266 5001 2547 5058 Circumit
2570 5017 2705 5072 ergo
2736 5000 2946 5073 aliquis
2959 5020 3149 5059 emere
3179 5002 3546 5058 columbam?

1895 5092 2310 5166 unusquisque
2321 5089 2683 5163 propositum
2701 5106 2876 5145 suum
2891 5089 3091 5146 laudat
3116 5091 3271 5163 quod
3289 5090 3543 5153 vendit,»

1895 5190 2002 5240 etc.

1966 5274 2111 5328 Ecce
2134 5267 2486 5327 venerabilis
2514 5268 2876 5341 Augustinus
2909 5268 2979 5325 de
3010 5267 3403 5341 praepositum
3428 5268 3551 5324 dis-

1897 5360 2182 5416 tractione
2215 5373 2416 5430 agens,
2473 5357 2532 5413 in
2566 5357 2802 5412 nomine
2854 5357 3140 5413 columbae
3199 5357 3388 5413 sancti
3417 5356 3552 5428 Spi-

1898 5449 2045 5505 ritus
2064 5447 2460 5504 venditionem
2489 5445 2578 5501 vel
2630 5447 2986 5519 emptionem
3037 5446 3265 5519 accipit,
3318 5446 3471 5502 sicut
3495 5450 3554 5501 et

1897 5552 2103 5595 omnes
2133 5536 2315 5609 hujus
2367 5534 2681 5608 evangelici
2739 5535 2977 5608 capituli
3008 5541 3370 5593 tractatores.
3404 5535 3551 5590 Pen-
