4004 6162
418 309 536 375 831

1721 311 1792 374 Β.
1840 311 2137 376 URBANI
2180 310 2234 375 ΙΙ
2276 311 2531 389 ΡΑΡᾸΞ.

418 446 670 504 sandum
700 446 939 519 verofest
967 465 1084 521 qua
1104 467 1268 522 paena
1290 446 1720 519 multenturqui
1729 448 1855 519 jam
1876 447 2062 503 Deoet
2088 445 2146 514 Α
2173 463 2309 504 cum
2340 447 2547 506 zabulo
2579 454 2969 523 computatur.
3003 450 3104 509 sed
3132 467 3236 526 per
3264 448 3432 509 illum
3462 448 3677 510 Christi
3729 469 3839 510 sa-

418 536 685 593 Ecclesiaa
703 555 820 594 suis
840 538 1033 594 oblata
1044 539 1302 594 vendunt
1318 536 1399 592 vel
1421 537 1698 600 emunt,si
1718 554 1852 592 cum
1872 535 2067 609 ﬂagel-

414 625 489 681 lis
501 625 641 682 aDei
655 627 870 698 templo
883 626 1326 698 ejectisunt,qui
1341 626 1587 697 quaeDeo
1601 625 2071 682 erantoil‘erenda

415 711 746 769 vendebant
757 712 1209 769 velemebant.Si
1224 714 1295 769 de
1306 714 1733 769 oil‘erendorum
1755 713 2071 770 venditori-

417 802 530 859 bus
559 800 648 857 vel
678 801 1042 873 emptoribus
1055 801 1277 857 dictum
1291 806 1397 858 est:
1422 804 1515 859 Vos
1524 805 1730 873 fecistis
1740 803 1958 858 domum
1965 819 2067 874 pa-

410 893 520 950 tris
546 893 660 947 mei
684 891 904 947 domum
931 892 1338 960 negotiationis,
1366 896 1417 947 et
1444 893 1759 963 speluncam
1792 893 2070 947 latronum

419 983 595 1055 (Joan.
629 1000 688 1050 ιι,
723 983 788 1037 16
819 999 833 1049 ;
885 982 1047 1036 Marc.
1080 998 1156 1047 xu,
1189 980 1303 1051 l7),
1357 981 1497 1053 quid
1557 981 1782 1036 dicetur
1831 982 1957 1051 jam
1986 981 2062 1037 de

419 1071 683 1129 Ecclesia;
714 1069 1046 1128 oblatorum
1077 1068 1478 1125 venditoribus
1491 1068 1575 1124 vel
1589 1070 1980 1142 emptoribus?
1998 1072 2069 1126 Et

420 1177 492 1218 ne
522 1160 656 1234 quis
686 1160 930 1216 insanus
959 1159 1198 1230 objiciat
1229 1158 1434 1214 merito
1467 1158 1572 1215 hos
1606 1158 1923 1215 Dominum
1947 1162 2065 1215 tam

418 1250 624 1306 acerbe
651 1248 996 1315 vindicasse,
1021 1247 1160 1319 quia
1189 1251 1327 1302 tunc
1360 1246 1459 1302 illa
1488 1247 1544 1301 in
1577 1247 1676 1302 Dei
1712 1246 1948 1319 templo,
1973 1264 2065 1304 ec-

418 1337 754 1395 clesiastica:
782 1354 915 1394 vero
934 1354 1026 1393 res
1041 1336 1211 1392 modo
1230 1339 1390 1392 extra
1410 1335 1697 1408 templum
1728 1336 2066 1392 distrahan-

416 1424 1092 1498 tur,attendatsuperhis
1108 1424 1547 1497 Augustininon
1578 1425 2064 1481 determinantcm

413 1514 610 1572 locum
640 1514 990 1573 venditionis
1021 1513 1107 1569 vel
1139 1512 1451 1585 emptionis
1482 1514 1937 1585 propositorum,
1962 1515 2062 1570 sed

414 1608 648 1660 tantum
701 1604 1003 1660 indeﬁnite
1060 1602 1387 1659 dicentem:
1448 1602 1791 1658 «Circumit
1847 1602 2063 1676 aliquis

415 1708 607 1750 emere
629 1692 962 1749 columbam
983 1692 1011 1746 ?
1030 1715 1057 1741 ››
1080 1691 1488 1764 unusquisque
1500 1692 1861 1762 propositum
1886 1710 2062 1748 suum

414 1779 618 1836 laudat
647 1781 804 1878 quod
832 1779 1048 1878 vendit,
1099 1796 1216 1834 non
1249 1778 1551 1878 adjiciens,
1603 1778 1661 1833 in
1711 1779 1929 1878 templo
1971 1774 2059 1836 vel
2091 1814 2140 1878 B

413 1872 574 1924 extra
602 1867 912 1940 templum.
940 1867 1070 1923 Haec
1087 1870 1287 1923 contra
1302 1866 1631 1923 venditores
1656 1868 1743 1923 vel
1770 1871 2061 1940 emptores

416 1973 718 2013 sacrarum
745 1973 962 2013 rerum.

485 2047 567 2102 Ad
597 2046 708 2103 hoc
736 2063 870 2102 vero
897 2046 1052 2118 quod
1083 2044 1143 2100 in
1174 2044 1419 2117 epistola
1442 2050 1541 2101 tua
1563 2047 1848 2118 sequitur,
1873 2046 1932 2102 id
1951 2051 2057 2103 est:

412 2134 621 2191 Utrum
650 2135 884 2192 obedire
914 2133 1276 2190 tentantibus
1307 2134 1379 2189 ad
1411 2138 1656 2190 mortem
1688 2136 1850 2191 nefas
1880 2135 1986 2190 sit?
2007 2138 2064 2190 et

412 2223 568 2281 circa
598 2224 774 2281 ﬁnem
807 2224 1074 2295 ejusdem
1106 2223 1365 2296 epistolae
1394 2223 1505 2279 hoc
1539 2224 1693 2280 idem
1727 2225 1937 2280 iterum
1969 2226 2057 2279 in-

410 2312 694 2381 culcetur,
725 2313 869 2369 illud
901 2312 1052 2369 beati
1104 2312 1254 2368 Petri
1311 2314 1772 2386 respondemus:
1836 2316 2060 2372 Obedire

407 2402 513 2460 Deo
544 2406 751 2476 oportet
778 2404 955 2474 magis
986 2418 1153 2474 quam
1191 2402 1505 2458 hominibus
1554 2403 1687 2475 (Act.
1720 2405 1796 2474 v).
1848 2404 1910 2459 In
1943 2421 2057 2476 quo

403 2493 665 2567 exemplo
695 2493 1018 2549 notandum
1049 2496 1139 2548 est
1153 2491 1802 2548 hominibusinterdum
1834 2493 2057 2550 obediri

405 2584 635 2652 debere,
667 2582 770 2639 sed
802 2581 990 2655 magis
1021 2581 1174 2649 Deo;
1206 2581 1547 2637 hominibus
1581 2582 1820 2654 quidem
1870 2584 1929 2638 in
1962 2584 2055 2640 his

406 2689 534 2746 quas
566 2675 767 2728 contra
796 2671 973 2727 fidem
1003 2674 1060 2727 et
1083 2670 1424 2743 religionem
1458 2687 1570 2726 non
1594 2676 1750 2739 sunt,
1776 2673 2055 2744 quoniam

405 2761 557 2819 cives
573 2760 897 2818 Jerusalem
911 2758 1161 2833 legimus
1177 2759 1487 2831 Babylonis
1501 2758 1722 2816 civibus
1748 2761 2052 2831 militasse,

404 2854 473 2908 ut
502 2853 773 2908 sanctum
802 2848 1018 2920 Joseph
1049 2852 1106 2904 et
1135 2846 1324 2904 socios
1356 2848 1634 2916 Danielis;
1668 2866 1919 2921 quorum
1934 2852 2053 2923 pri-

407 2956 543 2997 mus
572 2943 847 3012 stuprum
876 2936 1147 3006 dominae,
1179 2939 1492 3009 sequentes
1510 2955 1642 2993 vero
1668 2937 2055 2994 idololatriam

409 3028 838 3103 perhorrentes,
863 3044 983 3083 rem
1017 3025 1311 3100 publicam
1344 3030 1399 3082 et
1420 3025 1877 3099 alienigenarum
1897 3027 2057 3100 prin-

409 3118 608 3191 cipum
639 3121 877 3174 strenue
889 3116 1381 3197 gubernaverunt.
1404 3114 1541 3170 Etin
1556 3114 1863 3188 Evangelio
1875 3115 2054 3173 habes

2178 542 2543 594 cramentum
2602 556 2717 594 non
2775 540 3224 597 contaminatur.
3288 542 3452 607 Quod
3502 558 3605 614 per
3655 541 3833 599 illum

2179 626 2326 689 ﬂuit,
2364 645 2572 698 purum
2607 632 2713 693 est,
2747 631 2905 702 quqd
2939 647 3041 702 per
3069 629 3237 686 illum
3267 630 3498 698 transit,
3531 629 3835 703 liquidum

2178 719 2284 770 est.
2323 739 2350 764 »
2382 717 2566 773 Item:
2602 741 2628 768 ‹‹
2663 718 2997 790 Spiritualis
3054 736 3187 775 vero
3243 720 3427 775 virtus
3469 721 3829 776 sacramenti

2178 804 2259 859 ita
2289 809 2376 861 est
2407 810 2471 861 ut
2501 805 2618 874 lux,
2652 825 2779 879 quas
2810 811 2866 861 et
2894 808 2966 864 ab
2997 807 3403 864 illuminandis
3432 825 3579 880 pura
3608 809 3828 881 excipi-

2177 897 2294 960 tur,
2327 897 2403 959 et,
2436 894 2485 949 si
2517 912 2620 967 per
2650 895 2955 952 immunda
2986 900 3264 964 transeat,
3302 914 3415 953 non
3458 896 3822 969 inquinatur.

2176 982 2331 1047 Quos
2358 983 2615 1056 baptizat
2668 985 2956 1054 ebriosus,
3010 1003 3157 1059 quos
3201 985 3456 1058 baptizat
3504 986 3825 1055 homicida,

2177 1089 2323 1145 quos
2339 1072 2595 1146 baptizat
2623 1074 2868 1142 adulter,
2892 1074 3157 1132 Christus
3182 1075 3453 1148 baptizat.
3475 1097 3503 1125 n
3522 1076 3589 1131 Et
3616 1081 3823 1151 caetera

2175 1161 2537 1232 hujusmodi.
2570 1164 2840 1218 Attamen
2873 1164 3208 1220 decessores
3239 1164 3423 1220 nostri
3463 1164 3735 1221 Nicolaus
3764 1169 3825 1221 et

2175 1249 2487 1322 Gregorius
2518 1267 2552 1305 a
2580 1250 2779 1306 missis
2810 1251 3200 1319 sacerdotum,
3235 1267 3383 1322 quos
3426 1250 3573 1307 tales
3624 1268 3825 1307 revera

2173 1355 2302 1395 esse
2332 1339 2678 1407 constiterit,
2724 1339 2925 1395 fideles
2976 1340 3268 1395 abstinere
3315 1339 3714 1411 decreverunt,
3759 1344 3826 1396 ut

2174 1431 2231 1483 et
2261 1428 2535 1500 peccandi
2565 1428 2858 1484 licentiam
2892 1428 3113 1484 caeteris
3145 1429 3461 1495 auferrent,
3503 1431 3560 1484 et
3610 1427 3820 1500 hujus—

2174 1517 2332 1572 modi
2377 1518 2449 1573 ad
2508 1517 2696 1590 digna:
2746 1517 3096 1589 pmnitentiaa
3152 1516 3410 1573 lamenta
3465 1521 3822 1573 revocarent.

2172 1607 2419 1679 Scripsit
2446 1606 2556 1662 hoc
2586 1607 2978 1679 prmdecessor
3009 1610 3205 1662 noster
3235 1604 3551 1679 Gregorius
3600 1604 3822 1660 Rodul-

2171 1694 2287 1767 pho
2316 1699 2372 1751 et
2403 1695 2713 1751 Bertholdo
2744 1695 2997 1751 ducibus
3025 1696 3178 1751 inter
3215 1700 3421 1750 caetera
3464 1694 3822 1767 (Ganeomus

2170 1784 2290 1853 VII,
2324 1784 2425 1839 lib.
2458 1802 2521 1851 ιι,
2555 1784 2727 1856 epist.
2761 1783 2850 1855 45)
2878 1803 2889 1839 :
2947 1807 2973 1834 «
3007 1784 3278 1841 Officium
3329 1783 3819 1851 Simoniacorum,

2172 1878 2228 1928 et
2256 1875 2314 1929 in
2348 1873 2724 1930 fornicatione
2769 1873 3093 1944 jacentium
3145 1873 3395 1929 scientes
3452 1871 3615 1928 nullo
3647 1873 3819 1928 modo

2170 1963 2483 2035 recipiatis,
2563 1967 2618 2018 et
2673 1967 3006 2035 quantum.
3038 1962 3302 2035 potestis,
3382 1960 3530 2017 tales
3599 1961 3821 2018 sanctis

2169 2052 2458 2109 deservire
2506 2052 2801 2124 mysteriis
2824 2052 2900 2118 vi,
2932 2051 2981 2107 si
3013 2050 3352 2124 oportuerit,
3384 2049 3763 2123 prohibeatis,
3787 2070 3815 2103 ι

2166 2146 2276 2197 etc.

2241 2232 2414 2286 Porro
2449 2216 2521 2286 ad
2553 2230 2672 2286 haec
2705 2247 2830 2302 quae
2862 2229 2968 2285 tibi
2991 2228 3347 2302 syllogistice
3368 2228 3428 2283 in
3459 2228 3659 2284 eadem
3690 2228 3821 2300 epi-

2168 2319 2319 2376 stola
2347 2318 2797 2391 objiciuntur,id
2819 2322 2927 2386 est,
2963 2318 3011 2373 si
3031 2334 3243 2390 corpus
3260 2320 3313 2372 et
3331 2316 3577 2389 sanguis
3602 2316 3819 2373 Christi

2168 2426 2282 2466 non
2327 2413 2485 2474 sunt,
2516 2413 2574 2464 et
2603 2407 2719 2464 alia
2751 2425 2878 2479 qua:
2926 2406 3326 2479 prmdiximus,
3380 2405 3649 2477 proprias
3698 2422 3821 2461 non

2165 2499 2384 2556 habent
2411 2497 2645 2553 virtutis
2676 2495 3013 2570 dignitates,
3037 2495 3177 2568 quid
3214 2494 3523 2567 agentibus
3554 2495 3775 2550 obsunt
3802 2513 3816 2562 ;

2165 2588 2319 2660 quod
2352 2587 2399 2643 si
2419 2587 2655 2654 habent,
2690 2603 2793 2641 cur
2812 2588 3189 2658 spernuntur,
3224 2583 3411 2639 sicubi
3446 2584 3518 2639 ab
3569 2583 3821 2657 indigno

2163 2679 2630 2749 praesumuntur?
2658 2676 2742 2731 Ad
2774 2674 2916 2743 haec,
2950 2674 3214 2745 inquam,
3248 2672 3329 2727 ita
3359 2673 3813 2745 respondemus:

2164 2766 2436 2839 Proprias
2467 2765 2702 2837 quidem
2734 2764 2951 2819 habent
2970 2761 3203 2818 virtutis
3224 2760 3558 2835 dignitates,
3583 2765 3649 2817 ut
3669 2779 3822 2834 prae-

2164 2855 2319 2910 fatus
2339 2853 2704 2926 Augustinus
2734 2853 2813 2909 ait
2842 2869 3021 2925 super
3049 2851 3337 2908 Joannem
3370 2854 3570 2907 contra
3621 2851 3818 2906 Dona-

2162 2944 2354 3012 tistas,
2388 2945 2488 2999 sed
2522 2943 2831 3015 agentibus
2861 2941 2949 2998 vel
2983 2939 3441 3013 suscipientibus
3472 2940 3674 2995 eadem
3719 2956 3818 2995 sa~

2163 3038 2464 3089 cramenta
2491 3038 2694 3088 contra
2723 3031 3095 3104 prafatorum
3128 3029 3469 3102 pontificum
3516 3028 3815 3096 instituta,

2167 3122 2278 3194 (52)
2312 3121 2422 3177 nisi
2457 3122 2601 3177 forte
2633 3119 2757 3176 sola
2788 3124 2975 3175 morte
3016 3118 3456 3184 interveniente,
3511 3119 3709 3188 utpote
3742 3133 3819 3171 ne

409 3182 618 3280 (ιῐαιιιι.
653 3206 727 3278 ν),
757 3182 990 3262 cumTeo
1010 3204 1112 3277 qui
1142 3208 1197 3261 te
1211 3182 2052 3277 angariaverituno—milliario,
2086 3182 2129 3249 C
2167 3182 2294 3267 sine
2324 3211 2675 3283 baptismate
2708 3209 2795 3264 vel
2828 3207 3240 3264 communione
3262 3182 3507 3278 quilibet
3535 3182 3820 3261 humanis

407 3294 525 3354 alia
557 3296 673 3351 duo
704 3293 1009 3351 ambulare
1037 3292 1269 3360 debere,
1301 3293 1609 3349 etreddere
1631 3310 1757 3366 quae
1790 3293 2055 3349 suntEa-

408 3385 559 3443 saris
589 3384 820 3452 Caesari,
857 3387 912 3439 et
942 3400 1069 3456 quae
1093 3386 1232 3438 sunt
1261 3382 1363 3438 Dei
1410 3381 1546 3438 Deo.
1602 3382 1741 3439 Item
1774 3382 2052 3457 Hierony-

408 3492 542 3532 mus
573 3490 749 3546 super
779 3471 1026 3545 epistola
1042 3472 1113 3527 ad
1145 3470 1549 3542 Philippenses
1575 3489 1586 3527 :
1622 3495 1648 3522 ‹‹
1685 3472 1745 3527 Si
1777 3472 2052 3528 dominus

406 3581 476 3621 ea
497 3564 669 3634 jubet
694 3578 822 3633 quae
855 3577 967 3615 non
1000 3564 1137 3615 sunt
1168 3560 1408 3615 adversa
1447 3560 1764 3633 Scripturis
1809 3562 2049 3629 sanctis,

407 3650 755 3722 subjiciatur
781 3647 1020 3705 domino
1048 3664 1249 3702 servus
1274 3666 1286 3715 ;
1321 3647 1371 3703 si
1401 3665 1534 3704 vero
1565 3649 1859 3705 contraria
1908 3668 2050 3722 pra:-

406 3736 764 3812 cipit,magis
777 3736 1010 3793 obediat
1020 3735 1263 3807 spiritus
1277 3752 1452 3807 quam
1479 3738 1739 3808 corporis
1755 3739 2050 3806 domino,»

407 3832 465 3886 et
484 3827 675 3884 infra:
708 3849 735 3878 «
768 3825 829 3883 Si
858 3825 1079 3881 bonum
1111 3828 1199 3880 est
1228 3825 1383 3897 quod
1414 3825 1675 3897 praecipit
1717 3826 2049 3899 imperator,

398 3917 665 3993 jubentis
719 3930 1032 3988 exsequere
1080 3913 1478 3982 voluntatem;
1539 3915 1587 3969 si
1647 3914 1891 3985 malum,
1958 3936 2051 3974 re-

406 4008 731 4081 spondere:
762 4004 994 4066 Obedire
1022 4006 1225 4077 oportet
1254 4004 1357 4060 Deo
1390 4005 1565 4075 magis
1595 4020 1760 4075 quam
1807 4006 2021 4062 homini
2032 4037 2052 4048 -

410 4099 507 4155 bus
537 4097 673 4169 (Act.
702 4096 780 4169 v).
815 4116 843 4145 ››
1360 4163 1365 4167 _

475 4187 563 4243 Ad
592 4186 703 4242 hoc
730 4200 864 4240 vero
896 4182 1049 4255 quod
1072 4181 1451 4255 subjungitur
1474 4182 1529 4236 in
1562 4182 1766 4239 eadem
1787 4182 2051 4255 epistola,

409 4277 469 4332 id
499 4279 619 4331 est:
651 4266 858 4329 Utrum
888 4271 966 4327 sit
994 4270 1276 4327 utendum
1322 4270 1788 4327 ordinationibus
1835 4276 1891 4327 et
1920 4273 2052 4328 reli-

410 4364 545 4438 quis
594 4360 996 4430 sacramentis,
1057 4358 1453 4415 acriminosis
1511 4359 1805 4427 exhibitis,
1868 4367 1933 4416 ut
1981 4361 2054 4416 ab

411 4450 716 4520 adulteris,
770 4448 860 4505 Vel
917 4446 1453 4505 sanctimonialium
1511 4447 1906 4516 violatoribus,
1966 4448 2054 4504 vcl

2164 3302 2341 3356 rebus
2373 3300 2645 3356 excedat:
2681 3297 2785 3366 eis,
2810 3296 3077 3370 inquam,
3112 3296 3171 3350 in
3200 3298 3430 3351 tantum
3463 3295 3699 3361 obsunt,
3746 3296 3816 3349 ut

2161 3389 2279 3445 veri
2307 3387 2626 3444 idololatrae
2656 3386 2794 3453 sint,
2828 3403 2961 3442 cum
2984 3385 3201 3441 talibus
3218 3387 3275 3440 et
3298 3383 3739 3440 ordinationum
3756 3386 3820 3438 et

2164 3482 2664 3535 sacramentorum
2695 3476 2998 3540 confectio,
3030 3478 3087 3529 et
3117 3473 3285 3528 aliter
3315 3490 3494 3544 quam
3542 3471 3815 3544 praemis-

2163 3585 2296 3623 sum
2323 3570 2413 3623 est
2440 3550 2691 3623 scienter
2714 3563 3027 3635 susceptio,
3089 3561 3461 3616 vehementer
3500 3577 3534 3615 a
3591 3561 3818 3616 sanctis

2161 3656 2484 3713 canonibus
2516 3652 2908 3726 prohibeatur.
2967 3649 3062 3704 Ait
3093 3664 3345 3719 namque
3404 3646 3641 3703 Samuel
3686 3666 3819 3721 pro-

2104 3742 2111 3749 ’
2162 3746 2373 3818 pheta:
2408 3744 2678 3811 Quoniam
2700 3741 2981 3811 peccatum
3018 3734 3338 3792 hariolaudi
3366 3743 3444 3790 est
3476 3752 3810 3806 repugnare,

2160 3843 2211 3891 et
2264 3833 2423 3905 quasi
2477 3830 2649 3885 scelus
2702 3826 2981 3883 idolatriae
3007 3825 3126 3880 noli
3181 3824 3517 3894 acquiescere
3574 3824 3620 3894 (ι
3678 3825 3812 3895 Reg.

2161 3926 2275 3993 xv).
2312 3922 2435 3975 llaec
2465 3918 2536 3973 de
2584 3915 2757 3971 malis
2805 3912 3107 3970 catholicis
3138 3913 3235 3985 qui
3281 3913 3437 3968 intra
3488 3910 3811 3969 Ecclesiam

2162 4014 2319 4066 sunt.
2348 4010 2629 4064 Gestarum
2661 4002 3172 4059 schismaticorum
3205 4006 3263 4058 et
3294 4000 3698 4057 haereticorum
3723 4018 3817 4059 sa-

2162 4101 2477 4162 cramenta,
2511 4093 2789 4166 quoniam
2813 4095 2977 4147 extra
2994 4090 3313 4147 Ecclesiam
3337 4095 3478 4146 sunt
3498 4091 3668 4162 juxta
3688 4107 3825 4145 san-

2163 4190 2386 4244 ctorum
2421 4184 2657 4239 Patrum
2689 4179 3054 4246 traditiones,
3074 4178 3297 4235 scilicet
3325 4178 3564 4253 Pelagii,
3600 4178 3824 4251 Grego-

2164 4274 2254 4343 rii,
2282 4269 2580 4346 Cypriani,
2593 4268 2926 4344 Augustini,
2944 4267 3298 4341 Hieronymi,
3317 4268 3563 4324 formam
3581 4265 3821 4339 quidem

2163 4366 2685 4425 sacramentorum,
2710 4375 2825 4414 non
2844 4363 3037 4413 autem
3058 4356 3290 4412 virtutis
3304 4357 3577 4412 effectum
3608 4354 3825 4411 habere

2166 4452 2529 4525 profitemur,
2562 4449 2675 4505 nisi
2709 4464 2842 4503 cum
2874 4446 3007 4519 ipsi,
3040 4446 3126 4503 vel
3176 4463 3379 4504 eorum
3429 4444 3821 4501 sacramentis

410 4537 785 4613 hujusmodi?
813 4537 886 4593 ad
916 4536 1046 4605 hoc,
1079 4535 1343 4607 inquam,
1378 4536 1462 4593 ita
1507 4537 1963 4609 respondemus:
1997 4538 2055 4593 Si
2085 4555 2132 4619 Ι)
2163 4540 2398 4609 initiati,
2432 4556 2534 4613 per
2564 4535 3272 4608 manusimposititionem
3289 4536 3361 4590 ad
3375 4532 3823 4591 catholicamre-

410 4620 726 4689 schismate
751 4625 839 4683 vel
884 4625 1089 4682 heresi
1114 4626 1186 4681 ab
1242 4625 1498 4683 Ecclesia
1540 4642 1655 4681 non
1688 4631 2052 4698 separantur,

408 4717 750 4778 eorumdem
779 4715 1269 4784 ordinationes,et
1298 4714 1524 4787 reliqua
1548 4719 1913 4771 sacramenta
1928 4733 2060 4771 san-

409 4814 503 4867 cta
531 4811 588 4865 et
616 4805 943 4864 veneranda
972 4822 1087 4861 non
1109 4819 1418 4877 negamus,
1460 4808 1769 4876 sequentes
1821 4805 2057 4863 beatum

407 4896 830 4973 Augustinum,
864 4893 964 4967 qui
986 4892 1458 4966 superJoannem
1480 4893 1552 4947 de
1582 4892 1922 4965 hujusmodi
1939 4897 2056 4950 tam

408 4988 643 5061 copiose
675 5000 853 5059 quam
878 4983 1158 5040 veraciter
1188 4980 1484 5037 disseruit.
1525 4981 1619 5036 Ait
1657 4981 1850 5037 enim:
1888 5005 1914 5033 ‹‹
1950 4982 2056 5038 Ba-

410 5076 590 5150 ptizet
618 5091 822 5132 servus
854 5074 1068 5142 bonus,
1101 5070 1222 5127 sive
1253 5086 1455 5125 servus
1503 5069 1717 5138 malus,
1754 5088 1866 5125 non
1912 5072 2059 5129 sciat

414 5181 476 5221 se
505 5164 603 5220 ille
628 5164 730 5237 qui
761 5162 1088 5236 baptizatur
1117 5157 1398 5232 baptizari
1431 5159 1502 5213 ab
1535 5175 1599 5213 eo
1649 5159 1745 5230 qui
1799 5176 1913 5214 non
1945 5160 2059 5216 sibi

413 5252 608 5311 renuit
659 5250 993 5325 baptizandi
1054 5251 1443 5322 potestatem;
1480 5270 1507 5296 ››
1567 5251 1624 5302 et
1681 5247 1852 5319 paulo
1884 5252 2052 5320 pust:

414 5363 441 5391 ‹‹
478 5340 602 5397 Non
620 5339 854 5397 horreat
868 5339 1140 5396 columba
1155 5334 1544 5393 ministerium
1564 5334 1851 5391 malorum
1875 5337 2054 5409 respi-

414 5428 531 5485 ciat
560 5429 790 5485 Domini
803 5433 1168 5502 potestatem.
1185 5425 1245 5484 Si
1261 5425 1436 5482 fuerit
1447 5424 1735 5497 superbus
1766 5424 2055 5483 minister.

485 5534 604 5606 (52),
629 5533 752 5589 Nisi
808 5534 869 5590 in
925 5552 1064 5591 casu
1122 5532 1491 5590 necessitatis
1522 5531 1685 5597 «Qui
1728 5548 1762 5586 a
1818 5533 2056 5606 praeciso

414 5603 637 5678 acoepit
693 5611 1126 5661 sacramentum
1184 5610 1344 5662 extra
1409 5619 1610 5660 casum
1670 5603 2054 5675 necessitatis,

2167 4630 2381 4687 dierint
2406 4628 2712 4684 unitatem.

2237 4716 2548 4773 Sciendum
2578 4731 2710 4769 vero
2759 4718 2848 4769 est
2892 4713 3049 4784 quod
3090 4728 3344 4768 canones
3397 4708 3822 4784 apostolorum,

2167 4823 2418 4879 quorum
2450 4803 2797 4860 auctoritate
2829 4799 3138 4857 Orientalis
3170 4804 3227 4857 et
3256 4818 3324 4857 ex
3353 4802 3516 4872 parte
3556 4798 3823 4854 Romana

2167 4895 2370 4950 unitur
2398 4890 2674 4959 Ecclesia,
2726 4894 2784 4946 et
2811 4889 3062 4962 insignis
3111 4895 3335 4961 martyr
3381 4887 3728 4962 Cyprianus,
3758 4890 3821 4942 et

2166 4981 2461 5056 octoginta
2491 4980 2746 5053 episc0pi
2768 4996 2903 5035 cum
2917 4979 3120 5035 eodem
3133 4978 3498 5052 baptismum
3515 4974 3820 5033 heretico-

2166 5089 2297 5127 rum
2318 5070 2614 5146 lavacrum
2645 5067 2861 5123 diaboli
2893 5067 3212 5140 appellant.
3249 5067 3582 5140 Stephanus
3611 5080 3744 5120 vero
3761 5067 3822 5119 et

2167 5159 2467 5216 Cornelius
2501 5162 2783 5229 martyres
2813 5160 2870 5213 et
2900 5158 3204 5229 pontifices
3238 5155 3503 5223 Romani,
3557 5159 3614 5211 et
3644 5168 3816 5209 vene-

2167 5249 2369 5305 rabilis
2400 5247 2767 5317 Augustinus
2797 5245 2855 5300 in
2888 5245 3035 5301 libro
3059 5251 3136 5302 De
3163 5245 3514 5319 baptismate
3545 5241 3819 5299 eumdem

2165 5336 2541 5410 Cyprianum,
2573 5339 2630 5391 et
2660 5334 2928 5407 prmfatos
2958 5335 3264 5408 episcopos
3286 5334 3438 5391 hanc
3470 5333 3546 5388 ob
3576 5345 3818 5388 causam

2166 5426 2536 5482 vehementer
2589 5424 2969 5496 redarguunt,
3025 5424 3392 5481 afﬁrmantes
3453 5420 3819 5495 baptismum

2166 5537 2383 5605 peccat,
2419 5548 2531 5605 non
2564 5531 2702 5587 item
2727 5530 2893 5605 quia
2921 5530 3093 5587 malo.
3116 5554 3154 5605 Δ››
3199 5533 3411 5602 (Tuom,
3445 5547 3502 5603 p.
3546 5546 3628 5596 ιιι,
3672 5543 3728 5598 q.
3761 5527 3818 5588 6,

2171 5602 2279 5661 art.
2312 5606 2346 5660 6
2380 5604 2452 5659 ad
2484 5605 2556 5671 2;
2583 5608 2637 5658 et
2669 5618 2724 5673 q.
2757 5602 2792 5655 6
2819 5603 2876 5668 7,
2910 5607 3019 5658 art.
3050 5603 3128 5673 2.)

3705 314 3845 381 533
3932 402 3935 403 ί
