4004 6162
133 360 256 429 833

1315 365 1723 433 EPISTOLIE
1764 367 1866 430 ΕΤ
1908 366 2374 433 PRIVILEGIA.

3429 364 3547 428 534

133 495 622 559 εἰγθαιιιιωιιθιίοο
653 498 774 560 sive
805 497 1180 561 schismatieo
1204 502 1602 561 ecclesiastico
1625 518 1786 560 more
1815 504 1869 571 Α
1900 503 2211 577 iniquitate
2233 508 2563 579 cognoscat,
2596 507 2773 579 atque
2802 520 2837 562 a
2877 498 3280 562 sacratissimo
3310 516 3549 575 corpore

133 589 492 646 celebratum
548 595 740 648 ratum
791 608 958 662 esse;
991 598 1049 649 et
1096 592 1324 662 merito,
1375 592 1514 666 quia
1567 590 1681 649 alia
1726 593 1786 647 in

130 678 453 751 baptismo,
480 683 539 735 et
558 677 673 734 alia
692 679 752 735 in
777 680 1022 754 reliquis
1046 680 1429 738 sacramentis
1450 681 1788 738 considera-

128 767 210 823 tio
241 770 360 823 est:
385 767 603 841 quippe
639 786 776 826 cum
823 774 880 825 et
909 771 1113 825 ordine
1152 771 1310 843 prior
1340 774 1395 825 et
1425 770 1788 825 necessarior

130 856 248 924 sit;
280 858 475 914 subito
500 857 658 913 enim
681 859 969 915 morituro
999 860 1165 932 prius
1197 859 1573 931 baptismate,
1606 875 1785 930 quam

128 945 420 1002 Dominici
444 946 703 1017 corporis
715 949 1125 1004 communione
1137 947 1225 1004 vel
1252 948 1386 1003 aliis
1403 947 1786 1003 sacramentis

128 1034 478 1091 consulitur.
512 1036 581 1091 Et
609 1036 750 1092 dum
781 1037 934 1092 forte
964 1035 1289 1093 catholicus
1320 1053 1434 1092 non
1466 1035 1781 1101 invenitur,

130 1122 323 1179 satius
344 1128 434 1179 est
474 1124 547 1179 ab
578 1123 851 1180 haretico
898 1124 1177 1198 baptismi
1216 1128 1652 1181 sacramentum
1684 1141 1784 1180 su-

130 1228 294 1268 mere
322 1229 500 1285 quam
531 1213 592 1268 in
640 1217 923 1270 mternum
974 1214 1182 1287 perire.
1234 1215 1304 1269 Et
1351 1213 1504 1269 hanc
1553 1217 1785 1270 senten-

127 1300 278 1358 tiam
309 1302 782 1375 praescriptorum
814 1303 1156 1376 pontiﬁcum
1189 1301 1784 1375 Cornelii,Stephani,

126 1394 185 1446 et
239 1389 576 1463 Augustini,
626 1391 812 1447 secuti
867 1395 1007 1448 sunt
1060 1391 1453 1458 Innocentius,
1515 1390 1784 1457 Siricius,

128 1478 265 1545 Leo,
298 1479 647 1536 Anastasius
690 1485 749 1536 et
805 1497 1058 1555 magnus
1112 1480 1453 1553 Gregorius,
1486 1484 1546 1535 et
1593 1479 1787 1536 omnis

125 1566 391 1624 Ecclesia
443 1567 750 1625 catholica.
812 1570 883 1625 Et
927 1569 1206 1643 quoniam
1264 1568 1595 1641 epistolaris
1656 1569 1785 1624 bre-

127 1656 284 1712 vitas
340 1656 662 1729 propositis
720 1657 827 1713 tibi
887 1658 1315 1731 quaastionibus
1363 1656 1611 1713 fortasse
1670 1673 1786 1713 non

128 1744 374 1810 sufﬁcit,
412 1745 754 1802 eorumdem
814 1747 1205 1802 temeritatem
1266 1746 1340 1802 ad
1390 1747 1589 1802 sedem
1648 1762 1785 1818 apo-

128 1832 403 1890 stolicam
452 1832 861 1891 instruendam
913 1835 1100 1903 mitte,
1148 1839 1269 1903 aut,
1312 1836 1484 1907 juxta
1539 1839 1787 1907 Aposto-

127 1922 280 1992 lum,
310 1924 483 1979 veluti
509 1939 666 1982 sanae
708 1924 971 1981 dortrinae
1012 1925 1392 1980 adversarium
1436 1933 1557 1996 post
1597 1940 1787 1979 secun-

126 2011 257 2067 dam
300 2014 350 2067 et
400 2014 631 2085 tertiam
684 2015 1080 2085 correptionem
1133 2013 1316 2069 devita
1372 2014 1494 2085 (Tit.
1542 2014 1647 2084 ιιι).
1699 2014 1787 2068 Tu

126 2117 263 2156 vero
296 2104 422 2156 esto
451 2100 645 2157 ﬁdelis
677 2118 864 2174 usque
895 2102 967 2159 ad
999 2106 1270 2169 mortem,
1303 2106 1369 2157 ut
1393 2101 1680 2174 percipias
1702 2118 1789 2156 co-

133 2205 342 2245 ronam
374 2189 526 2245 vitae.

205 2278 350 2334 Data
382 2278 598 2334 Romae.

800 2392 1127 2451 CCLXXIV.

135 2481 390 2556 Urbanus
418 2481 662 2556 ecclesia
687 2481 1081 2556 8.7Trinitatis.
1114 2485 1173 2539 in
1223 2484 1335 2539 loco
1370 2485 1465 2556 qui
1488 2485 1632 2540 Pons
1663 2483 1789 2539 Gui-

200 2553 376 2608 niuti
412 2554 641 2620 dicitur,
671 2555 965 2625 privilegia
1014 2557 1273 2619 instituit,
1306 2553 1391 2611 ea'
1430 2556 1547 2624 lege
1600 2565 1658 2611 ut
1685 2556 1789 2611 cle-

202 2626 309 2679 rici
334 2647 367 2699 _«
400 2624 817 2699 Mediolauensis
849 2624 1074 2699 monetae
1121 2643 1372 2681 nummos
1413 2642 1509 2682 sex
1557 2635 1790 2699 quatuor

202 2697 368 2750 armis
397 2697 760 2752 Lateranensi
782 2698 996 2769 palatio
1022 2698 1356 2769 persolvant.
1396 2721 1424 2747 ››

617 2786 804 2855 (Intra
832 2802 926 2840 an.
964 2784 1318 2857 4088-4099.)

350 2872 712 2944 [Munxronn
745 2874 865 2929 Rer.
902 2874 1027 2929 Ital.
1072 2874 1291 2946 Script.,
1324 2877 1394 2941 V,
1426 2874 1573 2946 479.]

211 2988 492 3045 Uanmus
520 2989 851 3062 episcopus,
887 3005 1090 3046 servus
1121 3006 1421 3046 servorum
1453 2990 1790 3056 Dei,dilecto

140 3076 260 3133 ﬁlio
296 3081 611 3143 LIPRANDO,
645 3082 754 3134 etc.

206 3165 543 3221 Statuimus
574 3165 876 3223 ecclesiam
910 3166 1074 3222 illam
1107 3184 1238 3223 cum
1274 3167 1568 3240 praediolo,
1596 3168 1653 3222 in
1674 3185 1789 3240 quo

136 3254 384 3309 fundata
412 3259 504 3310 est
537 3298 550 3309 .

133 3342 422 3416 largiente
441 3342 655 3400 collata
684 3344 921 3410 fuerint,
956 3346 1027 3401 ab
1060 3346 1222 3401 omni
1263 3345 1527 3401 saeculari
1556 3345 1791 3417 opposi-

134 3431 292 3487 tione
315 3433 578 3504 quietam
601 3437 879 3505 perpetuo
908 3449 1165 3500 manere,
1185 3439 1243 3489 et
1267 3433 1533 3489 liberam.
1557 3433 1791 3489 Clericis

132 3536 268 3576 vero
317 3520 398 3575 ibi
445 3521 688 3577 victuris
744 3520 969 3577 vivendi
1021 3522 1367 3594 regulariter
1414 3524 1792 3579 concedimus

135 3609 500 3675 facultatem,
532 3626 750 3682 eosque
781 3610 1154 3667 decernimus
1182 3616 1301 3666 tam
1340 3611 1606 3684 pr0prias
1637 3611 1792 3667 ordi-

140 3698 432 3766 nationes,
466 3715 644 3770 quam
677 3699 952 3754 altarium
985 3703 1041 3754 et
1079 3699 1459 3755 ecclesiarum
1491 3716 1794 3756 consecra-

138 3787 352 3854 tiones,
386 3791 849 3860 casterorumque
886 3788 1041 3843 dona
1070 3793 1570 3844 sacramentorum
1620 3805 1656 3844 a
1684 3789 1797 3844 Me-

145 3874 476 3931 diolanensi
512 3874 949 3948 archiepiscopo
1000 3877 1320 3948 suscipere,
1353 3876 1401 3932 si
1435 3875 1670 3948 quidem
1703 3892 1795 3931 ca-

142 3963 401 4018 tholicus
437 3963 696 4030 fuerit,et
715 3964 1188 4020 communionem
1214 3982 1279 4020 ac
1300 3964 1544 4037 gratiam
1574 3969 1800 4037 aposto-

144 4050 265 4107 lica:
288 4051 452 4107 sedis
472 4051 764 4121 habuerit,
798 4058 855 4108 et
885 4053 933 4109 si
965 4069 1034 4108 ea
1064 4052 1248 4126 gratis
1279 4057 1336 4107 et
1366 4069 1482 4108 non
1515 4052 1800 4125 pravitate

144 4139 489 4205 indulserit,
524 4140 670 4196 alias
701 4146 895 4197 autem
944 4141 1197 4197 liberum
1240 4142 1326 4197 eis
1381 4141 1691 4197 arbitrium
1725 4140 1804 4196 sit

146 4231 515 4283 sacramenta
537 4229 740 4284 eadem
765 4229 1064 4301 suscipere
1085 4248 1119 4285 a
1141 4246 1494 4302 quocunque
1513 4229 1804 4285 voluerint

145 4315 436 4371 catholico
466 4317 758 4389 episcopo.
792 4318 1173 4374 Decernimus
1210 4335 1347 4391 ergo
1380 4323 1444 4373 ut
1474 4333 1662 4388 neque
1694 4318 1804 4373 Me-

147 4403 473 4460 diolanensi
534 4405 993 4478 archiepiscopo,
1019 4422 1210 4477 neque
1259 4405 1432 4461 alicui
1482 4406 1803 4461 viventium

150 4491 323 4548 liceat
349 4493 617 4549 eamdem
663 4493 993 4560 ecclesiam,
1027 4498 1083 4548 et
1141 4494 1350 4550 fratres
1381 4493 1479 4565 qui
1539 4493 1660 4549 illic
1690 4494 1805 4549 Deo

149 4580 479 4642 servierint.
511 4582 773 4652 quolibet
795 4581 1122 4638 occasionis
1150 4583 1296 4655 jugo
1318 4582 1665 4653 deprimere.
1702 4586 1805 4637 aut
1842 4603 1884 4666 υ

151 4669 306 4725 bona
335 4686 538 4725 eorum
569 4669 895 4727 distrahere
926 4676 983 4726 et
1000 4670 1125 4726 suis
1150 4671 1356 4726 usibus
1378 4669 1691 4743 applicare,
1716 4668 1805 4725 vel

149 4757 484 4813 temerariis
499 4759 903 4815 vexationibus
928 4759 1192 4831 fatigare,
1223 4759 1322 4814 sed
1355 4759 1553 4814 omnia
1584 4757 1808 4829 integre

152 4849 574 4901 conserventur
593 4847 778 4916 vobis,
811 4851 868 4902 et
899 4848 1342 4904 successoribus
1381 4846 1589 4903 vestris
1619 4846 1806 4901 omni-

153 4931 349 4986 modis
369 4931 695 5003 profutura,
729 4934 890 4990 salva
919 4936 1185 5006 ejusdem
1232 4934 1685 4990 Mediolanensis
1716 4951 1807 4989 ar-

151 5018 511 5091 chiepiscopi
534 5021 818 5079 catholica
835 5024 1177 5081 reverentia.
1193 5023 1276 5078 Ad
1313 5023 1596 5078 indicium
1615 5028 1811 5079 autem

154 5106 337 5179 hujus
355 5109 987 5182 perceptaalibertatisa
1017 5114 1280 5169 Romana
1305 5111 1563 5168 Ecclesia
1595 5111 1812 5167 Medio-

156 5194 421 5254 lanensis
454 5204 697 5255 moneta:
729 5218 1009 5257 nummos
1039 5218 1143 5257 sex
1175 5204 1426 5272 quatuor
1455 5199 1626 5256 annis
1649 5201 1813 5256 Late-

159 5286 395 5341 ranensi
422 5285 640 5358 palatio
693 5289 1110 5360 persolveritis.
1146 5291 1204 5346 Si
1239 5307 1356 5361 qua
1386 5288 1563 5362 igitur
1594 5290 1652 5343 in
1686 5306 1815 5344 cra-

162 5370 388 5427 stinum
446 5374 846 5434 ecclesiastica
900 5377 1269 5434 saecularisve
1320 5394 1588 5450 persona,
1635 5377 1817 5448 hujus

163 5460 379 5516 decreti
411 5462 686 5535 paginam
719 5465 934 5532 sciens,
964 5469 1168 5521 contra
1198 5481 1328 5520 eam
1374 5469 1590 5519 temere
1620 5466 1818 5521 venire

163 5549 498 5619 tentaverit,
531 5552 837 5622 potestatis
882 5554 1240 5625 honorisque
1287 5552 1571 5624 dignitate
1601 5559 1817 5622 careat,

1893 597 1952 648 et
1994 594 2282 667 sanguine
2326 594 2537 650 Christi
2570 594 2669 650 Dei
2722 611 2787 650 ac
2849 594 3076 651 Domini
3142 590 3549 666 Redemptoris

1896 682 2080 738 nostri
2134 686 2273 739 Jesu
2330 683 2548 738 Christi
2625 682 2818 739 aliena
2874 684 2999 749 fiat,
3054 687 3111 737 et
3171 683 3230 737 in
3289 686 3547 737 extremo

1894 772 2158 827 examine
2183 770 2459 827 districtaa
2482 771 2690 827 ultioni
2735 772 3055 843 subjaceat.
3081 770 3317 826 Cunctis
3350 774 3547 826 autem

1895 860 2083 916 eidem
2117 859 2241 915 loco
2263 860 2431 930 justa
2453 860 2842 916 servientibus
2872 860 2949 916 sit
2970 877 3081 932 pax
3104 858 3331 915 Domini
3358 858 3548 915 nostri

1894 949 2033 1005 Jesu
2065 948 2300 1012 Christi.
2326 953 2617 1022 quatenus
2644 954 2701 1004 et
2730 949 2826 1004 hic
2859 949 3085 1004 fructus
3106 949 3270 1003 bona:
3302 946 3556 1003 actionis

1895 1038 2239 1111 percipiant,
2272 1043 2329 1093 et
2385 1038 2539 1109 apud
2598 1038 2937 1094 districtum
2981 1036 3244 1109 judicem
3301 1036 3550 1108 praemia

1896 1131 2122 1183 eternas
2166 1126 2327 1199 pacis
2356 1125 2677 1181 inveniant.
2700 1131 2906 1182 Amen.

2572 1242 2869 1298 CCLXXV.

1899 1331 2146 1389 Urbanus
2171 1348 2320 1404 papa
2369 1333 2425 1386 in
2490 1331 2720 1403 epistola
2756 1331 2826 1387 ad
2872 1331 3140 1404 populum
3188 1329 3241 1384 S.
3282 1329 3549 1385 Vincentii

2294 1402 2672 1458 Vulturn'eusis
2694 1405 2861 1475 juxta
2876 1402 3148 1474 Capuam.

2368 1492 2547 1564 (Intra
2578 1508 2672 1547 an.
2709 1491 3064 1562 1088-4099.)

2316 1581 2551 1653 [MANSI,
2587 1580 2788 1637 Concil.
2826 1581 2943 1649 XX,
2974 1580 3127 1650 714.)

1966 1671 2023 1726 Si
2055 1669 2301 1727 adulteri
2332 1669 2415 1725 vel
2440 1668 2584 1724 alias
2607 1668 2906 1725 criminosi
2932 1667 3135 1723 haeresi
3154 1666 3241 1721 vel
3263 1666 3548 1722 schisma-

1895 1763 1973 1827 te,
1995 1760 2052 1815 id
2077 1763 2165 1815 est
2182 1758 2521 1831 praecisione
2539 1758 2629 1814 vel
2651 1757 3016 1830 depositione
3047 1756 3120 1812 ab
3141 1755 3402 1811 Ecclesia
3429 1771 3545 1810 non

1898 1850 2642 1923 separantur.sacramenta
2662 1863 2864 1903 eorum
2879 1849 3084 1902 sancta
3096 1860 3212 1900 non
3236 1859 3544 1917 negamus,

1898 1938 1982 1994 sic
2004 1937 2400 2011 Augustinum
2419 1936 2858 2009 sequentes;sed
2886 1935 3341 2007 prmdecessores
3362 1931 3547 1987 nostri

1898 2026 2211 2101 Gregorius
2227 2030 2283 2082 et
2302 2025 2575 2082 Nicolaus
2588 2043 2621 2081 a
2638 2025 2839 2080 missis
2852 2023 3060 2080 talium
3076 2022 3378 2097 abstinere
3404 2038 3549 2093 prae—

1897 2119 2198 2189 ceperunt,
2230 2119 2295 2171 ut
2318 2114 2425 2170 hoc
2456 2119 2675 2169 terrore
2705 2117 2763 2169 et
2806 2112 3083 2185 peccandi
3114 2111 3409 2166 licentiam
3442 2126 3547 2164 cae-

1894 2205 2038 2261 teris
2069 2204 2383 2270 auferrent,
2410 2207 2467 2258 et
2496 2203 2656 2274 ipsos
2687 2203 2898 2257 rubore
2919 2200 3012 2257 sui
3070 2203 3445 2271 contemptus
3474 2199 3545 2253 ad

1897 2294 2078 2367 digna
2106 2291 2461 2365 poenitentia:
2489 2290 2749 2347 lamenta
2773 2292 3129 2346 revocarent.
3408 2301 3438 2327 '

1968 2385 2033 2438 Et
2057 2389 2176 2455 post
2202 2380 2475 2436 modicum
2499 2397 2517 2434 :
2550 2379 2818 2451 Proprias
2848 2378 3069 2434 habent
3090 2376 3543 2432 criminosorum

1899 2474 2267 2528 sacramenta
2283 2468 2515 2524 virtutis
2538 2468 2946 2540 dignitates,ut
2959 2466 3166 2533 beatus
3181 2465 3545 2536 Augustinus

1897 2577 2075 2632 super
2101 2560 2385 2615 Joannem
2409 2559 2612 2612 contra
2632 2554 2967 2610 Donatistae
2989 2554 3089 2621 ait;
3110 2553 3209 2609 sed
3233 2552 3546 2624 agentibus

1897 2654 1955 2705 et
1973 2646 2431 2720 suscipientibus
2452 2645 2653 2700 eadem
2678 2645 3045 2700 sacramenta
3075 2645 3277 2697 contra
3323 2643 3549 2696 sancto-

1897 2754 2029 2793 rum
2056 2735 2398 2809 pontificum
2434 2733 2723 2797 instituta,
2749 2730 2863 2799 nisi
2899 2732 3044 2786 forte
3075 2729 3199 2786 sola
3236 2732 3421 2784 morte
3451 2727 3547 2783 in-

1896 2825 2489 2895 terveniente,utpote
2520 2838 2591 2877 ne
2622 2821 2747 2877 sine
2776 2819 3129 2892 baptismate
3163 2816 3252 2874 vel
3283 2833 3545 2873 commu-

1897 2916 2072 2972 nione
2098 2912 2363 2986 quilibet,
2387 2910 2662 2966 humanis
2684 2910 2861 2965 rebus
2882 2909 3138 2973 excedat,
3163 2907 3247 2962 eis
3278 2906 3543 2978 inquam,

1897 3004 1956 3059 in
1986 3007 2213 3059 tantum
2248 3001 2484 3065 obsunt,
2511 3002 2576 3053 ut
2605 2997 2721 3053 veri
2753 2996 3069 3053 idololatrae
3103 2996 3383 3063 sint,cum
3414 2994 3546 3049 tali-

1899 3094 2010 3148 bus
2041 3096 2097 3147 et
2124 3088 2580 3154 ordinationum,
2615 3091 2672 3142 et
2702 3089 3205 3141 sacramentorum
3237 3081 3546 3149 confectio,

1899 3186 1957 3238 et
1987 3180 2154 3237 aliter
2182 3194 2357 3251 quam
2403 3175 2771 3249 prmmissum
2822 3169 3549 3243 susceptio,,vehementer

598 3297 610 3309 .
656 3297 668 3310 .
700 3254 788 3311 vel
822 3272 925 3327 per
944 3255 1090 3312 alios
1127 3239 1328 3313 ﬁdeles
1378 3257 1494 3312 illic
1542 3239 1788 3313 Domino
1819 3239 1862 3305 (ἶ
1901 3288 1935 3327 ο,
1965 3269 2147 3325 sacris
2179 3239 2486 3323 6rdinibus
2516 3263 2955 3337 prohibeantur.

1971 3360 2103 3414 Item
2127 3363 2246 3428 post
2271 3369 2445 3425 pauca
2469 3370 2487 3406 :
2519 3353 2649 3407 Haec
2681 3350 2751 3405 de
2767 3348 2939 3404 malis
2953 3345 3256 3404 catholicis
3274 3345 3374 3418 qui
3396 3344 3549 3407 intra

1900 3446 2216 3503 Ecclesiam
2248 3447 2406 3498 sunt.
2431 3445 2709 3495 Cazterum
2743 3434 3253 3494 schismaticorum
3287 3436 3345 3489 et
3373 3432 3551 3487 haere-

1900 3535 2148 3591 ticorum
2171 3534 2541 3588 sacramenta
2563 3527 2839 3600 quoniam
2863 3530 3025 3582 extra
3049 3529 3207 3591 sunt,
3215 3524 3385 3595 juxta
3414 3538 3547 3577 san-

1902 3630 2129 3680 ctorum
2162 3622 2400 3677 Patrum
2452 3617 2817 3684 traditiones,
2872 3613 3086 3687 Pelagii
3135 3612 3375 3680 scilicet,
3410 3612 3547 3668 Gre-

1904 3711 2073 3786 gorii,
2106 3709 2393 3783 Cypriani,
2428 3703 3126 3780 Augustini,Hieronymi,
3149 3704 3396 3758 formam
3421 3700 3551 3772 qui-

1904 3802 2039 3857 dem
2073 3801 2593 3861 sacramentorum,
2627 3812 2742 3850 non
2776 3798 2970 3849 autem
3011 3791 3247 3846 virtutis
3281 3790 3552 3845 effectum

1907 3889 2119 3944 habere
2150 3887 2512 3958 profitemur,
2548 3883 2659 3938 nisi
2687 3900 2820 3938 cum
2856 3881 2967 3953 ipsi
3011 3878 3096 3934 vel
3129 3894 3333 3933 eorum
3365 3893 3556 3932 sacra-

1909 3977 2122 4032 mentis
2151 3973 2362 4029 initiati
2396 3988 2498 4043 per
2518 3989 2731 4027 manus
2776 3969 3210 4042 impositionem
3243 3966 3313 4021 ad
3366 3965 3559 4019 catho-

1911 4065 2084 4120 licam
2113 4062 2412 4118 veritatem
2446 4058 2745 4115 redierint.

2567 4172 2899 4229 DCLXXVI.

1915 4271 2163 4328 Urbanus
2194 4268 2243 4323 ΙΙ
2283 4265 2573 4339 permittit
2610 4271 2669 4339 ut
2700 4261 2960 4339 [cluiani
3001 4257 3446 4339 priucipisrﬁlia,
3480 4258 3563 4310 in-

1980 4341 2198 4413 fantuta
2230 4332 2513 4413 Rgiinahto.
2553 4334 2738 4413 Rodcti
2766 4334 2905 4413 ﬁtio,
2940 4333 3129 4413 inuitis
3180 4338 3353 4413 matre
3383 4332 3436 4384 et
3464 4344 3562 4400 pa-

1984 4402 2215 4476 rentela,
2246 4410 2589 4481 desponsata,
2621 4407 2725 4461 alii
2756 4402 2872 4461 viro
2900 4407 3133 4475 nuptum
3161 4402 3335 4458 detur.

2387 4497 2570 4568 (Intra
2601 4512 2693 4550 an.
2730 4491 3090 4563 10884090.)

2104 4589 2402 4658 [Gnarum
2437 4586 2666 4647 Derret.,
2704 4584 2764 4639 C.
2799 4598 2954 4647 xxxx,
2985 4598 3085 4653 qu.
3119 4582 3175 4646 5,
3210 4597 3259 4634 c.
3302 4578 3374 4649 1.]

1985 4674 2039 4729 Si
2104 4691 2299 4728 verum
2358 4689 2487 4727 esse
2543 4670 2891 4737 constiterit,
2948 4670 3101 4741 quod
3163 4668 3334 4723 nobis
3392 4663 3567 4736 legati

1914 4762 2191 4818 Jordanis
2223 4760 2505 4831 principis
2552 4759 2894 4823 retulerunt,
2929 4758 3172 4823 scilicet,
3234 4755 3389 4828 quod
3445 4753 3571 4825 ipse

1919 4855 2157 4907 coactus
2180 4856 2235 4903 et
2251 4848 2455 4904 dolens
2478 4846 2657 4901 filiam
2681 4863 2849 4901 suam
2872 4845 3223 4901 infantulam
3251 4843 3569 4905 nolentem,

1921 4940 2241 5002 ﬂentem,ot
2270 4953 2372 5007 pro
2402 4935 2626 4989 viribus
2659 4934 3026 5001 renitentem,
3052 4950 3168 4988 non
3203 4929 3574 4987 assentienti-

1921 5029 2055 5098 bus,
2088 5026 2189 5081 sed
2213 5023 2378 5079 valde
2410 5021 2747 5077 dolentibus
2774 5025 2957 5076 matre
2974 5025 3031 5076 et
3078 5016 3397 5091 parentela,
3423 5016 3571 5086 Ray-

1921 5112 2324 5181 naldo,Rodeli
2350 5106 3247 5180 filio,desponsaverit;quonium
3280 5118 3575 5159 canonum

1924 5210 1979 5261 et
2007 5204 2202 5277 legum
2236 5199 2552 5257 auctoritas
2583 5197 2725 5253 talia
2763 5197 3063 5270 sponsalia
3089 5196 3177 5266 (ut
3206 5192 3358 5247 infra
3387 5193 3578 5245 osten-

1924 5294 2106 5360 ditur)
2165 5308 2279 5346 non
2342 5289 2643 5362 approbat,
2704 5303 2776 5343 ne
2833 5283 3244 5359 ignorantibus
3302 5280 3461 5353 leges
3519 5282 3578 5333 et

1926 5397 2200 5447 canones,
2233 5377 2413 5434 nimis
2470 5377 2710 5444 durum,
2761 5374 2916 5448 quod
2974 5372 3250 5438 dicimus,
3285 5368 3575 5434 videatur,

1924 5470 2010 5525 ita
2039 5467 2392 5526 sententiam
2450 5469 2869 5536 temperamus,
2905 5467 2971 5519 ut
3006 5462 3055 5518 si
3117 5460 3390 5534 princeps
3443 5473 3578 5512 cum

1928 5559 2082 5624 tilias,
2117 5557 2346 5624 matris,
2371 5558 2428 5609 et
2460 5552 2767 5625 parentelze
2789 5551 3119 5620 assensu,id
3147 5549 3304 5623 quod
3325 5550 3579 5619 coeptum

166 5651 451 5708 reamque
482 5654 544 5694 se
575 5639 771 5698 divino
798 5642 1019 5713 judicio
1068 5641 1313 5698 existere
1370 5640 1441 5696 de
1490 5647 1821 5715 perpetrata
1928 5652 2037 5715 est,
2090 5646 2365 5719 perﬁcere
2422 5641 2686 5710 voluerit,
2748 5641 3161 5698 concedamus.
3222 5637 3323 5694 Sin
3383 5640 3580 5690 autem
