4004 6162
318 231 436 299 835

1617 236 1686 339 B_.
1733 237 2033 339 uanam
2074 236 2130 302 II
2173 237 2425 303 pars

3601 232 3730 297 536

322 347 551 444 legatus
582 371 778 427 noster
810 374 1090 446 utrasque
1138 378 1333 447 partes
1380 372 1617 442 audiat;
1648 332 1783 429 etsi
1815 332 1960 427 nihil
1988 372 2046 439 Α
2074 376 2284 429 sanctae
2344 375 2562 439 exorta,
2603 371 2704 429 sed
2753 372 3045 428 crescente
3094 364 3352 426 Ecclesia
3395 365 3525 440 jam
3572 382 3729 440 pene
3782 400 3783 407 η

324 458 499 517 fuerit
524 475 595 517 ex
622 463 788 532 parte
831 462 1153 533 supradicti
1199 461 1466 517 Rainaldi
1506 461 1782 533 amplius,
1806 461 1963 533 quod

320 545 624 621 impediat,
656 549 728 604 ab
755 548 885 622 ipso
912 550 1169 606 Jordane
1210 553 1667 617 sacramentum,
1697 550 1853 622 quod
1881 553 1965 605 ita

319 638 589 695 constent
616 635 761 706 haec,
794 640 861 691 ut
889 636 1043 693 dicta
1067 640 1226 707 sunt,
1259 637 1508 709 accipiat
1533 655 1546 705 ;
1580 641 1636 693 et
1666 654 1771 695 nos
1801 655 1967 693 cano-

323 740 467 783 num
498 742 564 781 ac
589 723 786 798 legum
818 724 966 781 scita
1009 729 1342 798 sequentes,
1375 725 1651 798 deinceps
1684 743 1800 783 non
1831 743 1963 798 pro-

320 812 614 879 bibemus,
646 811 789 885 quin
838 810 937 867 alii
968 813 1089 869 viro
1139 814 1190 870 si
1234 813 1501 881 voluerit,
1537 815 1814 887 praedicta
1845 814 1966 871 tilia

319 900 449 973 ejus
474 900 681 969 nubat,
714 903 948 957 tantum
981 900 1041 957 in
1070 902 1339 958 Domino.

968 990 1318 1047 CCLXXVII.

743 1077 909 1135 Aliud
946 1079 1152 1136 Urbani
1178 1081 1229 1136 II
1256 1080 1549 1136 decretum.

799 1167 980 1240 (Intra
1009 1185 1104 1224 an.
1140 1170 1495 1239 1088-1099.)

502 1252 803 1325 [Gnarum
837 1258 1140 1325 Decretum,
1174 1258 1233 1313 Ο.
1266 1274 1383 1328 ΧΙΧ,
1417 1274 1515 1330 qu.
1536 1261 1592 1325 2,
1629 1275 1679 1314 c.
1712 1259 1790 1330 3.]

397 1340 606 1398 Nullus
636 1344 947 1419 episcopus
978 1346 1218 1403 clericos
1249 1363 1408 1415 suos,
1435 1347 1550 1402 nisi
1582 1347 1969 1419 forte,quibus

324 1429 855 1488 ecclesiasticarum
885 1451 1081 1491 rerum
1112 1434 1470 1507 dispensatio
1501 1436 1817 1492 commissa
1847 1437 1970 1492 fuea

327 1518 424 1588 rit,
456 1518 571 1575 sibi
590 1520 793 1592 jurare
822 1523 1156 1595 compellat.

959 1612 1335 1670 CCLXXVIII.

745 1700 910 1756 Aliud
944 1702 1152 1759 Urbani
1175 1702 1226 1759 II
1251 1703 1541 1758 decretum.

808 1791 990 1860 (Intra
1021 1807 1116 1846 an.
1152 1791 1499 1862 1088-1099.)

757 1878 989 1949 [Massa
1022 1879 1224 1936 Concil.
1256 1879 1371 1948 XX,
1399 1879 1547 1947 744.]

403 1964 676 2022 Urbanus
705 1983 856 2039 papa
884 1969 1202 2037 secundus,
1226 1973 1383 2035 Duae,
1411 1968 1786 2042 inquit,leges
1813 1974 1973 2039 sunt,

333 2071 452 2111 una
479 2054 731 2127 publica,
764 2056 949 2113 altera
978 2058 1201 2130 privata
1226 2077 1239 2128 ;
1275 2058 1509 2131 publica
1546 2057 1636 2114 lex
1664 2064 1753 2115 est
1783 2076 1913 2132 quae
1942 2058 1976 2115 a

332 2143 551 2201 sanctis
582 2145 852 2201 Patribus
884 2147 1103 2219 scripta
1130 2152 1218 2205 est
1261 2148 1512 2216 firmata,
1549 2151 1613 2203 ut
1641 2152 1731 2204 est
1757 2147 1851 2205 lex
1880 2165 1974 2205 ca-

330 2249 711 2306 nonunyquaa
741 2233 981 2306 quidem
1001 2240 1238 2309 propter
1254 2239 1718 2309 transgressores
1740 2242 1830 2294 est
1857 2243 1975 2293 tra-

331 2321 635 2391 dita;verbi
655 2323 1168 2396 gratia,dccretum
1182 2329 1272 2381 est
1285 2324 1346 2380 in
1363 2326 1688 2382 canonibus
1699 2327 1973 2383 clericum

332 2426 448 2469 non
479 2410 689 2469 debere
721 2411 793 2468 de
835 2429 943 2468 suo
987 2413 1329 2487 episcopatu
1364 2415 1436 2470 ad
1479 2413 1662 2470 alium
1702 2415 1974 2483 transire,

333 2498 447 2556 nisi
478 2500 925 2557 commendatiis
956 2501 1167 2558 litteris
1215 2502 1472 2574 episcopi
1521 2503 1635 2570 sui,
1667 2504 1823 2575 quod
1852 2521 1981 2576 pro-

333 2591 461 2661 pter
476 2586 823 2645 criminosos
861 2589 946 2645 sic
971 2594 1258 2646 statutum
1289 2594 1397 2658 est,
1425 2606 1529 2645 nec
1554 2590 1979 2649 videlicetinfa—

335 2692 462 2733 mes
473 2677 545 2733 ab
566 2676 760 2750 aliquo
781 2678 1055 2751 episcopo
1089 2678 1490 2751 suscipiantur
1510 2696 1791 2751 personae.
1820 2680 1978 2737 Sole-

334 2765 480 2822 bant
498 2764 690 2823 ofﬁcia
734 2783 843 2822 sua
882 2783 1017 2823 cum
1051 2784 1167 2823 non
1210 2770 1479 2839 poterant
1527 2768 1584 2822 iu
1612 2785 1740 2839 suo,
1775 2769 1831 2825 in
1865 2769 1981 2842 epi-

337 2856 582 2925 scopatu
618 2851 799 2910 altero
842 2852 1154 2920 celebrare,
1189 2853 1344 2925 quod
1385 2854 1519 2925 jure
1566 2856 1891 2927 praeceptis,
1924 2860 1982 2911 et

337 2939 574 3014 scriptis
603 2941 953 2999 detestatum
986 2945 1097 2998 est.
1129 2941 1241 2996 Lex
1266 2957 1400 2997 vero
1426 2940 1671 3013 privata,
1704 2943 1862 3014 quod
1892 2943 1978 2998 in-

335 3029 619 3088 stinctum
646 3030 945 3088 estsancti
969 3028 1309 3103 Spiritus,in
1332 3031 1502 3086 corde
1524 3030 1980 3101 scribitur,sicut

335 3120 407 3176 de
425 3119 781 3192 quibusdam
802 3119 945 3176 dicit
963 3119 1403 3193 Apostolus,qui
1426 3118 1645 3175 habent
1664 3119 1850 3193 legem
1874 3121 1976 3177 Dei
2008 3107 2051 3175 C

332 3208 612 3282 scriptam
629 3209 689 3265 in
710 3208 985 3266 cordibus
1006 3209 1153 3278 suis,
1175 3212 1232 3264 et
1261 3208 1373 3264 sibi
1406 3212 1463 3264 et
1481 3207 1593 3281 ipsi
1620 3210 1807 3266 sancti
1840 3215 1977 3267 sunt

327 3295 508 3356 lex.Si
539 3296 671 3371 quis
701 3296 914 3355 horum
945 3296 1003 3352 in
1035 3294 1290 3353 Ecclesia
1309 3312 1418 3351 sua
1445 3296 1554 3350 sub
1573 3295 1846 3368 episcopo
1869 3313 1976 3352 suo

328 3386 633 3459 proprium
664 3386 895 3457 retinet,
926 3390 985 3442 et
1041 3384 1398 3441 sazculariter
1450 3383 1608 3452 vivit,
1642 3385 1692 3440 si
1739 3386 1976 3443 atﬂante

329 3474 552 3547 Spiritu
581 3478 783 3532 sancto
814 3475 874 3530 in
906 3473 1101 3545 aliquo
1134 3471 1491 3529 monasterio
1540 3489 1602 3529 se
1633 3472 1855 3529 salvare
1884 3490 1977 3529 vo-

328 3562 524 3631 luerit,
557 3563 699 3636 quia
726 3561 852 3636 lege
882 3563 1106 3634 privata
1144 3561 1397 3629 ducitur,
1432 3560 1594 3617 nulla
1624 3560 1769 3617 ratio
1800 3561 1978 3635 exigit

329 3654 396 3706 ut
425 3651 495 3707 ad
519 3648 758 3722 publica
785 3649 1150 3721 constringat
1170 3651 1259 3721 [f.,
1286 3654 1405 3705 uta
1430 3648 1664 3721 publica
1693 3650 1976 3705 constrin-

328 3739 559 3813 gatur];
590 3737 822 3812 dignior
849 3741 937 3795 est
966 3737 1123 3794 enim
1155 3738 1379 3812 privata
1402 3737 1492 3793 lex
1519 3754 1694 3810 quam
1716 3737 1970 3810 publica.

330 3825 583 3902 Spiritus
630 3825 867 3899 quidem
916 3826 1016 3883 Dei
1062 3826 1153 3884 lex
1183 3830 1292 3897 est,
1354 3829 1412 3881 et
1464 3825 1565 3898 qui
1620 3826 1840 3898 Spiritu
1872 3826 1973 3883 Dei

330 3919 608 3990 aguntur,
641 3915 769 3991 lege
792 3916 896 3974 Dei
928 3916 1247 3974 ducuntur.
1282 3916 1350 3971 Et
1382 3914 1515 3988 quis
1540 3920 1629 3971 est
1659 3916 1759 3988 qui
1790 3917 1978 3989 possit

314 3996 568 4078 Spiritui
602 4010 806 4062 sancto
833 4004 1009 4079 digne
1055 4005 1324 4062 resistere
1343 4006 1370 4060 ?
1400 4004 1681 4077 Quisquis
1702 4022 1839 4079 ergo
1863 4006 1974 4063 hoc

327 4094 554 4167 Spiritu
581 4094 835 4164 ducitur,
868 4098 926 4151 et
954 4094 1224 4168 episcopo
1257 4111 1363 4151 suo
1398 4094 1849 4162 contradicente,
1880 4098 1974 4152 eat

326 4182 477 4239 liber
504 4187 705 4240 nostra
733 4184 1131 4259 auctoritate.J
1140 4186 1271 4239 usto
1303 4182 1459 4238 enim
1492 4180 1583 4238 lex
1613 4199 1727 4238 non
1759 4188 1849 4240 est
1876 4201 1973 4256 po-

327 4271 525 4340 sita,et
555 4271 654 4329 ubi
684 4271 934 4345 Spiritus
966 4272 1200 4328 Domini
1230 4270 1311 4326 ibi
1343 4271 1604 4340 libertas,
1622 4276 1679 4328 et
1706 4274 1756 4328 si
1787 4272 1970 4345 Spiri-

328 4362 393 4416 tu
424 4358 527 4416 Dei
556 4357 864 4430 ducimini,
897 4377 1012 4418 non
1043 4360 1185 4417 estis
1216 4360 1327 4417 sub
1355 4359 1503 4432 lege.

982 4466 1311 4523 CCLXXlX.

328 4555 576 4614 Urbanus
605 4554 658 4611 II
692 4557 974 4612 canonicis
1016 4555 1367 4625 regularibus
1414 4555 1740 4626 quibusdam
1778 4558 1969 4613 scribit

548 4626 1031 4689 decanonicorum
1059 4627 1357 4699 disciplina
1386 4626 1741 4682 restituenda.

796 4716 978 4789 (Intra
1008 4732 1103 4774 an.
1137 4714 1494 4786 1088-1099.)

745 4804 979 4879 [MANSI,
1015 4805 1218 4862 Concil.
1252 4804 1365 4874 XX,
1395 4804 1550 4873 712.]

390 4894 629 4968 Oportet
658 4911 766 4952 nos
823 4896 947 4969 qui,
981 4894 1117 4952 licet
1159 4893 1409 4967 indigni,
1442 4892 1593 4949 Petri
1644 4892 1969 4949 residemus

316 4985 376 5041 in
408 4984 556 5054 loco,
590 5002 771 5058 prava
813 4984 1124 5058 corrigere,
1156 4987 1313 5040 recta
1342 4984 1595 5050 ﬁrmare,
1629 4987 1686 5038 et
1717 4982 1775 5038 in
1807 4983 1965 5039 omni

316 5071 576 5131 Ecclesia
606 5074 921 5131 arbitrium
943 5073 1165 5146 judieis
1194 5074 1330 5144 ejus
1371 5071 1663 5144 judicium
1698 5076 1966 5127 nostrum

316 5160 574 5233 prodeat,
607 5162 757 5219 oculi
790 5162 974 5221 nostri
1023 5162 1263 5219 videant
1309 5158 1662 5233 equitatem.
1697 5160 1967 5233 Omnipo-

313 5249 461 5304 tenti
489 5265 626 5322 ergo
656 5251 795 5319 Deo,
816 5253 989 5325 cujus
1010 5250 1220 5307 melior
1247 5254 1336 5307 est
1368 5248 1774 5305 misericordia
1790 5266 1968 5322 super

313 5336 485 5407 vitas,
516 5338 735 5410 gratias
767 5341 1031 5413 agimus:
1064 5340 1220 5413 quod
1250 5356 1351 5396 vos
1396 5337 1541 5394 estis
1592 5337 1692 5409 qui
1734 5342 1963 5394 sancto-

317 5442 449 5482 rum
482 5426 717 5482 Patrum
741 5427 915 5484 vitam
941 5428 1302 5501 probabilem
1342 5426 1636 5482 renovatis
1661 5431 1717 5482 et
1737 5431 1966 5498 aposto-

320 5514 433 5571 lica
483 5513 754 5571 instituta
811 5516 1132 5590 disciplina:
1189 5518 1249 5574 in
1309 5515 1644 5589 primordiis
1693 5515 1963 5574 Ecclesiae

2073 461 2292 518 delecta
2344 462 2625 518 instinctu
2683 460 2871 517 sancti
2927 458 3180 531 Spiritus
3230 455 3549 513 suscitatis.
3583 457 3748 513 Duae.

2073 549 2228 606 enim
2251 550 2323 605 ab
2349 549 2618 605 Ecclesiae
2641 553 2857 605 sanctze
2877 545 3214 621 primordiis
3259 544 3389 601 vita:
3427 545 3556 618 ejus
3586 545 3730 603 filiis

2073 643 2211 695 sunt
2240 639 2544 705 institutae,
2578 655 2715 704 una,
2742 655 2859 711 qua
2887 638 3257 692 infirmorum
3281 630 3555 690 debilitas
3586 635 3726 691 reti-

2077 731 2281 783 netur:
2316 726 2522 795 altera,
2556 744 2674 798 qua
2704 726 3010 782 fortiorum
3058 726 3242 780 virtus
3300 724 3470 779 beata
3499 724 3728 797 perfici-

2074 818 2190 872 tur.
2224 815 2350 872 Una
2381 831 2690 872 remanens
2742 815 2802 870 in
2855 815 3036 888 Segor
3092 812 3356 886 parvula,
3412 811 3596 868 altera
3652 813 3727 869 ad

2076 905 2295 961 montis
2325 904 2530 961 altiora
2560 905 2979 961 conscendens.
3016 903 3146 959 Una
3168 901 3446 975 lacrymis
3490 905 3548 958 et
3576 901 3728 959 elee-

2078 993 2339 1066 mosynis
2370 993 2714 1065 quotidiana
2742 996 2981 1065 peccata
3008 991 3303 1047 redimens
3326 1009 3340 1059 ;
3373 989 3554 1046 altera
3582 1008 3727 1063 quo-

2076 1082 2301 1139 tidiana
2322 1082 2605 1139 instantia
2625 1083 2833 1138 merita
2854 1079 3726 1152 zeternaconquirens.Alteram

2076 1174 2342 1228 tenentes
2361 1170 2976 1239 inferiorem,terrenis
2998 1169 3168 1226 bonis
3185 1172 3455 1235 utuntur,
3479 1168 3726 1225 alteram

2078 1263 2390 1333 sequentes
2412 1260 3012 1332 superiorem,bonam
3044 1263 3260 1315 terram
3291 1257 3624 1331 despiciunt
3652 1274 3720 1314 ac

2077 1348 2438 1420 relinquunt.
2474 1349 2602 1404 Haec
2635 1353 2831 1405 autem
2864 1365 2991 1420 quae
3040 1365 3073 1404 a
3119 1347 3370 1403 terrenis
3394 1346 3726 1414 divertitur,

2078 1437 2138 1493 in
2167 1438 2314 1493 duas
2344 1454 2492 1509 pene
2515 1437 2691 1493 unius
2718 1438 3103 1509 ejusdemque
3124 1435 3419 1509 praepositi
3448 1434 3728 1491 dividitur

2080 1526 2399 1599 portiones,
2434 1527 2851 1582 canonicorum
2901 1525 3122 1582 scilicet
3169 1528 3226 1581 et
3281 1523 3723 1580 monachorum.

2080 1615 2297 1671 Harum
2339 1616 2597 1671 secunda
2642 1632 2745 1688 per
2791 1615 3049 1670 divinam
3100 1612 3563 1670 misericordiam
3615 1612 3727 1668 fre-

2005 1744 2054 1809 Β
2082 1708 2361 1776 quentata
2390 1702 2535 1760 satis
2560 1705 2682 1775 jam
2712 1702 2923 1760 saaculo
2953 1704 3226 1759 universo
3277 1700 3487 1758 elucet.
3532 1700 3731 1756 Prima

2081 1809 2216 1849 vero
2248 1792 2647 1849 decalescente
2693 1793 2914 1849 fervore
2965 1791 3226 1848 fidelium
3270 1791 3396 1862 jam
3428 1806 3576 1862 pene
3604 1805 3729 1845 om-

2084 1882 2224 1937 nino
2256 1882 2516 1938 deﬂuxit.
2551 1882 2709 1937 Hanc
2760 1886 2983 1953 martyr
3036 1885 3094 1936 et
3150 1878 3410 1952 pontifex
3459 1878 3733 1935 Urbanus

2082 1969 2360 2026 instituit.
2388 1974 2548 2027 Hanc
2578 1971 2944 2043 Augustinus
2977 1969 3101 2026 suis
3151 1967 3369 2042 regulis
3417 1966 3730 2024 ordinavit.

2082 2059 2242 2115 Hanc
2264 2059 2579 2132 Gregorius
2600 2058 2928 2133 Augustino
2948 2057 3271 2132 Anglorum
3294 2055 3731 2128 archiepiscopo

2084 2147 2503 2204 instituendam
2551 2149 2842 2221 praecepit.
2892 2150 3091 2220 Itaque
3139 2164 3255 2203 non
3301 2145 3548 2202 minoris
3578 2145 3731 2201 aesti-

2082 2237 2367 2292 mandum
2399 2242 2489 2293 est
2518 2237 2734 2302 meriti,
2784 2236 2936 2292 hanc
2989 2236 3168 2292 vitam
3228 2234 3496 2291 Ecclesize
3531 2234 3733 2308 primi-

2081 2325 2210 2380 tivae
2242 2325 2537 2397 aspirante
2568 2343 2635 2382 ac
2668 2329 3054 2398 prosequente
3084 2324 3315 2380 Domini
3347 2323 3568 2396 Spiritu
3600 2341 3733 2380 sus-

2083 2413 2279 2482 citare,
2314 2431 2493 2486 quam
2542 2415 2845 2471 ﬂorentem
2904 2413 3328 2470 monachorum
3388 2410 3731 2486 religionem

2083 2503 2347 2574 ejusdem
2370 2503 2625 2575 Spiritus
2654 2502 3083 2575 perseverantia
3114 2500 3430 2558 custodire.
3708 2498 3719 2503 “

2750 2608 3051 2665 CCLXXX.

2090 2698 2293 2756 Urbani
2320 2698 2548 2769 epistola
2588 2697 2659 2753 ad
2700 2697 3051 2769 Bernardum
3093 2697 3421 2752 Moletanum
3465 2694 3736 2769 archiepif

2155 2766 2391 2852 scopum.
2424 2801 2491 2852 _—
2534 2769 2669 2852 Cum
2706 2769 2973 2852 .Ricardo.
3000 2768 3332 2852 blassilicnsi
3382 2768 3629 2852 episcopo
3648 2766 3736 2850 sit

2156 2839 2408 2911 adempta
2438 2841 2657 2909 legatio,
2693 2841 2807 2912 ipse
2854 2841 3104 2911 inuigilet
3133 2839 3422 2895 omnibus:
3456 2839 3732 2910 archiepi-

2154 2928 2345 2994 scopus
2381 2912 2840 2994 qupostellanus
2886 2912 3131 2994 uinculis.
3143 2986 3153 2994 .
3167 2911 3422 2994 solutush
3434 2925 3545 2994 suo.
3564 2911 3734 2989 festi;

2155 2981 2342 3038 luatur
2364 2981 2563 3054 ofﬁcio.
2584 2987 2800 3040 Maneat
2815 2984 2907 3037 cui
2934 2983 3382 3038 committendam
3404 2981 3733 3051 legationem

2155 3059 2333 3126 putet.

2567 3125 2749 3194 (Intra
2775 3141 2869 3179 an.
2912 3123 3252 3195 1096-1099.)

2504 3213 2736 3285 [Massa
2771 3211 2975 3268 Concil.
3012 3212 3125 3278 ΧΧ,
3157 3211 3309 3286 697.]

2154 3302 2395 3373 Semper
2422 3304 2478 3356 te
2510 3317 2829 3357 memorem
2861 3317 2989 3356 esse
3019 3303 3247 3372 oportet
3302 3298 3726 3356 benedictionis

2080 3394 2138 3446 et
2166 3389 2385 3463 gratiae,
2417 3388 2871 3461 excellentisque
2924 3387 3291 3444 liberalitatis
3324 3405 3501 3461 quam
3533 3405 3566 3443 a
3593 3387 3730 3444 sede

2082 3478 2405 3552 apostolica
2426 3477 2723 3550 accepisti;
2760 3495 2881 3533 sem
2888 3482 3060 3549 perte
3083 3475 3286 3548 quanti
3307 3492 3477 3548 geras
3498 3475 3728 3531 culmen

2081 3568 2347 3636 oflicii,et
2386 3568 2559 3623 rebus
2604 3566 2946 3632 ostendere;
2974 3565 3162 3619 rivum
3187 3568 3240 3619 te
3296 3580 3329 3618 a
3391 3563 3546 3619 fonte
3578 3563 3730 3619 Petri
3759 3556 3766 3562 ’

2082 3656 2327 3729 apostoli
2358 3655 2752 3721 descendisse,
2785 3658 2842 3710 ct
2891 3654 3186 3708 ﬂammam
3241 3667 3414 3722 quam
3471 3650 3542 3706 ab
3572 3650 3728 3723 ignis

2082 3747 2210 3817 ejus
2251 3744 2480 3801 camino
2526 3746 2858 3814 susceptam
2890 3742 3067 3807 foves,
3129 3756 3360 3811 semper
3414 3739 3474 3794 in
3520 3737 3730 3794 altiora

2082 3835 2421 3907 producere.
2450 3832 2615 3886 Nunc
2647 3831 2930 3903 praecipue
2958 3828 3381 3884 fraternitatem
3404 3833 3569 3883 tuam
3601 3844 3726 3884 am-

2082 3923 2323 3995 pliorem
2361 3920 2691 3993 principum
2724 3919 2873 3974 Petri
2918 3922 2974 3973 et
3022 3917 3185 3973 Pauli
3233 3916 3604 3989 disciplinam
3636 3916 3729 3971 in-

2081 4016 2325 4078 struere,
2360 4008 2562 4080 tuique
2593 4007 2771 4063 ollicii
2801 4011 3028 4078 oportet
3071 4006 3344 4062 exhibere
3377 4022 3721 4062 censuram:

2078 4114 2232 4155 nunc
2264 4096 2717 4169 praecipue,eum
2748 4094 2947 4151 nullus
2979 4095 3035 4150 in
3059 4096 3270 4151 vestris
3304 4095 3570 4168 partibus
3595 4111 3727 4167 apo-

2078 4186 2292 4243 stolicae
2312 4186 2469 4242 sedis
2497 4184 2726 4258 legatus
2769 4184 2983 4240 existit.
3018 4184 3264 4240 Ricardo
3296 4184 3452 4241 enim
3484 4183 3726 4256 legatio-

2078 4292 2234 4342 nem,
2267 4291 2444 4347 quam
2475 4273 2759 4330 hactenus
2791 4273 3017 4340 habuit,
3066 4273 3503 4347 denegavimus,
3537 4288 3727 4344 neque

2078 4364 2177 4421 alii
2191 4363 2447 4436 cuipiam
2467 4369 2792 4420 vestrarum
2813 4362 3069 4435 partium
3092 4361 3442 4435 legationem
3467 4359 3726 4432 injunxi-

1999 4473 2049 4539 ί)
2078 4457 2316 4510 mus.Te
2346 4452 2544 4526 igitur,
2568 4455 2633 4507 ut
2662 4451 3012 4524 prudentem
3043 4466 3110 4506 ac
3142 4448 3483 4539 religiosum
3510 4439 3739 4539 virum,-

2078 4542 2392 4598 hurtamur
2419 4544 2476 4598 et
2505 4542 2884 4597 obsecramus
2913 4538 2975 4593 in
3022 4538 3269 4595 Domino
3318 4544 3383 4593 ut
3413 4554 3540 4611 quae
3572 4537 3729 4594 dicta

2079 4635 2219 4688 sunt
2266 4628 2526 4686 studiose
2573 4644 2861 4697 exerceas,
2894 4628 3079 4683 bonos
3135 4626 3193 4682 in
3254 4626 3465 4682 melius
3523 4642 3723 4695 acuas,

2079 4735 2288 4792 pravos
2308 4718 2589 4791 corrigas,
2609 4721 2665 4773 et
2693 4717 3035 4772 canonicam
3066 4715 3125 4771 in
3157 4715 3432 4772 omnibus
3463 4713 3725 4786 discipli-

2080 4825 2215 4864 nam
2249 4808 2320 4863 ad
2372 4808 2645 4862 Romanre
2688 4804 2954 4861 Ecclesiae
2997 4802 3247 4877 gloriam
3309 4803 3514 4876 tuique
3542 4801 3728 4860 studii

2079 4895 2425 4962 mercedem,
2483 4894 2767 4949 ferventer
2822 4897 2879 4949 et
2950 4892 3350 4949 indesinenter
3418 4892 3727 4950 observare

2079 5001 2375 5058 procures.
2431 4983 2665 5049 Adesto,
2727 4981 2986 5054 invigila,
3040 4980 3196 5038 insta
3252 4998 3386 5038 cum
3444 4981 3724 5037 fratribus

2077 5073 2292 5129 nostris
2323 5071 2636 5146 episcopis,
2674 5070 2931 5142 regibus,
2961 5070 3326 5144 principibus
3367 5085 3434 5126 ac
3482 5068 3722 5142 populo,

2077 5167 2367 5235 quatenus
2390 5161 2731 5216 aberrantes
2754 5160 2822 5214 ad
2844 5162 3066 5215 rectum
3079 5160 3445 5232 propositum
3464 5158 3721 5225 redeant,

2075 5255 2380 5308 manentes
2403 5249 2462 5305 in
2487 5248 2621 5304 fidei
2639 5247 2877 5304 veritate
2898 5248 2971 5303 ad
3012 5249 3232 5305 exitum
3275 5264 3462 5320 usque
3482 5245 3728 5302 viriliter

2075 5341 2463 5413 perseverent.
2499 5337 2560 5393 Id
2603 5352 2738 5393 vero
2779 5336 3065 5408 praecipue
3086 5340 3142 5393 te
3164 5336 3429 5393 laborare
3452 5334 3726 5392 volumus

2074 5432 2130 5485 et
2160 5429 2531 5499 rogamus,ut
2548 5425 2742 5482 Sancti
2761 5425 2959 5481 Jacobi
2978 5423 3726 5499 episcopus,emancipatus

2072 5516 2346 5585 vinculis,
2379 5532 2485 5573 suo
2516 5515 2861 5572 restituatur
2896 5515 3105 5572 ofﬁcio.
3135 5516 3215 5573 De
3265 5531 3379 5587 quo
3412 5512 3721 5586 quidquid,
