4004 6162
151 346 267 409 537

1320 344 1729 410 EPISTOLJE
1771 345 1875 408 ET
1916 344 2391 412 PRIVILEGIA.

3440 345 3562 411 538

153 477 469 538 auxiliante
498 478 766 550 Domino,
799 479 1008 555 egeris,
1039 478 1158 537 tuis
1190 478 1360 537 nobis
1389 478 1602 559 litteris
1640 479 1793 535 indi-
1824 478 1882 546 Α
1981 477 2251 537 Relatum
2271 480 2441 538 nobis
2470 484 2559 540 est
2589 481 2744 556 quod
2775 480 3149 541 Carnotensis
3179 480 3488 557 episcopus
3527 501 3563 541 a

155 569 336 626 cabis.
371 569 453 626 De
483 570 734 639 cceteris,
788 575 845 626 et
876 586 1003 642 qua:
1039 570 1098 625 in
1142 568 1562 643 Hispaniarum
1608 568 1805 642 regnis

155 675 256 732 per
286 676 395 716 nos
426 658 792 732 disponenda
823 658 1167 732 provideris,
1203 663 1261 714 et
1290 658 1384 713 cui
1425 658 1803 731 potissimum

153 747 573 805 committenda
602 747 758 803 sedis
791 747 1117 821 apostolicae
1138 746 1349 821 legatio
1379 747 1661 816 videatur,
1685 747 1805 803 tuis

153 854 260 893 nos
292 835 520 892 nuntiis
552 839 607 891 et
636 836 901 909 apicibus
923 836 1289 892 informabis.
1324 837 1576 893 Labores
1607 839 1803 891 autem

152 924 372 999 quosin
387 925 671 981 membris
687 925 1222 998 suisapostolorum
1239 924 1533 998 principes
1546 923 1806 997 quotidie

151 1015 477 1088 patiuntur,
510 1011 693 1070 nolito
724 1013 844 1069 ullo
863 1015 1035 1070 modo
1069 1013 1350 1082 oblivisci;
1376 1015 1474 1070 sed
1498 1031 1561 1070 os
1576 1029 1807 1086 semper

149 1103 210 1157 in
241 1102 413 1159 corde
443 1102 737 1174 bajulans,
769 1106 825 1158 et
873 1101 1146 1158 ﬁdelibus
1193 1102 1466 1159 omnibus
1516 1118 1806 1158 commen-

152 1192 320 1261 dans,
355 1190 696 1248 solatiorum
726 1196 1054 1248 vestrorum
1088 1208 1195 1265 ope
1224 1190 1407 1247 lenire
1438 1190 1665 1247 festina.

818 1315 1140 1371 CCLXXXI.

158 1405 364 1463 Urbani
392 1405 443 1460 II
478 1418 648 1476 papae
702 1406 933 1476 epistola
994 1404 1066 1459 ad
1126 1402 1403 1476 Catonem,
1436 1404 1491 1458 S.
1553 1404 1808 1471 Quintini

222 1474 621 1548 Bellovacensis
659 1474 1043 1548 prapositum.
1104 1506 1172 1515 —
1198 1474 1511 1548 AConﬁrmat
1560 1476 1805 1531 donatio-

221 1563 348 1602 nem
373 1550 540 1604 terra:
568 1546 632 1603 de
660 1545 875 1603 Mlnella
896 1549 1100 1618 factum
1131 1564 1162 1601 a
1185 1545 1471 1601 Guillelmo
1500 1548 1808 1603 Parisiensi

223 1620 488 1691 episcopo.

628 1690 812 1758 (Intra
842 1705 936 1744 an.
972 1689 1329 1758 1096-1099.)

422 1776 589 1848 [Dom
625 1777 915 1844 Bouous'r,
948 1778 1183 1844 Recueil,
1216 1777 1363 1844 XIV,
1394 1777 1545 1847 734.]

222 1884 502 1942 Uaamus
532 1882 863 1956 episcopus,
886 1899 1091 1938 servus
1115 1899 1416 1939 servorum
1452 1883 1572 1951 Dei,
1597 1882 1807 1940 dilecto
1838 1852 1886 1917 Β

150 1973 274 2030 ﬁlio
301 1975 517 2030 GALONI
566 1972 701 2043 (53),
755 1972 1065 2044 praeposito
1116 1972 1373 2028 ecclesias
1403 1974 1464 2028 S.
1520 1971 1805 2040 Quintini,

150 2050 281 2135 quas
311 2061 536 2118 Belvaci
564 2061 684 2117 "sita
708 2066 817 2129 est,
850 2060 1099 2117 salutem
1131 2065 1190 2116 et
1220 2060 1601 2134 apostolicam
1629 2061 1809 2117 bene-

150 2151 487 2207 dictionem.

220 2239 294 2295 Et
321 2238 620 2295 commissi
667 2238 842 2294 officii
879 2256 982 2295 nos
1036 2237 1335 2311 compellit
1383 2237 1719 2307 auctoritas,
1753 2243 1810 2294 et

153 2327 427 2400 specialis
457 2327 715 2384 charitas
745 2328 1109 2395 exhortatur,
1141 2332 1205 2382 ut
1234 2344 1361 2399 quae
1405 2332 1560 2383 recte
1590 2331 1809 2383 statuta

151 2420 293 2473 sunt
320 2417 689 2485 confirmare,
723 2419 778 2471 et
809 2416 892 2472 eis
920 2433 1048 2489 quae
1080 2416 1189 2471 sub
1206 2415 1390 2471 tutela
1418 2418 1629 2471 nostras
1652 2416 1808 2472 sedis

150 2506 266 2561 sita
308 2508 467 2571 sunt,
521 2505 959 2578 propensiorem
1012 2505 1332 2560 debeamus
1389 2504 1805 2577 protectionem

150 2595 509 2668 impendere.
544 2594 764 2673 Idcirco
794 2593 1171 2650 donationem
1201 2598 1368 2649 terras
1416 2610 1544 2665 quae
1594 2593 1808 2649 dicitur

144 2682 389 2750 Aln‘ella,
425 2698 459 2738 a
487 2681 799 2739 Parisiensi
827 2682 1100 2755 episcopo
1117 2681 1429 2738 Guillelmo
1460 2683 1572 2754 (54)
1602 2688 1805 2739 vestrae

151 2771 410 2829 ecclesia:
431 2772 672 2843 factam,
700 2772 1076 2845 praesentium
1111 2770 1445 2827 litterarum
1487 2771 1807 2829 assertione

146 2861 457 2918 ﬁrmamus
479 2876 494 2915 :
528 2877 705 2933 quam
734 2860 1005 2917 videlicet
1022 2864 1235 2915 terram
1257 2859 1569 2933 praedictus
1589 2860 1808 2932 episco-

144 2967 256 3023 pus
284 2967 320 3006 a
350 2940 648 3006 canonicis
677 2950 734 3004 S.
769 2948 1043 3005 Germani
1075 2947 1605 3004 Antissiodorensis
1644 2966 1804 3004 acce-

143 3043 330 3117 perat,
364 3039 503 3094 data
530 3038 814 3094 nimirum
847 3039 906 3093 in
940 3038 1461 3094 commutationem
1495 3038 1807 3111 praebenda

144 3128 406 3199 quadam
436 3125 785 3183 Parisiensis
817 3126 1114 3195 Ecclesiae,
1158 3126 1547 3199 praesentibus
1578 3132 1633 3182 et
1664 3127 1804 3183 sub-

1913 567 2261 626 charissimo
2293 564 2415 627 ﬁlio
2449 576 2647 627 nostro
2678 572 2993 639 Gaufrcdo,
3023 580 3215 631 vestro
3249 573 3476 643 abbate,
3500 573 3561 629 in

1913 658 2345 714 consecratione
2390 677 2567 732 quam
2617 660 2857 734 accepit,
2909 662 2981 717 ab
3020 677 3086 716 eo
3134 661 3562 732 professionem

1912 748 2235 803 extorserit.
2279 748 2461 812 Quam
2522 748 2661 821 quia
2717 752 2918 805 contra
2969 749 3243 806 Romana:
3296 749 3562 808 Ecclesiae

1913 837 2315 893 auctoritatem
2349 838 2560 894 factam
2576 838 2944 911 agnovimus,
2972 839 3168 894 abbati
3194 837 3430 909 quidem
3455 856 3564 897 nos

1913 925 2366 982 misericorditer
2390 926 2729 998 hujusmodi
2754 943 2962 983 noxam
2986 925 3304 984 indulsisse
3335 928 3560 985 noveri-

1913 1013 2436 1071 tis.ProIessionem
2452 1033 2583 1071 vero
2598 1015 2611 1069 i
2619 1032 2785 1088 psam
2798 1015 2879 1071 ita
2891 1014 3357 1082 adnullamus,ut
3370 1014 3564 1072 nullas

1913 1103 2147 1175 penitus
2176 1104 2327 1160 vires
2387 1104 2697 1160 obstineat.
2750 1106 3002 1178 Insuper
3055 1104 3230 1159 etiam
3283 1120 3355 1159 ne
3383 1105 3563 1163 abbas

1915 1194 2250 1253 monasterii
2282 1193 2455 1248 vestri
2519 1192 2791 1265 deinceps
2822 1192 3096 1265 episcopo
3141 1193 3563 1265 professionem

1914 1280 2392 1349 faciat,et‘nostrze
2425 1280 2787 1338 auctoritatis
2810 1280 3108 1356 privilegio
3132 1282 3431 1337 ﬁrmatum
3452 1286 3561 1349 est,

1912 1374 1970 1425 et
2000 1370 2381 1443 praesentibus
2416 1370 2625 1426 litteris
2642 1370 3113 1443 prohibemus.Si
3129 1371 3262 1443 quis
3288 1374 3483 1427 autem
3502 1370 3563 1428 in

1914 1463 2211 1531 posterum
2261 1465 2460 1516 contra
2507 1460 2628 1515 haec
2677 1460 2870 1516 venire
2918 1459 3245 1527 tentaverit,
3277 1477 3311 1515 a
3349 1464 3562 1515 sancta:

1912 1548 2179 1604 Ecclesiae
2211 1548 2515 1605 liminibus
2536 1553 2821 1616 arceatur,
2837 1553 2893 1605 et
2908 1553 3142 1605 maneat
3158 1551 3562 1605 excommuni-

1912 1641 2077 1693 catus
2107 1638 2287 1695 donec
2320 1638 2631 1711 resipiscat
2661 1642 2717 1695 et
2761 1639 3035 1695 Romanae
3086 1637 3351 1694 Ecclesia:
3396 1637 3565 1694 satis-

1914 1725 2105 1782 faciat.

1987 1816 2201 1870 Datum
2232 1816 2426 1871 Romm
2458 1833 2554 1872 vm
2591 1815 2712 1871 Kal.
2746 1815 3018 1872 Decemb.

2574 1922 2915 1979 CCLXXXV.

1922 2012 2132 2093 Urbani
2158 2012 2397 2094 epigoia
2425 2012 2494 2067 ad
2534 2012 2960 2094 archiepiscopos
2991 2015 3042 2094 et
3080 2012 3352 2094 episcopos
3390 2011 3565 2065 Fran-

1987 2085 2110 2138 ciae.
2145 2114 2212 2122 —
2242 2083 2565 2154 Philippum
2595 2082 2797 2153 regem,
2835 2082 2933 2154 qui
2979 2082 3209 2154 dimissa
3254 2096 3428 2147 uxore
3453 2095 3568 2137 sese

1986 2154 2245 2209 adulterae
2264 2153 2572 2219 addiderat,
2606 2154 2805 2224 gaudet
2834 2153 2905 2208 ad
2933 2169 3024 2209 cor
3052 2153 3295 2209 rediisse.

2396 2242 2576 2311 (Intra
2606 2259 2701 2296 an.
2736 2242 3088 2311 1097-1099.)

2219 2331 2530 2402 [Daorsi-mir,
2565 2331 2776 2403 Spicil.,
2810 2333 2854 2385 t.
2888 2330 2982 2398 Ill,
3017 2347 3074 2402 p.
3110 2330 3259 2401 431.]

1988 2419 2264 2475 Unemus
2296 2419 2625 2492 episcopus,
2648 2435 2849 2474 servus
2878 2434 3175 2474 servorum
3192 2417 3312 2485 Dei,
3345 2417 3591 2475 charis-.

1916 2508 2083 2564 simis
2116 2508 2175 2563 in
2205 2508 2433 2565 Christo
2463 2507 2745 2564 fratribus
2768 2508 3041 2564 MANASSE
3072 2506 3342 2563 Remensi
3374 2506 3567 2563 archi-

1915 2598 2207 2671 episcopo,
2233 2601 2289 2653 et
2305 2597 2526 2653 caeteris
2540 2614 2642 2669 per
2658 2597 2957 2652 Franciam
2976 2602 3095 2652 tam
3112 2595 3566 2669 archiepiscopis

1917 2703 2094 2759 quam
2126 2686 2437 2759 episcopis,
2470 2685 2717 2741 salutem
2743 2691 2799 2741 et
2819 2685 3199 2757 apostolicam
3216 2684 3567 2743 benedictio-

1915 2792 2071 2831 nem.

1985 2863 2327 2920 Charissimi
2359 2863 2465 2918 ﬁlii
2494 2862 2681 2919 nostri
2706 2861 2955 2935 Philippi
3006 2862 3360 2918 Francorum
3410 2862 3566 2934 regis

1916 2952 2161 3008 nuntius
2192 2953 2262 3007 ad
2297 2953 2493 3008 sedem
2528 2951 2906 3024 apostolicam
2937 2952 3196 3018 veniens,
3230 2951 3433 3007 debitae
3454 2951 3566 3007 hu-

1916 3039 2183 3096 militatis
2216 3040 2440 3096 litteras
2474 3057 2539 3095 ac
2573 3040 2891 3095 devotionis
2923 3039 3118 3094 attulit
3146 3039 3357 3107 verba;
3393 3044 3568 3111 atque

1919 3131 1989 3185 de
2018 3128 2180 3185 illius
2211 3129 2477 3185 mulieris
2505 3129 2697 3201 culpa,
2733 3145 2837 3201 pro
2869 3145 2986 3201 qua
3031 3127 3384 3185 venerabilis
3434 3144 3567 3185 con-

143 3215 832 3272 scribentibusfratribus
849 3214 1433 3287 utriusquecapituli.
1458 3213 1613 3270 Nulli
1637 3215 1797 3271 dein-
1829 3219 1871 3287 C
1914 3219 2089 3274 frater
2120 3223 2318 3273 noster
2348 3217 2760 3292 Lugdunensis
2801 3216 3273 3288 archiepiscopus
3322 3215 3566 3271 interdi-

144 3321 283 3377 ceps
317 3305 837 3362 commutationem
869 3303 1019 3359 hanc
1048 3303 1264 3360 violare
1282 3303 1472 3372 liceat,
1507 3304 1621 3360 nisi
1656 3305 1802 3361 forte

140 3392 474 3467 apostolicae
499 3397 710 3449 nostrae
735 3393 894 3449 sedis
911 3392 1138 3464 judicio
1169 3397 1541 3448 retractetur.

803 3506 1148 3564 CCLXXXII.

143 3600 166 3621 '
194 3597 468 3669 Urbanus
500 3596 678 3652 mittit
709 3619 737 3646 «
771 3597 982 3651 litteras
1034 3599 1090 3652 in
1122 3598 1369 3669 gratiam
1410 3595 1804 3653 monachorum

215 3669 277 3724 S.‘
305 3666 539 3726 Andreae
599 3668 940 3739 Viennensis
972 3666 1136 3739 quos'
1161 3671 1213 3722 et
1242 3683 1433 3723 eorum
1486 3668 1696 3733 baiulos
1742 3671 1802 3723 in

213 3743 430 3795 tantum
456 3748 763 3796 vexaverat
804 3737 996 3811 Guido,
1045 3739 1288 3811 ejusdem
1316 3740 1468 3794 urbis
1525 3739 1800 3811 archiepi-

210 3827 422 3882 scopus,
447 3820 510 3866 ut
536 3812 702 3867 etiam
732 3827 804 3866 ea:
831 3810 918 3866 his
946 3811 1242 3866 nonnullos
1286 3812 1347 3865 in.
1395 3826 1613 3867 carcere
1660 3814 1800 3867 reti-

213 3890 382 3939 ﬂeret.
422 3903 450 3931 »

625 3952 808 4024 (Intra
840 3968 931 4006 an.
971 3942 1321 4022 1097-1099.)

297 4041 466 4114 [Vide
499 4041 763 4098 Romam
792 4040 851 4095 in
882 4040 1015 4096 Vita
1046 4039 1263 4097 Urbani
1294 4039 1363 4108 II,
1397 4058 1451 4115 p.
1485 4034 1638 4111 292.]

786 4147 1160 4205 CCLXXXIII.

146 4237 399 4311 Urbanus
446 4238 973 4311 AIvoni_CAarnotensi
1023 4246 1077 4311 et
1136 4236 1434 4311 Ramnulfo
1473 4237 1799 4311 Santoneusi

209 4309 477 4382 episcoziis
506 4307 697 4363 scribit
727 4331 753 4357 ‹‹
792 4310 865 4382 in_
879 4309 1118 4382 gratiam
1155 4307 1547 4364 monachorum
1602 4310 1794 4382 Virido-

209 4379 541 4446 c’inensium,
620 4394 752 4450 quos
808 4379 884 4452 ab;
945 4380 1096 4434 omni
1168 4383 1543 4452 episcOporum
1608 4380 1794 4452 subje-

208 4452 389 4507 ctione
417 4453 691 4506 immunes
708 4465 824 4505 esse
852 4450 1118 4506 declarat.
1145 4473 1171 4499 ››

615 4538 797 4610 (Intra
828 4555 923 4594 an.
966 4537 1328 4609 4097-1099.)

455 4626 626 4701 [Vide
654 4627 812 4699 apud
845 4628 1109 4683 Romam
1137 4628 1235 4682 ubi
1270 4628 1484 4699 supra]

783 4749 1155 4806 CCLXXXIV.

256 4838 572 4895 Monasterii
599 4837 1009 4894 Vindocinensis
1040 4836 1263 4895 libertas
1294 4837 1667 4909 conﬁrmatur.

625 4910 807 4981 (Intra
834 4926 927 4965 an.
966 4910 1318 4981 1097-1099.)

567 4998 724 5070 [0pp.
753 4998 1063 5067 Sirmundi,
1096 4997 1193 5066 ΙΙΙ,
1226 4996 1379 5072 468.]

206 5092 495 5151 UBBANUS
517 5094 849 5169 episcopus,
866 5112 1068 5152 servus
1092 5112 1391 5152 servorum
1420 5095 1537 5164 Dei,
1559 5112 1793 5153 venera-

137 5181 1154 5261 bilicongregatidniVindocinensis
1173 5184 1797 5251 monasterii,salutem

128 5275 191 5327 et
223 5270 612 5357 apostolicam
644 5273 1135 5329 benedictionem.

203 5412 323 5483 (53)
356 5413 473 5469 Seu
503 5414 732 5487 Waloni,
782 5414 1068 5487 discipulo
1117 5418 1176 5471 et
1204 5415 1547 5487 successori
1604 5418 1794 5475 Ivonis

129 5483 430 5612 2:330:12)
430 5486 534 5612 qui
565 5490 625 5542 et
667 5486 791 5558 ipse
841 5483 1028 5544 evasit
1082 5486 1432 5544 Parisiensis
1488 5488 1799 5562 episcopus

131 5572 662 5699 angi)lé{l’l‘iiﬁelm0
694 5629 763 5686 de
795 5629 1148 5701 Monteforti,
1184 5629 1346 5686 fratri
1380 5629 1614 5687 famosa:
1637 5630 1796 5689 illius

1828 4584 1875 4649 D

1914 3305 2124 3361 etionis
2155 3307 2213 3360 in
2247 3306 2443 3378 ipsum
2474 3304 2822 3360 sententiam
2856 3302 3195 3374 protulerat,
3238 3301 3564 3357 secundum

1912 3395 2159 3450 fratrum
2173 3397 2508 3450 nostrorum
2525 3392 2834 3448 consilium
2854 3387 3388 3447 satisfecit.Juravit
3408 3390 3564 3446 enim

1912 3484 2067 3556 quod
2098 3483 2253 3539 idem
2281 3488 2380 3538 r‘ex
2411 3480 2721 3537 mulierem
2756 3481 2919 3536 illam
2952 3483 3261 3553 postquam
3288 3478 3354 3539 in
3385 3495 3564 3537 manu

1912 3577 2135 3638 nostra,
2171 3571 2288 3627 imo
2320 3586 2423 3645 per
2453 3586 2559 3626 nos
2591 3569 2648 3624 in
2683 3569 2834 3625 beati
2865 3569 3018 3625 Petri
3052 3585 3227 3623 manu
3273 3564 3566 3636 refutavit,

1909 3677 2215 3733 nunquam
2234 3676 2359 3716 eam
2393 3657 3003 3715 carnaliterhabuerit.
3038 3661 3245 3713 Postea
3276 3674 3409 3715 vero
3431 3674 3567 3713 cum

1909 3750 2304 3805 confratribus
2336 3748 2553 3804 nostris
2583 3747 2894 3803 consilium
2923 3746 3229 3816 habentes,
3249 3746 3567 3802 statuimus
3618 3816 3625 3823 ,

1909 3843 1976 3894 ut
2006 3855 2105 3895 rex
2130 3838 2200 3893 de
2224 3837 2515 3909 episcopis
2536 3840 2591 3892 et
2619 3836 2778 3906 regni
2799 3836 2887 3891 sui
2921 3835 3269 3908 primatibus
3284 3850 3473 3906 usque
3495 3833 3567 3890 ad

1913 3926 2287 3983 festivitatem
2316 3926 2593 3981 Omnium
2652 3929 2995 3980 Sanctorum
3060 3923 3284 3995 aliquot
3340 3922 3409 3977 ad
3461 3938 3568 3977 nos

1913 4015 2145 4088 dirigat,
2181 4015 2277 4087 qui
2314 4014 2422 4069 hoc
2452 4014 2647 4085 ipsum
2672 4014 2825 4085 quod
2860 4011 3105 4067 nuntius
3155 4011 3283 4082 ejus
3320 4010 3564 4082 juravit,

1910 4104 2160 4159 debeant
2190 4102 2500 4157 afﬁrmare.
2563 4100 2867 4172 Ejusmodi
2917 4099 3097 4171 igitur
3153 4115 3256 4170 per
3303 4097 3564 4169 legatum

1908 4191 2098 4265 ipsius
2131 4189 2524 4247 satisfactione
2538 4188 3067 4260 accepta,eumdem
3086 4187 3274 4241 ﬁlium
3297 4189 3564 4241 nostrum

1906 4296 2105 4354 regem
2138 4279 2210 4335 ab
2241 4277 2691 4343 interdictionis,
2715 4294 2843 4349 quae
2861 4292 2965 4348 pro
2999 4275 3107 4331 hac
3137 4292 3328 4356 causa.
3349 4274 3406 4329 in
3431 4289 3566 4329 eum

1907 4370 2134 4442 prolata
2162 4368 2376 4434 fuerat,
2423 4366 2655 4422 vinculo
2704 4364 3086 4431 absolvimus,
3132 4368 3189 4419 et
3219 4363 3419 4420 utendi
3460 4379 3564 4437 pro

1906 4475 2069 4514 more
2100 4455 2267 4530 regni
2296 4473 2510 4513 corona
2538 4455 2949 4511 auctoritatem
2980 4454 3030 4510 ei
3064 4452 3448 4527 praebuimus.

1979 4547 2125 4602 Data
2154 4544 2422 4602 Laterani
2452 4562 2554 4601 vm
2584 4545 2722 4600 Idus
2746 4543 2904 4599 Maii.

2544 4632 2915 4690 CCLXXXVI.

1916 4723 2123 4781 Urbani
2150 4723 2378 4792 epistola
2409 4720 2479 4775 ad
2518 4723 2813 4792 "agonem,
2845 4721 3256 4776 Cluniacensem
3297 4718 3564 4792 abbatem.

1981 4824 2050 4834 —-
2080 4788 2480 4861 Illi-signiﬁcat
2510 4814 2537 4841 ‹‹
2574 4788 2635 4846 ἧι
2692 4794 2936 4846 Romana
2982 4806 3159 4861 nuper
3205 4788 3409 4861 synodo
3433 4810 3470 4861 Α»
3496 4804 3569 4861 se

1980 4857 2283 4921 decrevisse
2307 4864 2365 4917 ut
2386 4865 2786 4918 mmiasterium
2814 4870 2874 4916 ις.
2933 4857 3193 4916 Garumni
3233 4857 3566 4914 Hntissiodo-

1981 4951 2154 5003 rensc,
2187 4935 2255 4989 ab
2284 4933 2477 4988 abbate
2520 4935 2581 4988 in
2624 4934 2854 4988 concilio
2887 4932 3249 4987 Nemausensi
3291 4929 3403 4985 sibi
3436 4951 3457 4978 ε
3482 4943 3566 4984 re-

1978 5010 2234 5079 futatum,
2274 5028 2294 5055 ι
2324 5007 2376 5059 ei
2404 5005 2846 5059 committeretur.

2393 5092 2571 5164 (Intra
2604 5108 2697 5146 an.
2735 5089 3084 5160 1097-1098.)

2151 5183 2406 5253 [BALUZ.,
2440 5181 2659 5237 Miscell.
2693 5179 2833 5236 edit.
2867 5179 3032 5243 Luc.,
3063 5177 3134 5243 II,
3169 5175 3319 5246 177.]

1982 5274 2255 5331 Uanmus
2278 5271 2608 5344 episcopus,
2645 5285 2850 5326 servus
2882 5281 3183 5323 servorum
3225 5261 3350 5329 Dei,
3392 5261 3568 5317 vene-

1908 5415 2200 5470 Bertrada:
2234 5430 2367 5487 qua
2396 5413 2516 5486 regi
2538 5369 2802 5487 Philippo
2821 5408 3047 5487 nupsit.
3082 5406 3186 5487 Hic
3215 5405 3275 5461 in
3306 5403 3565 5487 Ecclesia

1908 5478 2271 5543 Carnotensi'
2303 5478 2585 5541 educatus
2635 5478 2748 5540 sub
2804 5478 3374 5552 disciplinaglvouis,
3424 5478 3563 5552 ipso

1910 5576 1941 5615 a
1986 5561 2119 5614 ente
2172 5555 2560 5613 Parisiensem
2602 5550 3023 5638 episcopatum
3070 5550 3319 5624 adeptus
3348 5551 3439 5604 est
3463 5565 3560 5604 an.

1911 5575 2075 5685 1896.
2107 5627 2241 5685 licet
2269 5627 2421 5684 infra
2451 5630 2763 5685 reau1s1tos
2796 5628 2983 5683 aetatis
3015 5639 3200 5681 annos
3229 5619 3465 5679 electus.

1911 5619 2075 5700 1096,
2107 5627 2241 5685 licet
2269 5627 2421 5684 infra
2451 5619 2763 5701 requisitos
2796 5619 2983 5683 sitatis
3015 5619 3201 5681 annos
3229 5619 3465 5679 electus.
