4000 6168
335 325 452 389 539

1640 327 1712 390 Β.
1757 321 2050 390 uanam
2094 323 2145 390 II
2189 322 2442 408 eam.

3619 320 3741 386 540

333 463 502 521 rabili
534 462 697 522 fratri
728 468 977 535 Huaom,
1011 464 1374 524 Cluniacensi
1398 462 1619 532 abbati,
1651 462 1900 521 salutem
1923 470 1981 521 et
2009 461 2063 528 A
2091 459 2249 516 tione
2280 447 2531 516 avaritia
2565 458 2882 528 renovatio,
2907 464 2964 518 et
2992 456 3525 518 ecclesiasticarum
3543 476 3741 516 rerum

332 554 710 627 apostolicam
746 557 1229 613 benedictionem.

405 647 465 700 In
500 646 882 701 Nemausensi
910 645 1152 700 concilio
1204 644 1539 700 monasterii
1595 646 1786 700 Sancti
1838 648 1976 701 Ger-

333 736 513 800 mani,
547 736 701 806 quod
731 734 1095 788 Altissiodori
1127 733 1304 788 situm
1337 738 1446 796 est,
1480 735 1660 789 abbas
1710 736 1974 790 eamdem

331 824 624 878 abbatiam
657 824 714 876 in
746 839 923 876 manu
960 825 1158 877 nostra
1205 823 1493 891 refutavit,
1528 829 1586 878 et
1633 841 1785 896 saepe
1818 825 1888 879 ab
1911 843 1976 880 eo

330 911 515 983 rogati
546 911 738 965 locum
767 911 961 982 ipsum
995 913 1042 965 ei
1079 912 1386 967 restituere
1417 911 1738 969 noluimus.
1797 913 1977 970 Filius

328 1003 602 1071 praeterea
631 1001 829 1053 noster
867 999 1199 1071 Stephanus
1249 1018 1444 1056 comes
1476 1018 1608 1056 cum
1657 1019 1830 1058 uxore
1871 1021 1978 1058 sua

328 1105 434 1144 nos
466 1088 811 1159 deprecatus
844 1093 932 1143 est
965 1093 1029 1143 ut
1060 1089 1210 1145 idem
1247 1091 1668 1146 monasterium
1695 1091 1798 1146 tibi
1823 1109 1977 1147 com-

327 1176 711 1232 mitteremus.
747 1181 864 1232 Hoc
893 1178 1085 1248 ipsum
1118 1179 1177 1232 in
1230 1179 1491 1234 Romana
1523 1197 1708 1252 nuper
1755 1182 1975 1252 synodo

324 1282 517 1321 coram
549 1267 813 1337 ejusdem
863 1267 1113 1322 civitatis
1162 1267 1432 1340 episcopo
1476 1274 1532 1324 et
1571 1270 1828 1341 prazdicti
1865 1270 1973 1326 loci

325 1355 608 1410 fratribus
640 1373 674 1410 a
706 1355 874 1410 nobis
910 1360 1202 1411 statutum
1237 1362 1343 1411 est.
1379 1357 1748 1414 Fraternitati
1798 1357 1976 1431 igitur

322 1447 432 1498 tua:
466 1443 675 1499 litteris
707 1443 1089 1515 praesentibus
1104 1446 1455 1502 mandamus
1477 1452 1540 1502 ut
1555 1449 1848 1519 praefatam
1874 1449 1974 1502 ab-

323 1533 542 1588 batiam
575 1532 635 1587 in
668 1538 769 1588 tua
800 1533 1074 1605 deinceps
1108 1534 1436 1605 provisione
1470 1541 1747 1608 perpetuo
1781 1535 1974 1608 dispo-

322 1622 574 1677 nendam
637 1622 926 1694 suscipias
958 1627 1014 1678 et
1072 1623 1457 1679 monasticam
1509 1625 1586 1680 ibi
1630 1625 1972 1697 religionem

325 1713 648 1767 secundum
683 1711 927 1766 fratrum
962 1716 1198 1766 tuorum
1217 1714 1713 1769 conversationem
1737 1715 1973 1769 institu-

2087 550 2384 606 distractio
2418 550 2807 624 contingebat.
2833 551 3009 606 Porro
3032 550 3240 606 altaria
3273 567 3400 622 quae
3429 567 3532 622 per
3556 567 3610 605 x1
3635 566 3738 605 seu

2085 656 2191 693 xxx
2224 656 2409 694 annos
2432 639 2788 695 monasteria
2818 641 3227 712 possederunt,
3251 640 3405 695 sicut
3430 639 3490 694 in
3517 640 3741 708 synodo

2085 728 2473 783 constitutum
2506 732 2613 796 est,
2646 729 2897 784 immota
2926 729 3010 785 eis
3064 745 3402 801 permanere
3450 727 3746 784 volumus.

2717 836 3099 891 CCLXXXIX.

2089 924 2336 982 Urbanus
2369 924 2418 978 Il
2439 925 2725 994 conﬁrmat
2769 927 3165 980 monasterium
3222 925 3630 980 Blaubeurense
3684 927 3742 978 in

2155 995 2370 1050 dirrccsi
2399 995 2818 1062 Constantiensi,
2851 1013 2915 1052 ac
2961 997 3282 1052 donationes
3333 1012 3519 1052 omnes
3567 996 3742 1051 eidem

2153 1068 2221 1121 ab
2254 1067 2508 1122 Adelaide
2531 1069 2855 1138 patruiqu
2883 1071 3078 1139 factas.

2708 1157 2896 1226 (Anno
2929 1157 3110 1227 1099.)

2129 1245 2564 1316 [Cocounumss,
2601 1245 2800 1301 buttar.
2834 1247 2985 1302 Rom.
3017 1250 3167 1317 pont.
3204 1246 3419 1301 Cottect.
3456 1244 3696 1316 11,105.]

2155 1351 2431 1407 Uneaxus
2461 1351 2793 1424 episc0pus,
2829 1369 3032 1408 servus
3059 1369 3360 1408 servorum
3385 1352 3506 1418 Dei,
3532 1350 3743 1406 dilecto

2082 1443 2349 1506 Azeemo,
2385 1441 2722 1496 monasterii
2755 1440 3209 1496 Blaubeurensis
3241 1441 3459 1509 abbati,
3491 1441 3738 1512 ejusque

2084 1529 2525 1585 successoribus
2570 1529 2918 1602 regulariter
2975 1529 3407 1585 substituendis
3440 1529 3496 1583 in
3540 1545 3740 1600 perpe-

2084 1621 2278 1674 tuum.

2155 1707 2317 1762 Sicut
2344 1707 2768 1763 irrationabilia
2799 1708 3176 1779 poscentibus
3210 1708 3406 1780 negari
3439 1707 3613 1763 debet
3643 1723 3737 1762 as-

323 1804 474 1868 tuas,
509 1801 590 1856 ita
620 1805 815 1856 tamen
849 1805 913 1856 ut
943 1801 1108 1856 locus
1144 1803 1296 1858 idem
1329 1803 1561 1874 proprio
1605 1803 1811 1858 abbate
1859 1820 1972 1860 non
2008 1831 2053 1895 Β
2085 1813 2314 1895 sensus3
2349 1795 2434 1852 sic
2457 1797 2622 1867 justa
2654 1797 2976 1869 petentium
2993 1798 3143 1853 votis
3174 1797 3426 1869 benigna
3457 1797 3738 1895 debemus

323 1893 538 1944 careat.

956 1997 1352 2054 CCLXXXVII.

537 2087 698 2140 Bulla
728 2086 934 2142 Urbani
964 2089 1013 2142 ΙΙ
1040 2104 1146 2158 qua
1179 2089 1584 2142 Barbaslrensis
1615 2087 1763 2144 sedes

962 2162 1333 2214 constituitur.

814 2247 1005 2317 (Circa
1035 2265 1259 2303 annum
1297 2248 1484 2317 1099.)

465 2336 732 2407 [FLOREZ,
765 2338 980 2408 Espafza
1000 2337 1271 2408 Sagrada,
1297 2341 1336 2392 t.
1371 2337 1560 2401 XLVI,
1595 2355 1651 2408 p.
1684 2338 1832 2406 245.]

395 2423 667 2480 Uaemus
698 2425 1030 2496 episcopus,
1066 2442 1579 2481 servusservorum
1612 2425 1734 2492 Dei,
1767 2424 1976 2481 dilecto

324 2510 442 2565 ﬁlio
476 2511 706 2578 PONTIO,
741 2512 1144 2592 Bprbastrensi
1178 2513 1470 2584 episcopo.

394 2599 865 2655 Miserationibus
897 2600 1125 2654 Domini
1159 2599 1513 2671 multiplices
1545 2600 1827 2656 debemus
1852 2616 1978 2670 gra-

323 2686 538 2741 tiarum
571 2687 828 2743 actiones
860 2690 1014 2758 quod
1049 2688 1266 2742 nostris
1313 2688 1678 2760 temporibus
1723 2688 1978 2744 Ecclesia

325 2780 702 2849 propagatur,
753 2777 1174 2831 Saracenorum
1235 2776 1557 2832 dominatio
1603 2777 1972 2846 diminuitur,

324 2863 601 2935 antiquus
614 2863 1032 2936 episcopalium
1057 2865 1285 2920 sedium
1303 2865 1506 2931 honor,
1540 2870 1850 2936 praestante
1873 2866 1978 2921 Do-

325 2952 505 3023 mino,
540 2957 923 3008 restauratur.
947 2955 1103 3009 Inter
1133 2953 1477 3026 quasllerde
1508 2955 1670 3010 urbis
1703 2955 1978 3026 parochia

324 3041 475 3096 Petri
507 3045 841 3114 Aragonum
876 3043 1028 3115 regis
1059 3043 1256 3099 studio
1289 3043 1496 3114 majori
1531 3044 1656 3115 jam
1713 3060 1781 3099 ex
1817 3049 1977 3115 parte

323 3130 786 3186 Christianorum
831 3136 919 3186 est
968 3133 1195 3188 reddita
1251 3133 1544 3204 potestati,
1578 3133 1732 3188 unde
1782 3137 1838 3188 et
1868 3150 1974 3188 nos

2089 1884 2429 1940 assensione
2459 1902 2826 1941 concurrere.
2855 1887 2935 1941 Ea
2958 1890 3194 1958 propter
3214 1885 3574 1942 charissima
3606 1883 3740 1940 filias

2087 1978 2298 2030 nostrae
2329 1973 2620 2030 Adelaidis
2661 1974 2972 2030 comitissee
3023 1973 3310 2030 desiderio
3361 1991 3427 2029 ac
3471 1973 3736 2046 petitioni

2085 2063 2360 2118 duximus
2391 2064 2790 2119 annuendum.
2828 2063 2956 2118 Hazc
2989 2063 3268 2118 nimirum
3293 2063 3364 2118 ad
3383 2061 3589 2117 limina
3605 2079 3738 2117 san-

2086 2155 2313 2207 ctorum
2341 2151 2742 2223 apostolorum
2783 2151 3040 2218 veniens,
3087 2157 3144 2207 et
3175 2156 3359 2219 tuam,
3395 2155 3453 2206 et
3506 2151 3634 2218 viri,
3685 2155 3743 2206 et

2085 2246 2141 2296 et
2169 2241 2332 2297 leviri
2365 2242 2454 2296 sui
2489 2239 2854 2296 devotionem
2888 2244 3123 2295 strenue
3140 2238 3460 2311 adimplere
3482 2238 3737 2295 curavit:

2088 2329 2559 2385 Burrhonensem
2592 2345 2846 2400 namque
2879 2327 3310 2394 ecclesiam,cui
3337 2345 3491 2383 nunc
3504 2332 3740 2383 auctore

2085 2419 2199 2474 Deo
2231 2423 2332 2474 tua
2383 2417 2716 2473 fraternitas
2747 2418 3036 2489 praesidet,
3094 2417 3277 2472 soceri
3335 2417 3426 2471 sui
3485 2415 3740 2472 studioa

2086 2507 2483 2562 fundamentis
2515 2506 2886 2576 aedificatum,
2936 2506 3260 2561 secundum
3313 2504 3575 2577 ipsorum
3606 2510 3740 2561 vota

2085 2613 2266 2666 supra
2296 2601 2736 2652 sacrosanctum
2766 2595 2826 2651 B.
2863 2594 3010 2650 Petri
3059 2594 3239 2650 altare
3287 2593 3516 2662 obtulit,
3550 2599 3603 2650 et
3635 2611 3738 2667 per

2087 2701 2325 2740 manum
2360 2689 2622 2741 nostram
2653 2685 2710 2738 in
2745 2684 3046 2756 proprium
3069 2684 3227 2739 sedis
3252 2682 3580 2756 apostolicae
3599 2683 3737 2742 allo-

2085 2773 2248 2830 dium
2281 2774 2565 2847 delegavit
2589 2790 2600 2829 :
2625 2790 2804 2846 quam
2822 2772 3086 2828 videlicet
3113 2771 3465 2828 oblationem
3489 2773 3736 2844 scripto-

2086 2881 2216 2918 rum
2248 2869 2580 2919 nostrorum
2614 2863 2778 2934 petiit
2820 2862 3164 2918 auctoritate
3211 2862 3565 2917 conﬁrmari.
3618 2862 3736 2916 Nos

2086 2953 2266 3025 igitur
2279 2953 2580 3024 praesentis
2611 2951 2822 3007 decreti
2849 2951 3197 3006 auctoritate
3213 2949 3511 3005 sancimus
3533 2953 3598 3004 ut
3611 2953 3734 3004 tam

2087 3042 2360 3113 praefatus
2388 3039 2553 3096 locus
2583 3056 2760 3111 quam
2787 3039 3055 3094 universa
3076 3037 3430 3110 quaaibidem
3461 3036 3734 3108 supradi-

2086 3135 2312 3185 ctorum
2346 3129 2628 3184 comitum
2661 3127 2892 3183 Henrici
2913 3131 2969 3182 et
2994 3127 3277 3198 Hugonis,
3305 3143 3405 3182 seu
3426 3124 3744 3198 praenomii

321 3221 584 3291 ejusdem
601 3221 753 3293 regis
767 3196 1270 3293 postulationibus
1283 3196 1634 3290 annuentes,
1653 3222 1807 3294 apud
1833 3222 1968 3276 Bar-
2002 3196 2045 3264 δ
2086 3222 2232 3273 nata
2261 3215 2880 3273 Adelaidiscomitissze
2899 3196 3208 3289 largitione
3229 3196 3444 3270 collata
3470 3217 3627 3279 sunt,
3643 3213 3732 3270 vel

320 3309 608 3380 bastrum,
641 3310 796 3381 quod
824 3309 1186 3381 praecipuum
1229 3310 1508 3382 oppidum
1541 3311 1736 3382 appud
1787 3309 1970 3365 Ilerde

321 3397 974 3469 adjacet,episcopalem
994 3399 1189 3453 sedem
1215 3415 1451 3453 manere
1482 3398 1970 3454 statuimus.0m-

323 3502 426 3540 nes
457 3486 635 3540 etiam
665 3486 929 3555 ejusdem
960 3485 1398 3542 Barbastrensis
1423 3486 1657 3541 termini
1706 3485 1793 3542 vel
1827 3487 1972 3541 fines

323 3573 394 3628 ad
428 3572 609 3628 Ilerde
641 3573 934 3630 diceeesim
976 3575 1332 3646 pertinentes
1377 3575 1472 3646 qui
1506 3575 1564 3629 in
1614 3574 1970 3630 Christiano-

323 3679 453 3716 rum
485 3661 707 3716 reducti
741 3666 879 3717 sunt
921 3663 1004 3718 vel
1041 3663 1260 3718 fuerint
1319 3667 1622 3734 potestate,
1685 3668 1798 3718 tuas
1842 3667 1971 3743 tuo;

324 3767 572 3824 rumque
628 3768 1036 3808 successorum
1089 3751 1457 3823 dispositioni
1502 3751 1814 3824 episcopali
1839 3754 1974 3823 jure

324 3839 627 3911 subjacere
658 3841 1030 3914 praecipimus
1063 3857 1197 3895 cum
1230 3839 1442 3912 oppido
1473 3840 1776 3912 Alquezar.
1811 3841 1972 3904 Quod

322 3932 387 3983 ut
416 3933 729 4002 perpetuus
760 3928 1605 4002 (sic)ﬁrmuminviolatumque
1618 3936 1972 4002 permaneat,

324 4017 740 4088 omnipotentis
776 4017 981 4084 Patris,
1012 4016 1160 4088 Filii,
1192 4022 1250 4073 et
1282 4017 1531 4089 Spiritus
1562 4018 1749 4073 sancti
1773 4023 1976 4074 aucto-

325 4107 493 4162 ritate
526 4106 857 4162 firmamus.

942 4212 1371 4268 CCLXXXVIII.

330 4300 534 4356 Urbani
587 4301 812 4370 epistola
865 4301 936 4355 ad
981 4302 1374 4371 Ingetrannum
1420 4301 1833 4358 Laudanensem
1861 4305 1976 4372 epi-

395 4386 634 4442 scopum.
665 4403 731 4410 —
764 4373 1022 4426 Hortatur
1054 4377 1111 4425 ut
1131 4373 1398 4442 fratribus
1427 4377 1487 4427 Β.
1523 4374 1761 4440 Remigii
1802 4374 1980 4428 altare

399 4440 814 4497 Corbiniacensc
842 4445 1119 4497 restituat.

952 4531 1138 4600 (Anno
1170 4529 1352 4600 4099.)

756 4617 989 4690 [Mitst
1016 4620 1223 4676 Concz'l.
1256 4619 1367 4680 XX.
1399 4620 1552 4689 678.]

400 4723 677 4781 URBANUS
707 4726 1036 4798 episcopus,
1069 4743 1271 4782 servus
1305 4742 1604 4782 servorum
1634 4726 1756 4793 Dei,
1792 4728 1983 4785 INGEL-

330 4830 539 4882 BANNO,
561 4814 1229 4888 Laudunensiepiscopo,
1247 4815 1493 4871 salutem
1512 4819 1569 4872 et
1598 4816 1977 4888 apostolicam

329 4903 816 4960 benedictionem.
1489 4971 1500 4978 Α

403 4996 627 5058 Quanto
659 4993 1007 5049 familiarius
1038 4995 1109 5049 ab
1143 4993 1398 5050 Ecclesia
1415 4994 1675 5050 Romana
1697 4992 1977 5066 diligeris,

331 5083 493 5137 tanto
524 5082 759 5139 charius
791 5100 938 5155 quos
971 5083 1098 5155 ipsa
1129 5082 1320 5155 diligit
1369 5084 1558 5138 favore
1610 5083 1894 5136 debueras
1923 5085 1982 5136 et

333 5169 628 5240 amplecti.
659 5171 875 5226 Idcirco
901 5171 972 5226 ab
1006 5171 1375 5225 infestatione
1399 5171 1644 5225 fratrum
1691 5168 1844 5224 Beati
1878 5169 1980 5223 Re-

336 5257 498 5328 migii
535 5258 866 5314 fraternitas
899 5265 1002 5314 tua
1032 5264 1239 5325 cesset,
1274 5264 1327 5312 et
1351 5258 1530 5312 altare
1563 5257 1716 5328 quod
1757 5256 1810 5310 in
1846 5256 1982 5310 villa

335 5361 463 5415 quae
507 5345 882 5402 Corbiniacus
935 5347 1149 5402 dicitur
1205 5347 1378 5401 iidem
1438 5346 1646 5401 fratres
1702 5344 1982 5401 habuisse

335 5437 676 5502 noscuntur,
709 5435 793 5490 eis
827 5436 1119 5492 restituas.
1153 5433 1375 5490 Etenim
1410 5450 1690 5506 personas
1738 5433 1980 5488 removi-

336 5538 490 5587 mus,
526 5539 638 5577 non
671 5526 865 5579 tamen
890 5524 1141 5596 antiqua:
1163 5523 1663 5596 possessionisjus
1695 5526 1985 5578 monaste-

335 5610 437 5668 riis
463 5610 830 5670 abstulimus.
870 5613 930 5668 In
965 5612 1062 5667 illa
1084 5613 1370 5684 siquidem
1395 5629 1777 5686 personarum
1794 5615 1982 5668 muta-

2081 3307 2140 3360 in
2173 3306 2438 3360 futurum
2469 3305 2730 3377 ipsorum
2749 3312 2849 3358 aut
2881 3303 3128 3360 aliorum
3150 3301 3729 3358 ﬁdeliumoblationi-

2079 3394 2193 3448 bus
2219 3411 2322 3449 con
2336 3394 2610 3456 ferentur,
2627 3393 2733 3448 sub
2761 3391 3090 3464 apostolicae
3123 3391 3474 3447 sedistutela
3503 3390 3732 3463 integra

2082 3499 2315 3554 semper
2344 3487 2400 3537 et
2431 3481 2656 3537 illibata
2685 3485 3086 3554 permaneant,
3119 3496 3415 3535 servorum
3462 3479 3560 3534 Dei
3612 3478 3732 3534 illic

2081 3571 2420 3642 degentium
2452 3571 2660 3627 usibus
2680 3569 3033 3626 omnimodis
3054 3569 3376 3639 profutura;
3410 3566 3570 3623 salva
3585 3568 3733 3623 Con-

2084 3659 2422 3716 stantiensis
2451 3659 2704 3731 episcopi
2733 3658 3012 3714 canonica
3053 3654 3391 3711 reverentia:
3444 3659 3508 3709 ut
3537 3660 3735 3710 tamen

2083 3766 2152 3805 ex
2181 3749 2384 3804 eodem
2407 3748 2531 3802 locu
2555 3747 2730 3801 unius
2747 3744 3214 3800 bisantiicensus
3245 3759 3474 3797 annuus
3505 3743 3736 3798 Latera-

2083 3837 2248 3893 nensi
2280 3835 2494 3908 palatio
2526 3833 2906 3907 persolvatur.

2155 3923 2532 3980 Decernimus
2553 3938 2688 3995 ergo
2720 3926 2785 3976 ut
2804 3920 2949 3976 nulli
2982 3920 3221 3976 omnino
3245 3918 3745 3975 bominumliceat

2084 4015 2236 4069 idem
2269 4011 2597 4068 cmnobium
2615 4015 2832 4065 temere
2846 4010 3208 4081 perturbare,
3231 4012 3333 4064 aut
3349 4009 3477 4078 ejus
3507 4024 3739 4080 posses-

2086 4103 2280 4158 siones
2311 4101 2557 4166 auferre,
2591 4099 2873 4165 minuere,
2906 4097 2995 4154 vel
3027 4098 3141 4171 piis
3160 4099 3233 4153 de
3265 4096 3600 4153 causissuis
3620 4095 3740 4151 usi-

2087 4192 2197 4246 bus
2228 4189 2535 4263 applicare.
2557 4188 2818 4244 Obeunte
2832 4191 2886 4242 te
2920 4204 3074 4242 nunc
3100 4185 3209 4242 loci
3244 4187 3474 4253 abbate,
3498 4184 3587 4240 vel
3611 4189 3740 4239 tuo.

2085 4297 2216 4335 rum
2250 4279 2508 4352 quolibet
2536 4292 2964 4345 successorum,
2989 4273 3284 4332 nullusibi
3317 4273 3577 4346 qualibet
3597 4273 3739 4329 sub-

2086 4369 2349 4441 reptione
2378 4367 2466 4424 vel
2497 4365 2774 4422 violentia
2807 4368 3199 4437 praeponatur,
3247 4363 3358 4418 nisi
3408 4378 3584 4434 quem
3618 4361 3740 4416 fra-

2086 4464 2202 4514 tres
2234 4454 2532 4512 communi
2564 4471 2877 4522 consensu,
2909 4452 2996 4508 vel
3027 4453 3274 4507 fratrum
3324 4467 3461 4524 pars
3507 4449 3739 4505 consilii

1947 4616 1952 4620 _
2005 4562 2052 4625 D
2084 4547 2354 4616 sanioris,
2388 4545 2709 4601 secundum
2765 4543 2862 4598 Dei
2920 4543 3186 4596 timorem
3245 4545 3391 4595 etB.
3445 4537 3742 4594 Benedicti

2087 4633 2349 4707 regulam
2381 4632 2677 4705 elegerint.
2709 4632 2766 4684 Si
2798 4630 2932 4702 quis
2959 4628 3140 4701 igitur
3162 4629 3552 4693 sacerdotum,
3572 4625 3741 4682 cleri-

2090 4740 2315 4791 corum,
2337 4719 2868 4788 ducum,comitum
2898 4716 3359 4788 etjudicum,vel
3373 4713 3743 4772 saecularium

2089 4827 2493 4884 personarum,
2526 4809 2675 4864 hanc
2708 4811 2918 4861 nostrae
2975 4805 3417 4861 constitutionis
3467 4803 3744 4876 paginam

2088 4915 2434 4972 agnoscens,
2461 4901 2663 4951 contra
2692 4911 2821 4950 eam
2853 4893 3051 4950 venire
3101 4893 3429 4962 tentaverit,
3485 4891 3744 4948 secundo

2087 4987 2326 5044 tertiove
2358 4984 2774 5052 commonitus,
2805 4984 2854 5039 si
2888 5001 3000 5039 non
3035 4983 3433 5039 satisfactione
3483 4995 3746 5052 congrua

2089 5073 2502 5143 emendaverit,
2533 5073 2837 5145 potestatis
2858 5072 3215 5144 honorisque
3230 5070 3514 5144 dignitate
3528 5072 3743 5136 careat,

2089 5181 2370 5235 reumque
2399 5180 2459 5220 se
2506 5161 2684 5217 divini
2736 5162 2949 5232 judicii
3009 5162 3258 5217 existere
3287 5162 3358 5217 de
3409 5159 3744 5232 perpetrata

2091 5253 2396 5324 iniquitate
2428 5258 2760 5324 cognoscat,
2795 5256 2853 5306 et
2895 5268 2929 5306 a
2961 5250 3355 5306 sacratissimo
3409 5262 3648 5318 corpore
3676 5261 3745 5300 ac

2092 5342 2377 5414 sanguine
2409 5342 2502 5397 Dei
2545 5343 2602 5397 et
2649 5339 2881 5395 Domini
2929 5338 3332 5411 Redemptoris
3378 5333 3563 5392 nostri
3601 5333 3745 5390 Jesu

2092 5431 2305 5486 Christi
2337 5430 2564 5487 alienus
2594 5428 2714 5496 ﬁat,
2745 5433 2920 5500 atque
2950 5429 3008 5484 in
3039 5432 3296 5484 extremo
3325 5425 3595 5482 examine
3648 5421 3744 5475 di-

2092 5519 2304 5575 stricta
2339 5518 2546 5575 ultioni
2577 5517 2897 5588 subjaceat.
2917 5516 3155 5574 Cunctis
3183 5520 3377 5572 autem
3403 5513 3590 5570 eidem
3617 5510 3746 5567 loco

2087 5610 2250 5680 justa
2287 5607 2652 5665 servantibus
2684 5607 2760 5662 sit
2782 5623 2891 5678 pax
2903 5605 3129 5662 Domini
3147 5604 3330 5662 nostri
3347 5603 3486 5660 Jesu
3505 5598 3745 5668 Christi,
