4000 6168
211 406 324 469 Ml

1384 405 1790 472 EPISTOLJE
1833 402 1934 468 ET
1974 403 2444 475 PRIVILEGIA.

3494 416 3611 479 542

213 545 502 614 quatenus
527 544 585 599 et
613 541 708 599 hic
750 541 1006 599 fructum
1049 542 1214 600 bona
1257 543 1504 600 actionis
1534 543 1859 617 percipiant
1885 540 1943 609 Α
1970 558 2279 612 consensu,
2304 544 2391 602 vel
2424 546 2669 604 fratrum
2700 564 2835 620 pars
2866 546 3117 607 sanioris
3144 548 3372 608 consilii
3402 556 3613 608 secun-

213 635 267 688 et
294 631 449 704 apud
490 632 824 689 districtum
848 633 1110 706 judicem
1142 633 1381 706 pramia
1426 637 1651 689 aterna
1698 632 1858 705 pacis

216 720 530 777 inveniant.

281 810 495 867 Datum
527 811 795 868 Laterani
817 828 921 884 per
945 828 1187 869 manum
1217 811 1482 880 Joannis,
1508 818 1722 868 sancta
1755 812 1861 867 Ro-

214 890 396 955 mana
428 899 694 956 Ecclesia
725 901 954 957 diaconi
984 901 1320 969 cardinalis,
1342 919 1439 960 VIII
1463 901 1585 958 Kal.
1610 903 1861 958 Februa-

214 989 305 1058 rii,
338 987 538 1045 indict.
572 990 843 1062 septima,
879 1008 1030 1046 anno
1074 990 1391 1046 Dominica
1440 989 1862 1047 Incarnationis

216 1077 371 1146 £099,
404 1078 779 1150 pontiﬁcatus
809 1083 1004 1136 autem
1035 1080 1235 1136 domni
1260 1080 1474 1137 Urbani
1497 1079 1735 1136 secundi
1760 1096 1862 1151 pa-

214 1183 298 1238 pa
332 1166 641 1223 undecimo
674 1184 848 1225 anno.

218 1345 423 1403 Urbani
452 1347 501 1401 II
522 1361 686 1419 papae
731 1347 904 1412 bulla,
936 1365 1045 1419 qua
1087 1351 1483 1404 monasterium
1511 1350 1567 1401 5.
1603 1348 1779 1402 Blasii
1808 1348 1868 1400 in

462 1416 603 1472 sedis
631 1416 1362 1491 apostolica—proiectione":
1402 1422 1615 1492 recipit.

842 1508 1025 1578 (Anno
1060 1508 1243 1580 1099.)

392 1594 479 1665 [D.
515 1594 804 1664 Genesar,
840 1598 976 1653 Hist.
1010 1600 1195 1669 Nigra
1228 1599 1409 1666 Silva,
1447 1599 1542 1666 IlI,
1578 1598 1690 1668 36.]

1968 632 2109 687 dum
2133 633 2233 690 Dei
2256 634 2526 692 timorem
2550 638 2686 693 etB.
2712 638 3005 695 Benedicti
3031 641 3292 713 regulam
3314 641 3611 714 elegerint.

1968 721 2026 778 Si
2050 739 2167 794 qua
2190 723 2370 795 igitur
2392 726 2787 783 ecclesiastica
2807 728 3171 786 sacularisve
3196 747 3444 802 persona
3466 730 3616 787 hanc

1970 816 2179 867 nostra
2212 815 2649 872 constitutionis
2689 817 2964 889 paginam
3003 818 3213 885 sciens,
3247 824 3450 875 contra
3486 836 3615 876 eam

1970 901 2165 956 venire
2198 904 2583 971 attentaverit,
2614 906 2868 961 secundo
2898 906 3137 962 tertiove
3167 894 3543 977 commonita,
3567 909 3616 964 si

1971 1005 2086 1043 non
2126 990 2522 1047 satisfactione
2571 1010 2827 1065 congrua
2868 996 3280 1063 emendaverit,
3315 997 3619 1068 potestatis

1970 1077 2325 1150 honorisque
2355 1080 2447 1136 sui
2468 1081 2752 1153 dignitate
2782 1087 2993 1151 careat,
3026 1101 3304 1157 reamque
3335 1102 3396 1141 se
3425 1085 3619 1141 divino

1963 1167 2190 1239 judicio
2223 1169 2292 1223 de
2325 1174 2654 1242 perpetrata
2683 1171 2991 1243 iniquitate
3022 1177 3354 1245 cognoscat,
3378 1178 3434 1229 et
3465 1191 3498 1230 a
3527 1192 3620 1230 sa-

1974 1256 2304 1312 cratissimo
2334 1275 2573 1335 corpore
2617 1264 2675 1315 et
2717 1260 3001 1333 sanguine
3030 1262 3131 1317 Dei
3164 1267 3222 1318 et
3250 1264 3480 1319 Domini
3511 1265 3620 1320 Re-

1975 1345 2297 1417 demptoris
2338 1347 2520 1402 nostri
2550 1352 2690 1405 Jesu
2721 1348 2935 1405 Christi
2978 1350 3167 1406 aliena
3215 1352 3334 1418 ﬁat,
3359 1356 3533 1424 atque
3562 1353 3645 1408 in

1976 1438 2233 1489 extremo
2248 1435 2799 1493 examinedistrieta
2812 1437 3022 1494 ultioni
3037 1440 3352 1509 subjaceat.
3387 1441 3623 1497 Cunctis

1976 1526 2171 1576 autem
2194 1522 2381 1579 eidem
2415 1522 2539 1579 loco
2560 1526 2726 1596 justa
2754 1527 3122 1583 servantibus
3149 1528 3226 1584 sit
3255 1546 3365 1600 pax
3395 1529 3624 1585 Domini

1981 1611 2165 1665 nostri
2193 1615 2331 1667 Jesu
2365 1612 2599 1680 Christi,
2623 1620 2911 1686 quatenus
2950 1621 3006 1671 et
3048 1616 3142 1671 hic
3174 1618 3429 1673 fructum
3460 1619 3624 1674 bona

285 1701 563 1758 Uaeanus
588 1702 1144 1775 episcopus,servus
1170 1722 1475 1763 servorum
1496 1704 1618 1772 Dei,
1643 1719 1875 1759 venere.
1980 1699 2227 1756 actionis
2284 1702 2627 1773 percipiant,
2661 1708 2718 1759 et
2774 1705 2925 1776 apud
2986 1705 3322 1760 districtum
3370 1706 3626 1776 judicem

212 1789 319 1846 bili
367 1789 488 1846 ﬁlio
536 1791 758 1849 Hu'rom
792 1794 924 1864 (55),
958 1795 1153 1850 abbati
1202 1793 1540 1851 monasterii
1575 1794 1631 1850 S.
1670 1792 1870 1854 Blasii,

1982 1789 2221 1859 praemia
2251 1795 2476 1845 aterna
2508 1791 2669 1863 pacis
2698 1791 3014 1848 inveniant.
3044 1796 3249 1862 Amen,
3285 1811 3473 1850 amen.

213 1880 374 1950 quod
403 1886 495 1936 est
521 1879 701 1936 situm
734 1881 792 1937 in
824 1882 1001 1955 Nigra
1032 1884 1219 1952 Silva,
1244 1885 1490 1955 ejusque
1521 1881 1872 1939 successori-
1906 1910 1955 1975 Β
2056 1877 2346 1949 Scriptum
2382 1896 2483 1950 per
2516 1897 2756 1936 manum
2788 1881 2962 1949 Petri,
2995 1882 3203 1939 notarii
3235 1884 3542 1956 regionarii
3573 1887 3631 1941 et

216 1968 329 2024 bus
359 1968 708 2041 regulariter
732 1974 1145 2043 promovendis
1177 1973 1235 2028 in
1269 1976 1637 2045 perpetuum.

287 2058 395 2113 Pia
412 2058 731 2130 postulatio
745 2060 1063 2118 voluntatis
1080 2062 1285 2119 effectu
1300 2063 1472 2117 debet
1489 2064 1877 2133 prosequente

213 2145 519 2218 compleri,
534 2153 825 2219 quatenus
846 2154 904 2206 et
924 2150 1247 2207 devotionis
1269 2150 1577 2206 sinceritas
1605 2147 1871 2205 laudabi-

1984 1965 2273 2021 scriniarii
2301 1968 2451 2022 sacri
2484 1968 2703 2040 palatii.

2055 2054 2267 2110 Datum
2302 2056 2566 2113 Laterani
2603 2077 2704 2131 per
2735 2077 2974 2115 manum
2994 2060 3256 2129 Joannis,
3282 2066 3495 2118 sancta
3518 2062 3632 2119 Ro-

1986 2160 2175 2200 mana
2202 2144 2467 2201 Ecclesia
2500 2147 2729 2204 diaconi
2761 2150 3097 2219 cardinalis,
3121 2169 3195 2206 vn
3236 2150 3362 2207 Kal.
3393 2150 3628 2223 Aprilis,

216 2235 352 2292 liter
370 2240 614 2303 crescat,
631 2242 688 2293 et
719 2237 943 2294 utilitas
974 2239 1268 2311 postulata
1296 2240 1446 2295 vires
1476 2238 1878 2295 indubitanter
1985 2232 2303 2288 indictione
2335 2251 2432 2301 VII,
2468 2253 2618 2292 anno
2649 2239 2961 2293 θοαὶίηὶοω
3004 2239 3426 2296 incarnationis
3470 2240 3628 2306 1099,

212 2328 499 2382 assumat.
517 2325 667 2389 Quia
688 2326 870 2399 igitur
890 2327 1123 2384 dilectio
1145 2333 1244 2384 tua
1268 2330 1339 2384 ad
1364 2327 1520 2384 sedis
1544 2326 1873 2399 apostolica

210 2412 555 2486 prasidium
580 2415 926 2488 confugiens
955 2418 1082 2488 ejus
1106 2417 1415 2472 tuitionem
1449 2416 1750 2473 devotione
1780 2416 1875 2471 de-

214 2502 339 2558 bita
371 2502 697 2574 requisivit,
722 2520 830 2559 nos
853 2505 1266 2577 supplicationi
1298 2511 1409 2561 tua
1431 2505 1747 2562 clementer
1776 2521 1875 2559 an-

213 2590 479 2658 nuimus,
500 2595 559 2646 et
587 2593 1014 2649 monasterium
1044 2596 1137 2650 cui
1168 2597 1277 2651 Deo
1310 2599 1545 2651 auctore
1575 2594 1870 2666 prasides,

214 2695 352 2735 cum
386 2678 666 2735 omnibus
699 2682 771 2736 ad
803 2697 936 2736 eum
960 2684 1387 2754 pertinentibus
1409 2684 1518 2739 sub
1540 2682 1723 2739 tutela
1741 2698 1875 2754 apo-

216 2767 432 2823 stolica
464 2768 622 2824 sedis
652 2769 995 2841 excipimus.
1024 2772 1131 2827 Per
1161 2773 1465 2844 prasentis
1493 2771 1675 2845 igitur
1704 2770 1877 2844 privi-

212 2855 350 2929 legii
382 2856 662 2929 paginam
716 2859 1038 2930 apostolica
1069 2860 1415 2916 auctoritate
1464 2861 1780 2915 statuimus
1812 2863 1877 2914 ut

213 2961 582 3017 quacunque
609 2945 782 3002 hodie
812 2947 967 3003 idem
990 2948 1321 3004 coenobium
1354 2949 1637 3021 possidet,
1663 2949 1782 3003 sive
1814 2949 1873 3002 in

214 3033 480 3089 futurum
501 3035 875 3092 concessione
898 3037 1268 3108 pontiﬁcum,
1288 3038 1637 3094 liberalitate
1658 3037 1745 3109 pri
1754 3038 1873 3093 nci-

216 3138 358 3195 pum
386 3122 476 3178 vel
507 3122 803 3179 oblatione
825 3125 1086 3181 ﬁdelium
1114 3127 1264 3197 iuste
1288 3131 1342 3182 et
1364 3121 1639 3183 canonice
1663 3127 1876 3197 poterit

214 3210 483 3283 adipisci,
507 3212 676 3268 ﬁrma
697 3213 802 3268 tibi
834 3215 1068 3286 tuisque
1091 3215 1532 3272 successoribus
1562 3220 1619 3270 et
1650 3214 1872 3269 illibata

216 3305 621 3372 permaneant.

292 3388 664 3445 Decernimus
685 3407 820 3463 ergo
846 3397 910 3447 ut
930 3392 1078 3447 nulli
1111 3394 1350 3448 omnino
1370 3393 1679 3449 hominum
1700 3392 1870 3448 liceat

211 3477 370 3534 idem
402 3478 827 3535 monasterium
850 3485 1067 3538 temere
1086 3483 1447 3554 perturbare,
1474 3486 1573 3537 aut
1592 3483 1720 3552 ejus
1742 3498 1870 3553 pos-

213 3567 509 3623 sessiones
548 3568 796 3637 auferre,
830 3571 918 3627 vel
976 3572 1202 3628 oblatas
1260 3572 1525 3637 retinere,
1582 3571 1867 3638 minuere,

212 3654 304 3712 vel
333 3656 661 3714 temerariis
689 3661 1094 3718 vexationibus
1107 3661 1384 3735 fatigare;
1420 3661 1521 3716 sed
1553 3660 1751 3715 omnia
1779 3658 1869 3714 in-

216 3750 382 3818 tegra
403 3752 821 3803 conserventur
837 3765 1038 3803 eorum
1062 3766 1164 3820 pro
1183 3767 1431 3821 quorum
1450 3748 1874 3805 sustentatione

216 3839 275 3889 et
303 3835 728 3907 gubernatione
765 3852 1045 3893 concessa
1086 3843 1245 3902 sunt,
1278 3839 1485 3894 usibus
1517 3837 1874 3893 omnimodis

216 3924 1026 3996 profutura.Consecrationes
1051 3926 1320 3982 altarium
1339 3928 1457 3983 sive
1475 3926 1872 3993 basilicarum,

217 4012 616 4069 ordinationes
669 4016 1117 4085 monachorum,
1168 4016 1445 4085 chrisma,
1497 4016 1687 4072 oleum
1741 4032 1875 4070 san-

223 4104 408 4166 ctum,
433 4105 490 4156 et
519 4106 724 4158 catera
753 4105 824 4159 ad
857 4104 1185 4177 episcopale
1216 4103 1474 4160 ofﬁcium
1508 4103 1875 4176 pertinentia,

223 4189 297 4243 ab
327 4189 598 4261 episcopo
638 4194 1091 4259 Constantiensi,
1126 4194 1185 4249 in
1232 4195 1402 4263 cujus
1433 4194 1666 4249 dioecesi
1713 4193 1876 4260 estis,

224 4277 547 4349 accipietis,
582 4279 633 4334 si
660 4284 853 4337 tamen
903 4281 1224 4338 catholicus
1270 4284 1398 4351 erit,
1433 4288 1488 4339 et
1535 4282 1782 4354 gratiam
1815 4298 1880 4336 ac

226 4366 705 4424 communionem
729 4370 1056 4442 apostolica
1082 4370 1239 4427 sedis
1270 4370 1560 4438 habuerit,
1579 4375 1637 4426 et
1662 4386 1728 4425 ea
1753 4385 1881 4440 gra-

1986 2322 2362 2392 pontiﬁcatus
2395 2329 2587 2379 autem
2619 2327 2819 2381 domui
2852 2327 3067 2383 Urbani
3099 2328 3146 2383 ΙΙ
3178 2344 3337 2400 papa
3370 2345 3469 2384 xn.

2080 2517 2241 2571 Bulla
2269 2519 2479 2575 Urbani
2505 2522 2556 2576 II
2576 2537 2676 2592 pro
2704 2525 3032 2578 monasterio
3061 2522 3250 2579 Sancti
3272 2523 3562 2580 Saturnini

2518 2595 2576 2647 in
2608 2609 2746 2664 pago
2780 2596 3095 2665 Urgellensi.

2606 2683 2793 2751 (Anno
2828 2684 3007 2755 1099.)

2253 2768 2501 2838 [MARCA,
2535 2771 2714 2826 Marce
2744 2773 3062 2842 Hispaniae,
3090 2789 3147 2843 p.
3182 2773 3365 2843 1208.]

2056 2854 2330 2912 Unsanos
2361 2858 2690 2930 episcopus,
2712 2876 2914 2915 servus
2950 2876 3249 2915 servorum
3282 2859 3399 2928 Dei,
3423 2859 3633 2916 dilecto

1985 2944 2103 3000 ﬁlio
2134 2946 2335 3013 Pmao,
2353 2947 2545 3002 abbati
2570 2948 2908 3003 monasterii
2931 2948 3126 3004 Sancti
3150 2949 3633 3021 Saturnini,quod

1984 3035 2165 3090 situm
2199 3039 2287 3091 est
2316 3052 2495 3107 prope
2524 3054 2758 3092 amnem
2792 3037 3023 3092 Valeria
3057 3038 3115 3091 in
3148 3037 3422 3107 parochia
3444 3037 3638 3111 Urgel-

1982 3122 2151 3192 lensi,
2181 3125 2424 3196 ejusque
2456 3124 2893 3181 successoribus
2924 3125 3269 3198 regulariter
3300 3142 3638 3199 promoven-

1956 3267 1961 3271 .
1986 3210 2076 3267 dis
2108 3213 2165 3266 in
2199 3217 2568 3284 perpetuum.

1903 3273 1946 3340 θ’
2056 3300 2167 3355 Pia
2199 3273 2526 3372 postulatio
2573 3301 2896 3358 voluntatis
2948 3301 3154 3357 effectu
3213 3302 3384 3357 debet
3440 3319 3634 3374 prose-

1983 3395 2199 3460 quente
2230 3390 2530 3463 compleri,
2566 3396 2858 3463 quatenus
2890 3396 2949 3446 et
2977 3389 3299 3446 devotionis
3332 3390 3637 3446 sinceritas

1978 3476 2351 3535 laudabiliter
2381 3480 2686 3548 enitescat,
2718 3483 2774 3535 et
2802 3477 3025 3535 utilitas
3059 3478 3351 3552 postulata
3384 3479 3535 3535 vires
3556 3479 3639 3534 in-

1981 3566 2317 3622 dubitanter
2331 3574 2614 3625 assumat.
2633 3569 2877 3625 Proinde
2895 3586 2998 3624 nos
3013 3567 3395 3641 postulationi
3412 3572 3524 3624 tua
3539 3585 3638 3641 pa-

1980 3660 2154 3711 ternae
2180 3657 2555 3729 benignitatis
2579 3659 3087 3715 accommodantes
3134 3674 3464 3726 assensum,
3484 3656 3639 3713 beati
3682 3664 3693 3673 '

1981 3746 2281 3801 Saturnini
2315 3748 2646 3803 venerabile
2672 3748 3120 3814 monasterium,
3145 3748 3235 3802 cui
3270 3751 3503 3803 auctore
3524 3747 3639 3802 Deo

1984 3835 2282 3906 praesides,
2308 3835 2416 3891 sub
2441 3835 2772 3907 apostolica
2796 3837 2953 3891 sedis
2975 3835 3159 3891 tutela
3184 3834 3564 3907 suscipimus,
3584 3838 3640 3889 et

1984 3922 2044 3977 in
2074 3940 2141 3978 ea
2180 3939 2412 3995 semper
2454 3923 2721 3980 libertate
2773 3928 3007 3980 manere
3056 3923 3427 3978 decernimus
3459 3938 3637 3993 quam

1986 4010 2228 4082 egregia
2280 4012 2571 4068 memoria
2617 4011 2857 4067 Carolus
2906 4012 3227 4083 imperator
3276 4010 3552 4077 instituit,
3584 4014 3642 4065 et

1988 4100 2493 4164 Leo,vcnerabilis
2540 4105 2753 4155 sancta
2794 4099 2950 4155 sedis
2982 4099 3311 4171 apostolica
3360 4098 3638 4171 pontifex,

1989 4186 2275 4261 privilegii
2298 4189 2596 4245 sanctione
2618 4189 2894 4255 ﬁrmavit,
2909 4193 2965 4244 et
2986 4187 3367 4260 provinciales
3384 4186 3641 4259 episcopi

1990 4278 2341 4350 scriptorum
2376 4278 2800 4335 assertionibus
2822 4282 3266 4344 consenserunt,
3287 4286 3351 4333 ut
3374 4276 3644 4333 videlicet

1992 4369 2103 4423 sub
2127 4368 2262 4438 jure
2292 4384 2525 4440 semper
2550 4372 2608 4423 et
2636 4369 2989 4440 proprietate
3019 4366 3176 4421 sedis
3209 4364 3539 4438 apostolica
3567 4363 3646 4421 lo-

222 4453 303 4510 tis
323 4458 383 4510 et
413 4454 540 4512 sine
567 4458 848 4529 pravitate
872 4458 1211 4532 impendere
1232 4459 1476 4515 voluerit
1501 4476 1512 4525 ;
1539 4457 1684 4513 alias
1714 4456 1885 4513 liceat
1992 4473 2097 4513 cus
2127 4458 2252 4529 ipse
2273 4461 2553 4525 servetur,
2583 4456 2744 4512 nulla
2778 4474 2956 4529 super
2984 4472 3117 4512 cum
3139 4454 3363 4510 laicalis
3396 4470 3645 4527 persona

221 4544 391 4600 vobis
420 4561 594 4617 quem
642 4546 943 4603 volueritis
992 4550 1152 4604 adire
1210 4548 1553 4610 antistitem,
1588 4553 1644 4602 et
1691 4548 1763 4602 ab
1814 4563 1880 4602 eo
1926 4570 1940 4580 ο

1993 4546 2359 4602 dominatum
2384 4551 2663 4612 exerceat,
2688 4547 2787 4602 sed
2822 4546 3037 4617 placita
3057 4543 3255 4600 omnia
3281 4543 3399 4599 sive
3428 4542 3647 4614 judicia

216 4634 728 4690 consecrationum
750 4643 1119 4693 sacramenta
1140 4638 1458 4708 suscipere,
1475 4636 1561 4693 vel
1585 4636 1655 4691 ad
1679 4634 1876 4691 sedem
1910 4640 1957 4704 1)
1988 4640 2045 4690 et
2073 4635 2468 4693 districtiones
2488 4636 2753 4691 omnium
2783 4634 2973 4690 eidem
3008 4634 3066 4688 in
3092 4632 3447 4688 monasterio
3478 4631 3648 4704 perti-

217 4720 605 4793 apostolicam
629 4739 944 4793 recurrere,
961 4726 1060 4797 qui
1081 4725 1265 4782 fultus
1288 4724 1630 4781 auctoritate
1650 4727 1878 4795 aposto-

217 4808 338 4865 lica
364 4809 490 4866 sine
522 4812 907 4886 ambiguitate
956 4815 1249 4887 postulata
1287 4814 1584 4872 concedat.
1609 4813 1759 4869 Sane
1788 4829 1879 4868 se-

219 4897 526 4971 pulturam
546 4902 811 4973 ejusdem
844 4902 952 4959 loci
980 4905 1220 4960 omnino
1249 4904 1495 4961 liberam
1528 4919 1656 4960 esse
1683 4903 1881 4959 decer-

220 4987 445 5055 nimus,
478 4992 545 5044 ut
580 5006 783 5048 eorum
835 4992 934 5065 qui
984 4993 1103 5049 illic
1152 4993 1383 5065 sepeliri
1436 4991 1885 5049 deliberaverint

222 5076 518 5133 devotioni
549 5083 606 5135 et
633 5084 904 5137 extrema
950 5082 1263 5151 voluntati,
1294 5083 1405 5137 nisi
1454 5083 1600 5138 forte
1650 5096 1879 5136 excom-

221 5165 513 5221 municati
534 5166 675 5235 sint,
689 5185 862 5226 nemo
881 5170 1145 5227 obsistat.
1164 5171 1362 5227 Laieos
1380 5170 1501 5227 sive
1522 5169 1762 5226 clericos
1785 5185 1884 5224 sa-

222 5253 456 5311 culares
486 5255 560 5311 ad
590 5258 1032 5314 conversionem
1055 5259 1351 5331 suscipere
1380 5257 1603 5313 nullius
1622 5256 1881 5330 episc0pi

219 5341 311 5398 vel
342 5345 638 5416 prapositi
670 5347 1054 5404 contradictio
1083 5365 1183 5403 vos
1223 5347 1504 5401 inhibeat.
1538 5346 1798 5403 Obeunte
1829 5352 1883 5401 te

220 5447 384 5486 nunc
404 5433 672 5504 ejusdem
703 5433 814 5490 loci
841 5435 1173 5502 abbate,vel
1205 5439 1442 5492 tuorum
1464 5435 1723 5507 quolibet
1748 5451 1880 5491 suc-

218 5521 756 5589 cessorum,nullus
773 5524 853 5579 ibi
867 5524 1536 5597 qualibetsubreptionis
1553 5524 1879 5579 astutiaseu

216 5606 501 5665 violentia
549 5616 940 5684 praponatur,
973 5613 1089 5669 nisi
1119 5630 1292 5684 quem
1327 5614 1537 5669 fratres
1585 5612 1879 5667 communi

1988 4724 2254 4780 nentium
2303 4726 2362 4780 in
2414 4724 2643 4781 abbatis
2674 4727 2959 4797 potestate
2990 4722 3328 4794 persistant,
3362 4737 3469 4776 nec
3498 4721 3647 4776 dia-

1992 4828 2203 4868 cesano
2233 4813 2505 4886 episcopo
2536 4814 2708 4871 liceat
2748 4813 3006 4885 aliquam
3050 4810 3239 4866 eidem
3290 4809 3646 4864 monasterio

1992 4903 2655 4959 excommunicationem
2708 4903 2941 4968 inferre,
2974 4916 3081 4955 nec
3119 4896 3448 4953 molestiam
3498 4897 3642 4952 irro-

1993 5006 2151 5063 gare,
2187 4991 2287 5045 sed
2331 5008 2692 5064 quacunque
2740 4991 2799 5046 in
2848 4988 3291 5063 praesentiarum
3339 4983 3536 5057 quiete
3586 4984 3645 5039 in

1993 5076 2331 5133 authentica
2357 5080 2724 5149 possessione
2753 5078 3054 5152 possidere
3075 5073 3465 5149 cognoscitur,
3489 5090 3647 5145 qua-

1994 5182 2225 5238 cunque
2257 5166 2315 5221 in
2350 5166 2613 5222 futurum
2639 5167 3011 5224 concessione
3043 5164 3409 5238 pontiﬁcum.
3432 5160 3647 5218 libera-

1994 5253 2156 5310 litate
2186 5254 2645 5327 principum,vel
2668 5256 2960 5311 oblatione
2993 5254 3255 5310 ﬁdelium
3280 5252 3443 5324 juste
3473 5255 3648 5324 atque

1995 5344 2273 5400 canonice
2305 5345 2511 5416 poterit
2536 5343 2803 5416 adipisci,
2823 5346 2994 5398 ﬁrma
3024 5344 3130 5399 tibi
3163 5343 3400 5412 tuisque
3426 5356 3651 5396 succes-

1993 5433 2227 5489 soribus
2258 5440 2314 5488 et
2352 5433 2576 5488 illibata
2622 5437 3021 5505 permaneant,
3053 5448 3122 5487 ea
3169 5430 3491 5503 prasertim
3520 5446 3647 5502 qua

1992 5522 2339 5579 venerabilis
2359 5522 2651 5578 memoria
2682 5520 3055 5576 Erimbaldus
3085 5518 3444 5592 Urgellensis
3466 5523 3523 5574 et
3542 5520 3645 5573 Ar-

1992 5612 2191 5669 null‘us
2215 5612 2658 5685 Ripacorcensis
2685 5610 2993 5682 episcopus
3026 5609 3084 5663 in
3107 5607 3472 5663 dedicatione
3493 5608 3647 5677 ejus-

294 5706 413 5778 (55)
445 5707 548 5765 Est
577 5708 674 5767 hic
705 5709 847 5781 Udo,
883 5727 987 5769 seu
1023 5714 1163 5781 Ulto,
1198 5716 1444 5783 quartus
1476 5712 1532 5769 S.
1571 5709 1743 5766 Blasii
1772 5710 1975 5786 abbas,
2000 5711 2299 5769 Gisilberti
2331 5729 2425 5768 an.
2464 5713 2601 5767 1088
2630 5723 2934 5765 successor
2964 5722 3149 5779 usque
3180 5706 3251 5763 ad
3283 5722 3376 5761 an.
3416 5705 3571 5759 1108.
