4000 6168
320 354 438 422 843

1619 364 1690 428 Β.
1736 362 2028 430 UBBANI
2071 361 2124 428 II
2168 361 2417 430 PAPE.

3603 332 3734 427 ω

317 492 450 548 dem
470 496 806 553 monasterii
827 495 1141 558 tradidisse
1158 502 1212 556 et
1229 497 1587 556 concessisse
1607 497 1884 570 leguntur
1903 496 1962 554 in
1992 503 2047 570 Α
2078 495 2516 571 nibus,quantis
2537 495 2980 570 clamoribus,et
2997 499 3197 555 nostro
3213 498 3270 555 et
3289 499 3743 555 antecessorum=

316 581 596 651 ecclesiis,
620 585 996 641 ecclesiarum
1024 587 1286 653 decimis,
1319 587 1599 658 primitiis
1629 592 1695 642 et-
1716 587 1961 643 oblatio-

316 670 491 727 nibus
522 672 640 727 sive
683 675 1022 730 cmmeteriis
1071 693 1172 748 per
1219 675 1611 747 Urgellensem
1645 677 1763 730 sive
1790 677 1959 747 Ripa-

313 776 645 816 corcensem
672 762 1029 833 parochiam,
1058 779 1158 835 per
1178 765 1540 834 Cerdaniam,
1561 766 1959 838 Bergitanum,

315 849 432 905 sive
480 849 794 918 Paliarum,
837 852 1141 907 ecclesiam
1192 870 1422 925 quoque
1469 855 1663 908 Sancti
1708 855 1859 910 Petri
1891 855 1962 908 de

311 938 606 1008 Villanita,
632 940 783 1010 apud
818 957 992 1011 quam
1025 946 1244 996 statum
1277 942 1595 1016 disciplinae
1630 943 1960 999 monasticae

312 1027 695 1096 reformastis,
737 1029 905 1099 cujus
957 1029 1193 1085 castello
1245 1048 1350 1086 suo
1391 1032 1650 1104 Carogio,
1683 1037 1740 1087 et
1786 1031 1964 1087 rocha

312 1134 437 1188 quae
470 1117 686 1171 dicitur
715 1118 908 1172 Sancti
944 1119 1210 1187 Romani,
1233 1126 1289 1175 et
1314 1120 1534 1175 caeteris
1565 1123 1635 1176 ad
1670 1138 1798 1176 eam
1831 1138 1959 1193 per-

309 1205 656 1275 tinentibus,
688 1209 901 1272 vestro,
935 1206 1087 1261 sicut
1137 1207 1307 1263 hodie
1357 1213 1463 1277 est,
1499 1210 1851 1265 monasterio
1902 1211 1958 1264 in

308 1297 654 1366 perpetuum
706 1295 1040 1366 subjectum
1088 1313 1215 1352 esse
1266 1299 1661 1355 concedimus.
1703 1299 1787 1353 Ad
1841 1298 1961 1354 haec

310 1384 651 1455 adjicientes
682 1384 1052 1440 decernimus
1085 1391 1146 1440 ut
1192 1387 1334 1442 nulli
1367 1387 1603 1443 omnino
1653 1387 1960 1442 hominum

308 1472 478 1528 liceat
500 1473 989 1545 praenominatum
1013 1476 1309 1530 Saturnini
1339 1477 1756 1532 monasterium
1782 1483 1959 1532 temn-

311 1579 370 1618 re
393 1563 752 1634 perturbare,
771 1567 872 1618 aut
896 1564 1023 1633 ejus
1049 1565 1450 1636 possessiones
1472 1568 1718 1633 auferre,
1742 1566 1828 1620 vel
1860 1567 1960 1621 ab-

313 1651 464 1707 latas
497 1651 762 1718 retinere,
788 1651 1070 1719 minuere,
1093 1653 1180 1709 vel
1209 1655 1533 1711 temerariis
1562 1655 1964 1710 vexationibus

314 1740 578 1812 fatigare,
604 1741 702 1795 sed
759 1742 956 1796 omnia
1013 1741 1235 1813 integra
1292 1748 1706 1799 conserventur
1761 1760 1961 1799 eorum

308 1845 413 1901 pro
431 1846 694 1901 .quorum
721 1831 1145 1887 sustentatione
1164 1838 1219 1887 et
1239 1833 1658 1904 gubernatione
1687 1849 1965 1889 concessa

314 1923 454 1974 sunt
485 1919 690 1978 usibus
720 1919 1076 1974 omnimodis
1110 1923 1434 1993 profutura.
1460 1923 1721 1979 Obeunte
1753 1922 1966 1978 nihilo-

310 2007 508 2071 minus
529 2007 792 2077 ejusdem
823 2007 928 2062 loci
961 2009 1172 2065 abbate
1192 2010 1276 2065 vel
1301 2015 1539 2066 tuorum
1563 2010 1823 2082 quolibet
1845 2027 1972 2068 suc.

309 2112 630 2162 cessorum,
664 2097 862 2153 nullus
894 2097 973 2153 ibi
1017 2098 1279 2169 qualibet
1324 2100 1722 2172 subreptionis
1753 2100 1975 2175 astutia

308 2200 412 2239 seu
435 2183 708 2240 violentia
728 2191 1120 2257 praeponatur,
1140 2187 1250 2243 nisi
1276 2205 1450 2260 quem
1476 2189 1652 2244 frater
1674 2185 1972 2245 communl

310 2288 619 2342 consensu,
644 2273 734 2328 vel
771 2276 1016 2330 fratrum
1050 2293 1184 2348 pars
1211 2277 1437 2333 consilii
1474 2279 1747 2344 sanioris,
1773 2271 1976 2354 secun:

308 2362 449 2416 dum
483 2363 579 2418 Dei
610 2363 879 2419 timorem
902 2369 959 2419 et
983 2367 1134 2420 beati
1170 2366 1463 2422 Benedicti
1490 2367 1751 2439 regulam
1783 2367 1970 2438 elege-

309 2451 445 2527 rint.
469 2452 554 2524 Ad
584 2451 869 2507 indicium
903 2458 1098 2508 autem
1122 2459 1406 2526 perceptae
1430 2473 1464 2511 a
1486 2456 1748 2512 Romana
1779 2455 1972 2511 Eccle-

310 2537 397 2593 sia
424 2538 1074 2611 libertatis,quotannis
1107 2559 1280 2598 unam
1315 2545 1538 2615 argenti
1569 2543 1778 2599 libram
1813 2545 1950 2600 Late

309 2628 546 2682 ranensi
573 2627 790 2698 palatio
820 2629 1180 2699 persolvetis.

381 2714 441 2768 Si
474 2731 588 2786 qua
619 2732 758 2771 sane
791 2715 848 2770 in
878 2717 1142 2772 futurum
1174 2717 1573 2776 ecclesiastica
1602 2723 1968 2780 saecularisve

308 2817 561 2872 persona
584 2802 735 2858 hanc
758 2808 967 2859 nostra:
991 2806 1427 2863 constitutionis
1454 2810 1726 2881 paginam
1750 2813 1963 2880 sciens,

307 2893 509 2946 contra
537 2907 664 2946 eam
699 2896 914 2949 temere
964 2895 1158 2950 venire
1210 2898 1535 2963 tentaverit,
1563 2901 1818 2956 secundo
1851 2907 1964 2957 ter-

307 2978 456 3034 tiove
513 2980 898 3049 commonita,
961 2983 1008 3038 si
1077 3001 1191 3039 non
1253 2986 1650 3044 satisfactione
1705 3006 1965 3064 congrua

308 3068 728 3136 emendaverit,
783 3072 1086 3143 potestatis
1133 3073 1487 3147 honorisque
1536 3077 1626 3132 sui
1679 3078 1961 3150 dignitate

307 3162 520 3225 careat,
546 3174 820 3230 reamque
851 3176 912 3215 se
945 3161 1140 3218 divino
1183 3163 1409 3234 judicio
1453 3165 1698 3223 existere
1727 3169 1797 3224 de
1829 3186 1956 3241 per-

2071 591 2337 644 nostroru
2349 604 2403 643 m
2426 592 2687 660 tempore
2704 587 2872 645 sedes
2889 586 3210 661 apostolica
3230 586 3602 659 interpellata
3624 586 3724 658 sit,

2070 691 2184 730 non
2219 685 2304 730 est
2335 677 2734 732 necessarium
2763 692 3086 732 memorare
3115 693 3129 731 :
3165 676 3442 748 quoniam
3474 680 3533 732 et
3561 679 3738 732 ante-'

2071 779 2366 820 cessorum
2390 771 2723 821 nostrorum
2741 765 2962 836 scripta
2982 764 3327 831 indica‘nt,et
3346 764 3726 821 conciliorum

2072 868 2200 923 quae
2225 870 2330 908 nos
2363 858 2597 910 auctore
2629 858 2741 909 Deo
2773 853 2831 909 in
2864 853 3068 909 Galliis
3097 853 3544 921 celebravimus,
3566 870 3726 910 com-

2072 942 2271 998 munis
2303 943 2586 1000 memoria
2618 947 2996 1015 protestatur.
3022 943 3101 998 Ea
3132 943 3426 1015 siquidem
3457 959 3636 999 causa
3659 942 3726 1002 in

2071 1028 2332 1100 plenario
2353 1031 2700 1088 Arvernensi
2725 1031 2968 1088 concilio
2989 1037 3237 1087 tractata
3257 1048 3324 1088 ac
3342 1032 3584 1088 deﬁnita
3609 1035 3734 1088 cst.

2072 1119 2139 1172 Et
2163 1135 2297 1175 cum
2322 1120 3017 1186 Richerius,Senonensis
3039 1121 3535 1193 archiepiscopus,
3559 1137 3728 1193 syno-

2070 1207 2187 1262 dali
2215 1209 2536 1265 deﬁnitioni
2586 1209 2826 1265 minime
2865 1209 3272 1282 acquievisset,
3305 1210 3365 1265 in
3397 1209 3725 1267 Turonensi

2069 1296 2285 1367 pariter
2315 1314 2381 1353 ac
2410 1297 2796 1354 Nemausensi
2827 1299 3071 1355 concilio
3113 1316 3218 1371 per
3247 1308 3405 1354 tuam
3436 1302 3524 1355 est
3549 1297 3724 1354 indu-

2071 1385 2274 1440 striam
2308 1386 2580 1458 repetita;
2613 1392 2671 1442 et
2711 1387 3085 1459 supradictus
3130 1387 3367 1460 quidem
3421 1385 3724 1443 Richerius

2071 1489 2174 1543 pro
2216 1491 2324 1528 sua
2370 1476 2693 1546 pertinacia
2742 1475 3090 1531 interdictus
3141 1475 3303 1543 obiit,
3337 1475 3724 1549 suifraganeis

2071 1561 2199 1631 ejus
2232 1561 2334 1616 tibi
2370 1567 2651 1635 tanquam
2694 1563 2930 1636 primati
2959 1568 3018 1619 et
3048 1564 3311 1637 synodali
3333 1563 3556 1636 judicio
3586 1565 3725 1621 obe-

2072 1649 2350 1706 dientiam
2376 1653 2503 1722 jam
2534 1653 2834 1724 professis.
2860 1654 3059 1709 Frater
3088 1657 3283 1709 autem
3315 1657 3513 1710 noster
3542 1654 3728 1709 Dai'm-

2073 1738 2293 1805 bertus,
2327 1740 2428 1812 qui
2473 1741 2663 1798 eidem
2715 1759 2870 1798 nunc
2918 1742 3202 1810 Ecclesiae,
3236 1743 3589 1815 disponente
3619 1743 3727 1799 Do-

2077 1827 2256 1895 mino,
2290 1829 2582 1900 praesidet,
2617 1830 2771 1886 sicut
2812 1831 2918 1886 tibi
2969 1831 3184 1887 nostris
3215 1830 3611 1904 signiﬁcatum
3639 1835 3732 1888 est

2080 1914 2308 1984 litteris,
2333 1917 2444 1973 sub
2475 1919 2675 1974 eadem
2705 1919 2941 1991 querela
2969 1937 3074 1991 per
3104 1920 3497 1976 ministerium
3531 1936 3728 1976 meum

2081 2005 2330 2076 gratiam
2362 2007 2818 2063 consecrationis
2848 2008 3087 2080 accepit.
3120 2009 3317 2081 Nuper
3344 2013 3564 2075 autem,
3593 2025 3729 2066 cum

2081 2093 2152 2147 ad
2204 2095 2600 2165 apostolorum
2649 2095 2875 2161 limina,
2905 2101 3026 2153 tam
3075 2114 3178 2170 pro
3226 2098 3490 2169 ejusdem
3537 2114 3735 2156 causae

2081 2181 2306 2238 actione
2335 2200 2510 2255 quam
2543 2201 2646 2256 pro
2670 2186 2966 2241 communi
2990 2187 3268 2258 synodica
3293 2187 3610 2254 vocatione,
3644 2199 3747 2244 re-‘

2082 2269 2305 2338 diisset,
2350 2273 2733 2343 praesentibus
2783 2273 2990 2348 legatis
3040 2275 3180 2342 tuis,
3214 2275 3476 2332 Ismeone
3532 2274 3756 2331 Diensi-

2081 2359 2372 2432 episcopo,
2389 2361 2587 2418 Girino
2610 2363 2826 2419 decano
2842 2368 2899 2418 et
2917 2364 3054 2419 item
3075 2364 3272 2420 Girino
3291 2363 3612 2436 capellam),
3634 2381 3733 2422 se-

2081 2448 2172 2504 dis
2204 2449 2530 2521 apostolicae
2562 2456 2799 2524 cogente
2820 2453 3067 2524 judicio,
3092 2455 3251 2511 omni
3282 2454 3520 2510 demum
3552 2455 3752 2527 tergi-'

2079 2538 2406 2594 versatione
2423 2545 2670 2600 cassata.
2685 2540 2744 2595 in
2762 2557 2940 2597 manu
2961 2546 3158 2599 nostra
3175 2543 3474 2614 professus
3490 2547 3657 2600 estse
3673 2546 3732 2600 et
3751 2566 3757 2572 ί

2081 2627 2491 2699 Lugdunensis
2506 2628 2775 2685 Ecclesia:
2791 2647 2857 2685 su
2868 2648 2967 2703 per
2992 2633 3386 2688 Senonensem
3409 2631 3727 2703 primatum
3754 2663 3756 2665 >

2077 2732 2412 2788 agnoscere,
2428 2721 2483 2772 et
2504 2717 2574 2772 de
2590 2723 2794 2775 caetero
2818 2719 2922 2776 tibi
2944 2720 3182 2792 tuisque
3204 2720 3481 2792 legitimis
3501 2737 3729 2777 succes-
3755 2747 3758 2750 η

2075 2805 2308 2860 scribus
2326 2811 2603 2877 tanquam
2625 2807 2972 2879 primatibus
2989 2809 3240 2866 obedire.
3255 2808 3535 2866 Similiter
3547 2810 3725 2866 etiam
3753 2817 3756 2820 ’

2075 2893 2367 2964 pollicitus
2400 2900 2490 2950 est
2516 2899 2735 2951 statuto
2766 2915 2799 2952 a
2827 2897 2993 2954 nobis
3024 2902 3306 2970 tempore,
3327 2898 3386 2953 id
3418 2903 3510 2954 est
3535 2914 3723 2971 usque

2073 2983 2141 3036 ad
2170 2983 2495 3053 proximam
2520 2985 2671 3041 beati
2695 2985 2954 3058 Dionysii
2977 2986 3427 3053 solemnitatem,
3441 3004 3508 3044 se
3524 2988 3594 3044 ad
3610 3003 3723 3043 vos

2069 3075 2400 3140 venturum,
2436 3077 2493 3128 et
2531 3073 2588 3127 in
2631 3080 2944 3147 conspectu
2996 3076 3405 3149 Lugdunensis
3453 3075 3720 3132 Ecclesia

2065 3156 2326 3230 idipsum
2356 3175 2451 3215 ore
2484 3161 2716 3232 proprio
2765 3162 3193 3250 professurum,
3219 3163 3332 3220 nisi
3373 3163 3724 3220 canonicum
3759 3191 3762 3196 -

305 3250 532 3318 petrata
562 3246 869 3319 iniquitate
901 3257 1232 3322 cognoscat,
1255 3256 1314 3307 et
1343 3271 1377 3308 a
1406 3254 1802 3314 sacratissimo
1829 3236 1956 3314 cor-

2075 3245 2557 3318 impedimentum
2582 3250 2868 3306 evenerit:
2895 3268 3010 3323 quo
3033 3236 3326 3308 transacto
3351 3252 3500 3308 infra
3524 3251 3725 3324 trigin—
3753 3277 3760 3282 -

305 3351 454 3407 pore.
479 3351 544 3390 ac
576 3337 862 3409 sanguine
884 3338 985 3393 Dei
1007 3343 1064 3394 et
1082 3340 1314 3396 Domini
1348 3342 1752 3416 Redemptoris
1775 3348 1958 3404 nostri

301 3423 440 3478 Jesu
474 3423 688 3481 Christi
722 3426 910 3482 aliena
945 3428 1064 3496 fiat,
1090 3433 1263 3501 atque
1309 3431 1366 3485 in
1413 3437 1670 3489 extremo
1697 3437 1960 3494 examine

300 3511 573 3567 districta:
592 3513 798 3568 ultioni
817 3515 1134 3585 subjaceat,
1161 3520 1385 3574 cunctis
1407 3525 1603 3576 autem
1625 3522 1813 3579 eidem
1835 3524 1959 3582 loco

293 3600 462 3670 justa
485 3601 852 3656 servantibus
874 3603 951 3657 sit
972 3622 1083 3676 pax
1103 3606 1330 3662 Domini
1360 3611 1539 3664 nostri
1560 3615 1701 3666 Jesu
1723 3612 1955 3682 Christi,

304 3691 596 3758 quatenus
629 3693 684 3744 et
727 3690 819 3745 hic
852 3692 1107 3748 fructum
1142 3695 1304 3750 bonze
1337 3698 1580 3754 actionis
1611 3701 1954 3773 percipiant,

302 3781 358 3830 et
391 3777 544 3847 apud
577 3777 907 3834 districtum
951 3781 1208 3852 judicem
1240 3786 1478 3855 praemia
1525 3792 1749 3844 aeternae
1798 3791 1957 3862 pacis

301 3863 617 3922 inveniant.
647 3870 852 3934 Amen,
885 3886 1077 3937 amen,
1111 3887 1303 3928 amen.

373 3954 669 4026 Scriptum
702 3973 804 4029 per
835 3975 1076 4015 manum
1108 3961 1279 4030 Petri,
1314 3963 1521 4019 notarii
1557 3966 1867 4039 regionarii
1899 3975 1957 4027 et

301 4043 590 4100 scriniarii
622 4047 771 4101 sacri
804 4047 1024 4118 palatii.

374 4136 582 4188 Datum
613 4134 807 4190 Romae
841 4136 898 4190 in
941 4137 1166 4208 porticu
1197 4139 1354 4196 Beati
1398 4141 1547 4197 Petri
1580 4160 1682 4216 per
1713 4163 1952 4203 manum

298 4218 562 4289 Joannis,
595 4229 807 4279 sanctae
834 4225 1105 4281 Romanae
1128 4228 1395 4285 Ecclesia:
1423 4231 1651 4288 diaconi
1686 4236 1952 4291 cardina-

301 4307 374 4362 lis
415 4327 514 4364 xm
564 4310 687 4366 Kal.
726 4313 885 4379 Maii,
931 4315 1132 4369 indict.
1166 4333 1264 4385 v11,
1300 4319 1722 4379 Incarnationis
1755 4325 1951 4380 Domi-

299 4395 442 4451 nicss
469 4414 621 4452 anno
645 4399 801 4469 1099,
827 4401 1200 4472 pontificatus
1221 4410 1418 4460 autem
1441 4407 1643 4464 domui
1666 4410 1880 4468 Urbani
1906 4415 1951 4469 ll

301 4501 466 4557 papae
498 4503 597 4540 xu.

1002 4605 1251 4662 CCXCll.

303 4691 508 4747 Urbani
547 4693 775 4776 epistola
804 4693 1200 4776 adﬂugongm,
1235 4697 1702 4776 archiepiscopum
1731 4706 1950 4776 Lugdu-

367 4779 610 4844 nensem.
633 4765 955 4844 —.Nuntiat
982 4767 1200 4844 tandem
1224 4765 1531 4844 primatum
1560 4765 1677 4844 ejus
1706 4793 1740 4830 τι
1769 4765 1953 4833 Dixim-

371 4834 547 4904 bcrto,
608 4835 1007 4908 archiepiscopo
1069 4834 1402 4906 Senonensi,
1462 4834 1715 4912 agnitum
1765 4849 1952 4906 Romae

368 4923 498 4962 esse.

922 4981 1108 5050 (Anno
1145 4981 1328 5053 1099.)

726 5067 960 5137 [MANSI,
991 5068 1194 5125 Concil.
1227 5069 1339 5138 XX,
1374 5072 1525 5142 877.]

370 5177 648 5237 Uasmus
669 5183 998 5254 episcopus,
1028 5201 1229 5240 servus
1251 5201 1548 5242 servorum
1574 5187 1696 5256 Dei,
1719 5207 1953 5248 venera-

301 5264 402 5320 bili
437 5266 599 5322 fratri
639 5274 696 5325 et
743 5271 1084 5344 coepiscopo
1130 5272 1377 5342 Huaom,
1405 5274 1783 5347 Lugdunensi
1835 5283 1950 5350 pri-

301 5353 467 5421 mati,
504 5356 753 5413 salutem
785 5364 841 5414 et
871 5361 1250 5432 apostolicam
1283 5362 1770 5422 benedictionem.

373 5441 479 5497 Pro
512 5445 746 5515 querela
793 5465 970 5518 quam
1021 5451 1300 5506 adversus
1332 5451 1728 5512 Senonensem
1758 5458 1950 5516 Eccle-

302 5531 452 5587 siam
506 5540 563 5587 et
610 5537 1102 5605 praedecessorum
1142 5545 1379 5596 tuorum
1427 5547 1482 5598 et
1525 5548 1625 5599 tua
1671 5544 1954 5605 hactenus

301 5622 632 5679 fraternitas
665 5624 1031 5682 vehementer
1061 5631 1338 5698 exercuit,
1371 5633 1606 5702 quantis
1639 5637 1954 5694 contentio-

2068 3338 2129 3390 ta
2159 3336 2281 3392 dies
2311 3336 2571 3408 idipsum
2612 3338 2854 3411 implere
2897 3341 3146 3396 curabit.
3181 3341 3276 3397 Sic
3303 3341 3460 3398 enim
3491 3341 3724 3398 vicariis

2065 3424 2297 3491 vestris,
2322 3442 2424 3497 per
2449 3443 2546 3482 eos
2572 3427 2681 3482 tibi
2704 3445 2770 3483 ac
2800 3429 3176 3502 Lugdunensi
3208 3430 3474 3486 Ecclesiae
3507 3430 3566 3485 in
3597 3447 3722 3486 ma-

2069 3530 2212 3569 num
2245 3513 2697 3588 assignavimus,
2732 3519 3121 3589 praesentibus
3171 3519 3449 3576 fratribus
3480 3518 3720 3588 nostris,

2068 3617 2318 3672 quorum
2353 3603 2506 3660 infra
2536 3605 2754 3678 scripta
2785 3610 2924 3662 sunt
2954 3606 3194 3662 nomina
3220 3625 3231 3662 :
3265 3606 3542 3662 Anselmo
3571 3607 3726 3662 vide-

2067 3689 2203 3746 licet
2249 3692 2677 3760 Cantuariensi,
2705 3694 3054 3766 Leodegario
3103 3694 3473 3761 Bituricensi,
3510 3696 3721 3750 Amato

2067 3779 2492 3851 Burdigalensi,
2523 3781 3006 3854 archiepiscopis;
3039 3780 3333 3838 Gualterio
3375 3779 3716 3848 Albanensi,

2065 3865 2264 3922 Odone
2286 3866 2560 3935 Ostiensi,
2577 3868 2876 3924 Guntardo
2895 3869 3198 3936 Fundado,
3225 3868 3500 3926 Leutaldo
3531 3868 3716 3926 Silva-

2065 3955 2344 4023 necteusi,
2378 3955 2694 4028 episcopis;
2736 3957 2989 4013 Nunerio
3038 3957 3109 4012 de
3156 3957 3325 4014 titulo
3357 3958 3556 4015 Sancti
3587 3958 3718 4015 Cle-

2065 4043 2298 4111 mentis,
2329 4044 2591 4101 Teuzone
2633 4046 2705 4101 de
2756 4046 2925 4102 titulo
2974 4047 3319 4104 Sanctorum
3366 4047 3612 4105 Joannis
3658 4053 3718 4104 et

2065 4130 2494 4199 Pauli,Joanne
2525 4133 2596 4188 de
2639 4133 2812 4189 titulo
2854 4135 3076 4190 Sanctae
3124 4136 3465 4207 Anastasius,
3499 4142 3726 4193 nostra
3763 4167 3765 4169 ι

2063 4220 2220 4297 sedis
2273 4218 2601 4291 apostolicae
2660 4223 3012 4294 presbyteris
3066 4224 3490 4292 cardinalibus;
3544 4224 3714 4280 Petro

2063 4308 2290 4374 Leonis,
2339 4309 2563 4365 Joanne
2620 4311 2957 4384 Frejapane,
3021 4313 3295 4370 Romanis
3352 4313 3711 4385 proceribus.

2060 4396 2183 4451 Tua
2212 4413 2348 4469 ergo
2390 4397 2726 4455 fraternitas
2769 4399 2911 4472 quid
2961 4401 3290 4472 apostolicae
3334 4402 3459 4457 sedi
3509 4401 3717 4457 debeat

2061 4486 2425 4559 propensiori
2453 4486 2726 4561 deinceps
2759 4493 2814 4545 et
2859 4490 3078 4546 amoris
3108 4495 3167 4546 et
3197 4489 3461 4562 obsequii
3491 4489 3715 4545 exhibi-

1985 4599 2027 4664 ο
2062 4574 2222 4664 tione
2253 4576 2595 4648 perpendat.

2132 4663 2345 4719 Datum
2376 4668 2567 4719 Romae
2599 4667 2754 4737 apud
2787 4671 3029 4722 Beatum
3060 4667 3316 4736 Petrum,
3341 4684 3445 4741 per
3474 4683 3716 4724 manum

2058 4750 2305 4807 Joannis
2337 4757 2549 4808 sanctis
2581 4753 2855 4809 Romanae
2885 4755 3152 4812 Ecclesia:
3185 4755 3414 4813 diaconi
3444 4755 3719 4812 cardina-
3745 4765 3750 4770 ’

2059 4839 2152 4909 lis,
2180 4839 2496 4896 indictione
2546 4840 2817 4913 septima,
2843 4857 2963 4910 vm,
3019 4843 3304 4900 Kalendas
3354 4845 3514 4912 Maii,
3561 4856 3715 4903 anno

2061 4929 2375 4984 Dominicae
2422 4929 2845 4988 Incarnationis
2878 4933 3033 4999 1099,
3067 4932 3444 5006 pontiﬁcatus
3473 4932 3717 4990 domini

2062 5017 2280 5073 Urbani
2313 5033 2475 5089 papas
2507 5032 2608 5073 xu.

2751 5109 3026 5166 CCXClIl.

2061 5199 2082 5216 '
2121 5194 2365 5251 Urbanus
2396 5197 2456 5249 in
2478 5199 2808 5253 monasterio
2850 5199 3058 5256 Casatis
3088 5201 3143 5256 S.
3177 5202 3332 5256 Petri
3367 5221 3390 5251 ι
3423 5217 3547 5256 eam
3573 5212 3717 5256 sem-
3759 5227 3761 5229 ί

2129 5282 2230 5338 per
2270 5266 2583 5338 disciplinac
2630 5271 2903 5338 regularis
2953 5274 3348 5328 institutionem
3402 5273 3719 5328 conservari

2125 5337 2500 5415 jubet,_quam
2518 5337 3290 5415 juxta’Vallumbrosanorum
3316 5345 3561 5415 fratrum
3585 5359 3714 5415 con-

2131 5407 2475 5534 :aetu‘dincm
2518 5407 2793 5480 'Amtreas,
2843 5417 3168 5472 monasterii
3222 5407 3487 5480 conditor,
3537 5413 3716 5469 stabi-

2159 5494 2275 5534 tera
2307 5521 2318 5534 .
2353 5501 2383 5530 )›

2159 5487 2318 5535 terat.
2353 5501 2383 5530 )›

2687 5558 2877 5626 (Anno
2911 5559 3094 5629 1099.)

2292 5641 2450 5708 [Vide
2487 5640 2725 5701 MABILL.
2760 5646 2960 5704 Annal.
2996 5647 3216 5724 Bened.,
3249 5647 3317 5718 V,
3351 5647 3500 5718 406.]
