3990 6156
219 283 347 345 545

919 419 1192 476 CCXCIV.

219 509 544 565 lonasterii
600 509 655 563 S.
715 508 897 564 Crucis
946 511 1323 580 possessiones,
1385 514 1610 580 rogante
1665 511 1872 577 Amabo,

469 580 872 652 archiepiscopo
902 581 1304 652 Burdigalensi,
1339 582 1643 651 conﬁrmat.

859 671 1042 738 (Anno
1059 671 1254 742 -~l099.)

657 758 824 830 (Vide
857 759 1097 818 MABILL.
1127 760 1225 815 ubi
1252 761 1463 832 supra.)

927 866 1166 922 CCXCV.

227 957 441 1014 Urbani
470 956 701 1028 epistola
723 953 794 1028 ad
833 917 1126 1025 aug—5:2;
1154 917 1618 1028 archiepiscopum
1663 955 1880 1026 Lugdu-

275 1043 542 1089 nensem.
571 1057 640 1066 —-
668 1027 743 1082 De
765 1027 986 1082 Roberlo
1016 1028 1210 1084 abbate
1241 1027 1586 1084 Cisterciensi
1617 1043 1686 1082 ea:
1704 1041 1882 1082 eremo

297 1097 619 1154 revocando.

865 1170 1052 1236 (Anno
1083 1169 1266 1237 1099.)

639 1258 872 1327 (MANSI,
908 1257 1136 1325 Concil.,
1173 1258 1289 1326 XX,
1323 1259 1473 1330 666.)

301 1348 582 1406 [Insanus
609 1346 942 1420 episcopus,
975 1363 1178 1402 servus
1208 1363 1509 1404 servorum
1557 1348 1672 1415 Dei,
1708 1363 1885 1402 vene-

227 1436 400 1494 rabili
435 1436 598 1492 fratri
625 1440 684 1492 et
714 1435 988 1508 episcopo
1038 1436 1288 1500 Hucoxr,
1341 1435 1671 1508 apostolicae
1730 1436 1886 1491 sedis

225 1526 468 1594 vicario,
499 1525 750 1588 salutem
783 1531 839 1580 et
869 1523 1247 1597 apostolicam
1283 1525 1766 1581 benedictionem.

299 1614 772 1671 Molismensium
801 1614 1047 1668 fratrum
1081 1631 1361 1686 magnum
1399 1615 1452 1669 in
1498 1615 1738 1669 consilio
1769 1615 1886 1669 cla-

230 1721 458 1761 morem
476 1703 1066 1776 accepimus,abbatis
1093 1703 1180 1758 sui
1211 1703 1461 1758 reditum
1488 1703 1888 1759 vehementius

231 1793 687 1867 postulantium.
722 1792 1005 1848 Dicebant
1035 1792 1190 1847 enim
1224 1791 1564 1864 religionem
1585 1809 1692 1848 suo
1715 1792 1889 1848 choro
1921 1801 1966 1866 Β

232 1897 713 1954 eversam,seque
733 1898 836 1954 pro
859 1881 1085 1936 abbatis
1109 1881 1269 1936 illius
1294 1881 1560 1936 absentia
1577 1881 1707 1936 odio
1735 1882 1890 1953 apud

232 1972 532 2046 principes
559 1975 618 2028 et
646 1975 884 2026 caeteros
914 1970 1135 2026 vicinos
1166 1969 1386 2026 haberi.
1421 1969 1614 2026 Coacti
1655 1971 1890 2026 tandem

235 2079 268 2116 a
299 2059 582 2117 fratribus
623 2059 861 2125 nostris,
921 2057 1214 2114 dilectioni
1247 2063 1360 2113 tua:
1423 2076 1524 2130 per
1581 2059 1894 2130 praesentia

235 2150 460 2222 scripta
483 2148 858 2214 mandamus,
891 2146 1286 2219 signiﬁcantes
1315 2152 1545 2219 gratum
1575 2147 1742 2202 nobis
1773 2148 1890 2202 exi-

235 2243 390 2295 stere
421 2243 506 2305 ut,
539 2237 587 2294 si
622 2237 744 2292 ﬁeri
775 2241 990 2309 posset,
1023 2237 1206 2292 abbas
1227 2235 1323 2292 ille
1353 2236 1426 2292 ab
1459 2252 1651 2291 eremo
1672 2237 1743 2292 ad
1778 2253 1893 2292 mo-

238 2326 566 2384 nasterium
597 2325 928 2381 reducatur.
964 2325 1122 2388 Quod
1158 2325 1208 2380 si
1249 2324 1491 2397 implere
1540 2325 1889 2397 nequiveris,

239 2434 393 2472 curae
423 2415 531 2470 tibi
562 2415 638 2470 sit
669 2418 735 2470 ut
761 2419 818 2470 et
847 2413 945 2486 qui
979 2431 1239 2483 eremum
1291 2413 1543 2488 diligunt
1587 2417 1891 2486 conquies-

239 2511 400 2570 cant,
435 2509 493 2560 et
520 2504 620 2577 qui
640 2504 699 2559 in
723 2504 984 2558 ccenobio
1018 2508 1156 2558 sunt
1178 2503 1542 2575 regularibus
1563 2503 1893 2577 disciplinis

243 2593 582 2650 inserviant.

932 2681 1175 2736 CCXCVI
1186 2723 1198 2734 .

245 2773 456 2831 Urbani
478 2773 528 2827 Il
563 2772 789 2843 epistola
831 2787 928 2842 pro
969 2773 1184 2896 .Jpanne
1229 2771 1627 2828 archidiaeomo
1674 2772 1894 2828 Atreba-

1027 2858 1163 2896 ensi.

1027 2858 1140 2896 εηδι
1151 2883 1163 2896 .

886 2931 1293 3002 (Αηηο1099)

423 3021 595 3090 (Dom
627 3025 917 3083 Bouous'r,
959 3020 1194 3085 Recueil,
1227 3025 1267 3074 t.
1305 3020 1447 3086 XIV,
1481 3037 1537 3092 p.
1569 3021 1721 3092 239.)

319 3110 594 3172 UBBA‘SUS
621 3108 950 3181 episcopus,
985 3125 1186 3163 servus
1217 3125 1514 3164 servorum
1544 3110 1664 3176 Dei,
1691 3110 1900 3165 dilecto

248 3199 372 3258 ﬁlio
405 3217 512 3256 suo
535 3198 764 3264 Josxm,
797 3198 1164 3253 Atrebatensi
1191 3199 1621 3264 archidiacono,
1650 3199 1898 3254 salutem

249 3295 310 3346 et
337 3287 716 3361 apostolicam
744 3286 1228 3342 benedictionem.

326 3378 616 3443 Quoniam
649 3375 896 3434 relatum
925 3382 1013 3431 est
1047 3376 1101 3430 in
1136 3376 1380 3431 auribus
1405 3377 1621 3432 nostris
1652 3381 1706 3431 te
1736 3394 1897 3432 com-

249 3467 415 3524 muni
447 3469 580 3522 voto
612 3464 1014 3538 religiosorum
1047 3465 1325 3533 virorum,
1351 3471 1468 3520 tam
1501 3465 1689 3521 clerici
1724 3483 1898 3538 quam

248 3554 474 3629 populi,
506 3554 567 3610 in
593 3553 849 3610 Ecclesia
880 3553 1194 3608 Morinensi
1227 3569 1353 3608 esse
1397 3553 1666 3622 electum,
1717 3554 1899 3626 pluri-

247 3661 416 3706 mum
461 3642 920 3714 congaudcmus,
953 3640 1296 3697 auctoritate
1348 3643 1526 3716 igitur
1569 3643 1898 3716 apostolica:

248 3733 408 3798 sedis
437 3731 782 3793 electionem
811 3729 970 3786 illam
1013 3732 1432 3788 confirmamus
1463 3737 1519 3786 et
1557 3733 1898 3788 corrobora-

245 3839 403 3889 mus,
451 3825 510 3878 et
566 3836 636 3876 ne
695 3819 894 3891 aliqua
950 3819 1251 3876 occasione
1309 3817 1435 3874 eam
1490 3821 1896 3895 subterfugiat,

242 3912 449 3967 eadem
483 3908 824 3968 auctoritate
855 3907 1095 3963 omnino
1128 3908 1602 3965 interdicimus...

928 4013 1222 4070 CCXCVII.

252 4106 502 4163 Urbanus
556 4105 883 4159 monasterii
938 4103 1360 4158 Psalmodiensis
1413 4104 1717 4159 libertatem
1773 4122 1898 4160 ron-

320 4177 509 4246 ﬁmuu
535 4199 564 4225 «
595 4192 665 4232 ne
699 4175 877 4231 ullam
930 4173 1360 4230 dominationem
1406 4175 1763 4230 Massilienses
1821 4177 1903 4232 ibi

320 4247 581 4308 habeant.
619 4270 647 4295 »

879 4319 1069 4389 (Anno
1103 4316 1288 4384 1099.)

249 4407 419 4481 (Vide
450 4406 790 4481 relationem
823 4405 1316 4481 apud‘Msechorg
1362 4410 1440 4481 et_
1467 4407 1762 4481 Romam.
1783 4409 1898 4481 Ou:

321 4495 529 4551 vrages
577 4477 795 4551 posta,
841 4478 922 4551 Ill
951 4477 1078 4548 395,
1109 4482 1167 4534 et
1228 4477 1376 4531 infra
1427 4477 1483 4532 in
1543 4480 1792 4550 append.
1825 4480 1896 4536 ad

322 4549 606 4622 epistolas
635 4549 902 4609 Urbani.)

918 4637 1158 4692 CCXCVI
1167 4637 1211 4692 II
1221 4679 1232 4691 .

253 4727 472 4799 Urbani
517 4728 569 4783 II
611 4743 765 4799 papae
812 4726 1041 4798 epistola
1094 4726 1164 4781 ad
1222 4728 1508 4781 canonicos
1554 4729 1609 4782 S.
1670 4727 1904 4785 Andreae

325 4798 769 4867 Burdegalensis.
793 4829 860 4839 —
893 4799 1085 4852 Notum
1115 4799 1250 4867 facit
1263 4813 1451 4852 eorum
1479 4801 1905 4854 controversiam

322 4886 446 4925 cum
489 4870 703 4925 clericis
750 4869 803 4923 S.
859 4868 1105 4941 Severini
1163 4871 1260 4941 ita
1294 4868 1576 4938 deﬁnitam
1623 4872 1792 4941 fuisse
1843 4872 1904 4924 in

324 4943 555 5013 concilio
587 4942 841 5006 Romano,
883 4948 942 4994 ut
979 4940 1204 4994 ecclesia
1239 4940 1291 4994 S.
1342 4941 1574 4997 Andreae
1617 4940 1902 5013 praprium

327 5012 525 5068 habeat
549 5013 915 5068 cwmeleri-um
948 5013 1004 5065 in
1034 5020 1376 5082 perpetuum.

878 5099 1274 5170 (Ann01099q

524 5189 692 5261 [Dom
723 5188 1016 5254 Bouonsr,
1048 5187 1285 5259 Recueil,
1316 5187 1464 5257 XIV,
1497 5189 1646 5260 736.]

330 5296 601 5353 UBBANUS
623 5295 952 5368 episcopus,
986 5310 1187 5350 servus
1211 5310 1507 5350 servorum
1531 5295 1650 5365 Dei,
1677 5295 1905 5354 dilectis

255 5384 396 5441 filiis
427 5383 725 5440 canonicis
753 5383 814 5438 S.
843 5382 1082 5438 Andreas
1143 5381 1388 5438 salutem
1423 5388 1478 5438 et
1525 5385 1903 5457 apostolicam

253 5473 746 5532 benedictionem.

328 5562 546 5622 Notum
583 5561 679 5636 sit,
712 5561 921 5621 fratres
951 5559 1305 5632 oharissimi,
1339 5560 1633 5621 dilectioni
1679 5567 1902 5640 vestrm,

1399 277 1810 350 EPISTOLE
1849 283 1952 349 E'I‘
1993 281 2474 350 PRIVILEGIA.

1909 425 1960 490 Α
1995 422 2144 492 quod
2173 421 2615 476 alternationem
2651 438 2830 492 quam
2863 420 3054 477 clerici
3087 423 3144 477 S.
3179 423 3434 478 Severini
3463 426 3651 480 vobis-

3516 289 3636 354 διδ
3706 383 3710 386 ί

1986 527 2120 564 cum
2153 511 2251 564 diu
2285 510 2617 565 habuerunt
2662 511 2732 566 de
2795 511 3124 567 cmmeterio
3179 511 3388 567 matris
3447 519 3651 568 vestrae

1986 598 2241 654 ecclesias
2267 615 2305 654 a
2334 598 2500 654 nobis
2533 615 2635 671 per
2665 599 2765 654 Dei
2797 600 3047 672 gratiam
3081 605 3450 670 consecratas,
3474 603 3547 656 ad
3563 605 3632 671 ju

1987 691 2146 742 stum
2177 690 2235 742 et
2261 686 2592 758 legitimum
2623 687 3007 758 perduximus
3053 690 3249 743 ﬁnem.
3281 689 3342 743 In
3391 689 3654 745 concilio-

1991 774 2147 830 enim
2192 775 2472 841 Romano,
2525 776 2681 847 quod
2738 775 2836 831 Dei
2895 776 3193 831 voluntate
3251 781 3386 832 ante
3431 793 3646 850 corpus

1989 862 2318 918 beatissimi
2347 863 2496 919 Petri
2527 863 2928 936 apostolorum
2977 865 3256 936 principis
3309 865 3650 922 solemniter

1992 950 2437 1018 celebravimus,
2471 951 2796 1008 rationibus
2825 953 3037 1008 vestris
3071 970 3170 1024 per
3212 953 3444 1008 Petrum
3476 955 3648 1010 deca-

1993 1057 2134 1094 num
2161 1040 2467 1108 enarratis,
2501 1045 2558 1096 et
2583 1041 3046 1097 adversariorum
3074 1046 3397 1097 vestrorum
3423 1043 3648 1115 opposi-

1990 1128 2251 1183 tionibus
2310 1129 2620 1201 diligenter
2675 1129 3066 1201 pertractatis,
3126 1129 3376 1186 decrevit
3450 1137 3655 1186 sancta

1989 1217 2257 1290 Synodus
2285 1223 2533 1273 matrem
2568 1223 2845 1285 vestram,
2899 1218 3391 1290 Burdegalensem
3435 1219 3661 1275 scilicet

1994 1305 2329 1374 Ecclesiam,
2355 1306 2535 1362 filiam
2553 1324 2686 1363 vero
2707 1313 2966 1363 nostram
2992 1307 3162 1363 unico
3180 1307 3477 1380 privilegio
3499 1324 3658 1364 amo-

1994 1394 2076 1449 ris
2095 1393 2262 1450 nobis
2285 1411 2518 1466 semper
2538 1397 3273 1468 adjunctam,suum,quod
3297 1398 3646 1468 requirebat,
3695 1386 3702 1392 ’

1998 1483 2207 1546 debere
2257 1484 2314 1538 in
2349 1489 2695 1556 perpetuum
2729 1485 2940 1540 habere
2995 1485 3411 1541 coemeterium.
3473 1486 3655 1558 Igitur

1999 1573 2298 1627 communi
2321 1573 2550 1628 decreto
2571 1573 2824 1642 concilii,
2848 1573 3266 1641 coemeterium,
3291 1575 3444 1646 quod
3471 1575 3657 1647 requi-

2003 1661 2217 1716 rebatis
2248 1662 2318 1716 ad
2352 1663 2717 1732 sepulturam
2745 1663 3032 1728 fidelium,
3060 1662 3314 1718 ecclesiae
3340 1664 3537 1719 statim
3559 1679 3659 1719 ve-

2000 1757 2132 1805 stra:
2166 1751 2563 1816 restituimus,
2595 1753 2804 1821 etjurc
2837 1757 3114 1822 perpetuo
3146 1751 3492 1806 auctoritate
3521 1768 3659 1823 apo-

2000 1838 2207 1895 stolica
2228 1840 2650 1911 possidendum
2675 1841 3074 1896 concessimus
3103 1856 3116 1894 :
3143 1839 3395 1896 subinde
3421 1839 3655 1896 Petrum

2000 1929 2284 1983 decanum
2299 1933 2557 1984 vestrum
2582 1929 2638 1984 in
2659 1935 2973 2001 conspectu
2998 1929 3223 1985 concilii
3251 1946 3429 1986 manu
3457 1935 3659 1986 nostra

2003 2016 2424 2072 investivimus.
2487 2017 2683 2088 Neque
2738 2034 2872 2089 ergo
2933 2035 3180 2090 persona
3247 2023 3454 2074 contra
3509 2018 3662 2074 hanc

2001 2104 2230 2160 concilii
2265 2105 2660 2161 deﬁnitionem
2694 2112 2748 2161 et
2780 2111 3039 2161 nostram
3083 2107 3520 2163 concessionem
3554 2107 3660 2163 ali-

2001 2193 2238 2264 quando
2267 2195 2462 2249 venire
2494 2200 2830 2265 prazsumat,
2864 2194 3210 2250 auctoritate
3249 2195 3348 2250 Dei
3392 2196 3662 2267 omnipo-

2001 2282 2197 2348 tentis,
2213 2288 2270 2336 et
2289 2282 2594 2337 beatorum
2616 2281 3014 2354 apostolorum
3040 2283 3190 2337 Petri
3213 2289 3270 2338 et
3293 2284 3454 2338 Pauli
3478 2288 3655 2356 atque

2000 2372 2262 2437 Andreae,
2294 2377 2350 2426 et
2380 2374 2598 2438 nostra,
2661 2371 2850 2426 modis
2880 2370 3155 2426 omnibus
3220 2372 3649 2428 interdicimus.

2079 2461 2288 2515 Datum
2331 2460 2525 2514 Roma:
2585 2460 2740 2532 apud
2783 2460 2841 2515 S.
2904 2459 3161 2529 Petrum,
3193 2475 3226 2514 v
3256 2459 3450 2516 Nonas
3498 2460 3654 2527 Maii,

2002 2548 2207 2604 indict.
2238 2566 2337 2616 vn,
2372 2549 2798 2603 Incarnationis
2833 2548 3146 2604 Dominicis
3167 2565 3320 2604 anno
3345 2549 3502 2616 1099,
3524 2565 3666 2622 pon—

2004 2638 2261 2693 tiﬁcatus
2293 2644 2486 2693 autem
2521 2638 2718 2692 domni
2754 2637 2968 2692 Urbani
3001 2638 3048 2692 ll
3080 2654 3240 2710 papae
3271 2655 3366 2694 xu.

2694 2743 2970 2800 CCXCIX.

2008 2835 2246 2906 Epistola
2280 2836 2484 2894 Urbani
2521 2836 2573 2889 II
2611 2848 2773 2905 papae
2822 2833 2891 2888 ad
2949 2835 3175 2906 Petrum
3208 2835 3568 2906 praepositum
3612 2839 3663 2891 et

2353 2908 2640 2960 canonicos
2669 2907 2904 2960 ecclesia:
2932 2905 3311 2961 Itulhencn’sis.

2614 2995 2801 3064 (Anno
2836 2993 3018 3063 1099.)

2440 3083 2692 3148 [Bswz.,
2737 3082 2955 3136 Miscell.
2991 3081 3086 3147 IIl,
3119 3082 3234 3151 91.)

2088 3171 2346 3226 Unassus
2378 3170 2708 3240 episcopus,
2743 3186 2945 3224 servus
2987 3186 3288 3224 servorum
3326 3170 3442 3238 Dei,
3477 3170 3663 3232 Ρετιιο

2013 3260 2322 3332 przeposito
2353 3265 2409 3312 et
2439 3260 2567 3328 ejus
2598 3257 2874 3312 fratribus
2899 3259 2958 3311 in
2991 3257 3238 3312 ecclesia
3295 3257 3656 3314 Rutbenensi

2009 3348 2350 3404 canonicam
2383 3346 2560 3400 vitam
2595 3345 2890 3417 professis,
2941 3362 3262 3416 eorumque
3309 3347 3662 3400 successori-

2011 3439 2122 3492 bus
2155 3438 2212 3492 in
2245 3436 2446 3491 eadem
2479 3433 2757 3506 religione
2779 3435 3179 3505 permansuris
3205 3434 3263 3488 in
3293 3439 3658 3506 perpetuum.

2080 3525 2176 3580 Pie
2197 3523 2508 3596 postulatio
2521 3521 2841 3578 voluntatis
2855 3524 3061 3578 effectu
3080 3523 3252 3577 debet
3273 3529 3663 3595 prosequente

2010 3612 2311 3684 compleri,
2345 3617 2637 3684 quatenus
2658 3614 2714 3667 et
2735 3611 3059 3668 devotionis
3076 3611 3380 3668 sinceritas
3406 3611 3664 3668 laudabi-

2011 3703 2141 3758 liter
2166 3703 2467 3770 enitescat,
2495 3705 2551 3756 et
2581 3701 2804 3757 utilitas
2835 3701 3130 3773 postulata
3157 3701 3306 3757 vires
3333 3702 3666 3759 indubitan-

2010 3796 2100 3846 ter
2129 3795 2413 3846 assumat.
2441 3789 2588 3855 Quia
2617 3789 2797 3861 igitur
2825 3806 2947 3860 vcs,
2976 3807 3008 3844 o
3038 3788 3140 3843 ﬁlii
3178 3789 3530 3856 charissimi,
3566 3807 3666 3862 per

2010 3880 2267 3935 divinam
2290 3879 2540 3950 gratiam
2563 3878 3029 3950 aspirati,mores
3056 3881 3280 3933 vestros
3305 3878 3416 3932 sub
3439 3877 3665 3948 regula-

2011 3967 2092 4022 ris
2105 3967 2231 4022 vitae
2254 3967 2398 4022 disci
2407 3965 2567 4038 plina
2578 3982 2839 4022 coercere
2851 3971 2908 4021 et
2927 3966 3318 4021 communiter
3338 3967 3664 4021 secundum

2009 4059 2347 4112 sanctorum
2381 4055 2615 4109 Patrum
2647 4054 3079 4110 institutionem
3106 4053 3490 4124 omnipotenti
3547 4053 3663 4109 Do-

2009 4144 2169 4200 mino
2200 4143 2486 4199 deservire
2517 4143 2928 4214 proposuistis,
2963 4159 3070 4197 nos
3101 4142 3248 4198 votis
3296 4143 3506 4198 vestris
3556 4159 3657 4214 pa-

2009 4239 2172 4290 terno
2203 4231 2684 4305 congratulamus
2715 4231 2944 4287 affectu.
2980 4231 3142 4287 Unde
3173 4231 3349 4286 etiam
3393 4231 3661 4302 petitioni
3721 4262 3724 4264 η

2007 4329 2209 4378 vestrae
2259 4321 2619 4393 benignitate
2661 4319 2861 4376 debita
2902 4319 3278 4392 impertimur
3326 4335 3660 4376 assensum.

2007 4411 2150 4467 Vita:
2200 4427 2452 4482 namque
2498 4409 2786 4464 canonicae
2845 4409 3132 4476 ordinem,
3185 4425 3361 4481 quem
3416 4408 3665 4481 professi

1930 4521 1978 4585 Β
2008 4501 2170 4567 estis,
2207 4499 2512 4572 prmsentis
2543 4497 2828 4570 privilegii
2861 4498 3206 4553 auctoritate
3236 4499 3544 4554 ﬁrmamus
3571 4518 3586 4568 ς
3610 4502 3668 4554 et

2011 4607 2083 4645 ne
2113 4588 2206 4644 cui
2242 4593 2372 4660 post
2394 4586 2816 4659 professionem
2839 4586 3157 4642 exhibitam
3192 4587 3496 4658 proprium
3525 4586 3665 4659 quid

2011 4677 2242 4742 habere,
2305 4692 2446 4731 neve
2503 4675 2630 4730 sine
2706 4674 3000 4746 praepositi
3050 4674 3138 4730 vel
3197 4675 3665 4747 congregationis

2012 4765 2246 4820 licentia
2299 4765 2368 4819 de
2398 4763 2653 4818 claustro
2686 4764 2980 4819 discedere
3011 4763 3199 4829 liccat,
3231 4763 3660 4818 interdicimus.

2013 4854 2175 4920 Quod
2207 4853 2256 4907 si
2289 4851 2646 4918 discesserit,
2680 4857 2738 4907 et
2767 4853 3162 4907 commonitus
3194 4851 3380 4906 redire
3411 4854 3664 4905 contem-

2015 4944 2215 5014 pserit,
2247 4942 2350 4995 tibi
2385 4941 2618 5011 tuisque
2649 4942 3086 4995 successoribus
3119 4938 3366 4993 facultas
3405 4938 3484 4992 sit
3506 4939 3662 5007 ejus-

2015 5031 2170 5087 modi
2193 5029 2435 5085 ubilibet
2456 5047 2490 5084 a
2511 5029 2634 5084 suis
2655 5029 2862 5084 ofﬁciis
2885 5028 3225 5082 interdicere
3249 5044 3262 5092 ;
3287 5026 3663 5080 interdictum

2012 5138 2146 5176 vero
2179 5118 2376 5174 nullus
2405 5117 2814 5190 episcoporum
2837 5117 3114 5172 abbatum
3163 5113 3465 5184 suscipiat,
3485 5130 3664 5185 quan-

2014 5210 2115 5265 diu
2147 5207 2368 5264 scilicet
2387 5207 2506 5262 illic
2536 5205 2798 5261 canonici
2827 5203 3048 5260 ordinis
3071 5207 3236 5258 tenor
3257 5200 3500 5256 Domino
3523 5218 3664 5274 prae-

2015 5303 2205 5355 stante
2234 5296 2501 5370 viguerit.
2522 5295 2702 5350 Vobis
2731 5294 2928 5364 itaque
2949 5291 3275 5362 vestrisque
3307 5290 3662 5346 successori-

2015 5389 2126 5444 bus
2149 5387 2208 5442 in
2239 5386 2442 5442 eadem
2475 5383 2752 5456 religione
2783 5379 3182 5454 permansuris
3205 5397 3272 5436 ea
3304 5379 3505 5435 omnia
3534 5395 3663 5452 per-

2015 5482 2190 5550 petuo
2204 5473 2557 5550 possidenda
2570 5471 2870 5528 sancimus
2884 5486 3009 5541 quis
3029 5469 3083 5524 in
3101 5467 3538 5541 prmsentiarum
3562 5485 3664 5542 pro

2015 5563 2347 5627 communis
2375 5562 2562 5622 victus
2593 5557 3016 5618 sustentations
3041 5559 3342 5636 possidere
3361 5557 3660 5634 videmini,
