3990 6156
334 297 450 361 δι’]

1618 293 1703 358 ΪΒ.
1752 295 2052 359 URBANI
2094 297 2149 358 II
2191 295 2444 359 PAPIE.

3615 288 3751 370 548

330 433 637 492 ecclesiam
664 428 933 486 videlicet
967 429 1163 485 Sancti
1196 428 1515 487 Salvatoris
1553 430 1624 485 de
1645 429 1972 497 Veirieiras,
2003 437 2059 504 Α
2089 432 2147 485 S.
2208 430 2582 487 Salernitana
2638 432 2906 490 Ecclesiae
2977 434 3433 512 archiepiscopo,
3499 443 3749 516 suisque

330 526 390 579 et
418 518 727 579 ecclesiam
774 517 972 573 Sancti
1008 516 1158 573 Petri
1191 518 1263 573 de
1291 516 1523 586 Colnac,
1572 521 1631 574 et
1669 516 1977 573 ecclesiam

331 608 529 668 Sancti
557 606 787 665 Geraldi
810 606 883 662 de
904 605 1088 675 Sales,
1115 605 1414 663 universas
1437 610 1715 679 praeterea
1744 610 1978 680 paratas

330 698 453 756 sive
482 695 798 771 symbolae,
831 710 980 767 quas
1010 696 1264 768 synodos
1295 699 1522 762 vocant,
1553 700 1674 751 tam
1705 695 1975 752 ecclesia-

330 802 465 844 rum
486 786 613 858 jam
644 784 935 840 dicturum
968 800 1145 856 quam
1176 800 1247 840 ex
1274 783 1498 841 caeteris
1537 782 1798 840 ecclesiis
1827 800 1977 857 quas

329 872 723 933 Ruthenensis
745 871 1014 929 Ecclesiae
1044 872 1390 941 anstistites,
1431 872 1635 930 Petrus
1678 873 1975 945 quondam

328 962 682 1037 Berengarii,
702 961 949 1018 Poncius
969 961 1264 1034 Stephani,
1286 962 1668 1035 Raymundus
1688 960 1973 1029 Frotardi,

326 1058 385 1112 et
412 1053 758 1116 Ademarus,
800 1050 901 1122 qui
950 1048 1455 1122 inprmsentiarum
1510 1051 1699 1109 eidem
1755 1051 1974 1107 Ruthe-

326 1142 495 1203 nensi
527 1138 794 1197 Ecclesiae
818 1140 1108 1212 presidet,
1139 1140 1305 1196 vobis
1324 1139 1395 1205 _in
1418 1144 1693 1214 sumptus
1722 1139 1974 1196 vestium

324 1233 759 1289 concesserunt.
782 1228 1233 1302 Prmposituram
1254 1245 1488 1302 quoque
1511 1228 1838 1303 dignariam
1861 1229 1975 1285 Ru-

324 1318 629 1377 thenensis
676 1317 982 1390 parochia},
1054 1316 1572 1385 archidiaconiam,
1651 1316 1975 1374 oblationes

324 1424 557 1482 quoque
577 1411 778 1463 vestrae
803 1406 1063 1462 matricis
1084 1405 1369 1475 Ecclesiae,
1402 1424 1549 1479 quas
1578 1407 1730 1462 dono
1754 1406 1975 1479 praefati

321 1497 595 1555 Ademari
627 1513 731 1552 con
744 1495 936 1550 fratris
968 1494 1150 1550 nostri
1184 1498 1241 1551 et
1260 1496 1620 1568 coepiscopis
1638 1494 1971 1568 possidetis,

320 1593 525 1644 vestrae
555 1583 993 1641 communitatis
1018 1584 1222 1640 usibus
1247 1585 1687 1651 confirmamus,
1711 1589 1768 1639 et
1788 1584 1972 1657 quod-

322 1691 577 1746 cumque
605 1674 877 1744 deinceps
897 1688 999 1728 vos
1020 1677 1122 1728 aut
1150 1689 1520 1730 successores
1540 1673 1711 1729 vestri
1738 1690 1972 1729 conces-

323 1764 485 1819 sione
506 1761 848 1835 pontificum
872 1765 974 1816 aut
997 1760 1342 1818 liberalitate
1355 1762 1684 1834 principum
1707 1760 1795 1818 vel
1819 1761 1975 1818 obla-

321 1851 478 1908 tione
490 1850 564 1906 {id
574 1849 752 1905 elium
760 1850 923 1920 juste
940 1853 1117 1921 atque
1135 1849 1411 1905 canonice
1424 1849 1692 1922 poteritis
1704 1850 1969 1923 adipisci.

322 1941 396 1997 Ut
424 1943 620 1997 autem
669 1937 1057 2010 omnipotenti
1088 1938 1205 1993 Deo
1262 1938 1520 2010 quietius
1571 1939 1861 1994 deservire
1919 1943 1976 1995 et

321 2027 586 2086 canonici
614 2026 832 2084 ordicis
860 2026 1233 2099 disciplinam
1292 2026 1618 2082 districtius
1666 2028 1974 2085 observare

321 2116 582 2190 possitis,
597 2115 995 2171 caemeterium
1016 2114 1178 2171 vobis
1199 2116 1354 2188 apud
1379 2120 1622 2171 matrem
1639 2116 1971 2185 ecclesiam,

323 2206 421 2263 ubi
452 2204 843 2262 communiter
864 2204 1075 2271 vivitis,
1102 2205 1273 2276 juxta
1302 2204 1524 2277 praefati
1556 2205 1753 2261 fratris
1783 2205 1968 2261 nostri

319 2294 590 2352 Ademari
626 2294 803 2350 vestri
834 2292 1091 2366 episcopi
1124 2292 1463 2366 petitionem
1514 2292 1728 2350 habere
1764 2310 1970 2350 conce-

318 2384 538 2450 dimus,
572 2382 632 2438 in
664 2398 781 2454 quo
814 2383 1055 2439 fratrum
1082 2386 1410 2438 vestrorum
1442 2382 1564 2438 sive
1594 2382 1969 2455 parochiano-

320 2490 472 2543 rum,
502 2472 719 2545 quibus
737 2471 1065 2527 viventibus
1084 2471 1362 2543 mysteria
1377 2471 1575 2527 divina
1596 2471 1965 2541 ministratis,

318 2560 716 2619 deﬁcientium
733 2576 975 2631 corpora
1002 2559 1388 2615 tumulentur.
1412 2558 1471 2614 Si
1494 2576 1611 2631 qua
1626 2576 1767 2615 sane
1794 2560 1971 2617 eccle-

317 2649 554 2706 siastica
585 2646 951 2710 saecularisve
979 2664 1249 2720 persona,
1282 2647 1434 2702 hanc
1491 2652 1700 2703 nostris
1751 2649 1966 2705 consti-

313 2737 562 2795 tutionis
592 2736 867 2810 paginam
898 2736 1108 2803 sciens,
1140 2741 1341 2791 contra
1370 2752 1498 2791 eam
1531 2741 1746 2792 temere
1773 2737 1966 2794 venire

313 2826 906 2893 tentaverit,secundo
932 2825 1171 2881 tertiove
1187 2826 1562 2893 commonita,
1587 2826 1637 2882 si
1658 2843 1773 2882 non
1792 2828 1963 2884 satis-

262 2900 269 2905 λ
314 2915 562 2972 factione
575 2930 836 2988 congrua
855 2912 1267 2980 emendaverit,
1284 2914 1589 2986 potestatis
1609 2914 1812 2972 honori
1821 2933 1965 2988 sque

313 3003 406 3061 sui
438 3003 721 3078 dignitate
751 3006 962 3066 careat,
996 3017 1275 3074 reamque
1306 3018 1369 3058 se
1389 3002 1584 3058 divino
1606 3004 1831 3075 judicio
1852 3005 1966 3061 exi-

314 3097 467 3150 stere
496 3093 567 3148 de
596 3094 927 3165 perpetrata
960 3090 1268 3162 iniquitate
1289 3096 1601 3164 cognoscat
1632 3096 1689 3148 et
1715 3110 1749 3148 a
1776 3110 1966 3150 sacra-

2003 1806 2051 1872 B

2089 518 2549 577 successoribus.
2605 554 2614 563 ι

2157 607 2303 673 Quia
2332 611 2687 667 monasterio
2733 615 2788 667 S.
2850 613 3183 682 Trinitatis,
3231 618 3389 689 quod
3437 617 3499 676 in
3546 625 3747 680 vestra

2084 697 2360 768 parochia
2388 698 2570 754 situm
2601 704 2709 767 est,
2760 701 3035 773 precibus
3078 708 3139 760 P.
3190 705 3421 765 abbatis
3469 710 3745 782 ejusdem

2084 790 2336 842 monast.
2367 804 2471 859 pro
2502 788 2786 846 charitate
2816 790 3059 849 fratrum
3080 794 3140 850 in
3162 810 3228 851 eo
3259 795 3529 871 religiose
3551 800 3748 859 viven-

2084 873 2234 930 tium
2265 875 2593 934 libertatem
2624 881 3040 950 concessimus,
3074 888 3130 940 et
3157 883 3304 941 illud
3342 887 3453 944 sub
3492 888 3744 961 tuitione

2083 965 2528 1055 etsubjectione
2557 967 2741 1025 solius
2772 970 2831 1026 S.
2867 971 2934 1026 R.
2986 973 3049 1028 E.
3111 975 3460 1048 recepimus,
3508 983 3567 1036 et
3618 980 3741 1055 ipsi

2082 1052 2533 1127 abbatisuisque
2549 1060 2989 1117 successoribus
3000 1064 3492 1135 concessimus,ut
3504 1052 3743 1128 abbatis

2082 1140 2546 1201 benedictionem
2564 1146 3365 1211 aRomanatantumEcclesia
3385 1157 3735 1231 reciperent,

2080 1234 2138 1286 et
2166 1230 2569 1300 ecclesiarum,
2600 1240 2657 1292 et
2677 1235 2972 1307 altarium,
2993 1244 3051 1296 et
3070 1240 3412 1301 clericorum
3433 1230 3742 1306 consecra-

2080 1319 2271 1376 tiones
2301 1322 2728 1381 aSalernitano
2785 1326 3223 1404 archiepiscopo
3277 1334 3625 1408 acciperent,
3675 1339 3729 1394 si

2080 1409 2405 1467 catholicus
2424 1416 2662 1481 esset,et
2676 1418 2934 1471 nostram
2945 1460 2958 1483 ,
2974 1435 3496 1496 successorumque
3507 1430 3734 1483 nostro-

2081 1514 2212 1552 rum
2244 1500 2491 1571 gratiam
2514 1499 2772 1569 haberet,
2798 1504 3054 1577 alioquin
3080 1509 3315 1579 praefato
3335 1511 3544 1569 abbate
3573 1515 3731 1571 suis-

2081 1601 2195 1658 que
2226 1590 2667 1646 successoribus
2694 1591 2892 1649 liceret
2920 1612 2955 1650 a
2983 1612 3335 1671 quocunque
3364 1601 3576 1659 vellent
3603 1604 3731 1678 epi-

2081 1691 2256 1747 scopo
2314 1678 2587 1749 praedicta
2646 1680 2919 1754 recipere.
2970 1684 3139 1742 Modo
3199 1692 3403 1745 vestras
3459 1688 3733 1750 Ecclesia;

2082 1763 2386 1838 privilegia
2414 1766 2695 1836 videntes,
2727 1786 2854 1841 quae
2887 1772 3053 1844 prius
3084 1775 3524 1848 ignorabamus,
3543 1780 3603 1838 in
3631 1799 3729 1839 ve-

2085 1852 2252 1908 ritate
2275 1855 2667 1927 comperimus
2683 1860 2837 1930 quod
2857 1865 3254 1922 antecessores
3269 1867 3453 1924 nostri
3467 1866 3735 1927 Ecclesia

2080 1947 2284 1997 vestrae
2316 1945 2711 2001 concesserint
2731 1963 2935 2005 omnes
2964 1951 3261 2021 ecclesias,
3293 1959 3352 2011 et
3376 1957 3578 2016 omnia
3602 1976 3731 2017 mo-

2081 2032 2359 2097 nasteria,
2392 2036 2511 2088 tam
2553 2038 2888 2093 constructa
2934 2055 3113 2110 quam
3162 2048 3576 2115 construenda,
3607 2049 3735 2106 sive

2081 2120 2231 2176 infra
2252 2120 2689 2188 civitatem,sive
2708 2128 3157 2191 extra,uteidem
3173 2134 3449 2205 subjectae
3461 2136 3731 2194 Ecclesia:

2077 2214 2300 2279 vestrae,
2321 2214 2379 2265 et
2406 2209 2701 2285 integrum
2714 2214 2816 2284 jus
2848 2214 2905 2269 in
2933 2217 3095 2289 ipsis.
3120 2223 3178 2275 et
3200 2221 3256 2276 in
3278 2221 3503 2281 clericis
3523 2241 3727 2283 earum

2077 2296 2337 2386 haberet,
2370 2298 2523 2355 sicut
2548 2316 2799 2359 canones
2829 2303 2930 2361 SS.
2961 2311 3199 2365 Patrum
3222 2312 3585 2386 praecipiunt.
3615 2316 3729 2372 Ad-

2075 2385 2358 2442 vertimus
2389 2388 2626 2443 tandem
2671 2390 2839 2447 nobis
2900 2410 3247 2465 persuasum
3296 2385 3480 2458 fuisse
3521 2407 3728 2461 contra

2077 2491 2331 2531 canones
2362 2481 2697 2533 sanctorum
2724 2479 2985 2547 Patrum,
3011 2490 3068 2539 et
3097 2490 3300 2543 contra
3319 2490 3725 2550 auctoritatem

2078 2568 2512 2620 antecessorum
2542 2571 2877 2625 nostrorum
2909 2572 2979 2627 de
3001 2575 3275 2632 omnibus
3306 2581 3727 2655 suprascriptis

2076 2670 2203 2724 quae
2237 2654 2474 2725 praefato
2505 2655 2697 2711 abbati
2733 2658 2975 2731 suisque
3006 2665 3446 2724 successoribus
3488 2685 3725 2728 conces-

2075 2758 2363 2799 seramus.
2379 2744 2630 2815 Ideoque
2646 2749 3045 2821 suprascripta
3066 2753 3264 2810 omnia
3283 2771 3387 2827 per
3405 2758 3729 2832 subreptio-

2075 2848 2209 2888 nem
2259 2832 2431 2888 nobis
2488 2840 2766 2908 suggesta
2821 2837 3198 2908 advertimus,
3248 2849 3308 2900 et
3362 2846 3726 2908 advertentes
3796 2860 3805 2867 ·

2074 2920 2585 2994 irrita...deinceps
2617 2924 2736 2980 fore
2756 2926 3147 2999 decernimus,
3171 2935 3227 2987 et
3240 2932 3503 2991 Ecclesia:
3522 2943 3724 2996 vestra:

2073 3027 2139 3066 ac
2165 3010 2329 3067 vobis
2358 3011 2682 3085 vestrisque
2706 3018 3149 3076 successoribus
3186 3022 3259 3078 de
3292 3025 3568 3096 praedicto
3599 3045 3724 3085 mo-

2076 3100 2351 3169 nasterio,
2379 3103 2436 3155 et
2467 3101 2537 3157 de
2567 3101 2700 3159 aliis
2722 3107 3117 3176 monasteriis,
3150 3114 3207 3166 et
3233 3111 3305 3168 de
3335 3116 3610 3174 omnibus
3629 3134 3723 3175 ec-

312 3181 543 3238 tissimo
575 3196 811 3252 corpore
840 3183 897 3235 et
928 3179 1214 3252 sanguine
1246 3181 1348 3236 Dei
1379 3184 1436 3236 et
1465 3180 1698 3237 Domini
1741 3183 1963 3239 redem-
1997 3171 2038 3239 C
2072 3187 2286 3257 clesiis,
2316 3188 2407 3244 vel
2437 3189 2665 3247 clericis
2696 3208 2899 3250 eorum
2939 3199 3264 3256 secundum
3297 3218 3550 3263 canones
3586 3223 3721 3264 san-

313 3269 497 3344 ptoris
519 3267 1062 3327 nostriJesuChristi
1086 3267 1282 3325 aliena
1306 3268 1608 3342 ﬁat.atque
1628 3270 1685 3325 in
1710 3276 1965 3328 extremo

312 3358 577 3419 examine
600 3358 875 3415 districta;
906 3356 1113 3413 ultioni
1147 3358 1469 3430 snbjaceat.
1503 3359 1738 3416 Cunctis
1770 3364 1967 3418 autem

312 3449 502 3505 eidem
532 3446 658 3503 loco
690 3447 846 3518 iusta
876 3446 1244 3502 servantibus
1274 3446 1353 3503 sit
1382 3463 1495 3519 pax
1522 3447 1755 3503 Domini
1781 3450 1963 3505 nostri

312 3535 453 3592 Jesu
481 3535 697 3590 Christi
723 3552 737 3601 ;
762 3540 1055 3605 quatenus
1072 3538 1129 3589 et
1146 3534 1238 3589 hic
1260 3535 1516 3591 fructum
1539 3535 1703 3592 bonae
1725 3538 1968 3595 actionis

315 3622 659 3696 percipiant,
681 3626 739 3677 et
759 3622 915 3693 apud
935 3622 1267 3678 districtum
1274 3623 1537 3694 judicem
1551 3625 1790 3697 prmmia
1809 3630 1968 3682 teter-

315 3728 402 3767 nae
436 3710 597 3782 pacis
630 3709 948 3764 inveniant.

386 3799 683 3871 Scriptum
714 3813 819 3870 per
868 3814 1109 3855 manum
1163 3798 1334 3867 Petri,
1394 3800 1606 3856 notarii
1652 3802 1965 3875 regionarii

314 3888 463 3945 sacri
498 3886 716 3961 palatii.

382 3979 596 4035 Datum
626 3977 823 4032 Romae
845 3977 1001 4050 apud
1030 3980 1308 4035 Sanctum
1330 3979 1566 4035 Petrum
1590 3996 1694 4053 per
1716 3998 1961 4038 manum

278 4062 283 4067 ’
309 4066 573 4132 Joannis,
607 4068 821 4122 sanctae
844 4066 1119 4122 Romanis
1142 4065 1410 4124 Ecclesia;
1434 4068 1662 4125 diaconi
1693 4070 1963 4128 cardina-

310 4154 384 4212 lis
414 4173 476 4221 ιι,
507 4155 646 4211 Idus
676 4154 834 4221 Maii,
857 4155 1173 4212 indictione
1191 4174 1289 4223 νη,
1316 4157 1740 4214 lncarnationis
1769 4159 1965 4216 Domi-

310 4244 454 4300 nicaa
485 4260 638 4299 anno
670 4244 831 4311 1099,
858 4244 1233 4316 pontificatus
1253 4249 1448 4302 autem
1482 4246 1711 4303 Domini
1744 4249 1960 4305 Urbani

312 4348 477 4405 papae
508 4330 750 4387 secundi
781 4332 1148 4388 duodecimo.

1074 4437 1219 4494 CCC.

2075 3281 2301 3332 ctorum
2332 3277 2587 3347 Patrum,
2629 3284 2687 3336 et
2741 3284 3064 3341 secundum
3113 3289 3414 3365 privilegia
3462 3296 3721 3353 anteces-

2076 3382 2276 3422 sorum
2306 3371 2639 3424 nostrorum
2667 3374 2871 3426 vestrae
2904 3372 3168 3432 Ecclesiae
3196 3378 3346 3436 facta
3375 3384 3721 3441 canonicum

2067 3456 2171 3526 jus
2201 3455 2502 3513 reddimus
2535 3457 2592 3513 in
2622 3457 2938 3533 integrum,
2972 3470 3248 3536 praeterea
3276 3468 3336 3524 in
3377 3473 3723 3543 praedictum

2074 3545 2495 3599 monasterium
2524 3546 2611 3601 vel
2643 3546 2757 3603 alia
2788 3554 3145 3611 monasteria
3174 3556 3404 3630 aliquas
3444 3558 3722 3621 ecclesias

2075 3631 2406 3688 habuerunt
2428 3633 2487 3688 in
2521 3636 2797 3707 parochia
2825 3644 3017 3696 vestra
3047 3648 3183 3700 ante
3222 3647 3450 3705 decreta
3477 3666 3723 3709 venera-

2074 3719 2212 3810 bilis
2241 3737 2416 3810 mem.
2449 3726 2709 3797 Gregorii
2740 3726 2845 3783 VII
2880 3745 3063 3802 papm,
3099 3738 3486 3794 antecesseris
3516 3742 3722 3810 nostri,

2072 3901 2129 3952 et
2161 3897 2358 3970 aliqua
2382 3903 2736 3959 monasteria
2765 3905 2994 3978 aliquas
3022 3909 3301 3968 ecclesias
3332 3921 3466 3987 post
3492 3917 3724 3976 decreta

2072 3987 2293 4059 praefati
2326 4004 2487 4061 papae
2521 3990 2580 4044 in
2615 3997 2809 4050 vestra
2838 3997 3118 4067 parochia
3137 4000 3258 4057 sive
3278 4008 3470 4061 vestra
3488 4023 3722 4065 conces-

2071 4075 2354 4143 sione,vel
2378 4079 2868 4150 praedecessorum
2892 4089 2947 4141 et
2969 4104 3377 4148 successorum
3396 4099 3720 4155 vestrorum

2070 4165 2510 4237 quomodolibct
2521 4170 3031 4241 acquisierunt,vel
3047 4180 3718 4252 acquisierint,Ecclesiea

2067 4259 2270 4309 vestras
2330 4255 2462 4311 illas
2518 4259 2820 4317 reddimus
2876 4274 2932 4318 et
2975 4266 3331 4327 stabilimus.
3381 4272 3635 4331 Tantum
3667 4276 3718 4333 si

2068 4343 2343 4415 praedicto
2420 4350 2795 4419 monasterio,
2856 4357 2959 4408 aut
3032 4355 3285 4443 reliquis
3342 4365 3718 4423 monasteriis

2067 4431 2389 4524 quamlibet
2418 4432 2770 4507 injustitiam
2811 4440 3026 4514 aliquis
3080 4431 3298 4517 fecerit,
3329 4454 3386 4506 et
3442 4457 3717 4524 preterea

316 4525 528 4582 Urbani
572 4526 796 4597 epistola
829 4526 899 4581 ad
943 4527 1207 4598 Alfenum
1251 4528 1663 4586 Salerm'tanum
1693 4533 1966 4606 archiepi-

2081 4520 2151 4575 ad
2211 4521 2493 4579 auxilium
2528 4524 2800 4583 Romanae
2829 4529 3063 4588 Eclesiae
3107 4520 3492 4610 confugerint,
3549 4544 3723 4599 atui-

1026 4614 1270 4670 scapum.

940 4686 1130 4757 (Anno
1162 4687 1344 4761 1099.)

592 4774 890 4846 (UonELLI,
923 4775 1087 4831 Italia
1133 4792 1311 4846 sacra,
1342 4776 1494 4848 VIII,
1527 4779 1676 4848 393.)

378 4862 1214 4939 Uaswusepiscopus,servus
1237 4882 1538 4924 servorum
1563 4868 1684 4936 Dei,
1709 4874 1957 4943 Amano,

2073 4612 2228 4665 tione
2258 4615 2482 4680 nostra,
2523 4617 2580 4668 et
2609 4631 3015 4677 successorum
3072 4628 3407 4683 nostrorum
3464 4628 3564 4687 illa
3606 4649 3724 4689 non

2072 4697 2432 4770 repellimus.

2147 4786 2353 4842 Datum
2378 4788 2572 4846 Romae
2599 4808 2751 4849 anno
2775 4794 3087 4855 Dominicze
3112 4804 3537 4863 Incarnationis
3558 4806 3719 4881 1098,

2071 4891 2258 4932 mens.
2292 4876 2449 4947 Maii,
2485 4878 2606 4937 ind.
2639 4898 2738 4942 vn.
