  <div class='ocr_page' id='page_1' title='image "/cluster/home/n/w/nwhite01/storage/ocr_20150623/151/hvd.32044054760095/280.png"; bbox 0 0 4000 6168; ppageno 0'>
   <div class='ocr_carea' id='block_1_1' title="bbox 235 323 359 382">
    <p class='ocr_par' dir='ltr' id='par_1_1' title="bbox 235 323 359 382">
     <span class='ocr_line' id='line_1_1' title="bbox 235 323 359 382; baseline 0.016 -2"><span class='ocrx_word' id='word_1_1' title='bbox 235 323 359 382; x_wconf 71' lang='grc'>549</span> 
     </span>
    </p>
   </div>
   <div class='ocr_carea' id='block_1_2' title="bbox 1410 326 2472 393">
    <p class='ocr_par' dir='ltr' id='par_1_2' title="bbox 1410 326 2472 393">
     <span class='ocr_line' id='line_1_2' title="bbox 1410 326 2472 393; baseline 0.002 -5"><span class='ocrx_word' id='word_1_2' title='bbox 1410 326 1815 392; x_wconf 71' lang='lat' dir='ltr'>EPISTOLAE</span> <span class='ocrx_word' id='word_1_3' title='bbox 1854 326 1958 391; x_wconf 86' lang='lat' dir='ltr'><strong>ET</strong></span> <span class='ocrx_word' id='word_1_4' title='bbox 1998 330 2123 391; x_wconf 80' lang='lat' dir='ltr'>PR]</span> <span class='ocrx_word' id='word_1_5' title='bbox 2139 328 2472 393; x_wconf 86' lang='lat' dir='ltr'>VlLEGlA.</span> 
     </span>
    </p>
   </div>
   <div class='ocr_carea' id='block_1_3' title="bbox 3527 332 3648 394">
    <p class='ocr_par' dir='ltr' id='par_1_3' title="bbox 3527 332 3648 394">
     <span class='ocr_line' id='line_1_3' title="bbox 3527 332 3648 394; baseline 0.033 -3"><span class='ocrx_word' id='word_1_6' title='bbox 3527 332 3648 394; x_wconf 78' lang='lat'>550</span> 
     </span>
    </p>
   </div>
   <div class='ocr_carea' id='block_1_4' title="bbox 1680 542 2211 637">
    <p class='ocr_par' dir='ltr' id='par_1_4' title="bbox 1680 542 2211 637">
     <span class='ocr_line' id='line_1_4' title="bbox 1680 542 2211 637; baseline 0.002 -3"><span class='ocrx_word' id='word_1_7' title='bbox 1680 542 2211 637; x_wconf 84' lang='lat' dir='ltr'>DUBIA.</span> 
     </span>
    </p>
   </div>
   <div class='ocr_carea' id='block_1_5' title="bbox 976 716 1146 773">
    <p class='ocr_par' dir='ltr' id='par_1_5' title="bbox 976 716 1146 773">
     <span class='ocr_line' id='line_1_5' title="bbox 976 716 1146 773; baseline 0.006 -2"><span class='ocrx_word' id='word_1_8' title='bbox 976 716 1146 773; x_wconf 85' lang='lat' dir='ltr'>CCCI.</span> 
     </span>
    </p>
   </div>
   <div class='ocr_carea' id='block_1_6' title="bbox 242 801 1896 877">
    <p class='ocr_par' dir='ltr' id='par_1_6' title="bbox 242 801 1896 877">
     <span class='ocr_line' id='line_1_6' title="bbox 242 801 1896 877; baseline 0.004 -19"><span class='ocrx_word' id='word_1_9' title='bbox 242 801 410 859; x_wconf 81' lang='lat' dir='ltr'><strong><em>Bulla</em></strong></span> <span class='ocrx_word' id='word_1_10' title='bbox 444 803 651 877; x_wconf 81' lang='lat' dir='ltr'>Urbani</span> <span class='ocrx_word' id='word_1_11' title='bbox 679 805 730 859; x_wconf 85' lang='lat' dir='ltr'><strong><em>II</em></strong></span> <span class='ocrx_word' id='word_1_12' title='bbox 777 820 941 877; x_wconf 74' lang='lat' dir='ltr'>papae</span> <span class='ocrx_word' id='word_1_13' title='bbox 997 822 1103 877; x_wconf 85' lang='lat' dir='ltr'>qua</span> <span class='ocrx_word' id='word_1_14' title='bbox 1154 807 1454 863; x_wconf 76' lang='lat' dir='ltr'>beatissimi</span> <span class='ocrx_word' id='word_1_15' title='bbox 1484 808 1815 877; x_wconf 80' lang='lat' dir='ltr'>legislatoris</span> <span class='ocrx_word' id='word_1_16' title='bbox 1845 816 1896 864; x_wconf 87' lang='lat' dir='ltr'>et</span> 
     </span>
    </p>
   </div>
   <div class='ocr_carea' id='block_1_7' title="bbox 312 874 1894 951">
    <p class='ocr_par' dir='ltr' id='par_1_7' title="bbox 312 874 1894 951">
     <span class='ocr_line' id='line_1_7' title="bbox 312 874 1894 951; baseline 0.004 -23"><span class='ocrx_word' id='word_1_17' title='bbox 312 874 705 951; x_wconf 67' lang='lat' dir='ltr'>miacltorum</span> <span class='ocrx_word' id='word_1_18' title='bbox 751 874 1091 951; x_wconf 70' lang='lat' dir='ltr'>patriarchae</span> <span class='ocrx_word' id='word_1_19' title='bbox 1135 878 1414 935; x_wconf 74' lang='lat' dir='ltr'>Benedicti</span> <span class='ocrx_word' id='word_1_20' title='bbox 1460 874 1651 951; x_wconf 72' lang='lat' dir='ltr'>corpus</span> <span class='ocrx_word' id='word_1_21' title='bbox 1707 881 1894 936; x_wconf 83' lang='lat' dir='ltr'>Casini</span> 
     </span>
    </p>
   </div>
   <div class='ocr_carea' id='block_1_8' title="bbox 310 946 1893 1021">
    <p class='ocr_par' dir='ltr' id='par_1_8' title="bbox 310 946 1893 1021">
     <span class='ocr_line' id='line_1_8' title="bbox 310 946 1893 1021; baseline 0.004 -21"><span class='ocrx_word' id='word_1_22' title='bbox 310 947 605 1021; x_wconf 84' lang='lat' dir='ltr'>quiescere,</span> <span class='ocrx_word' id='word_1_23' title='bbox 628 963 698 1021; x_wconf 58' lang='lat' dir='ltr'>ea:</span> <span class='ocrx_word' id='word_1_24' title='bbox 726 946 967 1021; x_wconf 74' lang='lat' dir='ltr'>ejusdem</span> <span class='ocrx_word' id='word_1_25' title='bbox 983 949 1039 1005; x_wconf 91' lang='lat' dir='ltr'>S.</span> <span class='ocrx_word' id='word_1_26' title='bbox 1070 950 1254 1006; x_wconf 86' lang='lat' dir='ltr'>Patris</span> <span class='ocrx_word' id='word_1_27' title='bbox 1273 946 1621 1019; x_wconf 77' lang='lat' dir='ltr'>reuelatione,</span> <span class='ocrx_word' id='word_1_28' title='bbox 1654 953 1703 1005; x_wconf 86' lang='lat' dir='ltr'>et</span> <span class='ocrx_word' id='word_1_29' title='bbox 1741 953 1893 1021; x_wconf 85' lang='lat' dir='ltr'>signo</span> 
     </span>
    </p>
   </div>
   <div class='ocr_carea' id='block_1_9' title="bbox 311 1018 1109 1087">
    <p class='ocr_par' dir='ltr' id='par_1_9' title="bbox 311 1018 1109 1087">
     <span class='ocr_line' id='line_1_9' title="bbox 311 1018 1109 1087; baseline 0.004 -16"><span class='ocrx_word' id='word_1_30' title='bbox 311 1018 569 1073; x_wconf 75' lang='lat' dir='ltr'>restitutae</span> <span class='ocrx_word' id='word_1_31' title='bbox 598 1018 819 1087; x_wconf 83' lang='lat' dir='ltr'>salutis,</span> <span class='ocrx_word' id='word_1_32' title='bbox 848 1018 1109 1075; x_wconf 84' lang='lat' dir='ltr'>declarat.</span> 
     </span>
    </p>
   </div>
   <div class='ocr_carea' id='block_1_10' title="bbox 728 1126 1401 1199">
    <p class='ocr_par' dir='ltr' id='par_1_10' title="bbox 728 1126 1401 1199">
     <span class='ocr_line' id='line_1_10' title="bbox 728 1126 1401 1199; baseline 0.006 -19"><span class='ocrx_word' id='word_1_33' title='bbox 728 1126 909 1193; x_wconf 87' lang='lat' dir='ltr'>(Intra</span> <span class='ocrx_word' id='word_1_34' title='bbox 931 1143 1027 1182; x_wconf 87' lang='lat' dir='ltr'>an.</span> <span class='ocrx_word' id='word_1_35' title='bbox 1058 1128 1401 1199; x_wconf 74' lang='lat'>1088-1099.)</span> 
     </span>
    </p>
   </div>
   <div class='ocr_carea' id='block_1_11' title="bbox 528 1230 1607 1303">
    <p class='ocr_par' dir='ltr' id='par_1_11' title="bbox 528 1230 1607 1303">
     <span class='ocr_line' id='line_1_11' title="bbox 528 1230 1607 1303; baseline 0.002 -17"><span class='ocrx_word' id='word_1_36' title='bbox 528 1230 907 1302; x_wconf 58' lang='lat' dir='ltr'>[anexamn</span> <span class='ocrx_word' id='word_1_37' title='bbox 930 1232 1144 1290; x_wconf 85' lang='lat' dir='ltr'>Bullar.</span> <span class='ocrx_word' id='word_1_38' title='bbox 1177 1233 1388 1303; x_wconf 85' lang='lat' dir='ltr'>Casin.,</span> <span class='ocrx_word' id='word_1_39' title='bbox 1416 1237 1460 1301; x_wconf 89' lang='grc' dir='ltr'>Ι,</span> <span class='ocrx_word' id='word_1_40' title='bbox 1498 1236 1607 1303; x_wconf 87' lang='grc'>12.]</span> 
     </span>
    </p>
   </div>
   <div class='ocr_carea' id='block_1_12' title="bbox 314 1335 1892 1410">
    <p class='ocr_par' dir='ltr' id='par_1_12' title="bbox 314 1335 1892 1410">
     <span class='ocr_line' id='line_1_12' title="bbox 314 1335 1892 1410; baseline 0.004 -19"><span class='ocrx_word' id='word_1_41' title='bbox 314 1335 592 1392; x_wconf 69' lang='grc' dir='ltr'>ΠηΒΑΝυε</span> <span class='ocrx_word' id='word_1_42' title='bbox 613 1337 1152 1410; x_wconf 88' lang='lat' dir='ltr'>episcopus,servus</span> <span class='ocrx_word' id='word_1_43' title='bbox 1173 1357 1474 1397; x_wconf 87' lang='lat' dir='ltr'>servorum</span> <span class='ocrx_word' id='word_1_44' title='bbox 1487 1341 1892 1408; x_wconf 89' lang='lat' dir='ltr'>Dei,omnibus</span> 
     </span>
    </p>
   </div>
   <div class='ocr_carea' id='block_1_13' title="bbox 240 1425 1893 1503">
    <p class='ocr_par' dir='ltr' id='par_1_13' title="bbox 240 1425 1893 1503">
     <span class='ocr_line' id='line_1_13' title="bbox 240 1425 1893 1503; baseline 0.003 -22"><span class='ocrx_word' id='word_1_45' title='bbox 240 1425 506 1482; x_wconf 77' lang='lat' dir='ltr'>Ecclesia:</span> <span class='ocrx_word' id='word_1_46' title='bbox 518 1425 816 1482; x_wconf 71' lang='lat' dir='ltr'>catholicae</span> <span class='ocrx_word' id='word_1_47' title='bbox 836 1427 972 1484; x_wconf 85' lang='lat' dir='ltr'>filiis</span> <span class='ocrx_word' id='word_1_48' title='bbox 988 1429 1392 1502; x_wconf 75' lang='lat' dir='ltr'>Redemptoris</span> <span class='ocrx_word' id='word_1_49' title='bbox 1410 1430 1591 1486; x_wconf 80' lang='lat' dir='ltr'>nostri</span> <span class='ocrx_word' id='word_1_50' title='bbox 1606 1431 1893 1503; x_wconf 81' lang='lat' dir='ltr'>sanguine</span> 
     </span>
    </p>
   </div>
   <div class='ocr_carea' id='block_1_14' title="bbox 235 1514 1890 1589">
    <p class='ocr_par' dir='ltr' id='par_1_14' title="bbox 235 1514 1890 1589">
     <span class='ocr_line' id='line_1_14' title="bbox 235 1514 1890 1589; baseline 0.002 -20"><span class='ocrx_word' id='word_1_51' title='bbox 235 1514 493 1588; x_wconf 88' lang='lat' dir='ltr'>pretioso</span> <span class='ocrx_word' id='word_1_52' title='bbox 514 1515 855 1588; x_wconf 72' lang='lat' dir='ltr'>redemptis,</span> <span class='ocrx_word' id='word_1_53' title='bbox 880 1515 1129 1571; x_wconf 78' lang='lat' dir='ltr'>salutem</span> <span class='ocrx_word' id='word_1_54' title='bbox 1162 1521 1217 1572; x_wconf 91' lang='lat' dir='ltr'>et</span> <span class='ocrx_word' id='word_1_55' title='bbox 1250 1517 1627 1589; x_wconf 83' lang='lat' dir='ltr'>apostolicam</span> <span class='ocrx_word' id='word_1_56' title='bbox 1657 1519 1890 1573; x_wconf 85' lang='lat' dir='ltr'>benedi-</span> 
     </span>
    </p>
   </div>
   <div class='ocr_carea' id='block_1_15' title="bbox 235 1604 509 1660">
    <p class='ocr_par' dir='ltr' id='par_1_15' title="bbox 235 1604 509 1660">
     <span class='ocr_line' id='line_1_15' title="bbox 235 1604 509 1660; baseline -0.007 0"><span class='ocrx_word' id='word_1_57' title='bbox 235 1604 509 1660; x_wconf 86' lang='lat' dir='ltr'>ctionem.</span> 
     </span>
    </p>
   </div>
   <div class='ocr_carea' id='block_1_16' title="bbox 308 1693 1892 1767">
    <p class='ocr_par' dir='ltr' id='par_1_16' title="bbox 308 1693 1892 1767">
     <span class='ocr_line' id='line_1_16' title="bbox 308 1693 1892 1767; baseline 0.002 -19"><span class='ocrx_word' id='word_1_58' title='bbox 308 1693 603 1764; x_wconf 78' lang='lat' dir='ltr'>Scriptum</span> <span class='ocrx_word' id='word_1_59' title='bbox 631 1693 885 1761; x_wconf 88' lang='lat' dir='ltr'>est,sine</span> <span class='ocrx_word' id='word_1_60' title='bbox 899 1694 1243 1767; x_wconf 88' lang='lat' dir='ltr'>pcenitentia</span> <span class='ocrx_word' id='word_1_61' title='bbox 1264 1696 1569 1751; x_wconf 89' lang='lat' dir='ltr'>suntdona</span> <span class='ocrx_word' id='word_1_62' title='bbox 1597 1701 1653 1751; x_wconf 91' lang='lat' dir='ltr'>et</span> <span class='ocrx_word' id='word_1_63' title='bbox 1667 1696 1892 1752; x_wconf 91' lang='lat' dir='ltr'>vocatio</span> 
     </span>
    </p>
   </div>
   <div class='ocr_carea' id='block_1_17' title="bbox 237 1780 1895 1857">
    <p class='ocr_par' dir='ltr' id='par_1_17' title="bbox 237 1780 1895 1857">
     <span class='ocr_line' id='line_1_17' title="bbox 237 1780 1895 1857; baseline 0.002 -20"><span class='ocrx_word' id='word_1_64' title='bbox 237 1780 517 1837; x_wconf 89' lang='lat' dir='ltr'>Dei.lllud</span> <span class='ocrx_word' id='word_1_65' title='bbox 539 1798 672 1838; x_wconf 89' lang='lat' dir='ltr'>vero</span> <span class='ocrx_word' id='word_1_66' title='bbox 698 1783 921 1838; x_wconf 87' lang='lat' dir='ltr'>donum</span> <span class='ocrx_word' id='word_1_67' title='bbox 943 1784 1097 1855; x_wconf 88' lang='lat' dir='ltr'>quod</span> <span class='ocrx_word' id='word_1_68' title='bbox 1125 1785 1494 1857; x_wconf 89' lang='lat' dir='ltr'>omnipotens</span> <span class='ocrx_word' id='word_1_69' title='bbox 1516 1784 1669 1840; x_wconf 89' lang='lat' dir='ltr'>Deus</span> <span class='ocrx_word' id='word_1_70' title='bbox 1686 1784 1895 1841; x_wconf 88' lang='lat' dir='ltr'>beatis-</span> 
     </span>
    </p>
   </div>
   <div class='ocr_carea' id='block_1_18' title="bbox 237 1868 1890 1946">
    <p class='ocr_par' dir='ltr' id='par_1_18' title="bbox 237 1868 1890 1946">
     <span class='ocr_line' id='line_1_18' title="bbox 237 1868 1890 1946; baseline 0.001 -21"><span class='ocrx_word' id='word_1_71' title='bbox 237 1869 388 1926; x_wconf 87' lang='lat' dir='ltr'>simo</span> <span class='ocrx_word' id='word_1_72' title='bbox 415 1868 571 1925; x_wconf 83' lang='lat' dir='ltr'>Patri</span> <span class='ocrx_word' id='word_1_73' title='bbox 598 1874 797 1926; x_wconf 89' lang='lat' dir='ltr'>nostro</span> <span class='ocrx_word' id='word_1_74' title='bbox 847 1870 1178 1939; x_wconf 88' lang='lat' dir='ltr'>Benedicto,</span> <span class='ocrx_word' id='word_1_75' title='bbox 1212 1876 1268 1928; x_wconf 87' lang='lat' dir='ltr'>et</span> <span class='ocrx_word' id='word_1_76' title='bbox 1301 1888 1404 1946; x_wconf 88' lang='lat' dir='ltr'>per</span> <span class='ocrx_word' id='word_1_77' title='bbox 1424 1888 1558 1928; x_wconf 90' lang='lat' dir='ltr'>eum</span> <span class='ocrx_word' id='word_1_78' title='bbox 1592 1890 1698 1929; x_wconf 91' lang='lat' dir='ltr'>suo</span> <span class='ocrx_word' id='word_1_79' title='bbox 1730 1872 1890 1928; x_wconf 88' lang='lat' dir='ltr'>Casi-</span> 
     </span>
    </p>
   </div>
   <div class='ocr_carea' id='block_1_19' title="bbox 239 1956 1890 2033">
    <p class='ocr_par' dir='ltr' id='par_1_19' title="bbox 239 1956 1890 2033">
     <span class='ocr_line' id='line_1_19' title="bbox 239 1956 1890 2033; baseline 0.001 -18"><span class='ocrx_word' id='word_1_80' title='bbox 239 1956 407 2015; x_wconf 88' lang='lat' dir='ltr'>nensi</span> <span class='ocrx_word' id='word_1_81' title='bbox 439 1959 730 2017; x_wconf 84' lang='lat' dir='ltr'>concessit</span> <span class='ocrx_word' id='word_1_82' title='bbox 759 1959 1041 2027; x_wconf 81' lang='lat' dir='ltr'>ccenobio,</span> <span class='ocrx_word' id='word_1_83' title='bbox 1076 1960 1240 2015; x_wconf 88' lang='lat' dir='ltr'>nulla</span> <span class='ocrx_word' id='word_1_84' title='bbox 1280 1965 1470 2033; x_wconf 78' lang='lat' dir='ltr'>potest</span> <span class='ocrx_word' id='word_1_85' title='bbox 1501 1962 1723 2018; x_wconf 84' lang='lat' dir='ltr'>ratione</span> <span class='ocrx_word' id='word_1_86' title='bbox 1754 1978 1890 2017; x_wconf 90' lang='lat' dir='ltr'>con-</span> 
     </span>
    </p>
   </div>
   <div class='ocr_carea' id='block_1_20' title="bbox 238 2044 1964 2152">
    <p class='ocr_par' dir='ltr' id='par_1_20' title="bbox 238 2044 1964 2152">
     <span class='ocr_line' id='line_1_20' title="bbox 238 2044 1964 2152; baseline 0.002 -51"><span class='ocrx_word' id='word_1_87' title='bbox 238 2044 393 2113; x_wconf 91' lang='lat' dir='ltr'>velli,</span> <span class='ocrx_word' id='word_1_88' title='bbox 423 2046 588 2103; x_wconf 89' lang='lat' dir='ltr'>nulla</span> <span class='ocrx_word' id='word_1_89' title='bbox 606 2046 881 2104; x_wconf 81' lang='lat' dir='ltr'>violentia</span> <span class='ocrx_word' id='word_1_90' title='bbox 910 2049 1253 2121; x_wconf 87' lang='lat' dir='ltr'>permutari,</span> <span class='ocrx_word' id='word_1_91' title='bbox 1290 2050 1431 2121; x_wconf 91' lang='lat' dir='ltr'>quin</span> <span class='ocrx_word' id='word_1_92' title='bbox 1468 2050 1591 2121; x_wconf 87' lang='lat' dir='ltr'>ipse</span> <span class='ocrx_word' id='word_1_93' title='bbox 1621 2050 1883 2105; x_wconf 89' lang='lat' dir='ltr'>omnium</span> <span class='ocrx_word' id='word_1_94' title='bbox 1917 2088 1964 2152; x_wconf 79' lang='grc' dir='ltr'><strong>Β</strong></span> 
     </span>
    </p>
   </div>
   <div class='ocr_carea' id='block_1_21' title="bbox 240 2134 1889 2209">
    <p class='ocr_par' dir='ltr' id='par_1_21' title="bbox 240 2134 1889 2209">
     <span class='ocr_line' id='line_1_21' title="bbox 240 2134 1889 2209; baseline 0.002 -18"><span class='ocrx_word' id='word_1_95' title='bbox 240 2134 662 2192; x_wconf 85' lang='lat' dir='ltr'>monachorum</span> <span class='ocrx_word' id='word_1_96' title='bbox 695 2136 884 2203; x_wconf 89' lang='lat' dir='ltr'>Pater,</span> <span class='ocrx_word' id='word_1_97' title='bbox 916 2143 973 2192; x_wconf 90' lang='lat' dir='ltr'>et</span> <span class='ocrx_word' id='word_1_98' title='bbox 1004 2138 1134 2209; x_wconf 88' lang='lat' dir='ltr'>ejus</span> <span class='ocrx_word' id='word_1_99' title='bbox 1157 2138 1284 2209; x_wconf 88' lang='lat' dir='ltr'>jam</span> <span class='ocrx_word' id='word_1_100' title='bbox 1318 2138 1539 2193; x_wconf 90' lang='lat' dir='ltr'>dictum</span> <span class='ocrx_word' id='word_1_101' title='bbox 1573 2138 1889 2196; x_wconf 88' lang='lat' dir='ltr'>Casinense</span> 
     </span>
    </p>
   </div>
   <div class='ocr_carea' id='block_1_22' title="bbox 243 2224 1891 2301">
    <p class='ocr_par' dir='ltr' id='par_1_22' title="bbox 243 2224 1891 2301">
     <span class='ocr_line' id='line_1_22' title="bbox 243 2224 1891 2301; baseline 0.002 -21"><span class='ocrx_word' id='word_1_102' title='bbox 243 2224 685 2293; x_wconf 84' lang='lat' dir='ltr'>monasterium,</span> <span class='ocrx_word' id='word_1_103' title='bbox 701 2230 876 2299; x_wconf 88' lang='lat' dir='ltr'>caput</span> <span class='ocrx_word' id='word_1_104' title='bbox 891 2226 1156 2282; x_wconf 90' lang='lat' dir='ltr'>omnium</span> <span class='ocrx_word' id='word_1_105' title='bbox 1174 2226 1665 2283; x_wconf 85' lang='lat' dir='ltr'>monasteriorum</span> <span class='ocrx_word' id='word_1_106' title='bbox 1688 2243 1891 2301; x_wconf 89' lang='lat' dir='ltr'>perpe-</span> 
     </span>
    </p>
   </div>
   <div class='ocr_carea' id='block_1_23' title="bbox 237 2313 1895 2385">
    <p class='ocr_par' dir='ltr' id='par_1_23' title="bbox 237 2313 1895 2385">
     <span class='ocr_line' id='line_1_23' title="bbox 237 2313 1895 2385; baseline 0.002 -16"><span class='ocrx_word' id='word_1_107' title='bbox 237 2318 339 2369; x_wconf 92' lang='lat' dir='ltr'>tuo</span> <span class='ocrx_word' id='word_1_108' title='bbox 392 2313 716 2385; x_wconf 85' lang='lat' dir='ltr'>habeatur;</span> <span class='ocrx_word' id='word_1_109' title='bbox 773 2319 829 2371; x_wconf 90' lang='lat' dir='ltr'>et</span> <span class='ocrx_word' id='word_1_110' title='bbox 876 2316 1125 2371; x_wconf 89' lang='lat' dir='ltr'>merito:</span> <span class='ocrx_word' id='word_1_111' title='bbox 1158 2333 1295 2372; x_wconf 91' lang='lat' dir='ltr'>nam</span> <span class='ocrx_word' id='word_1_112' title='bbox 1327 2332 1396 2372; x_wconf 81' lang='lat' dir='ltr'>cx</span> <span class='ocrx_word' id='word_1_113' title='bbox 1436 2316 1640 2372; x_wconf 82' lang='lat' dir='ltr'>eodem</span> <span class='ocrx_word' id='word_1_114' title='bbox 1672 2315 1797 2372; x_wconf 90' lang='lat' dir='ltr'>loco</span> <span class='ocrx_word' id='word_1_115' title='bbox 1824 2318 1895 2373; x_wconf 91' lang='lat' dir='ltr'>de</span> 
     </span>
    </p>
   </div>
   <div class='ocr_carea' id='block_1_24' title="bbox 238 2402 1892 2475">
    <p class='ocr_par' dir='ltr' id='par_1_24' title="bbox 238 2402 1892 2475">
     <span class='ocr_line' id='line_1_24' title="bbox 238 2402 1892 2475; baseline 0.001 -18"><span class='ocrx_word' id='word_1_116' title='bbox 238 2402 534 2457; x_wconf 86' lang='lat' dir='ltr'>Benedicti</span> <span class='ocrx_word' id='word_1_117' title='bbox 576 2407 804 2475; x_wconf 87' lang='lat' dir='ltr'>pectore</span> <span class='ocrx_word' id='word_1_118' title='bbox 846 2403 1150 2460; x_wconf 83' lang='lat' dir='ltr'>monastici</span> <span class='ocrx_word' id='word_1_119' title='bbox 1183 2404 1409 2460; x_wconf 89' lang='lat' dir='ltr'>ordinis</span> <span class='ocrx_word' id='word_1_120' title='bbox 1440 2405 1773 2461; x_wconf 87' lang='lat' dir='ltr'>veneranda</span> <span class='ocrx_word' id='word_1_121' title='bbox 1804 2422 1892 2460; x_wconf 93' lang='lat' dir='ltr'>re-</span> 
     </span>
    </p>
   </div>
   <div class='ocr_carea' id='block_1_25' title="bbox 236 2489 1892 2565">
    <p class='ocr_par' dir='ltr' id='par_1_25' title="bbox 236 2489 1892 2565">
     <span class='ocr_line' id='line_1_25' title="bbox 236 2489 1892 2565; baseline 0.002 -21"><span class='ocrx_word' id='word_1_122' title='bbox 236 2489 398 2562; x_wconf 83' lang='lat' dir='ltr'>ligio,</span> <span class='ocrx_word' id='word_1_123' title='bbox 430 2490 603 2562; x_wconf 90' lang='lat' dir='ltr'>quasi</span> <span class='ocrx_word' id='word_1_124' title='bbox 633 2492 705 2547; x_wconf 89' lang='lat' dir='ltr'>de</span> <span class='ocrx_word' id='word_1_125' title='bbox 724 2492 976 2563; x_wconf 84' lang='lat' dir='ltr'>paradisi</span> <span class='ocrx_word' id='word_1_126' title='bbox 1004 2492 1160 2548; x_wconf 90' lang='lat' dir='ltr'>fonte</span> <span class='ocrx_word' id='word_1_127' title='bbox 1185 2494 1474 2562; x_wconf 87' lang='lat' dir='ltr'>manavit;</span> <span class='ocrx_word' id='word_1_128' title='bbox 1508 2510 1684 2565; x_wconf 89' lang='lat' dir='ltr'>quem</span> <span class='ocrx_word' id='word_1_129' title='bbox 1715 2493 1892 2549; x_wconf 89' lang='lat' dir='ltr'>etiam</span> 
     </span>
    </p>
   </div>
   <div class='ocr_carea' id='block_1_26' title="bbox 238 2578 1891 2654">
    <p class='ocr_par' dir='ltr' id='par_1_26' title="bbox 238 2578 1891 2654">
     <span class='ocr_line' id='line_1_26' title="bbox 238 2578 1891 2654; baseline 0.001 -21"><span class='ocrx_word' id='word_1_130' title='bbox 238 2578 396 2634; x_wconf 90' lang='lat' dir='ltr'>idem</span> <span class='ocrx_word' id='word_1_131' title='bbox 427 2579 782 2635; x_wconf 87' lang='lat' dir='ltr'>venerabilis</span> <span class='ocrx_word' id='word_1_132' title='bbox 814 2580 983 2635; x_wconf 81' lang='lat' dir='ltr'>Pater</span> <span class='ocrx_word' id='word_1_133' title='bbox 1012 2580 1333 2636; x_wconf 85' lang='lat' dir='ltr'>virtutibus</span> <span class='ocrx_word' id='word_1_134' title='bbox 1386 2587 1441 2636; x_wconf 91' lang='lat' dir='ltr'>et</span> <span class='ocrx_word' id='word_1_135' title='bbox 1472 2598 1578 2637; x_wconf 89' lang='lat' dir='ltr'>sua</span> <span class='ocrx_word' id='word_1_136' title='bbox 1606 2581 1891 2654; x_wconf 83' lang='lat' dir='ltr'>corporali</span> 
     </span>
    </p>
   </div>
   <div class='ocr_carea' id='block_1_27' title="bbox 244 2668 1893 2740">
    <p class='ocr_par' dir='ltr' id='par_1_27' title="bbox 244 2668 1893 2740">
     <span class='ocr_line' id='line_1_27' title="bbox 244 2668 1893 2740; baseline 0.001 -17"><span class='ocrx_word' id='word_1_137' title='bbox 244 2668 441 2740; x_wconf 87' lang='lat' dir='ltr'>requie</span> <span class='ocrx_word' id='word_1_138' title='bbox 489 2668 928 2723; x_wconf 87' lang='lat' dir='ltr'>memorabilem</span> <span class='ocrx_word' id='word_1_139' title='bbox 972 2672 1093 2723; x_wconf 88' lang='lat' dir='ltr'>toto</span> <span class='ocrx_word' id='word_1_140' title='bbox 1144 2669 1265 2724; x_wconf 89' lang='lat' dir='ltr'>orbi</span> <span class='ocrx_word' id='word_1_141' title='bbox 1301 2670 1507 2725; x_wconf 77' lang='lat' dir='ltr'>effecit.</span> <span class='ocrx_word' id='word_1_142' title='bbox 1541 2669 1722 2740; x_wconf 87' lang='lat' dir='ltr'>Cujus</span> <span class='ocrx_word' id='word_1_143' title='bbox 1752 2671 1893 2724; x_wconf 92' lang='lat' dir='ltr'>dum</span> 
     </span>
    </p>
   </div>
   <div class='ocr_carea' id='block_1_28' title="bbox 243 2755 1894 2828">
    <p class='ocr_par' dir='ltr' id='par_1_28' title="bbox 243 2755 1894 2828">
     <span class='ocr_line' id='line_1_28' title="bbox 243 2755 1894 2828; baseline 0.001 -17"><span class='ocrx_word' id='word_1_144' title='bbox 243 2755 645 2812; x_wconf 85' lang='lat' dir='ltr'>sacratissima</span> <span class='ocrx_word' id='word_1_145' title='bbox 690 2755 915 2822; x_wconf 90' lang='lat' dir='ltr'>limina,</span> <span class='ocrx_word' id='word_1_146' title='bbox 964 2773 1124 2812; x_wconf 88' lang='lat' dir='ltr'>more</span> <span class='ocrx_word' id='word_1_147' title='bbox 1145 2758 1638 2828; x_wconf 68' lang='lat' dir='ltr'>praedecessorum</span> <span class='ocrx_word' id='word_1_148' title='bbox 1666 2762 1894 2813; x_wconf 89' lang='lat' dir='ltr'>nostro-</span> 
     </span>
    </p>
   </div>
   <div class='ocr_carea' id='block_1_29' title="bbox 246 2843 1894 2915">
    <p class='ocr_par' dir='ltr' id='par_1_29' title="bbox 246 2843 1894 2915">
     <span class='ocr_line' id='line_1_29' title="bbox 246 2843 1894 2915; baseline 0.002 -17"><span class='ocrx_word' id='word_1_149' title='bbox 246 2860 400 2911; x_wconf 90' lang='lat' dir='ltr'>rum,</span> <span class='ocrx_word' id='word_1_150' title='bbox 434 2843 563 2915; x_wconf 87' lang='lat' dir='ltr'>ipso</span> <span class='ocrx_word' id='word_1_151' title='bbox 616 2843 709 2899; x_wconf 89' lang='lat' dir='ltr'>die</span> <span class='ocrx_word' id='word_1_152' title='bbox 739 2843 1070 2915; x_wconf 87' lang='lat' dir='ltr'>vigiliarum</span> <span class='ocrx_word' id='word_1_153' title='bbox 1094 2845 1358 2914; x_wconf 85' lang='lat' dir='ltr'>ejusdem</span> <span class='ocrx_word' id='word_1_154' title='bbox 1385 2844 1571 2900; x_wconf 85' lang='lat' dir='ltr'>Patris</span> <span class='ocrx_word' id='word_1_155' title='bbox 1596 2845 1894 2902; x_wconf 86' lang='lat' dir='ltr'>visitasse-</span> 
     </span>
    </p>
   </div>
   <div class='ocr_carea' id='block_1_30' title="bbox 245 2930 1896 2999">
    <p class='ocr_par' dir='ltr' id='par_1_30' title="bbox 245 2930 1896 2999">
     <span class='ocr_line' id='line_1_30' title="bbox 245 2930 1896 2999; baseline 0.002 -13"><span class='ocrx_word' id='word_1_156' title='bbox 245 2948 401 2999; x_wconf 88' lang='lat' dir='ltr'>mus,</span> <span class='ocrx_word' id='word_1_157' title='bbox 432 2930 949 2986; x_wconf 88' lang='lat' dir='ltr'>consuetudinario</span> <span class='ocrx_word' id='word_1_158' title='bbox 994 2931 1193 2988; x_wconf 90' lang='lat' dir='ltr'>lateris</span> <span class='ocrx_word' id='word_1_159' title='bbox 1217 2932 1414 2988; x_wconf 90' lang='lat' dir='ltr'>dolore</span> <span class='ocrx_word' id='word_1_160' title='bbox 1436 2933 1632 2988; x_wconf 85' lang='lat' dir='ltr'>attacti</span> <span class='ocrx_word' id='word_1_161' title='bbox 1665 2934 1896 2989; x_wconf 87' lang='lat' dir='ltr'>deveni-</span> 
     </span>
    </p>
   </div>
   <div class='ocr_carea' id='block_1_31' title="bbox 246 3019 1895 3092">
    <p class='ocr_par' dir='ltr' id='par_1_31' title="bbox 246 3019 1895 3092">
     <span class='ocr_line' id='line_1_31' title="bbox 246 3019 1895 3092; baseline 0.001 -17"><span class='ocrx_word' id='word_1_162' title='bbox 246 3036 380 3076; x_wconf 87' lang='lat' dir='ltr'>mus</span> <span class='ocrx_word' id='word_1_163' title='bbox 400 3037 414 3087; x_wconf 91' lang='lat'><strong>;</strong></span> <span class='ocrx_word' id='word_1_164' title='bbox 433 3020 819 3092; x_wconf 88' lang='lat' dir='ltr'>cumquejam</span> <span class='ocrx_word' id='word_1_165' title='bbox 843 3019 1053 3076; x_wconf 87' lang='lat' dir='ltr'>salutis</span> <span class='ocrx_word' id='word_1_166' title='bbox 1075 3038 1208 3092; x_wconf 87' lang='lat' dir='ltr'>spes</span> <span class='ocrx_word' id='word_1_167' title='bbox 1238 3021 1502 3077; x_wconf 90' lang='lat' dir='ltr'>funditus</span> <span class='ocrx_word' id='word_1_168' title='bbox 1526 3021 1693 3078; x_wconf 92' lang='lat' dir='ltr'>nobis</span> <span class='ocrx_word' id='word_1_169' title='bbox 1717 3022 1895 3078; x_wconf 90' lang='lat' dir='ltr'>adimi</span> 
     </span>
    </p>
   </div>
   <div class='ocr_carea' id='block_1_32' title="bbox 244 3107 1896 3181">
    <p class='ocr_par' dir='ltr' id='par_1_32' title="bbox 244 3107 1896 3181">
     <span class='ocr_line' id='line_1_32' title="bbox 244 3107 1896 3181; baseline 0 -16"><span class='ocrx_word' id='word_1_170' title='bbox 244 3107 560 3177; x_wconf 85' lang='lat' dir='ltr'>videretur,</span> <span class='ocrx_word' id='word_1_171' title='bbox 592 3124 659 3164; x_wconf 89' lang='lat' dir='ltr'>ac</span> <span class='ocrx_word' id='word_1_172' title='bbox 686 3108 757 3163; x_wconf 89' lang='lat' dir='ltr'>de</span> <span class='ocrx_word' id='word_1_173' title='bbox 778 3108 1062 3181; x_wconf 86' lang='lat' dir='ltr'>corporali</span> <span class='ocrx_word' id='word_1_174' title='bbox 1085 3110 1350 3181; x_wconf 83' lang='lat' dir='ltr'>ejusdem</span> <span class='ocrx_word' id='word_1_175' title='bbox 1391 3110 1578 3166; x_wconf 88' lang='lat' dir='ltr'>Patris</span> <span class='ocrx_word' id='word_1_176' title='bbox 1600 3110 1896 3167; x_wconf 89' lang='lat' dir='ltr'>Benedicti</span> 
     </span>
    </p>
   </div>
   <div class='ocr_carea' id='block_1_33' title="bbox 246 3195 1897 3270">
    <p class='ocr_par' dir='ltr' id='par_1_33' title="bbox 246 3195 1897 3270">
     <span class='ocr_line' id='line_1_33' title="bbox 246 3195 1897 3270; baseline 0.002 -18"><span class='ocrx_word' id='word_1_177' title='bbox 246 3197 307 3252; x_wconf 92' lang='lat' dir='ltr'>in</span> <span class='ocrx_word' id='word_1_178' title='bbox 329 3198 533 3253; x_wconf 89' lang='lat' dir='ltr'>eodem</span> <span class='ocrx_word' id='word_1_179' title='bbox 555 3195 682 3253; x_wconf 89' lang='lat' dir='ltr'>loco</span> <span class='ocrx_word' id='word_1_180' title='bbox 704 3196 1032 3270; x_wconf 67' lang='lat' dir='ltr'>praesentia,</span> <span class='ocrx_word' id='word_1_181' title='bbox 1063 3197 1123 3253; x_wconf 89' lang='lat' dir='ltr'>in</span> <span class='ocrx_word' id='word_1_182' title='bbox 1156 3204 1353 3253; x_wconf 91' lang='lat' dir='ltr'>nostro</span> <span class='ocrx_word' id='word_1_183' title='bbox 1402 3199 1598 3254; x_wconf 89' lang='lat' dir='ltr'>animo</span> <span class='ocrx_word' id='word_1_184' title='bbox 1628 3200 1897 3255; x_wconf 87' lang='lat' dir='ltr'>dubietas</span> 
     </span>
    </p>
   </div>
   <div class='ocr_carea' id='block_1_34' title="bbox 244 3286 1896 3359">
    <p class='ocr_par' dir='ltr' id='par_1_34' title="bbox 244 3286 1896 3359">
     <span class='ocr_line' id='line_1_34' title="bbox 244 3286 1896 3359; baseline 0 -18"><span class='ocrx_word' id='word_1_185' title='bbox 244 3289 597 3354; x_wconf 88' lang='lat' dir='ltr'>versaretur,</span> <span class='ocrx_word' id='word_1_186' title='bbox 631 3290 803 3341; x_wconf 90' lang='lat' dir='ltr'>nocte</span> <span class='ocrx_word' id='word_1_187' title='bbox 839 3303 957 3358; x_wconf 89' lang='lat' dir='ltr'>qua</span> <span class='ocrx_word' id='word_1_188' title='bbox 989 3287 1251 3358; x_wconf 88' lang='lat' dir='ltr'>ejusdem</span> <span class='ocrx_word' id='word_1_189' title='bbox 1274 3286 1464 3342; x_wconf 88' lang='lat' dir='ltr'>Patris</span> <span class='ocrx_word' id='word_1_190' title='bbox 1493 3287 1776 3359; x_wconf 86' lang='lat' dir='ltr'>agebatur</span> <span class='ocrx_word' id='word_1_191' title='bbox 1804 3304 1896 3343; x_wconf 90' lang='lat' dir='ltr'>so-</span> 
     </span>
    </p>
   </div>
   <div class='ocr_carea' id='block_1_35' title="bbox 242 3373 1893 3441">
    <p class='ocr_par' dir='ltr' id='par_1_35' title="bbox 242 3373 1893 3441">
     <span class='ocr_line' id='line_1_35' title="bbox 242 3373 1893 3441; baseline 0.002 -13"><span class='ocrx_word' id='word_1_192' title='bbox 242 3373 535 3441; x_wconf 70' lang='lat' dir='ltr'>lemnibus,</span> <span class='ocrx_word' id='word_1_193' title='bbox 554 3374 711 3429; x_wconf 92' lang='lat' dir='ltr'>idem</span> <span class='ocrx_word' id='word_1_194' title='bbox 735 3374 1147 3431; x_wconf 81' lang='lat' dir='ltr'>sanctissimus</span> <span class='ocrx_word' id='word_1_195' title='bbox 1173 3375 1519 3431; x_wconf 85' lang='lat' dir='ltr'>Benedictus</span> <span class='ocrx_word' id='word_1_196' title='bbox 1535 3380 1743 3431; x_wconf 68' lang='lat' dir='ltr'>nostrae</span> <span class='ocrx_word' id='word_1_197' title='bbox 1775 3376 1893 3431; x_wconf 84' lang='lat' dir='ltr'>exi-</span> 
     </span>
    </p>
   </div>
   <div class='ocr_carea' id='block_1_36' title="bbox 242 3460 1401 3535">
    <p class='ocr_par' dir='ltr' id='par_1_36' title="bbox 242 3460 1401 3535">
     <span class='ocr_line' id='line_1_36' title="bbox 242 3460 1401 3535; baseline 0.002 -19"><span class='ocrx_word' id='word_1_198' title='bbox 242 3461 452 3534; x_wconf 88' lang='lat' dir='ltr'>guitati</span> <span class='ocrx_word' id='word_1_199' title='bbox 486 3460 795 3517; x_wconf 87' lang='lat' dir='ltr'>visibiliter</span> <span class='ocrx_word' id='word_1_200' title='bbox 826 3479 1114 3535; x_wconf 89' lang='lat' dir='ltr'>apparens</span> <span class='ocrx_word' id='word_1_201' title='bbox 1146 3464 1294 3518; x_wconf 84' lang='lat' dir='ltr'>dixit</span> <span class='ocrx_word' id='word_1_202' title='bbox 1324 3481 1337 3519; x_wconf 87' lang='lat'><strong>:</strong></span> <span class='ocrx_word' id='word_1_203' title='bbox 1376 3487 1401 3511; x_wconf 88' lang='grc'>‹‹</span> 
     </span>
    </p>
   </div>
   <div class='ocr_carea' id='block_1_37' title="bbox 1915 718 3648 792">
    <p class='ocr_par' dir='ltr' id='par_1_37' title="bbox 1915 718 3648 792">
     <span class='ocr_line' id='line_1_37' title="bbox 1915 718 3648 792; baseline 0.002 -19"><span class='ocrx_word' id='word_1_204' title='bbox 1915 723 1971 789; x_wconf 73' lang='grc' dir='ltr'><strong>Α</strong></span> <span class='ocrx_word' id='word_1_205' title='bbox 2001 718 2301 792; x_wconf 87' lang='lat' dir='ltr'>principis,</span> <span class='ocrx_word' id='word_1_206' title='bbox 2329 719 2554 776; x_wconf 90' lang='lat' dir='ltr'>cuiDeo</span> <span class='ocrx_word' id='word_1_207' title='bbox 2576 719 2972 786; x_wconf 86' lang='lat' dir='ltr'>auctore,licet</span> <span class='ocrx_word' id='word_1_208' title='bbox 2994 719 3241 792; x_wconf 89' lang='lat' dir='ltr'>indigni,</span> <span class='ocrx_word' id='word_1_209' title='bbox 3273 720 3648 777; x_wconf 89' lang='lat' dir='ltr'>administra-</span> 
     </span>
    </p>
   </div>
   <div class='ocr_carea' id='block_1_38' title="bbox 2005 807 3649 881">
    <p class='ocr_par' dir='ltr' id='par_1_38' title="bbox 2005 807 3649 881">
     <span class='ocr_line' id='line_1_38' title="bbox 2005 807 3649 881; baseline 0.001 -18"><span class='ocrx_word' id='word_1_210' title='bbox 2005 824 2158 875; x_wconf 84' lang='lat' dir='ltr'>mus,</span> <span class='ocrx_word' id='word_1_211' title='bbox 2178 808 2357 864; x_wconf 90' lang='lat' dir='ltr'>totius</span> <span class='ocrx_word' id='word_1_212' title='bbox 2374 807 2660 865; x_wconf 90' lang='lat' dir='ltr'>Dominici</span> <span class='ocrx_word' id='word_1_213' title='bbox 2679 808 3085 881; x_wconf 85' lang='lat' dir='ltr'>gregiscuram</span> <span class='ocrx_word' id='word_1_214' title='bbox 3116 824 3334 880; x_wconf 87' lang='lat' dir='ltr'>gerere,</span> <span class='ocrx_word' id='word_1_215' title='bbox 3369 808 3649 881; x_wconf 87' lang='lat' dir='ltr'>pastorali</span> 
     </span>
    </p>
   </div>
   <div class='ocr_carea' id='block_1_39' title="bbox 2007 896 3650 971">
    <p class='ocr_par' dir='ltr' id='par_1_39' title="bbox 2007 896 3650 971">
     <span class='ocr_line' id='line_1_39' title="bbox 2007 896 3650 971; baseline 0.001 -19"><span class='ocrx_word' id='word_1_216' title='bbox 2007 896 2397 953; x_wconf 90' lang='lat' dir='ltr'>sollicitudine</span> <span class='ocrx_word' id='word_1_217' title='bbox 2427 897 2853 969; x_wconf 84' lang='lat' dir='ltr'>compellimur,</span> <span class='ocrx_word' id='word_1_218' title='bbox 2886 896 3185 952; x_wconf 89' lang='lat' dir='ltr'>Casinensi</span> <span class='ocrx_word' id='word_1_219' title='bbox 3217 899 3650 971; x_wconf 85' lang='lat' dir='ltr'>congregationi</span> 
     </span>
    </p>
   </div>
   <div class='ocr_carea' id='block_1_40' title="bbox 2001 983 3652 1057">
    <p class='ocr_par' dir='ltr' id='par_1_40' title="bbox 2001 983 3652 1057">
     <span class='ocr_line' id='line_1_40' title="bbox 2001 983 3652 1057; baseline 0.001 -17"><span class='ocrx_word' id='word_1_220' title='bbox 2001 984 2197 1040; x_wconf 89' lang='lat' dir='ltr'>divino</span> <span class='ocrx_word' id='word_1_221' title='bbox 2228 983 2411 1040; x_wconf 86' lang='lat' dir='ltr'>cultui</span> <span class='ocrx_word' id='word_1_222' title='bbox 2443 989 2723 1057; x_wconf 89' lang='lat' dir='ltr'>perpetuo</span> <span class='ocrx_word' id='word_1_223' title='bbox 2774 985 2896 1056; x_wconf 90' lang='lat' dir='ltr'>juri</span> <span class='ocrx_word' id='word_1_224' title='bbox 2948 985 3316 1056; x_wconf 62' lang='lat' dir='ltr'>mancipata,</span> <span class='ocrx_word' id='word_1_225' title='bbox 3349 990 3513 1041; x_wconf 88' lang='lat' dir='ltr'>tanto</span> <span class='ocrx_word' id='word_1_226' title='bbox 3544 1003 3652 1042; x_wconf 88' lang='lat' dir='ltr'>nos</span> 
     </span>
    </p>
   </div>
   <div class='ocr_carea' id='block_1_41' title="bbox 2000 1073 3651 1145">
    <p class='ocr_par' dir='ltr' id='par_1_41' title="bbox 2000 1073 3651 1145">
     <span class='ocr_line' id='line_1_41' title="bbox 2000 1073 3651 1145; baseline 0.001 -17"><span class='ocrx_word' id='word_1_227' title='bbox 2000 1073 2133 1145; x_wconf 89' lang='lat' dir='ltr'>plus</span> <span class='ocrx_word' id='word_1_228' title='bbox 2155 1073 2366 1129; x_wconf 88' lang='lat' dir='ltr'>debere</span> <span class='ocrx_word' id='word_1_229' title='bbox 2396 1073 2596 1145; x_wconf 75' lang='lat' dir='ltr'>gratite</span> <span class='ocrx_word' id='word_1_230' title='bbox 2626 1073 2872 1139; x_wconf 88' lang='lat' dir='ltr'>scimus,</span> <span class='ocrx_word' id='word_1_231' title='bbox 2906 1078 3124 1145; x_wconf 91' lang='lat' dir='ltr'>quanto</span> <span class='ocrx_word' id='word_1_232' title='bbox 3154 1090 3257 1145; x_wconf 90' lang='lat' dir='ltr'>per</span> <span class='ocrx_word' id='word_1_233' title='bbox 3284 1074 3514 1130; x_wconf 86' lang='lat' dir='ltr'>Patrem</span> <span class='ocrx_word' id='word_1_234' title='bbox 3546 1075 3651 1130; x_wconf 90' lang='lat' dir='ltr'>Be-</span> 
     </span>
    </p>
   </div>
   <div class='ocr_carea' id='block_1_42' title="bbox 2000 1161 3654 1235">
    <p class='ocr_par' dir='ltr' id='par_1_42' title="bbox 2000 1161 3654 1235">
     <span class='ocr_line' id='line_1_42' title="bbox 2000 1161 3654 1235; baseline 0.001 -18"><span class='ocrx_word' id='word_1_235' title='bbox 2000 1162 2296 1217; x_wconf 90' lang='lat' dir='ltr'>nedictum</span> <span class='ocrx_word' id='word_1_236' title='bbox 2332 1180 2438 1218; x_wconf 92' lang='lat' dir='ltr'>nos</span> <span class='ocrx_word' id='word_1_237' title='bbox 2487 1161 2723 1219; x_wconf 87' lang='lat' dir='ltr'>sanitati</span> <span class='ocrx_word' id='word_1_238' title='bbox 2774 1162 3032 1235; x_wconf 82' lang='lat' dir='ltr'>pristinae</span> <span class='ocrx_word' id='word_1_239' title='bbox 3066 1162 3275 1217; x_wconf 88' lang='lat' dir='ltr'>redditi</span> <span class='ocrx_word' id='word_1_240' title='bbox 3333 1178 3565 1230; x_wconf 89' lang='lat' dir='ltr'>sumus,</span> <span class='ocrx_word' id='word_1_241' title='bbox 3596 1166 3654 1219; x_wconf 90' lang='lat' dir='ltr'>et</span> 
     </span>
    </p>
   </div>
   <div class='ocr_carea' id='block_1_43' title="bbox 2000 1250 3653 1321">
    <p class='ocr_par' dir='ltr' id='par_1_43' title="bbox 2000 1250 3653 1321">
     <span class='ocr_line' id='line_1_43' title="bbox 2000 1250 3653 1321; baseline 0.001 -16"><span class='ocrx_word' id='word_1_242' title='bbox 2000 1250 2132 1306; x_wconf 87' lang='lat' dir='ltr'>illos</span> <span class='ocrx_word' id='word_1_243' title='bbox 2165 1251 2237 1306; x_wconf 89' lang='lat' dir='ltr'>ab</span> <span class='ocrx_word' id='word_1_244' title='bbox 2268 1252 2427 1307; x_wconf 90' lang='lat' dir='ltr'>omni</span> <span class='ocrx_word' id='word_1_245' title='bbox 2482 1250 2745 1306; x_wconf 71' lang='lat' dir='ltr'>saeculari</span> <span class='ocrx_word' id='word_1_246' title='bbox 2788 1250 3199 1321; x_wconf 83' lang='lat' dir='ltr'>inquietudine</span> <span class='ocrx_word' id='word_1_247' title='bbox 3229 1252 3499 1307; x_wconf 86' lang='lat' dir='ltr'>convenit</span> <span class='ocrx_word' id='word_1_248' title='bbox 3524 1268 3653 1308; x_wconf 85' lang='lat' dir='ltr'>esse</span> 
     </span>
    </p>
   </div>
   <div class='ocr_carea' id='block_1_44' title="bbox 2001 1339 3655 1413">
    <p class='ocr_par' dir='ltr' id='par_1_44' title="bbox 2001 1339 3655 1413">
     <span class='ocr_line' id='line_1_44' title="bbox 2001 1339 3655 1413; baseline 0.001 -19"><span class='ocrx_word' id='word_1_249' title='bbox 2001 1344 2273 1408; x_wconf 89' lang='lat' dir='ltr'>remotos,</span> <span class='ocrx_word' id='word_1_250' title='bbox 2325 1344 2616 1411; x_wconf 87' lang='lat' dir='ltr'>quatenus</span> <span class='ocrx_word' id='word_1_251' title='bbox 2659 1339 2849 1394; x_wconf 85' lang='lat' dir='ltr'>fidelis</span> <span class='ocrx_word' id='word_1_252' title='bbox 2882 1355 3069 1403; x_wconf 88' lang='lat' dir='ltr'>mens,</span> <span class='ocrx_word' id='word_1_253' title='bbox 3101 1340 3372 1412; x_wconf 86' lang='lat' dir='ltr'>expedita</span> <span class='ocrx_word' id='word_1_254' title='bbox 3400 1340 3655 1413; x_wconf 90' lang='lat' dir='ltr'>impedi-</span> 
     </span>
    </p>
   </div>
   <div class='ocr_carea' id='block_1_45' title="bbox 2002 1428 3651 1486">
    <p class='ocr_par' dir='ltr' id='par_1_45' title="bbox 2002 1428 3651 1486">
     <span class='ocr_line' id='line_1_45' title="bbox 2002 1428 3651 1486; baseline 0.001 -3"><span class='ocrx_word' id='word_1_255' title='bbox 2002 1429 2217 1485; x_wconf 88' lang='lat' dir='ltr'>mentis</span> <span class='ocrx_word' id='word_1_256' title='bbox 2248 1429 2666 1486; x_wconf 84' lang='lat' dir='ltr'>mundialibus.</span> <span class='ocrx_word' id='word_1_257' title='bbox 2700 1434 2759 1483; x_wconf 85' lang='lat' dir='ltr'>et</span> <span class='ocrx_word' id='word_1_258' title='bbox 2805 1428 2981 1483; x_wconf 84' lang='lat' dir='ltr'>etiam</span> <span class='ocrx_word' id='word_1_259' title='bbox 3042 1428 3332 1485; x_wconf 88' lang='lat' dir='ltr'>intensius</span> <span class='ocrx_word' id='word_1_260' title='bbox 3371 1429 3651 1485; x_wconf 88' lang='lat' dir='ltr'>creatoris</span> 
     </span>
    </p>
   </div>
   <div class='ocr_carea' id='block_1_46' title="bbox 2001 1517 3653 1591">
    <p class='ocr_par' dir='ltr' id='par_1_46' title="bbox 2001 1517 3653 1591">
     <span class='ocr_line' id='line_1_46' title="bbox 2001 1517 3653 1591; baseline 0.001 -20"><span class='ocrx_word' id='word_1_261' title='bbox 2001 1517 2089 1573; x_wconf 87' lang='lat' dir='ltr'>sui</span> <span class='ocrx_word' id='word_1_262' title='bbox 2112 1517 2386 1572; x_wconf 85' lang='lat' dir='ltr'>laudibus</span> <span class='ocrx_word' id='word_1_263' title='bbox 2410 1517 2711 1591; x_wconf 69' lang='lat' dir='ltr'>[insistat],</span> <span class='ocrx_word' id='word_1_264' title='bbox 2744 1523 2799 1573; x_wconf 89' lang='lat' dir='ltr'>et</span> <span class='ocrx_word' id='word_1_265' title='bbox 2822 1533 2928 1572; x_wconf 89' lang='lat' dir='ltr'>nos</span> <span class='ocrx_word' id='word_1_266' title='bbox 2952 1522 3287 1572; x_wconf 87' lang='lat' dir='ltr'>sanctarum</span> <span class='ocrx_word' id='word_1_267' title='bbox 3321 1518 3653 1573; x_wconf 86' lang='lat' dir='ltr'>orationum</span> 
     </span>
    </p>
   </div>
   <div class='ocr_carea' id='block_1_47' title="bbox 2002 1605 3655 1678">
    <p class='ocr_par' dir='ltr' id='par_1_47' title="bbox 2002 1605 3655 1678">
     <span class='ocr_line' id='line_1_47' title="bbox 2002 1605 3655 1678; baseline 0.002 -18"><span class='ocrx_word' id='word_1_268' title='bbox 2002 1606 2298 1678; x_wconf 82' lang='lat' dir='ltr'>suffragiis</span> <span class='ocrx_word' id='word_1_269' title='bbox 2330 1611 2697 1677; x_wconf 86' lang='lat' dir='ltr'>peccatorum</span> <span class='ocrx_word' id='word_1_270' title='bbox 2731 1622 2904 1662; x_wconf 87' lang='lat' dir='ltr'>onere</span> <span class='ocrx_word' id='word_1_271' title='bbox 2936 1605 3330 1662; x_wconf 88' lang='lat' dir='ltr'>sublevemur.</span> <span class='ocrx_word' id='word_1_272' title='bbox 3374 1608 3655 1671; x_wconf 85' lang='lat' dir='ltr'>Quocirca</span> 
     </span>
    </p>
   </div>
   <div class='ocr_carea' id='block_1_48' title="bbox 2001 1695 3658 1765">
    <p class='ocr_par' dir='ltr' id='par_1_48' title="bbox 2001 1695 3658 1765">
     <span class='ocr_line' id='line_1_48' title="bbox 2001 1695 3658 1765; baseline 0 -15"><span class='ocrx_word' id='word_1_273' title='bbox 2001 1699 2314 1765; x_wconf 84' lang='lat' dir='ltr'>sequentes</span> <span class='ocrx_word' id='word_1_274' title='bbox 2326 1699 2544 1750; x_wconf 87' lang='lat' dir='ltr'>statuta</span> <span class='ocrx_word' id='word_1_275' title='bbox 2561 1701 2896 1750; x_wconf 83' lang='lat' dir='ltr'>sanctorum</span> <span class='ocrx_word' id='word_1_276' title='bbox 2919 1695 3413 1765; x_wconf 64' lang='lat' dir='ltr'>praedecessorum</span> <span class='ocrx_word' id='word_1_277' title='bbox 3435 1701 3658 1751; x_wconf 80' lang='lat' dir='ltr'>nostro-</span> 
     </span>
    </p>
   </div>
   <div class='ocr_carea' id='block_1_49' title="bbox 2002 1782 3657 1855">
    <p class='ocr_par' dir='ltr' id='par_1_49' title="bbox 2002 1782 3657 1855">
     <span class='ocr_line' id='line_1_49' title="bbox 2002 1782 3657 1855; baseline -0.001 -16"><span class='ocrx_word' id='word_1_278' title='bbox 2002 1799 2154 1851; x_wconf 89' lang='lat' dir='ltr'>rum,</span> <span class='ocrx_word' id='word_1_279' title='bbox 2187 1785 2606 1838; x_wconf 81' lang='lat' dir='ltr'>confirmamus</span> <span class='ocrx_word' id='word_1_280' title='bbox 2652 1784 2709 1837; x_wconf 89' lang='lat' dir='ltr'>in</span> <span class='ocrx_word' id='word_1_281' title='bbox 2741 1788 3087 1855; x_wconf 88' lang='lat' dir='ltr'>perpetuum</span> <span class='ocrx_word' id='word_1_282' title='bbox 3121 1785 3322 1838; x_wconf 89' lang='lat' dir='ltr'>sancto</span> <span class='ocrx_word' id='word_1_283' title='bbox 3354 1782 3657 1839; x_wconf 83' lang='lat' dir='ltr'>Casinensi</span> 
     </span>
    </p>
   </div>
   <div class='ocr_carea' id='block_1_50' title="bbox 2001 1870 3654 1943">
    <p class='ocr_par' dir='ltr' id='par_1_50' title="bbox 2001 1870 3654 1943">
     <span class='ocr_line' id='line_1_50' title="bbox 2001 1870 3654 1943; baseline 0 -16"><span class='ocrx_word' id='word_1_284' title='bbox 2001 1871 2262 1927; x_wconf 84' lang='lat' dir='ltr'>ccenobio</span> <span class='ocrx_word' id='word_1_285' title='bbox 2280 1871 2563 1943; x_wconf 87' lang='lat' dir='ltr'>quidquid</span> <span class='ocrx_word' id='word_1_286' title='bbox 2589 1876 2752 1927; x_wconf 85' lang='lat' dir='ltr'>atem</span> <span class='ocrx_word' id='word_1_287' title='bbox 2764 1871 3004 1941; x_wconf 89' lang='lat' dir='ltr'>poribus</span> <span class='ocrx_word' id='word_1_288' title='bbox 3024 1870 3245 1927; x_wconf 89' lang='lat' dir='ltr'>Justini</span> <span class='ocrx_word' id='word_1_289' title='bbox 3268 1870 3654 1927; x_wconf 85' lang='lat' dir='ltr'>etJustiniani</span> 
     </span>
    </p>
   </div>
   <div class='ocr_carea' id='block_1_51' title="bbox 2004 1957 3655 2032">
    <p class='ocr_par' dir='ltr' id='par_1_51' title="bbox 2004 1957 3655 2032">
     <span class='ocr_line' id='line_1_51' title="bbox 2004 1957 3655 2032; baseline 0.001 -19"><span class='ocrx_word' id='word_1_290' title='bbox 2004 1960 2421 2032; x_wconf 87' lang='lat' dir='ltr'>imperatorum</span> <span class='ocrx_word' id='word_1_291' title='bbox 2441 1976 2628 2031; x_wconf 89' lang='lat' dir='ltr'>usque</span> <span class='ocrx_word' id='word_1_292' title='bbox 2645 1959 2716 2013; x_wconf 85' lang='lat' dir='ltr'>ad</span> <span class='ocrx_word' id='word_1_293' title='bbox 2736 1959 2893 2014; x_wconf 90' lang='lat' dir='ltr'>hunc</span> <span class='ocrx_word' id='word_1_294' title='bbox 2907 1958 3061 2013; x_wconf 89' lang='lat' dir='ltr'>diem</span> <span class='ocrx_word' id='word_1_295' title='bbox 3089 1957 3278 2014; x_wconf 88' lang='lat' dir='ltr'>eidem</span> <span class='ocrx_word' id='word_1_296' title='bbox 3305 1957 3428 2015; x_wconf 91' lang='lat' dir='ltr'>loco</span> <span class='ocrx_word' id='word_1_297' title='bbox 3446 1975 3551 2032; x_wconf 89' lang='lat' dir='ltr'>per</span> <span class='ocrx_word' id='word_1_298' title='bbox 3567 1964 3655 2015; x_wconf 89' lang='lat' dir='ltr'>to-</span> 
     </span>
    </p>
   </div>
   <div class='ocr_carea' id='block_1_52' title="bbox 2002 2047 3649 2115">
    <p class='ocr_par' dir='ltr' id='par_1_52' title="bbox 2002 2047 3649 2115">
     <span class='ocr_line' id='line_1_52' title="bbox 2002 2047 3649 2115; baseline 0.001 -12"><span class='ocrx_word' id='word_1_299' title='bbox 2002 2053 2126 2103; x_wconf 89' lang='lat' dir='ltr'>tum</span> <span class='ocrx_word' id='word_1_300' title='bbox 2150 2050 2347 2103; x_wconf 89' lang='lat' dir='ltr'>orbem</span> <span class='ocrx_word' id='word_1_301' title='bbox 2364 2053 2650 2104; x_wconf 87' lang='lat' dir='ltr'>terrarum</span> <span class='ocrx_word' id='word_1_302' title='bbox 2666 2047 2925 2103; x_wconf 89' lang='lat' dir='ltr'>oblatum</span> <span class='ocrx_word' id='word_1_303' title='bbox 2938 2089 2951 2111; x_wconf 88' lang='lat'>,</span> <span class='ocrx_word' id='word_1_304' title='bbox 2967 2063 3332 2115; x_wconf 83' lang='lat' dir='ltr'>concessum,</span> <span class='ocrx_word' id='word_1_305' title='bbox 3346 2048 3649 2104; x_wconf 90' lang='lat' dir='ltr'>venditum</span> 
     </span>
    </p>
   </div>
   <div class='ocr_carea' id='block_1_53' title="bbox 2002 2135 3655 2207">
    <p class='ocr_par' dir='ltr' id='par_1_53' title="bbox 2002 2135 3655 2207">
     <span class='ocr_line' id='line_1_53' title="bbox 2002 2135 3655 2207; baseline 0.001 -16"><span class='ocrx_word' id='word_1_306' title='bbox 2002 2135 2088 2191; x_wconf 87' lang='lat' dir='ltr'>vel</span> <span class='ocrx_word' id='word_1_307' title='bbox 2108 2141 2533 2191; x_wconf 89' lang='lat' dir='ltr'>commutatum</span> <span class='ocrx_word' id='word_1_308' title='bbox 2556 2140 2662 2204; x_wconf 91' lang='lat' dir='ltr'>est,</span> <span class='ocrx_word' id='word_1_309' title='bbox 2684 2136 2803 2191; x_wconf 87' lang='lat' dir='ltr'>sive</span> <span class='ocrx_word' id='word_1_310' title='bbox 2826 2137 2980 2207; x_wconf 89' lang='lat' dir='ltr'>quod</span> <span class='ocrx_word' id='word_1_311' title='bbox 3003 2136 3212 2191; x_wconf 90' lang='lat' dir='ltr'>amodo</span> <span class='ocrx_word' id='word_1_312' title='bbox 3232 2139 3288 2191; x_wconf 92' lang='lat' dir='ltr'>et</span> <span class='ocrx_word' id='word_1_313' title='bbox 3308 2135 3367 2191; x_wconf 90' lang='lat' dir='ltr'>in</span> <span class='ocrx_word' id='word_1_314' title='bbox 3393 2136 3655 2193; x_wconf 89' lang='lat' dir='ltr'>futurum</span> 
     </span>
    </p>
   </div>
   <div class='ocr_carea' id='block_1_54' title="bbox 2001 2224 3654 2296">
    <p class='ocr_par' dir='ltr' id='par_1_54' title="bbox 2001 2224 3654 2296">
     <span class='ocr_line' id='line_1_54' title="bbox 2001 2224 3654 2296; baseline 0.001 -17"><span class='ocrx_word' id='word_1_315' title='bbox 2001 2230 2235 2296; x_wconf 87' lang='lat' dir='ltr'>tempus</span> <span class='ocrx_word' id='word_1_316' title='bbox 2274 2224 2437 2295; x_wconf 89' lang='lat' dir='ltr'>juste</span> <span class='ocrx_word' id='word_1_317' title='bbox 2480 2229 2536 2279; x_wconf 90' lang='lat' dir='ltr'>et</span> <span class='ocrx_word' id='word_1_318' title='bbox 2579 2224 2855 2280; x_wconf 89' lang='lat' dir='ltr'>canonice</span> <span class='ocrx_word' id='word_1_319' title='bbox 2892 2224 3102 2295; x_wconf 90' lang='lat' dir='ltr'>poterit</span> <span class='ocrx_word' id='word_1_320' title='bbox 3135 2224 3403 2296; x_wconf 88' lang='lat' dir='ltr'>adipisci.</span> <span class='ocrx_word' id='word_1_321' title='bbox 3432 2225 3654 2282; x_wconf 84' lang='lat' dir='ltr'>Confir-</span> 
     </span>
    </p>
   </div>
   <div class='ocr_carea' id='block_1_55' title="bbox 2004 2311 3655 2385">
    <p class='ocr_par' dir='ltr' id='par_1_55' title="bbox 2004 2311 3655 2385">
     <span class='ocr_line' id='line_1_55' title="bbox 2004 2311 3655 2385; baseline 0.001 -18"><span class='ocrx_word' id='word_1_322' title='bbox 2004 2317 2231 2368; x_wconf 89' lang='lat' dir='ltr'>mantes</span> <span class='ocrx_word' id='word_1_323' title='bbox 2262 2312 2504 2385; x_wconf 89' lang='lat' dir='ltr'>insuper</span> <span class='ocrx_word' id='word_1_324' title='bbox 2528 2311 2726 2368; x_wconf 88' lang='lat' dir='ltr'>omnia</span> <span class='ocrx_word' id='word_1_325' title='bbox 2754 2311 3058 2384; x_wconf 84' lang='lat' dir='ltr'>privilegia</span> <span class='ocrx_word' id='word_1_326' title='bbox 3083 2313 3478 2368; x_wconf 83' lang='lat' dir='ltr'>Romanorum</span> <span class='ocrx_word' id='word_1_327' title='bbox 3511 2330 3655 2385; x_wconf 89' lang='lat' dir='ltr'>pon-</span> 
     </span>
    </p>
   </div>
   <div class='ocr_carea' id='block_1_56' title="bbox 2001 2401 3656 2473">
    <p class='ocr_par' dir='ltr' id='par_1_56' title="bbox 2001 2401 3656 2473">
     <span class='ocr_line' id='line_1_56' title="bbox 2001 2401 3656 2473; baseline 0.002 -19"><span class='ocrx_word' id='word_1_328' title='bbox 2001 2401 2248 2466; x_wconf 84' lang='lat' dir='ltr'>tiﬁcum,</span> <span class='ocrx_word' id='word_1_329' title='bbox 2282 2405 2568 2473; x_wconf 58' lang='lat' dir='ltr'>praecepta</span> <span class='ocrx_word' id='word_1_330' title='bbox 2596 2401 3036 2472; x_wconf 86' lang='lat' dir='ltr'>imperatorum,</span> <span class='ocrx_word' id='word_1_331' title='bbox 3081 2417 3312 2473; x_wconf 88' lang='lat' dir='ltr'>regum,</span> <span class='ocrx_word' id='word_1_332' title='bbox 3367 2402 3656 2457; x_wconf 85' lang='lat' dir='ltr'>marchio-</span> 
     </span>
    </p>
   </div>
   <div class='ocr_carea' id='block_1_57' title="bbox 2003 2488 3656 2561">
    <p class='ocr_par' dir='ltr' id='par_1_57' title="bbox 2003 2488 3656 2561">
     <span class='ocr_line' id='line_1_57' title="bbox 2003 2488 3656 2561; baseline -0.001 -16"><span class='ocrx_word' id='word_1_333' title='bbox 2003 2506 2168 2555; x_wconf 90' lang='lat' dir='ltr'>num,</span> <span class='ocrx_word' id='word_1_334' title='bbox 2204 2491 2421 2544; x_wconf 86' lang='lat' dir='ltr'>ducum</span> <span class='ocrx_word' id='word_1_335' title='bbox 2455 2494 2511 2544; x_wconf 90' lang='lat' dir='ltr'>et</span> <span class='ocrx_word' id='word_1_336' title='bbox 2542 2489 2895 2561; x_wconf 82' lang='lat' dir='ltr'>principum,</span> <span class='ocrx_word' id='word_1_337' title='bbox 2931 2493 2988 2544; x_wconf 91' lang='lat' dir='ltr'>et</span> <span class='ocrx_word' id='word_1_338' title='bbox 3016 2488 3339 2545; x_wconf 88' lang='lat' dir='ltr'>oblationes</span> <span class='ocrx_word' id='word_1_339' title='bbox 3372 2506 3656 2561; x_wconf 87' lang='lat' dir='ltr'>quorum-</span> 
     </span>
    </p>
   </div>
   <div class='ocr_carea' id='block_1_58' title="bbox 2003 2577 3658 2653">
    <p class='ocr_par' dir='ltr' id='par_1_58' title="bbox 2003 2577 3658 2653">
     <span class='ocr_line' id='line_1_58' title="bbox 2003 2577 3658 2653; baseline -0.001 -20"><span class='ocrx_word' id='word_1_340' title='bbox 2003 2594 2233 2650; x_wconf 89' lang='lat' dir='ltr'>cunque</span> <span class='ocrx_word' id='word_1_341' title='bbox 2254 2578 2535 2647; x_wconf 84' lang='lat' dir='ltr'>ﬁdelium,</span> <span class='ocrx_word' id='word_1_342' title='bbox 2568 2594 2693 2649; x_wconf 64' lang='lat' dir='ltr'>qua;</span> <span class='ocrx_word' id='word_1_343' title='bbox 2719 2577 2781 2632; x_wconf 93' lang='lat' dir='ltr'>B.</span> <span class='ocrx_word' id='word_1_344' title='bbox 2833 2578 3142 2633; x_wconf 87' lang='lat' dir='ltr'>Benedicto</span> <span class='ocrx_word' id='word_1_345' title='bbox 3173 2581 3230 2632; x_wconf 91' lang='lat' dir='ltr'>et</span> <span class='ocrx_word' id='word_1_346' title='bbox 3249 2594 3352 2649; x_wconf 90' lang='lat' dir='ltr'>per</span> <span class='ocrx_word' id='word_1_347' title='bbox 3381 2594 3516 2653; x_wconf 85' lang='lat' dir='ltr'>eum</span> <span class='ocrx_word' id='word_1_348' title='bbox 3548 2582 3658 2632; x_wconf 87' lang='lat' dir='ltr'>Ca-</span> 
     </span>
    </p>
   </div>
   <div class='ocr_carea' id='block_1_59' title="bbox 2004 2664 3656 2738">
    <p class='ocr_par' dir='ltr' id='par_1_59' title="bbox 2004 2664 3656 2738">
     <span class='ocr_line' id='line_1_59' title="bbox 2004 2664 3656 2738; baseline -0.001 -16"><span class='ocrx_word' id='word_1_349' title='bbox 2004 2666 2223 2722; x_wconf 81' lang='lat' dir='ltr'>sinensi</span> <span class='ocrx_word' id='word_1_350' title='bbox 2247 2665 2508 2721; x_wconf 81' lang='lat' dir='ltr'>ccenobio</span> <span class='ocrx_word' id='word_1_351' title='bbox 2540 2681 2817 2722; x_wconf 87' lang='lat' dir='ltr'>concessa</span> <span class='ocrx_word' id='word_1_352' title='bbox 2849 2669 3007 2721; x_wconf 90' lang='lat' dir='ltr'>sunt.</span> <span class='ocrx_word' id='word_1_353' title='bbox 3039 2664 3097 2720; x_wconf 90' lang='lat' dir='ltr'>Si</span> <span class='ocrx_word' id='word_1_354' title='bbox 3133 2682 3260 2738; x_wconf 62' lang='lat' dir='ltr'>quae</span> <span class='ocrx_word' id='word_1_355' title='bbox 3292 2682 3431 2722; x_wconf 89' lang='lat' dir='ltr'>sane</span> <span class='ocrx_word' id='word_1_356' title='bbox 3464 2666 3520 2721; x_wconf 91' lang='lat' dir='ltr'>in</span> <span class='ocrx_word' id='word_1_357' title='bbox 3554 2682 3656 2737; x_wconf 91' lang='lat' dir='ltr'>po-</span> 
     </span>
    </p>
   </div>
   <div class='ocr_carea' id='block_1_60' title="bbox 2006 2752 3659 2826">
    <p class='ocr_par' dir='ltr' id='par_1_60' title="bbox 2006 2752 3659 2826">
     <span class='ocr_line' id='line_1_60' title="bbox 2006 2752 3659 2826; baseline -0.001 -16"><span class='ocrx_word' id='word_1_358' title='bbox 2006 2762 2245 2822; x_wconf 85' lang='lat' dir='ltr'>sterum,</span> <span class='ocrx_word' id='word_1_359' title='bbox 2277 2753 2688 2825; x_wconf 87' lang='lat' dir='ltr'>ecclesiastica,</span> <span class='ocrx_word' id='word_1_360' title='bbox 2737 2752 3153 2825; x_wconf 80' lang='lat' dir='ltr'>saecularisque</span> <span class='ocrx_word' id='word_1_361' title='bbox 3197 2770 3467 2826; x_wconf 90' lang='lat' dir='ltr'>persona,</span> <span class='ocrx_word' id='word_1_362' title='bbox 3508 2754 3659 2809; x_wconf 89' lang='lat' dir='ltr'>hanc</span> 
     </span>
    </p>
   </div>
   <div class='ocr_carea' id='block_1_61' title="bbox 2006 2842 3655 2914">
    <p class='ocr_par' dir='ltr' id='par_1_61' title="bbox 2006 2842 3655 2914">
     <span class='ocr_line' id='line_1_61' title="bbox 2006 2842 3655 2914; baseline -0.001 -15"><span class='ocrx_word' id='word_1_363' title='bbox 2006 2849 2215 2901; x_wconf 61' lang='lat' dir='ltr'>nostrai</span> <span class='ocrx_word' id='word_1_364' title='bbox 2246 2842 2679 2899; x_wconf 88' lang='lat' dir='ltr'>constitutionis</span> <span class='ocrx_word' id='word_1_365' title='bbox 2726 2842 2921 2897; x_wconf 71' lang='lat' dir='ltr'>sciens</span> <span class='ocrx_word' id='word_1_366' title='bbox 2950 2843 3251 2914; x_wconf 88' lang='lat' dir='ltr'>paginam,</span> <span class='ocrx_word' id='word_1_367' title='bbox 3294 2846 3495 2899; x_wconf 89' lang='lat' dir='ltr'>contra</span> <span class='ocrx_word' id='word_1_368' title='bbox 3524 2858 3655 2898; x_wconf 89' lang='lat' dir='ltr'>eam</span> 
     </span>
    </p>
   </div>
   <div class='ocr_carea' id='block_1_62' title="bbox 2006 2930 3658 2999">
    <p class='ocr_par' dir='ltr' id='par_1_62' title="bbox 2006 2930 3658 2999">
     <span class='ocr_line' id='line_1_62' title="bbox 2006 2930 3658 2999; baseline -0.001 -11"><span class='ocrx_word' id='word_1_369' title='bbox 2006 2937 2223 2988; x_wconf 88' lang='lat' dir='ltr'>temere</span> <span class='ocrx_word' id='word_1_370' title='bbox 2262 2931 2455 2987; x_wconf 89' lang='lat' dir='ltr'>venire</span> <span class='ocrx_word' id='word_1_371' title='bbox 2490 2930 2815 2999; x_wconf 86' lang='lat' dir='ltr'>tentaverit,</span> <span class='ocrx_word' id='word_1_372' title='bbox 2849 2931 3105 2987; x_wconf 90' lang='lat' dir='ltr'>secundo</span> <span class='ocrx_word' id='word_1_373' title='bbox 3126 2931 3364 2987; x_wconf 87' lang='lat' dir='ltr'>tertiove</span> <span class='ocrx_word' id='word_1_374' title='bbox 3397 2944 3658 2989; x_wconf 86' lang='lat' dir='ltr'>commo-</span> 
     </span>
    </p>
   </div>
   <div class='ocr_carea' id='block_1_63' title="bbox 2006 3020 3660 3092">
    <p class='ocr_par' dir='ltr' id='par_1_63' title="bbox 2006 3020 3660 3092">
     <span class='ocr_line' id='line_1_63' title="bbox 2006 3020 3660 3092; baseline -0.001 -16"><span class='ocrx_word' id='word_1_375' title='bbox 2006 3020 2482 3086; x_wconf 89' lang='lat' dir='ltr'>nita,secundum</span> <span class='ocrx_word' id='word_1_376' title='bbox 2510 3020 2970 3076; x_wconf 80' lang='lat' dir='ltr'>satisfactionem</span> <span class='ocrx_word' id='word_1_377' title='bbox 2993 3036 3310 3092; x_wconf 88' lang='lat' dir='ltr'>congruam</span> <span class='ocrx_word' id='word_1_378' title='bbox 3332 3037 3446 3076; x_wconf 88' lang='lat' dir='ltr'>non</span> <span class='ocrx_word' id='word_1_379' title='bbox 3463 3035 3660 3076; x_wconf 88' lang='lat' dir='ltr'>emen-</span> 
     </span>
    </p>
   </div>
   <div class='ocr_carea' id='block_1_64' title="bbox 2006 3107 3656 3181">
    <p class='ocr_par' dir='ltr' id='par_1_64' title="bbox 2006 3107 3656 3181">
     <span class='ocr_line' id='line_1_64' title="bbox 2006 3107 3656 3181; baseline 0 -18"><span class='ocrx_word' id='word_1_380' title='bbox 2006 3108 2252 3176; x_wconf 88' lang='lat' dir='ltr'>daverit,</span> <span class='ocrx_word' id='word_1_381' title='bbox 2300 3108 2610 3179; x_wconf 88' lang='lat' dir='ltr'>potestatis</span> <span class='ocrx_word' id='word_1_382' title='bbox 2640 3107 2949 3164; x_wconf 87' lang='lat' dir='ltr'>honorisve</span> <span class='ocrx_word' id='word_1_383' title='bbox 2980 3109 3070 3163; x_wconf 91' lang='lat' dir='ltr'>sui</span> <span class='ocrx_word' id='word_1_384' title='bbox 3120 3107 3404 3181; x_wconf 87' lang='lat' dir='ltr'>dignitate</span> <span class='ocrx_word' id='word_1_385' title='bbox 3442 3112 3656 3176; x_wconf 87' lang='lat' dir='ltr'>careat,</span> 
     </span>
    </p>
   </div>
   <div class='ocr_carea' id='block_1_65' title="bbox 2006 3195 3659 3269">
    <p class='ocr_par' dir='ltr' id='par_1_65' title="bbox 2006 3195 3659 3269">
     <span class='ocr_line' id='line_1_65' title="bbox 2006 3195 3659 3269; baseline 0 -17"><span class='ocrx_word' id='word_1_386' title='bbox 2006 3213 2285 3268; x_wconf 87' lang='lat' dir='ltr'>rcamque</span> <span class='ocrx_word' id='word_1_387' title='bbox 2306 3213 2368 3252; x_wconf 90' lang='lat' dir='ltr'>se</span> <span class='ocrx_word' id='word_1_388' title='bbox 2400 3195 2594 3251; x_wconf 91' lang='lat' dir='ltr'>divino</span> <span class='ocrx_word' id='word_1_389' title='bbox 2632 3196 2857 3267; x_wconf 87' lang='lat' dir='ltr'>judicio</span> <span class='ocrx_word' id='word_1_390' title='bbox 2879 3197 2949 3252; x_wconf 89' lang='lat' dir='ltr'>de</span> <span class='ocrx_word' id='word_1_391' title='bbox 2982 3200 3313 3269; x_wconf 88' lang='lat' dir='ltr'>perpetrata</span> <span class='ocrx_word' id='word_1_392' title='bbox 3349 3197 3659 3268; x_wconf 89' lang='lat' dir='ltr'>iniquitate</span> 
     </span>
    </p>
   </div>
   <div class='ocr_carea' id='block_1_66' title="bbox 2006 3284 3659 3357">
    <p class='ocr_par' dir='ltr' id='par_1_66' title="bbox 2006 3284 3659 3357">
     <span class='ocr_line' id='line_1_66' title="bbox 2006 3284 3659 3357; baseline 0 -17"><span class='ocrx_word' id='word_1_393' title='bbox 2006 3288 2401 3357; x_wconf 86' lang='lat' dir='ltr'>cognoscat,et</span> <span class='ocrx_word' id='word_1_394' title='bbox 2423 3302 2456 3340; x_wconf 86' lang='lat' dir='ltr'>a</span> <span class='ocrx_word' id='word_1_395' title='bbox 2479 3284 2854 3340; x_wconf 89' lang='lat' dir='ltr'>sanctissimo</span> <span class='ocrx_word' id='word_1_396' title='bbox 2880 3290 2937 3339; x_wconf 89' lang='lat' dir='ltr'>et</span> <span class='ocrx_word' id='word_1_397' title='bbox 2952 3284 3352 3339; x_wconf 90' lang='lat' dir='ltr'>sacratissimo</span> <span class='ocrx_word' id='word_1_398' title='bbox 3370 3285 3659 3357; x_wconf 90' lang='lat' dir='ltr'>sanguine</span> 
     </span>
    </p>
   </div>
   <div class='ocr_carea' id='block_1_67' title="bbox 2007 3372 3661 3444">
    <p class='ocr_par' dir='ltr' id='par_1_67' title="bbox 2007 3372 3661 3444">
     <span class='ocr_line' id='line_1_67' title="bbox 2007 3372 3661 3444; baseline -0.001 -15"><span class='ocrx_word' id='word_1_399' title='bbox 2007 3374 2107 3430; x_wconf 87' lang='lat' dir='ltr'>Dei</span> <span class='ocrx_word' id='word_1_400' title='bbox 2124 3379 2179 3429; x_wconf 89' lang='lat' dir='ltr'>et</span> <span class='ocrx_word' id='word_1_401' title='bbox 2194 3374 2426 3429; x_wconf 90' lang='lat' dir='ltr'>Domini</span> <span class='ocrx_word' id='word_1_402' title='bbox 2440 3372 2844 3444; x_wconf 81' lang='lat' dir='ltr'>Redemptoris</span> <span class='ocrx_word' id='word_1_403' title='bbox 2869 3373 3050 3429; x_wconf 90' lang='lat' dir='ltr'>nostri</span> <span class='ocrx_word' id='word_1_404' title='bbox 3073 3372 3210 3428; x_wconf 87' lang='lat' dir='ltr'>Jesu</span> <span class='ocrx_word' id='word_1_405' title='bbox 3230 3372 3445 3427; x_wconf 90' lang='lat' dir='ltr'>Christi</span> <span class='ocrx_word' id='word_1_406' title='bbox 3469 3372 3661 3428; x_wconf 87' lang='lat' dir='ltr'>aliena</span> 
     </span>
    </p>
   </div>
   <div class='ocr_carea' id='block_1_68' title="bbox 1453 3441 3655 3532">
    <p class='ocr_par' dir='ltr' id='par_1_68' title="bbox 1453 3441 3655 3532">
     <span class='ocr_line' id='line_1_68' title="bbox 1453 3441 3655 3532; baseline -0 -14"><span class='ocrx_word' id='word_1_407' title='bbox 1453 3468 1566 3518; x_wconf 91' lang='lat' dir='ltr'>Cur</span> <span class='ocrx_word' id='word_1_408' title='bbox 1594 3465 1667 3519; x_wconf 91' lang='lat' dir='ltr'>de</span> <span class='ocrx_word' id='word_1_409' title='bbox 1696 3470 1896 3520; x_wconf 88' lang='lat' dir='ltr'>nostra</span> <span class='ocrx_word' id='word_1_410' title='bbox 1925 3441 1967 3507; x_wconf 64' lang='grc' dir='ltr'><strong>(ἶ</strong></span> <span class='ocrx_word' id='word_1_411' title='bbox 2006 3461 2125 3531; x_wconf 83' lang='lat' dir='ltr'>ﬁat,</span> <span class='ocrx_word' id='word_1_412' title='bbox 2155 3461 2414 3532; x_wconf 82' lang='lat' dir='ltr'>atquein</span> <span class='ocrx_word' id='word_1_413' title='bbox 2432 3441 3257 3517; x_wconf 70' lang='lat' dir='ltr'>extremoexaminedistrictaa</span> <span class='ocrx_word' id='word_1_414' title='bbox 3279 3460 3488 3516; x_wconf 91' lang='lat' dir='ltr'>ultioni</span> <span class='ocrx_word' id='word_1_415' title='bbox 3512 3462 3655 3517; x_wconf 86' lang='lat' dir='ltr'>sub-</span> 
     </span>
    </p>
   </div>
   <div class='ocr_carea' id='block_1_69' title="bbox 244 3548 3661 3624">
    <p class='ocr_par' dir='ltr' id='par_1_69' title="bbox 244 3548 3661 3624">
     <span class='ocr_line' id='line_1_69' title="bbox 244 3548 3661 3624; baseline -0 -18"><span class='ocrx_word' id='word_1_416' title='bbox 244 3549 530 3622; x_wconf 88' lang='lat' dir='ltr'>corporali</span> <span class='ocrx_word' id='word_1_417' title='bbox 560 3551 873 3623; x_wconf 63' lang='lat' dir='ltr'>praesentia</span> <span class='ocrx_word' id='word_1_418' title='bbox 929 3552 1164 3606; x_wconf 88' lang='lat' dir='ltr'>dubitas</span> <span class='ocrx_word' id='word_1_419' title='bbox 1207 3552 1235 3606; x_wconf 88' lang='lat'><strong>?</strong></span> <span class='ocrx_word' id='word_1_420' title='bbox 1267 3572 1295 3603; x_wconf 83' lang='lat'>»</span> <span class='ocrx_word' id='word_1_421' title='bbox 1331 3554 1513 3618; x_wconf 90' lang='lat' dir='ltr'>Quem</span> <span class='ocrx_word' id='word_1_422' title='bbox 1568 3553 1710 3607; x_wconf 93' lang='lat' dir='ltr'>dum</span> <span class='ocrx_word' id='word_1_423' title='bbox 1761 3553 1897 3624; x_wconf 90' lang='lat' dir='ltr'>quis</span> <span class='ocrx_word' id='word_1_424' title='bbox 1995 3550 2861 3623; x_wconf 87' lang='lat' dir='ltr'>jaceat.Cunctisautemeidem</span> <span class='ocrx_word' id='word_1_425' title='bbox 2884 3548 3011 3606; x_wconf 90' lang='lat' dir='ltr'>loco</span> <span class='ocrx_word' id='word_1_426' title='bbox 3023 3549 3661 3621; x_wconf 86' lang='lat' dir='ltr'>justaservantibussit</span> 
     </span>
    </p>
   </div>
   <div class='ocr_carea' id='block_1_70' title="bbox 245 3639 1894 3713">
    <p class='ocr_par' dir='ltr' id='par_1_70' title="bbox 245 3639 1894 3713">
     <span class='ocr_line' id='line_1_70' title="bbox 245 3639 1894 3713; baseline 0.002 -19"><span class='ocrx_word' id='word_1_427' title='bbox 245 3643 401 3695; x_wconf 86' lang='lat' dir='ltr'>esset</span> <span class='ocrx_word' id='word_1_428' title='bbox 428 3639 978 3712; x_wconf 81' lang='lat' dir='ltr'>interrogassemus,</span> <span class='ocrx_word' id='word_1_429' title='bbox 1012 3646 1251 3696; x_wconf 88' lang='lat' dir='ltr'>sanctus</span> <span class='ocrx_word' id='word_1_430' title='bbox 1291 3640 1523 3696; x_wconf 89' lang='lat' dir='ltr'>Domini</span> <span class='ocrx_word' id='word_1_431' title='bbox 1554 3642 1894 3713; x_wconf 89' lang='lat' dir='ltr'>respondit:</span> 
     </span>
    </p>
   </div>
   <div class='ocr_carea' id='block_1_71' title="bbox 247 3727 1894 3800">
    <p class='ocr_par' dir='ltr' id='par_1_71' title="bbox 247 3727 1894 3800">
     <span class='ocr_line' id='line_1_71' title="bbox 247 3727 1894 3800; baseline 0.004 -19"><span class='ocrx_word' id='word_1_432' title='bbox 247 3749 273 3776; x_wconf 86' lang='grc'>‹‹</span> <span class='ocrx_word' id='word_1_433' title='bbox 310 3727 425 3799; x_wconf 81' lang='lat' dir='ltr'>Ego</span> <span class='ocrx_word' id='word_1_434' title='bbox 454 3744 588 3783; x_wconf 89' lang='lat' dir='ltr'>sum</span> <span class='ocrx_word' id='word_1_435' title='bbox 614 3729 789 3783; x_wconf 83' lang='lat' dir='ltr'>frater</span> <span class='ocrx_word' id='word_1_436' title='bbox 810 3728 1178 3794; x_wconf 89' lang='lat' dir='ltr'>Benedictus,</span> <span class='ocrx_word' id='word_1_437' title='bbox 1213 3729 1388 3800; x_wconf 87' lang='lat' dir='ltr'>hujus</span> <span class='ocrx_word' id='word_1_438' title='bbox 1419 3729 1752 3787; x_wconf 90' lang='lat' dir='ltr'>Casinensis</span> <span class='ocrx_word' id='word_1_439' title='bbox 1781 3747 1894 3786; x_wconf 80' lang='lat' dir='ltr'>cce-</span> 
     </span>
    </p>
   </div>
   <div class='ocr_carea' id='block_1_72' title="bbox 248 3816 1897 3889">
    <p class='ocr_par' dir='ltr' id='par_1_72' title="bbox 248 3816 1897 3889">
     <span class='ocr_line' id='line_1_72' title="bbox 248 3816 1897 3889; baseline 0.004 -19"><span class='ocrx_word' id='word_1_440' title='bbox 248 3816 406 3871; x_wconf 90' lang='lat' dir='ltr'>nobii</span> <span class='ocrx_word' id='word_1_441' title='bbox 426 3822 627 3873; x_wconf 88' lang='lat' dir='ltr'>custos</span> <span class='ocrx_word' id='word_1_442' title='bbox 648 3822 703 3872; x_wconf 91' lang='lat' dir='ltr'>et</span> <span class='ocrx_word' id='word_1_443' title='bbox 720 3816 1012 3872; x_wconf 88' lang='lat' dir='ltr'>habitator</span> <span class='ocrx_word' id='word_1_444' title='bbox 1034 3817 1092 3872; x_wconf 90' lang='lat' dir='ltr'>in</span> <span class='ocrx_word' id='word_1_445' title='bbox 1116 3817 1539 3889; x_wconf 89' lang='lat' dir='ltr'>sempiternum</span> <span class='ocrx_word' id='word_1_446' title='bbox 1563 3819 1590 3874; x_wconf 89' lang='lat'><strong>?</strong></span> <span class='ocrx_word' id='word_1_447' title='bbox 1619 3819 1766 3884; x_wconf 88' lang='lat' dir='ltr'>Quia</span> <span class='ocrx_word' id='word_1_448' title='bbox 1799 3836 1897 3875; x_wconf 87' lang='lat' dir='ltr'>au-</span> 
     </span>
    </p>
   </div>
   <div class='ocr_carea' id='block_1_73' title="bbox 245 3905 1897 3980">
    <p class='ocr_par' dir='ltr' id='par_1_73' title="bbox 245 3905 1897 3980">
     <span class='ocr_line' id='line_1_73' title="bbox 245 3905 1897 3980; baseline 0.004 -22"><span class='ocrx_word' id='word_1_449' title='bbox 245 3910 362 3959; x_wconf 85' lang='lat' dir='ltr'>tem</span> <span class='ocrx_word' id='word_1_450' title='bbox 386 3910 449 3960; x_wconf 89' lang='lat' dir='ltr'>tu</span> <span class='ocrx_word' id='word_1_451' title='bbox 482 3922 575 3961; x_wconf 89' lang='lat' dir='ltr'>me</span> <span class='ocrx_word' id='word_1_452' title='bbox 599 3905 695 3961; x_wconf 90' lang='lat' dir='ltr'>hic</span> <span class='ocrx_word' id='word_1_453' title='bbox 716 3905 1000 3961; x_wconf 89' lang='lat' dir='ltr'>dubitasti</span> <span class='ocrx_word' id='word_1_454' title='bbox 1024 3906 1407 3977; x_wconf 89' lang='lat' dir='ltr'>quiescere,id</span> <span class='ocrx_word' id='word_1_455' title='bbox 1431 3920 1503 3961; x_wconf 77' lang='lat' dir='ltr'>ne</span> <span class='ocrx_word' id='word_1_456' title='bbox 1519 3907 1774 3980; x_wconf 89' lang='lat' dir='ltr'>amplius</span> <span class='ocrx_word' id='word_1_457' title='bbox 1792 3909 1897 3963; x_wconf 88' lang='lat' dir='ltr'>du-</span> 
     </span>
    </p>
   </div>
   <div class='ocr_carea' id='block_1_74' title="bbox 241 3993 1891 4068">
    <p class='ocr_par' dir='ltr' id='par_1_74' title="bbox 241 3993 1891 4068">
     <span class='ocr_line' id='line_1_74' title="bbox 241 3993 1891 4068; baseline 0.003 -21"><span class='ocrx_word' id='word_1_458' title='bbox 241 3993 415 4061; x_wconf 88' lang='lat' dir='ltr'>bites,</span> <span class='ocrx_word' id='word_1_459' title='bbox 448 4010 763 4066; x_wconf 87' lang='lat' dir='ltr'>meumque</span> <span class='ocrx_word' id='word_1_460' title='bbox 778 3993 871 4048; x_wconf 90' lang='lat' dir='ltr'>hic</span> <span class='ocrx_word' id='word_1_461' title='bbox 893 3993 1193 4066; x_wconf 89' lang='lat' dir='ltr'>quiescere</span> <span class='ocrx_word' id='word_1_462' title='bbox 1222 3995 1635 4068; x_wconf 90' lang='lat' dir='ltr'>corpusculum</span> <span class='ocrx_word' id='word_1_463' title='bbox 1668 3997 1891 4064; x_wconf 85' lang='lat' dir='ltr'>credas,</span> 
     </span>
    </p>
   </div>
   <div class='ocr_carea' id='block_1_75' title="bbox 243 4081 1895 4156">
    <p class='ocr_par' dir='ltr' id='par_1_75' title="bbox 243 4081 1895 4156">
     <span class='ocr_line' id='line_1_75' title="bbox 243 4081 1895 4156; baseline 0.002 -19"><span class='ocrx_word' id='word_1_464' title='bbox 243 4081 353 4137; x_wconf 91' lang='lat' dir='ltr'>hoc</span> <span class='ocrx_word' id='word_1_465' title='bbox 399 4082 507 4137; x_wconf 87' lang='lat' dir='ltr'>tibi</span> <span class='ocrx_word' id='word_1_466' title='bbox 558 4083 794 4155; x_wconf 88' lang='lat' dir='ltr'>signum</span> <span class='ocrx_word' id='word_1_467' title='bbox 843 4081 972 4138; x_wconf 89' lang='lat' dir='ltr'>erit.</span> <span class='ocrx_word' id='word_1_468' title='bbox 1006 4082 1151 4138; x_wconf 89' lang='lat' dir='ltr'>Cum</span> <span class='ocrx_word' id='word_1_469' title='bbox 1184 4084 1440 4156; x_wconf 89' lang='lat' dir='ltr'>primum</span> <span class='ocrx_word' id='word_1_470' title='bbox 1475 4085 1546 4141; x_wconf 89' lang='lat' dir='ltr'>ad</span> <span class='ocrx_word' id='word_1_471' title='bbox 1596 4084 1895 4141; x_wconf 88' lang='lat' dir='ltr'>nocturale</span> 
     </span>
    </p>
   </div>
   <div class='ocr_carea' id='block_1_76' title="bbox 245 4170 1892 4245">
    <p class='ocr_par' dir='ltr' id='par_1_76' title="bbox 245 4170 1892 4245">
     <span class='ocr_line' id='line_1_76' title="bbox 245 4170 1892 4245; baseline 0.002 -19"><span class='ocrx_word' id='word_1_472' title='bbox 245 4170 505 4226; x_wconf 83' lang='lat' dir='ltr'>officium</span> <span class='ocrx_word' id='word_1_473' title='bbox 536 4171 834 4245; x_wconf 89' lang='lat' dir='ltr'>pulsatum</span> <span class='ocrx_word' id='word_1_474' title='bbox 874 4170 1071 4238; x_wconf 84' lang='lat' dir='ltr'>fuerit,</span> <span class='ocrx_word' id='word_1_475' title='bbox 1132 4172 1379 4229; x_wconf 89' lang='lat' dir='ltr'>ulterius</span> <span class='ocrx_word' id='word_1_476' title='bbox 1409 4172 1607 4229; x_wconf 89' lang='lat' dir='ltr'>dolore</span> <span class='ocrx_word' id='word_1_477' title='bbox 1634 4174 1746 4230; x_wconf 89' lang='lat' dir='ltr'>isto</span> <span class='ocrx_word' id='word_1_478' title='bbox 1779 4191 1892 4230; x_wconf 91' lang='lat' dir='ltr'>non</span> 
     </span>
    </p>
   </div>
   <div class='ocr_carea' id='block_1_77' title="bbox 245 4258 1893 4333">
    <p class='ocr_par' dir='ltr' id='par_1_77' title="bbox 245 4258 1893 4333">
     <span class='ocr_line' id='line_1_77' title="bbox 245 4258 1893 4333; baseline 0.004 -20"><span class='ocrx_word' id='word_1_479' title='bbox 245 4258 539 4315; x_wconf 86' lang='lat' dir='ltr'>laborabis</span> <span class='ocrx_word' id='word_1_480' title='bbox 563 4278 579 4329; x_wconf 88' lang='lat'><strong>;</strong></span> <span class='ocrx_word' id='word_1_481' title='bbox 605 4283 632 4308; x_wconf 85' lang='lat'><strong>»</strong></span> <span class='ocrx_word' id='word_1_482' title='bbox 655 4265 711 4315; x_wconf 90' lang='lat' dir='ltr'>et</span> <span class='ocrx_word' id='word_1_483' title='bbox 739 4259 830 4314; x_wconf 90' lang='lat' dir='ltr'>his</span> <span class='ocrx_word' id='word_1_484' title='bbox 862 4260 1033 4315; x_wconf 89' lang='lat' dir='ltr'>dictis</span> <span class='ocrx_word' id='word_1_485' title='bbox 1064 4261 1371 4333; x_wconf 88' lang='lat' dir='ltr'>disparuit.</span> <span class='ocrx_word' id='word_1_486' title='bbox 1406 4262 1760 4318; x_wconf 88' lang='lat' dir='ltr'>Adveniente</span> <span class='ocrx_word' id='word_1_487' title='bbox 1790 4280 1893 4319; x_wconf 88' lang='lat' dir='ltr'>au-</span> 
     </span>
    </p>
   </div>
   <div class='ocr_carea' id='block_1_78' title="bbox 242 4348 1895 4421">
    <p class='ocr_par' dir='ltr' id='par_1_78' title="bbox 242 4348 1895 4421">
     <span class='ocr_line' id='line_1_78' title="bbox 242 4348 1895 4421; baseline 0.002 -18"><span class='ocrx_word' id='word_1_488' title='bbox 242 4352 360 4403; x_wconf 84' lang='lat' dir='ltr'>tem</span> <span class='ocrx_word' id='word_1_489' title='bbox 383 4348 529 4404; x_wconf 82' lang='lat' dir='ltr'>hora</span> <span class='ocrx_word' id='word_1_490' title='bbox 553 4350 736 4420; x_wconf 84' lang='lat' dir='ltr'>(juxta</span> <span class='ocrx_word' id='word_1_491' title='bbox 761 4349 913 4419; x_wconf 89' lang='lat' dir='ltr'>quod</span> <span class='ocrx_word' id='word_1_492' title='bbox 937 4354 1175 4405; x_wconf 88' lang='lat' dir='ltr'>sanctus</span> <span class='ocrx_word' id='word_1_493' title='bbox 1198 4350 1426 4406; x_wconf 90' lang='lat' dir='ltr'>Domini</span> <span class='ocrx_word' id='word_1_494' title='bbox 1459 4352 1703 4421; x_wconf 83' lang='lat' dir='ltr'>dixerat)</span> <span class='ocrx_word' id='word_1_495' title='bbox 1736 4353 1895 4407; x_wconf 87' lang='lat' dir='ltr'>sani-</span> 
     </span>
    </p>
   </div>
   <div class='ocr_carea' id='block_1_79' title="bbox 242 4435 1893 4511">
    <p class='ocr_par' dir='ltr' id='par_1_79' title="bbox 242 4435 1893 4511">
     <span class='ocr_line' id='line_1_79' title="bbox 242 4435 1893 4511; baseline 0.003 -19"><span class='ocrx_word' id='word_1_496' title='bbox 242 4435 348 4492; x_wconf 86' lang='lat' dir='ltr'>tati</span> <span class='ocrx_word' id='word_1_497' title='bbox 371 4436 628 4510; x_wconf 71' lang='lat' dir='ltr'>pristinae</span> <span class='ocrx_word' id='word_1_498' title='bbox 651 4436 882 4505; x_wconf 91' lang='lat' dir='ltr'>redditi,</span> <span class='ocrx_word' id='word_1_499' title='bbox 918 4455 1053 4494; x_wconf 89' lang='lat' dir='ltr'>cum</span> <span class='ocrx_word' id='word_1_500' title='bbox 1084 4438 1376 4511; x_wconf 89' lang='lat' dir='ltr'>episcopis</span> <span class='ocrx_word' id='word_1_501' title='bbox 1396 4445 1454 4495; x_wconf 90' lang='lat' dir='ltr'>et</span> <span class='ocrx_word' id='word_1_502' title='bbox 1474 4440 1893 4511; x_wconf 87' lang='lat' dir='ltr'>cardinalibus,</span> 
     </span>
    </p>
   </div>
   <div class='ocr_carea' id='block_1_80' title="bbox 242 4524 1894 4600">
    <p class='ocr_par' dir='ltr' id='par_1_80' title="bbox 242 4524 1894 4600">
     <span class='ocr_line' id='line_1_80' title="bbox 242 4524 1894 4600; baseline 0.002 -20"><span class='ocrx_word' id='word_1_503' title='bbox 242 4524 361 4581; x_wconf 89' lang='lat' dir='ltr'>Deo</span> <span class='ocrx_word' id='word_1_504' title='bbox 380 4529 440 4581; x_wconf 89' lang='lat' dir='ltr'>et</span> <span class='ocrx_word' id='word_1_505' title='bbox 455 4524 827 4584; x_wconf 86' lang='lat' dir='ltr'>sanctissimo</span> <span class='ocrx_word' id='word_1_506' title='bbox 857 4527 1174 4583; x_wconf 88' lang='lat' dir='ltr'>confessori</span> <span class='ocrx_word' id='word_1_507' title='bbox 1209 4527 1514 4584; x_wconf 90' lang='lat' dir='ltr'>Benedicto</span> <span class='ocrx_word' id='word_1_508' title='bbox 1544 4532 1738 4599; x_wconf 89' lang='lat' dir='ltr'>grates</span> <span class='ocrx_word' id='word_1_509' title='bbox 1763 4545 1894 4600; x_wconf 85' lang='lat' dir='ltr'>per-</span> 
     </span>
    </p>
   </div>
   <div class='ocr_carea' id='block_1_81' title="bbox 242 4612 1894 4689">
    <p class='ocr_par' dir='ltr' id='par_1_81' title="bbox 242 4612 1894 4689">
     <span class='ocr_line' id='line_1_81' title="bbox 242 4612 1894 4689; baseline 0.004 -23"><span class='ocrx_word' id='word_1_510' title='bbox 242 4612 531 4669; x_wconf 76' lang='lat' dir='ltr'>maximus</span> <span class='ocrx_word' id='word_1_511' title='bbox 580 4615 896 4671; x_wconf 82' lang='lat' dir='ltr'>referentes</span> <span class='ocrx_word' id='word_1_512' title='bbox 947 4615 1077 4686; x_wconf 91' lang='lat' dir='ltr'>ejus</span> <span class='ocrx_word' id='word_1_513' title='bbox 1127 4614 1498 4672; x_wconf 84' lang='lat' dir='ltr'>festivitatem</span> <span class='ocrx_word' id='word_1_514' title='bbox 1542 4615 1721 4689; x_wconf 89' lang='lat' dir='ltr'>digna</span> <span class='ocrx_word' id='word_1_515' title='bbox 1760 4634 1894 4672; x_wconf 89' lang='lat' dir='ltr'>cum</span> 
     </span>
    </p>
   </div>
   <div class='ocr_carea' id='block_1_82' title="bbox 239 4701 1002 4775">
    <p class='ocr_par' dir='ltr' id='par_1_82' title="bbox 239 4701 1002 4775">
     <span class='ocr_line' id='line_1_82' title="bbox 239 4701 1002 4775; baseline 0.004 -20"><span class='ocrx_word' id='word_1_516' title='bbox 239 4701 613 4757; x_wconf 87' lang='lat' dir='ltr'>veneratione</span> <span class='ocrx_word' id='word_1_517' title='bbox 644 4703 1002 4775; x_wconf 87' lang='lat' dir='ltr'>peregimus.</span> 
     </span>
    </p>
   </div>
   <div class='ocr_carea' id='block_1_83' title="bbox 311 4789 1968 4870">
    <p class='ocr_par' dir='ltr' id='par_1_83' title="bbox 311 4789 1968 4870">
     <span class='ocr_line' id='line_1_83' title="bbox 311 4789 1968 4870; baseline 0.002 -26"><span class='ocrx_word' id='word_1_518' title='bbox 311 4789 397 4844; x_wconf 91' lang='lat' dir='ltr'>Ob</span> <span class='ocrx_word' id='word_1_519' title='bbox 418 4805 594 4861; x_wconf 89' lang='lat' dir='ltr'>quam</span> <span class='ocrx_word' id='word_1_520' title='bbox 628 4807 750 4846; x_wconf 89' lang='lat' dir='ltr'>rem</span> <span class='ocrx_word' id='word_1_521' title='bbox 773 4808 1049 4863; x_wconf 87' lang='lat' dir='ltr'>rogamus</span> <span class='ocrx_word' id='word_1_522' title='bbox 1070 4796 1126 4846; x_wconf 89' lang='lat' dir='ltr'>et</span> <span class='ocrx_word' id='word_1_523' title='bbox 1147 4792 1525 4848; x_wconf 89' lang='lat' dir='ltr'>obsecramus</span> <span class='ocrx_word' id='word_1_524' title='bbox 1556 4792 1612 4847; x_wconf 91' lang='lat' dir='ltr'>in</span> <span class='ocrx_word' id='word_1_525' title='bbox 1646 4794 1891 4849; x_wconf 91' lang='lat' dir='ltr'>Domino</span> <span class='ocrx_word' id='word_1_526' title='bbox 1923 4805 1968 4870; x_wconf 79' lang='grc' dir='ltr'>ι’)</span> 
     </span>
    </p>
   </div>
   <div class='ocr_carea' id='block_1_84' title="bbox 237 4877 1888 4954">
    <p class='ocr_par' dir='ltr' id='par_1_84' title="bbox 237 4877 1888 4954">
     <span class='ocr_line' id='line_1_84' title="bbox 237 4877 1888 4954; baseline 0.004 -22"><span class='ocrx_word' id='word_1_527' title='bbox 237 4877 379 4933; x_wconf 86' lang='lat' dir='ltr'>Jesu</span> <span class='ocrx_word' id='word_1_528' title='bbox 391 4878 490 4950; x_wconf 88' lang='lat' dir='ltr'>qui</span> <span class='ocrx_word' id='word_1_529' title='bbox 510 4895 615 4950; x_wconf 89' lang='lat' dir='ltr'>pro</span> <span class='ocrx_word' id='word_1_530' title='bbox 629 4883 828 4934; x_wconf 90' lang='lat' dir='ltr'>nostra</span> <span class='ocrx_word' id='word_1_531' title='bbox 839 4879 1026 4936; x_wconf 89' lang='lat' dir='ltr'>salute</span> <span class='ocrx_word' id='word_1_532' title='bbox 1048 4880 1339 4936; x_wconf 83' lang='lat' dir='ltr'>incarnari</span> <span class='ocrx_word' id='word_1_533' title='bbox 1361 4886 1418 4936; x_wconf 91' lang='lat' dir='ltr'>et</span> <span class='ocrx_word' id='word_1_534' title='bbox 1443 4882 1589 4937; x_wconf 91' lang='lat' dir='ltr'>mori</span> <span class='ocrx_word' id='word_1_535' title='bbox 1614 4883 1888 4954; x_wconf 85' lang='lat' dir='ltr'>dignatus</span> 
     </span>
    </p>
   </div>
   <div class='ocr_carea' id='block_1_85' title="bbox 237 4967 1887 5043">
    <p class='ocr_par' dir='ltr' id='par_1_85' title="bbox 237 4967 1887 5043">
     <span class='ocr_line' id='line_1_85' title="bbox 237 4967 1887 5043; baseline 0.004 -23"><span class='ocrx_word' id='word_1_536' title='bbox 237 4969 350 5030; x_wconf 89' lang='lat' dir='ltr'>est,</span> <span class='ocrx_word' id='word_1_537' title='bbox 379 4969 438 5021; x_wconf 89' lang='lat' dir='ltr'>et</span> <span class='ocrx_word' id='word_1_538' title='bbox 456 4982 527 5021; x_wconf 81' lang='lat' dir='ltr'>ex</span> <span class='ocrx_word' id='word_1_539' title='bbox 544 4967 890 5023; x_wconf 86' lang='lat' dir='ltr'>auctoritate</span> <span class='ocrx_word' id='word_1_540' title='bbox 908 4968 970 5023; x_wconf 95' lang='lat' dir='ltr'>B.</span> <span class='ocrx_word' id='word_1_541' title='bbox 992 4967 1142 5023; x_wconf 89' lang='lat' dir='ltr'>Petri</span> <span class='ocrx_word' id='word_1_542' title='bbox 1159 4969 1556 5040; x_wconf 88' lang='lat' dir='ltr'>apostolorum</span> <span class='ocrx_word' id='word_1_543' title='bbox 1581 4970 1887 5043; x_wconf 88' lang='lat' dir='ltr'>principis,</span> 
     </span>
    </p>
   </div>
   <div class='ocr_carea' id='block_1_86' title="bbox 238 5054 1886 5130">
    <p class='ocr_par' dir='ltr' id='par_1_86' title="bbox 238 5054 1886 5130">
     <span class='ocr_line' id='line_1_86' title="bbox 238 5054 1886 5130; baseline 0.003 -21"><span class='ocrx_word' id='word_1_544' title='bbox 238 5054 413 5125; x_wconf 90' lang='lat' dir='ltr'>cujus</span> <span class='ocrx_word' id='word_1_545' title='bbox 429 5054 553 5111; x_wconf 86' lang='lat' dir='ltr'>vice</span> <span class='ocrx_word' id='word_1_546' title='bbox 573 5055 846 5112; x_wconf 84' lang='lat' dir='ltr'>Romanae</span> <span class='ocrx_word' id='word_1_547' title='bbox 868 5056 1136 5113; x_wconf 63' lang='lat' dir='ltr'>Ecclesia</span> <span class='ocrx_word' id='word_1_548' title='bbox 1162 5058 1563 5130; x_wconf 66' lang='lat' dir='ltr'>praesidemus,</span> <span class='ocrx_word' id='word_1_549' title='bbox 1596 5064 1653 5116; x_wconf 91' lang='lat' dir='ltr'>et</span> <span class='ocrx_word' id='word_1_550' title='bbox 1680 5059 1740 5115; x_wconf 89' lang='lat' dir='ltr'>in</span> <span class='ocrx_word' id='word_1_551' title='bbox 1771 5059 1886 5115; x_wconf 84' lang='lat' dir='ltr'>vir-</span> 
     </span>
    </p>
   </div>
   <div class='ocr_carea' id='block_1_87' title="bbox 237 5136 1888 5219">
    <p class='ocr_par' dir='ltr' id='par_1_87' title="bbox 237 5136 1888 5219">
     <span class='ocr_line' id='line_1_87' title="bbox 237 5136 1888 5219; baseline 0.004 -22"><span class='ocrx_word' id='word_1_552' title='bbox 237 5146 367 5197; x_wconf 89' lang='lat' dir='ltr'>tute</span> <span class='ocrx_word' id='word_1_553' title='bbox 414 5142 669 5215; x_wconf 86' lang='lat' dir='ltr'>Spiritus</span> <span class='ocrx_word' id='word_1_554' title='bbox 710 5136 1197 5217; x_wconf 37' lang='lat' dir='ltr'>sancti‘expresse</span> <span class='ocrx_word' id='word_1_555' title='bbox 1227 5146 1618 5219; x_wconf 71' lang='lat' dir='ltr'>praecipimus,</span> <span class='ocrx_word' id='word_1_556' title='bbox 1651 5163 1723 5203; x_wconf 90' lang='lat' dir='ltr'>ne</span> <span class='ocrx_word' id='word_1_557' title='bbox 1755 5146 1888 5219; x_wconf 88' lang='lat' dir='ltr'>quis</span> 
     </span>
    </p>
   </div>
   <div class='ocr_carea' id='block_1_88' title="bbox 237 5230 1887 5293">
    <p class='ocr_par' dir='ltr' id='par_1_88' title="bbox 237 5230 1887 5293">
     <span class='ocr_line' id='line_1_88' title="bbox 237 5230 1887 5293; baseline 0.004 -8"><span class='ocrx_word' id='word_1_558' title='bbox 237 5230 487 5287; x_wconf 87' lang='lat' dir='ltr'>ulterius</span> <span class='ocrx_word' id='word_1_559' title='bbox 516 5231 726 5290; x_wconf 85' lang='lat' dir='ltr'>falsam</span> <span class='ocrx_word' id='word_1_560' title='bbox 742 5232 928 5290; x_wconf 86' lang='lat' dir='ltr'>Patris</span> <span class='ocrx_word' id='word_1_561' title='bbox 950 5233 1240 5290; x_wconf 90' lang='lat' dir='ltr'>Benedicti</span> <span class='ocrx_word' id='word_1_562' title='bbox 1265 5235 1706 5293; x_wconf 88' lang='lat' dir='ltr'>translationem</span> <span class='ocrx_word' id='word_1_563' title='bbox 1739 5235 1887 5292; x_wconf 88' lang='lat' dir='ltr'>cele-</span> 
     </span>
    </p>
   </div>
   <div class='ocr_carea' id='block_1_89' title="bbox 236 5318 1898 5398">
    <p class='ocr_par' dir='ltr' id='par_1_89' title="bbox 236 5318 1898 5398">
     <span class='ocr_line' id='line_1_89' title="bbox 236 5318 1898 5398; baseline 0.005 -24"><span class='ocrx_word' id='word_1_564' title='bbox 236 5318 410 5376; x_wconf 88' lang='lat' dir='ltr'>brare</span> <span class='ocrx_word' id='word_1_565' title='bbox 434 5322 1311 5392; x_wconf 67' lang='lat' dir='ltr'>praesumat,contradictoribus</span> <span class='ocrx_word' id='word_1_566' title='bbox 1335 5323 1514 5397; x_wconf 86' lang='lat' dir='ltr'>hujus</span> <span class='ocrx_word' id='word_1_567' title='bbox 1532 5326 1717 5383; x_wconf 90' lang='lat' dir='ltr'>nostri</span> <span class='ocrx_word' id='word_1_568' title='bbox 1749 5342 1898 5398; x_wconf 86' lang='lat' dir='ltr'>apo-.</span> 
     </span>
    </p>
   </div>
   <div class='ocr_carea' id='block_1_90' title="bbox 235 5407 1892 5485">
    <p class='ocr_par' dir='ltr' id='par_1_90' title="bbox 235 5407 1892 5485">
     <span class='ocr_line' id='line_1_90' title="bbox 235 5407 1892 5485; baseline 0.004 -21"><span class='ocrx_word' id='word_1_569' title='bbox 235 5407 445 5465; x_wconf 83' lang='lat' dir='ltr'>stoloci</span> <span class='ocrx_word' id='word_1_570' title='bbox 499 5409 757 5465; x_wconf 87' lang='lat' dir='ltr'>instituti</span> <span class='ocrx_word' id='word_1_571' title='bbox 808 5410 1072 5467; x_wconf 90' lang='lat' dir='ltr'>divinum</span> <span class='ocrx_word' id='word_1_572' title='bbox 1103 5412 1397 5482; x_wconf 89' lang='lat' dir='ltr'>judicium</span> <span class='ocrx_word' id='word_1_573' title='bbox 1428 5413 1799 5485; x_wconf 88' lang='lat' dir='ltr'>intentantes,</span> <span class='ocrx_word' id='word_1_574' title='bbox 1832 5418 1892 5471; x_wconf 88' lang='lat' dir='ltr'>et</span> 
     </span>
    </p>
   </div>
   <div class='ocr_carea' id='block_1_91' title="bbox 234 5497 1887 5578">
    <p class='ocr_par' dir='ltr' id='par_1_91' title="bbox 234 5497 1887 5578">
     <span class='ocr_line' id='line_1_91' title="bbox 234 5497 1887 5578; baseline 0.005 -25"><span class='ocrx_word' id='word_1_575' title='bbox 234 5497 633 5555; x_wconf 87' lang='lat' dir='ltr'>anathematis</span> <span class='ocrx_word' id='word_1_576' title='bbox 659 5499 890 5556; x_wconf 89' lang='lat' dir='ltr'>vinculo</span> <span class='ocrx_word' id='word_1_577' title='bbox 919 5501 1365 5558; x_wconf 84' lang='lat' dir='ltr'>innodantes.Et</span> <span class='ocrx_word' id='word_1_578' title='bbox 1395 5504 1534 5576; x_wconf 88' lang='lat' dir='ltr'>quia</span> <span class='ocrx_word' id='word_1_579' title='bbox 1557 5519 1626 5559; x_wconf 83' lang='lat' dir='ltr'>ex</span> <span class='ocrx_word' id='word_1_580' title='bbox 1654 5504 1887 5578; x_wconf 89' lang='lat' dir='ltr'>dispen-</span> 
     </span>
    </p>
   </div>
   <div class='ocr_carea' id='block_1_92' title="bbox 232 5585 1889 5673">
    <p class='ocr_par' dir='ltr' id='par_1_92' title="bbox 232 5585 1889 5673">
     <span class='ocr_line' id='line_1_92' title="bbox 232 5585 1889 5673; baseline 0.004 -21"><span class='ocrx_word' id='word_1_581' title='bbox 232 5585 464 5652; x_wconf 71' lang='lat' dir='ltr'>satione</span> <span class='ocrx_word' id='word_1_582' title='bbox 489 5587 900 5650; x_wconf 67' lang='lat' dir='ltr'>sacratissime</span> <span class='ocrx_word' id='word_1_583' title='bbox 932 5589 1089 5651; x_wconf 82' lang='lat' dir='ltr'>sedis</span> <span class='ocrx_word' id='word_1_584' title='bbox 1128 5589 1280 5652; x_wconf 85' lang='lat' dir='ltr'>beati</span> <span class='ocrx_word' id='word_1_585' title='bbox 1312 5590 1462 5651; x_wconf 85' lang='lat' dir='ltr'>Petri</span> <span class='ocrx_word' id='word_1_586' title='bbox 1491 5591 1889 5673; x_wconf 79' lang='lat' dir='ltr'>apostolorum</span> 
     </span>
    </p>
   </div>
   <div class='ocr_carea' id='block_1_93' title="bbox 2003 3638 3656 3712">
    <p class='ocr_par' dir='ltr' id='par_1_93' title="bbox 2003 3638 3656 3712">
     <span class='ocr_line' id='line_1_93' title="bbox 2003 3638 3656 3712; baseline 0.001 -18"><span class='ocrx_word' id='word_1_587' title='bbox 2003 3656 2114 3712; x_wconf 86' lang='lat' dir='ltr'>pax</span> <span class='ocrx_word' id='word_1_588' title='bbox 2160 3639 2395 3695; x_wconf 89' lang='lat' dir='ltr'>Domini</span> <span class='ocrx_word' id='word_1_589' title='bbox 2443 3639 2582 3696; x_wconf 86' lang='lat' dir='ltr'>Jesu</span> <span class='ocrx_word' id='word_1_590' title='bbox 2626 3639 2864 3710; x_wconf 89' lang='lat' dir='ltr'>Christi,</span> <span class='ocrx_word' id='word_1_591' title='bbox 2898 3644 3187 3711; x_wconf 89' lang='lat' dir='ltr'>quatenus</span> <span class='ocrx_word' id='word_1_592' title='bbox 3208 3644 3266 3695; x_wconf 90' lang='lat' dir='ltr'>et</span> <span class='ocrx_word' id='word_1_593' title='bbox 3294 3638 3356 3694; x_wconf 90' lang='lat' dir='ltr'>in</span> <span class='ocrx_word' id='word_1_594' title='bbox 3388 3640 3656 3695; x_wconf 82' lang='lat' dir='ltr'>futurum</span> 
     </span>
    </p>
   </div>
   <div class='ocr_carea' id='block_1_94' title="bbox 2002 3726 3658 3801">
    <p class='ocr_par' dir='ltr' id='par_1_94' title="bbox 2002 3726 3658 3801">
     <span class='ocr_line' id='line_1_94' title="bbox 2002 3726 3658 3801; baseline 0 -18"><span class='ocrx_word' id='word_1_595' title='bbox 2002 3729 2165 3783; x_wconf 69' lang='lat' dir='ltr'>bona:</span> <span class='ocrx_word' id='word_1_596' title='bbox 2199 3728 2444 3785; x_wconf 88' lang='lat' dir='ltr'>actionis</span> <span class='ocrx_word' id='word_1_597' title='bbox 2475 3729 2803 3784; x_wconf 90' lang='lat' dir='ltr'>mercedem</span> <span class='ocrx_word' id='word_1_598' title='bbox 2829 3728 3175 3801; x_wconf 89' lang='lat' dir='ltr'>percipiant,</span> <span class='ocrx_word' id='word_1_599' title='bbox 3195 3733 3252 3784; x_wconf 86' lang='lat' dir='ltr'>et</span> <span class='ocrx_word' id='word_1_600' title='bbox 3272 3728 3427 3800; x_wconf 88' lang='lat' dir='ltr'>apud</span> <span class='ocrx_word' id='word_1_601' title='bbox 3456 3726 3658 3784; x_wconf 89' lang='lat' dir='ltr'>distri-</span> 
     </span>
    </p>
   </div>
   <div class='ocr_carea' id='block_1_95' title="bbox 2003 3815 3507 3889">
    <p class='ocr_par' dir='ltr' id='par_1_95' title="bbox 2003 3815 3507 3889">
     <span class='ocr_line' id='line_1_95' title="bbox 2003 3815 3507 3889; baseline 0 -17"><span class='ocrx_word' id='word_1_602' title='bbox 2003 3823 2162 3873; x_wconf 92' lang='lat' dir='ltr'>ctum</span> <span class='ocrx_word' id='word_1_603' title='bbox 2186 3818 2451 3889; x_wconf 90' lang='lat' dir='ltr'>judicem</span> <span class='ocrx_word' id='word_1_604' title='bbox 2482 3818 2721 3889; x_wconf 66' lang='lat' dir='ltr'>praemia</span> <span class='ocrx_word' id='word_1_605' title='bbox 2752 3822 2978 3874; x_wconf 65' lang='lat' dir='ltr'>internae</span> <span class='ocrx_word' id='word_1_606' title='bbox 3006 3816 3165 3888; x_wconf 88' lang='lat' dir='ltr'>pacis</span> <span class='ocrx_word' id='word_1_607' title='bbox 3186 3815 3507 3872; x_wconf 89' lang='lat' dir='ltr'>inveniant.</span> 
     </span>
    </p>
   </div>
   <div class='ocr_carea' id='block_1_96' title="bbox 2075 3910 2438 3975">
    <p class='ocr_par' dir='ltr' id='par_1_96' title="bbox 2075 3910 2438 3975">
     <span class='ocr_line' id='line_1_96' title="bbox 2075 3910 2438 3975; baseline -0.003 -14"><span class='ocrx_word' id='word_1_608' title='bbox 2075 3910 2310 3975; x_wconf 88' lang='lat' dir='ltr'>Datum,</span> <span class='ocrx_word' id='word_1_609' title='bbox 2330 3910 2438 3961; x_wconf 91' lang='lat' dir='ltr'>etc.</span> 
     </span>
    </p>
   </div>
   <div class='ocr_carea' id='block_1_97' title="bbox 2714 4010 2915 4066">
    <p class='ocr_par' dir='ltr' id='par_1_97' title="bbox 2714 4010 2915 4066">
     <span class='ocr_line' id='line_1_97' title="bbox 2714 4010 2915 4066; baseline -0.01 0"><span class='ocrx_word' id='word_1_610' title='bbox 2714 4010 2915 4066; x_wconf 83' lang='lat' dir='ltr'>CCCll.</span> 
     </span>
    </p>
   </div>
   <div class='ocr_carea' id='block_1_98' title="bbox 2011 4116 3657 4187">
    <p class='ocr_par' dir='ltr' id='par_1_98' title="bbox 2011 4116 3657 4187">
     <span class='ocr_line' id='line_1_98' title="bbox 2011 4116 3657 4187; baseline -0.003 -11"><span class='ocrx_word' id='word_1_611' title='bbox 2011 4119 2257 4176; x_wconf 77' lang='lat' dir='ltr'>Urbanus</span> <span class='ocrx_word' id='word_1_612' title='bbox 2288 4119 2444 4173; x_wconf 81' lang='lat' dir='ltr'>Petro</span> <span class='ocrx_word' id='word_1_613' title='bbox 2505 4117 2891 4187; x_wconf 77' lang='lat' dir='ltr'>Hispaniarum</span> <span class='ocrx_word' id='word_1_614' title='bbox 2940 4117 3062 4187; x_wconf 83' lang='lat' dir='ltr'>regi</span> <span class='ocrx_word' id='word_1_615' title='bbox 3112 4116 3334 4187; x_wconf 78' lang='lat' dir='ltr'>ejusque</span> <span class='ocrx_word' id='word_1_616' title='bbox 3389 4131 3657 4171; x_wconf 85' lang='lat' dir='ltr'>successo-</span> 
     </span>
    </p>
   </div>
   <div class='ocr_carea' id='block_1_99' title="bbox 2077 4186 3657 4244">
    <p class='ocr_par' dir='ltr' id='par_1_99' title="bbox 2077 4186 3657 4244">
     <span class='ocr_line' id='line_1_99' title="bbox 2077 4186 3657 4244; baseline -0.001 0"><span class='ocrx_word' id='word_1_617' title='bbox 2077 4189 2232 4244; x_wconf 88' lang='lat' dir='ltr'>ribus</span> <span class='ocrx_word' id='word_1_618' title='bbox 2263 4190 2369 4244; x_wconf 82' lang='lat' dir='ltr'>rite</span> <span class='ocrx_word' id='word_1_619' title='bbox 2388 4186 2781 4243; x_wconf 77' lang='lat' dir='ltr'>substituendis</span> <span class='ocrx_word' id='word_1_620' title='bbox 2805 4186 3047 4241; x_wconf 79' lang='lat' dir='ltr'>concedit</span> <span class='ocrx_word' id='word_1_621' title='bbox 3075 4208 3101 4234; x_wconf 87' lang='lat'><strong>«</strong></span> <span class='ocrx_word' id='word_1_622' title='bbox 3129 4194 3189 4240; x_wconf 89' lang='lat' dir='ltr'>ut</span> <span class='ocrx_word' id='word_1_623' title='bbox 3215 4186 3466 4241; x_wconf 79' lang='lat' dir='ltr'>ecclesias</span> <span class='ocrx_word' id='word_1_624' title='bbox 3494 4187 3657 4242; x_wconf 87' lang='lat' dir='ltr'>villa-</span> 
     </span>
    </p>
   </div>
   <div class='ocr_carea' id='block_1_100' title="bbox 2074 4257 3660 4329">
    <p class='ocr_par' dir='ltr' id='par_1_100' title="bbox 2074 4257 3660 4329">
     <span class='ocr_line' id='line_1_100' title="bbox 2074 4257 3660 4329; baseline -0.001 -13"><span class='ocrx_word' id='word_1_625' title='bbox 2074 4269 2340 4327; x_wconf 84' lang='lat' dir='ltr'>rum,tam</span> <span class='ocrx_word' id='word_1_626' title='bbox 2362 4276 2553 4315; x_wconf 86' lang='lat' dir='ltr'>earum</span> <span class='ocrx_word' id='word_1_627' title='bbox 2573 4274 2708 4329; x_wconf 87' lang='lat' dir='ltr'>quas</span> <span class='ocrx_word' id='word_1_628' title='bbox 2730 4260 2787 4311; x_wconf 87' lang='lat' dir='ltr'>in</span> <span class='ocrx_word' id='word_1_629' title='bbox 2829 4257 3228 4312; x_wconf 86' lang='lat' dir='ltr'>Saracenorum</span> <span class='ocrx_word' id='word_1_630' title='bbox 3276 4258 3440 4313; x_wconf 83' lang='lat' dir='ltr'>terris</span> <span class='ocrx_word' id='word_1_631' title='bbox 3469 4273 3660 4328; x_wconf 83' lang='lat' dir='ltr'>capere</span> 
     </span>
    </p>
   </div>
   <div class='ocr_carea' id='block_1_101' title="bbox 2072 4328 3661 4404">
    <p class='ocr_par' dir='ltr' id='par_1_101' title="bbox 2072 4328 3661 4404">
     <span class='ocr_line' id='line_1_101' title="bbox 2072 4328 3661 4404; baseline -0.002 -16"><span class='ocrx_word' id='word_1_632' title='bbox 2072 4333 2329 4404; x_wconf 84' lang='lat' dir='ltr'>potuerit,</span> <span class='ocrx_word' id='word_1_633' title='bbox 2362 4348 2526 4403; x_wconf 90' lang='lat' dir='ltr'>quam</span> <span class='ocrx_word' id='word_1_634' title='bbox 2566 4328 2756 4385; x_wconf 84' lang='lat' dir='ltr'>earum</span> <span class='ocrx_word' id='word_1_635' title='bbox 2783 4345 2920 4404; x_wconf 77' lang='lat' dir='ltr'>quas</span> <span class='ocrx_word' id='word_1_636' title='bbox 2957 4330 3063 4400; x_wconf 85' lang='lat' dir='ltr'>ipsi</span> <span class='ocrx_word' id='word_1_637' title='bbox 3092 4331 3149 4383; x_wconf 88' lang='lat' dir='ltr'>in</span> <span class='ocrx_word' id='word_1_638' title='bbox 3180 4344 3349 4404; x_wconf 76' lang='lat' dir='ltr'>regno</span> <span class='ocrx_word' id='word_1_639' title='bbox 3380 4328 3661 4404; x_wconf 66' lang='lat' dir='ltr'>aediﬁcare</span> 
     </span>
    </p>
   </div>
   <div class='ocr_carea' id='block_1_102' title="bbox 2074 4400 3658 4475">
    <p class='ocr_par' dir='ltr' id='par_1_102' title="bbox 2074 4400 3658 4475">
     <span class='ocr_line' id='line_1_102' title="bbox 2074 4400 3658 4475; baseline -0.003 -16"><span class='ocrx_word' id='word_1_640' title='bbox 2074 4400 2338 4475; x_wconf 61' lang='lat' dir='ltr'>fecerunt,</span> <span class='ocrx_word' id='word_1_641' title='bbox 2371 4400 2496 4474; x_wconf 61' lang='lat' dir='ltr'>&#39;pcr</span> <span class='ocrx_word' id='word_1_642' title='bbox 2543 4418 2662 4475; x_wconf 54' lang='lat' dir='ltr'>quis</span> <span class='ocrx_word' id='word_1_643' title='bbox 2697 4401 2980 4475; x_wconf 69' lang='lat' dir='ltr'>potuerint</span> <span class='ocrx_word' id='word_1_644' title='bbox 3013 4401 3380 4475; x_wconf 73' lang='lat' dir='ltr'>monasteria,</span> <span class='ocrx_word' id='word_1_645' title='bbox 3442 4400 3658 4475; x_wconf 82' lang='lat' dir='ltr'>sedibus</span> 
     </span>
    </p>
   </div>
   <div class='ocr_carea' id='block_1_103' title="bbox 2074 4471 3662 4546">
    <p class='ocr_par' dir='ltr' id='par_1_103' title="bbox 2074 4471 3662 4546">
     <span class='ocr_line' id='line_1_103' title="bbox 2074 4471 3662 4546; baseline 0.001 -19"><span class='ocrx_word' id='word_1_646' title='bbox 2074 4471 2345 4530; x_wconf 67' lang='lat' dir='ltr'>duntaxat</span> <span class='ocrx_word' id='word_1_647' title='bbox 2394 4471 2787 4546; x_wconf 74' lang='lat' dir='ltr'>episcopalibus</span> <span class='ocrx_word' id='word_1_648' title='bbox 2808 4474 3064 4544; x_wconf 68' lang='lat' dir='ltr'>exceptis,</span> <span class='ocrx_word' id='word_1_649' title='bbox 3097 4471 3472 4546; x_wconf 69' lang='lat' dir='ltr'>distribuant,-</span> <span class='ocrx_word' id='word_1_650' title='bbox 3501 4472 3662 4546; x_wconf 74' lang='lat' dir='ltr'>regni</span> 
     </span>
    </p>
   </div>
   <div class='ocr_carea' id='block_1_104' title="bbox 2072 4542 3656 4616">
    <p class='ocr_par' dir='ltr' id='par_1_104' title="bbox 2072 4542 3656 4616">
     <span class='ocr_line' id='line_1_104' title="bbox 2072 4542 3656 4616; baseline -0.001 -17"><span class='ocrx_word' id='word_1_651' title='bbox 2072 4548 2389 4616; x_wconf 85' lang='lat' dir='ltr'>proceribus</span> <span class='ocrx_word' id='word_1_652' title='bbox 2423 4542 2678 4600; x_wconf 74' lang='lat' dir='ltr'>eamdem</span> <span class='ocrx_word' id='word_1_653' title='bbox 2725 4542 3010 4600; x_wconf 81' lang='lat' dir='ltr'>licentiam</span> <span class='ocrx_word' id='word_1_654' title='bbox 3052 4542 3365 4616; x_wconf 79' lang='lat' dir='ltr'>concedens,</span> <span class='ocrx_word' id='word_1_655' title='bbox 3400 4546 3461 4598; x_wconf 86' lang='lat' dir='ltr'>ut</span> <span class='ocrx_word' id='word_1_656' title='bbox 3488 4544 3656 4598; x_wconf 84' lang='lat' dir='ltr'>eccle-</span> 
     </span>
    </p>
   </div>
   <div class='ocr_carea' id='block_1_105' title="bbox 2076 4614 3654 4687">
    <p class='ocr_par' dir='ltr' id='par_1_105' title="bbox 2076 4614 3654 4687">
     <span class='ocr_line' id='line_1_105' title="bbox 2076 4614 3654 4687; baseline 0 -18"><span class='ocrx_word' id='word_1_657' title='bbox 2076 4614 2187 4670; x_wconf 73' lang='lat' dir='ltr'>sias</span> <span class='ocrx_word' id='word_1_658' title='bbox 2211 4632 2345 4687; x_wconf 85' lang='lat' dir='ltr'>quas</span> <span class='ocrx_word' id='word_1_659' title='bbox 2392 4617 2453 4670; x_wconf 85' lang='lat' dir='ltr'>in</span> <span class='ocrx_word' id='word_1_660' title='bbox 2485 4616 2882 4687; x_wconf 79' lang='lat' dir='ltr'>Saracenorum</span> <span class='ocrx_word' id='word_1_661' title='bbox 2926 4616 3090 4687; x_wconf 82' lang='lat' dir='ltr'>terris</span> <span class='ocrx_word' id='word_1_662' title='bbox 3119 4617 3249 4686; x_wconf 85' lang='lat' dir='ltr'>jure</span> <span class='ocrx_word' id='word_1_663' title='bbox 3281 4614 3415 4687; x_wconf 80' lang='lat' dir='ltr'>belli</span> <span class='ocrx_word' id='word_1_664' title='bbox 3466 4616 3654 4685; x_wconf 88' lang='lat' dir='ltr'>acqui-</span> 
     </span>
    </p>
   </div>
   <div class='ocr_carea' id='block_1_106' title="bbox 2074 4685 3656 4757">
    <p class='ocr_par' dir='ltr' id='par_1_106' title="bbox 2074 4685 3656 4757">
     <span class='ocr_line' id='line_1_106' title="bbox 2074 4685 3656 4757; baseline 0.001 -17"><span class='ocrx_word' id='word_1_665' title='bbox 2074 4685 2294 4757; x_wconf 74' lang='lat' dir='ltr'>sierint,</span> <span class='ocrx_word' id='word_1_666' title='bbox 2326 4687 2409 4740; x_wconf 81' lang='lat' dir='ltr'>vel</span> <span class='ocrx_word' id='word_1_667' title='bbox 2440 4689 2503 4757; x_wconf 12' lang='lat' dir='ltr'>in,</span> <span class='ocrx_word' id='word_1_668' title='bbox 2562 4688 2806 4757; x_wconf 80' lang='lat' dir='ltr'>propriis</span> <span class='ocrx_word' id='word_1_669' title='bbox 2837 4685 3250 4741; x_wconf 71' lang='lat' dir='ltr'>Itaereditalibus</span> <span class='ocrx_word' id='word_1_670' title='bbox 3276 4685 3656 4757; x_wconf 75' lang='lat' dir='ltr'>fundaverint,</span> 
     </span>
    </p>
   </div>
   <div class='ocr_carea' id='block_1_107' title="bbox 2073 4756 3659 4829">
    <p class='ocr_par' dir='ltr' id='par_1_107' title="bbox 2073 4756 3659 4829">
     <span class='ocr_line' id='line_1_107' title="bbox 2073 4756 3659 4829; baseline 0.001 -19"><span class='ocrx_word' id='word_1_671' title='bbox 2073 4756 2182 4811; x_wconf 89' lang='lat' dir='ltr'>sibi</span> <span class='ocrx_word' id='word_1_672' title='bbox 2210 4758 2429 4829; x_wconf 74' lang='lat' dir='ltr'>suisque</span> <span class='ocrx_word' id='word_1_673' title='bbox 2486 4756 2992 4829; x_wconf 60' lang='lat' dir='ltr'>barredibuscum</span> <span class='ocrx_word' id='word_1_674' title='bbox 3027 4758 3301 4828; x_wconf 82' lang='lat' dir='ltr'>primitiis</span> <span class='ocrx_word' id='word_1_675' title='bbox 3349 4765 3401 4812; x_wconf 88' lang='lat' dir='ltr'>et</span> <span class='ocrx_word' id='word_1_676' title='bbox 3435 4756 3659 4813; x_wconf 86' lang='lat' dir='ltr'>decimis</span> 
     </span>
    </p>
   </div>
   <div class='ocr_carea' id='block_1_108' title="bbox 2074 4826 3657 4898">
    <p class='ocr_par' dir='ltr' id='par_1_108' title="bbox 2074 4826 3657 4898">
     <span class='ocr_line' id='line_1_108' title="bbox 2074 4826 3657 4898; baseline 0.001 -17"><span class='ocrx_word' id='word_1_677' title='bbox 2074 4826 2423 4898; x_wconf 74' lang='lat' dir='ltr'>prOpriarum</span> <span class='ocrx_word' id='word_1_678' title='bbox 2484 4826 2753 4882; x_wconf 68' lang='lat' dir='ltr'>duntaxat</span> <span class='ocrx_word' id='word_1_679' title='bbox 2809 4826 3195 4884; x_wconf 75' lang='lat' dir='ltr'>hacrediiatum</span> <span class='ocrx_word' id='word_1_680' title='bbox 3250 4829 3541 4896; x_wconf 82' lang='lat' dir='ltr'>retineant,</span> <span class='ocrx_word' id='word_1_681' title='bbox 3572 4829 3657 4883; x_wconf 88' lang='lat' dir='ltr'>vel</span> 
     </span>
    </p>
   </div>
   <div class='ocr_carea' id='block_1_109' title="bbox 2070 4898 3659 5023">
    <p class='ocr_par' dir='ltr' id='par_1_109' title="bbox 2070 4898 3659 5023">
     <span class='ocr_line' id='line_1_109' title="bbox 2070 4898 3659 5023; baseline 0.002 -71"><span class='ocrx_word' id='word_1_682' title='bbox 2070 4898 2442 5023; x_wconf 52' lang='lat' dir='ltr'>quggunntilibet</span> <span class='ocrx_word' id='word_1_683' title='bbox 2488 4899 2825 4969; x_wconf 85' lang='lat' dir='ltr'>capellarum</span> <span class='ocrx_word' id='word_1_684' title='bbox 2850 4899 2933 4953; x_wconf 88' lang='lat' dir='ltr'>vel</span> <span class='ocrx_word' id='word_1_685' title='bbox 2947 4900 3407 4954; x_wconf 83' lang='lat' dir='ltr'>monasteriorum</span> <span class='ocrx_word' id='word_1_686' title='bbox 3427 4898 3659 4955; x_wconf 85' lang='lat' dir='ltr'>dictioni</span> 
     </span>
     <span class='ocr_line' id='line_1_110' title="bbox 2070 4986 2386 5023; baseline 0 0"><span class='ocrx_word' id='word_1_687' title='bbox 2070 4986 2135 5023; x_wconf 85' lang='lat' dir='ltr'>su</span> <span class='ocrx_word' id='word_1_688' title='bbox 2206 4986 2241 5023; x_wconf 90' lang='lat' dir='ltr'>a</span> <span class='ocrx_word' id='word_1_689' title='bbox 2307 5010 2320 5023; x_wconf 98' lang='lat'>.</span> <span class='ocrx_word' id='word_1_690' title='bbox 2356 4989 2386 5018; x_wconf 88' lang='lat'>»</span> 
     </span>
    </p>
   </div>
   <div class='ocr_carea' id='block_1_110' title="bbox 2067 4986 2386 5024">
    <p class='ocr_par' dir='ltr' id='par_1_110' title="bbox 2067 4986 2386 5024">
     <span class='ocr_line' id='line_1_111' title="bbox 2067 4986 2386 5024; baseline -0.003 0"><span class='ocrx_word' id='word_1_691' title='bbox 2067 4986 2320 5024; x_wconf 82' lang='lat' dir='ltr'>suoaant.</span> <span class='ocrx_word' id='word_1_692' title='bbox 2356 4989 2386 5018; x_wconf 76' lang='grc' dir='ltr'>ὶ)</span> 
     </span>
    </p>
   </div>
   <div class='ocr_carea' id='block_1_111' title="bbox 2476 5073 3169 5145">
    <p class='ocr_par' dir='ltr' id='par_1_111' title="bbox 2476 5073 3169 5145">
     <span class='ocr_line' id='line_1_112' title="bbox 2476 5073 3169 5145; baseline -0.003 -16"><span class='ocrx_word' id='word_1_693' title='bbox 2476 5073 2658 5145; x_wconf 90' lang='lat' dir='ltr'>(Intra</span> <span class='ocrx_word' id='word_1_694' title='bbox 2687 5091 2783 5130; x_wconf 91' lang='lat' dir='ltr'>an.</span> <span class='ocrx_word' id='word_1_695' title='bbox 2818 5074 3005 5129; x_wconf 71' lang='lat'>1088-4</span> <span class='ocrx_word' id='word_1_696' title='bbox 3017 5073 3169 5141; x_wconf 89' lang='lat'>099.)</span> 
     </span>
    </p>
   </div>
   <div class='ocr_carea' id='block_1_112' title="bbox 1998 5177 3652 5256">
    <p class='ocr_par' dir='ltr' id='par_1_112' title="bbox 1998 5177 3652 5256">
     <span class='ocr_line' id='line_1_113' title="bbox 1998 5177 3652 5256; baseline -0.001 -18"><span class='ocrx_word' id='word_1_697' title='bbox 1998 5180 2319 5256; x_wconf 77' lang='lat' dir='ltr'>[Aanueco,</span> <span class='ocrx_word' id='word_1_698' title='bbox 2355 5180 2590 5256; x_wconf 81' lang='lat' dir='ltr'>Catedra</span> <span class='ocrx_word' id='word_1_699' title='bbox 2603 5180 2893 5256; x_wconf 75' lang='lat' dir='ltr'>episcopal.</span> <span class='ocrx_word' id='word_1_700' title='bbox 2917 5179 2992 5256; x_wconf 75' lang='lat' dir='ltr'>de</span> <span class='ocrx_word' id='word_1_701' title='bbox 3003 5178 3312 5256; x_wconf 48' lang='lat' dir='ltr'>garagm.</span> <span class='ocrx_word' id='word_1_702' title='bbox 3343 5177 3652 5256; x_wconf 84' lang='lat' dir='ltr'>Zaragoza,</span> 
     </span>
    </p>
   </div>
   <div class='ocr_carea' id='block_1_113' title="bbox 2531 5250 3117 5329">
    <p class='ocr_par' dir='ltr' id='par_1_113' title="bbox 2531 5250 3117 5329">
     <span class='ocr_line' id='line_1_114' title="bbox 2531 5250 3117 5329; baseline -0.002 -20"><span class='ocrx_word' id='word_1_703' title='bbox 2531 5250 2690 5323; x_wconf 78' lang='lat'>1653,</span> <span class='ocrx_word' id='word_1_704' title='bbox 2715 5250 2932 5321; x_wconf 62' lang='lat' dir='ltr'>in&#39;fol.,</span> <span class='ocrx_word' id='word_1_705' title='bbox 2964 5251 3087 5309; x_wconf 84' lang='lat'>659.</span> <span class='ocrx_word' id='word_1_706' title='bbox 3099 5251 3117 5329; x_wconf 81' lang='lat' dir='ltr'>J</span> 
     </span>
    </p>
   </div>
  </div>
