4000 6168
386 295 518 373 3'51

1043 449 1239 505 eccm
1280 450 1410 519 (se).

406 536 656 593 Urbanus
709 538 853 592 clero
907 545 959 592 et
1009 538 1205 608 populo
1264 538 1632 591 Lenwvicensi
1687 538 1941 608 traici)»;
1995 540 2049 591 ut

475 608 773 663 Humbaldo
803 609 1043 678 episcopo
1067 607 1131 680 de
1160 607 1404 680 Simonic
1430 607 1693 680 purgato,
1718 626 1752 663 α
1800 607 1960 678 seque
1992 610 2050 664 in

475 681 749 752 integrum
778 680 1043 744 restituto,
1072 678 1345 733 obediant.

1019 785 1204 853 (Anno
1248 784 1430 855 1094.)

788 876 1045 943 [ΒΑιυΖ.,
1077 873 1339 941 Miscell.,
1386 873 1456 943 II,
1503 873 1654 945 482.]

471 978 746 1035 Haemus
767 978 1095 1050 episcopus,
1113 994 1316 1034 servus
1339 995 1639 1036 servorum
1664 979 1786 1047 Dei,
1807 979 1959 1036 clero
1990 983 2048 1036 et

398 1065 611 1139 populo
643 1066 914 1123 universo
946 1066 1448 1124 Lemovicensium
1472 1068 1725 1125 salutem
1755 1073 2047 1142 etaposto-

394 1153 566 1209 licam
599 1154 1080 1212 benedictionem.

469 1241 777 1299 Universos
788 1260 891 1300 vos
906 1244 1056 1300 scire
1070 1245 1365 1301 credimus
1378 1247 1878 1318 quemadmodum
1891 1264 2044 1303 anno

394 1331 682 1402 praeterito
708 1335 897 1387 vester
917 1333 1388 1405 episeopus,cum
1409 1351 1472 1391 se
1486 1339 1684 1391 nostro
1706 1336 2043 1408 conspectui

393 1421 802 1490 pmsentasset
832 1435 1009 1491 super
1039 1420 1395 1491 quibusdam
1427 1421 1698 1493 capitulis
1735 1426 2044 1478 accusatus

392 1523 519 1579 quae
549 1509 873 1564 secundum
907 1514 1242 1565 sanctorum
1284 1527 1576 1567 canonum
1622 1511 1885 1583 regulam
1920 1517 2041 1567 tam

391 1594 731 1652 electionem
754 1599 882 1668 ejus
896 1615 1073 1670 quam
1092 1599 1586 1655 consecrationem
1602 1601 2041 1673 ejus,priesente

390 1685 566 1742 etiam
594 1686 939 1742 Bituricensi
966 1687 1534 1760 archiepiscopo,qui
1567 1705 1699 1744 eum
1737 1706 2038 1745 consecra-

388 1779 572 1844 verat,
602 1775 1003 1845 inﬁrmabant,
1034 1793 1211 1848 super
1258 1777 1474 1848 quibus
1506 1779 1782 1834 omnibus
1812 1795 1946 1835 cum
1977 1795 2039 1835 se

388 1863 664 1919 canonice
692 1880 1015 1937 expurgare
1065 1865 1407 1936 nequiverit,
1439 1865 1768 1938 imparatus
1824 1866 2041 1940 quippe

389 1952 518 2009 sine
544 1952 949 2009 defensoribus
978 1958 1229 2018 venerat,
1263 1953 1377 2019 ille,
1406 1954 1768 2027 episcopatu,
1802 1957 1911 2011 sub
1939 1973 2042 2028 spe

390 2041 526 2097 licet
554 2040 991 2109 misericordiae,
1038 2043 1326 2113 abdicato,
1372 2042 1796 2116 Jerosolymam
1853 2045 2038 2116 petiit,

390 2129 624 2186 rediens
642 2130 839 2185 miseri
848 2129 1106 2186 cordiam
1122 2130 1586 2203 imploravit,nos
1606 2131 1810 2188 multis
1826 2132 2041 2189 multo-

389 2220 521 2274 rum
544 2217 798 2275 filiorum
831 2226 1164 2275 nostrorum
1197 2221 1470 2292 precibus
1494 2220 1759 2277 inclinati
1774 2222 2039 2285 eamdem

389 2320 626 2363 causam
660 2308 1127 2364 reverentissimo
1158 2309 1433 2365 confratri
1465 2314 1666 2366 nostro
1699 2310 1766 2365 H.
1808 2311 2039 2384 Lugdu-

389 2394 556 2451 nensi
570 2395 1004 2468 archiepiscopo
1026 2398 1405 2470 permisimus
1417 2398 1573 2455 intra
1587 2398 1943 2471 provinciam
1957 2400 2041 2454 di-

390 2482 680 2556 ligentiori
703 2485 968 2541 examine
997 2487 1390 2557 quaerendam,
1411 2489 1513 2543 ubi
1544 2492 1599 2542 et
1629 2492 2036 2543 accusatorum

391 2587 652 2644 personae
668 2578 819 2629 notae
840 2577 1064 2641 sunt,et
1083 2575 1395 2647 episcopus
1416 2576 1486 2631 de
1512 2575 1745 2632 testium
1770 2576 2038 2632 absentia

391 2656 666 2733 conqueri
698 2660 858 2716 nullo
891 2661 1063 2717 modo
1093 2662 1326 2718 valeret.
1361 2662 1547 2720 Causa
1578 2663 1757 2736 igitur
1785 2663 2035 2736 diligen-

387 2750 508 2805 tius
537 2749 847 2822 requisita,
879 2767 1009 2805 cum
1044 2750 1443 2806 Simoniacum
1502 2769 1638 2807 eum
1665 2756 2036 2808 accusatores

390 2839 638 2912 probare
673 2839 1064 2910 nequiverint,
1099 2839 1511 2895 misericordiae
1542 2844 1600 2896 et
1629 2841 2032 2897 ecclesiastica:

390 2928 549 3000 pacis
579 2927 792 2982 intuitu
828 2926 1073 2983 facultas
1105 2928 1156 2983 ei
1187 2944 1465 2985 concessa
1494 2933 1584 2985 est
1635 2934 1700 2985 ut
1729 2947 1791 2986 se
1821 2931 1892 2986 ab
1924 2930 2033 2986 hoc

390 3033 510 3072 una
538 3004 672 3071 cum
703 3016 930 3072 idoneis
952 3016 1199 3072 testibus
1221 3018 2030 3091 expurgarethiturczeteris,

388 3104 523 3161 licet
550 3104 973 3177 depositionem
997 3104 1180 3160 solam
1209 3107 1832 3179 asserant,apostolicae
1866 3125 2031 3163 man-

1702 311 1771 374 B.
1818 308 2116 378 URBANI
2159 313 2213 375 II
2257 313 2512 377 ΡΛΡᾸΞ.

2081 450 2127 514 Α
2166 450 2473 520 prmsentia
2503 446 3147 520 convocari,Stirpensis
3178 447 3235 502 F.
3271 447 3393 503 etJ.
3427 445 3810 504 Floriacensis

3685 315 3810 379 552

2161 538 2401 593 abbates
2450 538 2684 610 pariter,
2727 535 2830 591 viri
2890 537 3169 591 nimirum
3230 534 3511 608 religiosae
3566 535 3692 591 vita:
3753 541 3811 592 et

2160 628 2329 682 fama;
2350 626 2611 699 integrae,
2646 642 2781 681 cum
2800 625 2932 681 aliis
2963 625 3152 680 tribus
3184 623 3408 681 clericis
3439 624 3583 692 suis,
3615 641 3813 681 sacra-

2158 715 2375 771 mentis
2397 716 2950 772 asseruerunt.Eum
2979 713 3176 786 itaque
3198 714 3270 768 ad
3301 730 3403 769 vos
3435 730 3569 769 cum
3600 718 3813 770 nostrae

2157 803 2355 876 gratim
2371 807 2430 859 et
2440 801 2789 877 episcopalis
2810 801 2982 858 cilicii
3001 800 3361 874 plenitudine
3373 802 3812 872 remandantes,

2156 896 2218 946 ut
2241 891 2355 964 ipsi
2384 901 2667 964 tanquam
2684 890 2900 964 pastori
2924 890 3158 964 proprio
3188 889 3476 947 obediatis
3508 890 3812 963 praesenti-

2156 980 2269 1035 bus
2300 980 2568 1053 apicibus
2617 981 3024 1035 admonemus.
3059 977 3407 1035 Obedientes
3435 994 3538 1034 vos
3569 974 3799 1034 miseri-

2154 1068 2353 1125 cordia
2377 1069 2575 1125 divina
2598 1067 2910 1125 custoniat.

2861 1172 3086 1229 CCCIV.

2156 1263 2310 1319 (Σιθνο
2333 1268 2384 1319 et
2411 1264 2609 1335 populo
2646 1263 3014 1318 Lemovicensi
3068 1260 3436 1335 Humbaldum
3491 1262 3804 1334 episcopum

2675 1335 2880 1388 iterum
2917 1331 3271 1387 commendat.

2759 1422 2945 1493 (Anno
2979 1421 3229 1493 eodem.)

2578 1511 2804 1580 [Bawz,
2837 1510 3090 1577 Miscell.,
3118 1511 3189 1576 II,
3222 1511 3369 1581 182.]

2223 1600 2489 1655 Haemus
2519 1600 2850 1672 episcopus,
2886 1615 3088 1654 servus
3130 1615 3429 1654 servorum
3476 1598 3592 1665 Dei,
3643 1597 3801 1654 clero

2151 1691 2205 1744 et
2219 1688 2432 1761 populo
2447 1689 2717 1743 universo
2734 1686 3123 1743 Lemovicensi
3134 1704 3231 1743 um
3245 1687 3492 1743 salutem
3507 1690 3561 1743 et
3573 1691 3806 1760 aposto-

2147 1776 2321 1833 licam
2352 1776 2844 1833 benedictionem.

2221 1867 2474 1921 Veniens
2507 1867 2578 1922 ad
2611 1882 2717 1921 nos
2749 1865 3041 1920 confrater
3072 1868 3268 1920 noster
3298 1862 3666 1923 Humbaldus
3702 1880 3799 1919 ve-

2151 1961 2281 2011 stra:
2312 1954 2564 2010 civitatis
2592 1954 2903 2026 episcopus
2954 1954 3172 2009 multas
3235 1952 3408 2009 matri
3462 1950 3734 2008 Ecclesiae
3762 1969 3798 2009 a

2150 2043 2286 2099 ﬁliis
2311 2043 2696 2115 suiaquestus
2710 2046 2799 2097 est
2820 2041 3067 2112 injurias
3088 2041 3350 2113 irrogari.
3371 2040 3615 2104 Quidam
3640 2041 3797 2097 enim

2151 2130 2408 2187 militum
2439 2135 2496 2187 et
2523 2130 2916 2187 Ecclesiarum
2949 2129 3118 2185 bonis
3148 2128 3427 2185 violenter
3474 2128 3802 2185 abutuntur

2148 2224 2205 2277 et
2234 2220 2486 2276 honores
2542 2222 2827 2290 tanquam
2886 2217 3315 2291 possessionem
3368 2216 3799 2274 hereditariam

2148 2309 2470 2382 exigunt,et
2489 2324 2605 2363 non
2628 2307 3014 2363 consentienti
3042 2307 3313 2380 episcopo
3338 2310 3621 2378 tanquam
3640 2304 3797 2363 hosti

2148 2397 2447 2453 molestias
2480 2397 2770 2469 ingerunt.
2810 2396 2970 2451 Unde
3011 2412 3116 2450 nos
3148 2394 3519 2452 dilectionem
3544 2399 3800 2451 vestram

2147 2503 2281 2541 cum
2303 2486 2512 2542 litteris
2554 2486 2941 2558 praesentibus
2984 2484 3362 2540 exhortamur
3389 2488 3565 2556 atque
3596 2484 3800 2556 praeci-

2147 2576 2345 2648 pimus
2377 2579 2442 2629 ut
2471 2591 2505 2630 a
2561 2575 3016 2646 praesumptione
3056 2573 3166 2629 hac
3196 2573 3489 2629 abstinere
3518 2572 3795 2646 deinceps

2144 2664 2382 2719 omnino
2405 2663 2703 2735 satagatis.
2728 2662 2891 2728 Quod
2924 2661 2973 2718 si
3005 2664 3135 2733 post
3155 2660 3275 2717 haec
3302 2660 3797 2735 contempseritis,

2144 2768 2557 2825 quamcunque
2603 2751 2951 2807 sententiam
2982 2749 3042 2806 in
3090 2766 3193 2805 vos
3247 2750 3558 2822 episcopus
3602 2754 3801 2806 vester

2142 2841 2422 2897 canonica
2470 2840 2811 2896 auctoritate
2877 2838 3201 2903 dictaverit,
3278 2854 3553 2895 assensus
3607 2830 3796 2894 nostri

2143 2929 2484 2985 auctoritate
2515 2928 2953 2984 confirmamus.
2986 2928 3103 2982 Nos
3134 2926 3289 2981 enim
3321 2926 3621 2983 universas
3647 2926 3791 2982 dioe-

2141 3018 2292 3073 cesis
2314 3016 2588 3073 ecclesias
2604 3017 2876 3089 episcopo
2898 3015 3194 3086 subjectae
3224 3031 3352 3071 esse
3371 3019 3427 3070 et
3447 3011 3792 3070 canonicam

2138 3107 2414 3162 volumus
2435 3105 2814 3161 reverentiam
2835 3104 3126 3176 exhibere,
3160 3103 3356 3171 salvis,
3398 3103 3447 3159 si
3480 3119 3596 3174 qua
3624 3107 3790 3170 sunt,

387 3193 717 3249 suetudinis
739 3193 949 3264 pietate
972 3199 1207 3265 propter
1227 3210 1425 3266 pacem
1458 3199 1513 3250 et
1542 3195 2030 3267 tranquillitatem
2062 3180 2104 3248 C
2144 3196 2418 3251 Romanae
2454 3192 2718 3249 Ecclesiae
2752 3192 3092 3265 privilegiis.
3154 3191 3450 3248 Universis
3497 3207 3637 3248 sane
3668 3195 3793 3247 tam

387 3287 589 3338 vestris
622 3280 887 3337 Ecclesiae
919 3280 1181 3350 indultis,
1235 3282 1566 3339 Simoniaco
1599 3284 1813 3339 scelere
1837 3285 2032 3357 jusju-

388 3371 639 3426 randum
673 3370 942 3442 prmstitit
974 3371 1128 3442 quod
1162 3388 1264 3444 pro
1296 3371 1669 3443 adipiscendo
1698 3373 2034 3446 episcopatu

386 3459 694 3531 pecuniam
727 3474 833 3514 nec
865 3457 989 3529 ipse
1019 3459 1244 3515 dederit
1290 3465 1394 3515 aut
1424 3461 1762 3532 promiserit
1801 3466 1901 3517 aut
1934 3478 2036 3533 pro

386 3547 514 3618 ipso
544 3545 695 3602 alius
727 3562 788 3601 se
815 3546 1054 3602 sciente.
1088 3548 1249 3613 Quod
1273 3548 1539 3605 videlicet
1578 3555 2032 3617 sacramentum,

389 3634 527 3706 quia
558 3651 660 3707 per
686 3637 880 3689 tantas
928 3635 1107 3707 hujus
1128 3636 1405 3709 temporis
1435 3637 1739 3711 angustias
1768 3654 2037 3711 compro-

388 3721 663 3780 vinciales
696 3723 950 3796 episcopi
980 3740 1175 3781 coram
1209 3730 1407 3782 nostra
1438 3727 1782 3799 neutiquam
1800 3732 2039 3799 possent

2145 3282 2372 3339 clericis
2402 3298 2580 3354 quam
2612 3280 2778 3337 laicis
2807 3297 2939 3336 eum
2991 3281 3465 3337 commendatum
3495 3281 3792 3346 volumus,

2145 3376 2427 3443 tanquam
2457 3371 2530 3426 ad
2584 3387 2687 3424 vos
2745 3386 2883 3425 cum
2941 3368 3323 3441 benignitatis
3364 3372 3575 3425 nostrae
3606 3367 3799 3440 gratia

2147 3463 2546 3517 revertentem.
2581 3458 2932 3515 Obedientes
2961 3475 3063 3514 vos
3096 3456 3334 3513 monitis
3365 3456 3582 3514 nostris
3611 3456 3795 3512 mise-

2146 3549 2395 3605 ricordia
2424 3549 2621 3604 divina
2648 3547 2955 3604 custodiat.

2218 3639 2362 3694 Data
2387 3638 2537 3693 Pisis
2567 3654 2623 3694 v1
2655 3636 2791 3692 ldus
2820 3635 3106 3691 Octobris.

460 3852 572 3925 (56)
591 3851 923 3925 Supposita,
950 3855 1014 3907 ut
1036 3854 1093 3906 et
1117 3846 1390 3923 sequens,
1423 3851 1496 3907 ab
1522 3851 1849 3908 Humbaldo
1883 3851 2300 3910 Lemovicensi.

896 4158 1481 4244 EPISTOLZE
1538 4156 2313 4246 DIVEBSORUM
2370 4159 2510 4242 AD
2569 4154 3142 4244 UBBANUM
3198 4154 3276 4238 ΙΙ

1880 4342 2304 4354 “‘-

387 4525 644 4602 Epistolc
677 4525 986 4602 [immundi
1013 4438 1328 4602 ⁸ῃνζὶηέἰλῖζίιςΔ
1366 4526 1688 4602 Antiochum,
1721 4532 2034 4602 Raymundz

458 4596 1125 4673 comitisSancti/Egidii,
1160 4596 1437 4673 Godefridi
1455 4599 1608 4673 ducis
1636 4596 2033 4673 Lotharingize,

463 4668 679 4723 Roberti
705 4669 916 4723 comitis
943 4668 1371 4734 Norlhmanniae,
1407 4672 1625 4726 Roberti
1651 4674 1863 4728 comitis
1876 4668 2037 4729 Fian-

457 4738 689 4803 drensis,
723 4747 773 4794 et
802 4739 1082 4795 Eustachii
1110 4742 1322 4796 comitis
1354 4742 1612 4808 Boloniaz,
1646 4742 1714 4798 ad
1761 4744 2038 4800 Urbanum

456 4812 505 4867 II
522 4827 727 4882 papam
760 4812 956 4882 (57-9).

599 4899 825 4971 (BALUZ.
862 4898 1101 4954 Misccll.
1149 4899 1278 4954 edit.
1318 4901 1441 4955 Luc.
1488 4902 1586 4967 III,
1622 4920 1677 4975 p.
1705 4903 1821 4973 60.)

458 4988 703 5043 Domino
733 4992 789 5043 et
820 4987 1132 5043 venerabili
1160 5005 1319 5061 papae
1343 4990 1578 5045 URBANO
1602 4990 1959 5047 Bonwxnus
1981 4997 2037 5047 et

388 5075 756 5132 RAYMUNDUS
786 5092 980 5132 comes
1008 5077 1203 5132 Sancti
1248 5077 1479 5150 Egidii,
1529 5095 1595 5133 ac
1653 5079 2035 5135 GODEFREDUS

388 5162 526 5231 dux,
553 5164 857 5222 Rosen'rus
880 5181 993 5237 que
1014 5182 1209 5221 comes
1230 5165 1683 5235 Northmanniae,
1718 5173 1892 5241 atque
1921 5169 2034 5224 Ro-

390 5267 608 5307 BERTUS
632 5269 829 5310 comes
852 5253 1298 5310 Flandrensium
1320 5258 1377 5309 et
1398 5270 1594 5312 comes
1637 5254 1906 5325 Boloniee,
1941 5273 2033 5312 sa-

388 5335 572 5393 lutem
603 5343 659 5394 et
688 5340 883 5397 ﬁdelia
933 5341 1192 5408 servitia,
1227 5346 1285 5396 et
1316 5346 1380 5396 ut
1397 5342 1500 5396 ﬁlii
1533 5360 1639 5399 suo
1670 5343 1824 5401 Patri
1856 5344 2035 5417 spiri-

390 5423 533 5480 tuali
563 5442 758 5482 veram
792 5429 849 5483 in
881 5430 1110 5487 Christo
1142 5429 1587 5501 subjectionem.

2066 4446 2112 4510 Ι)
2212 4441 2499 4498 Volumus
2511 4456 2715 4496 omnes
2746 4444 2803 4495 et
2823 4437 3226 4494 desideramus
3257 4439 3461 4492 notum
3481 4429 3645 4487 vobis
3665 4428 3796 4486 fieri

2146 4548 2323 4605 quam
2356 4546 2571 4602 magna
2600 4529 2697 4585 Dei
2731 4528 3130 4584 misericordia
3161 4538 3454 4598 quamque
3484 4517 3799 4605 evidentis-

2146 4620 2296 4675 simo
2318 4619 2505 4691 ipsius
2529 4617 2627 4673 Dei
2646 4615 3004 4672 adminiculo
3027 4631 3060 4669 a
3090 4612 3258 4669 nobis
3288 4616 3457 4683 capta
3478 4612 3566 4665 est
3592 4604 3797 4662 Antio-

2146 4707 2298 4773 chia,
2331 4712 2389 4762 et
2405 4705 2600 4773 Turci,
2625 4704 2722 4775 qui
2742 4703 2928 4758 multa
2940 4703 3182 4758 Domino
3200 4704 3400 4757 nostro
3412 4698 3550 4754 Jesu
3564 4694 3797 4752 Christo

2146 4795 2465 4851 intulerant
2481 4792 2815 4865 opprobria,
2845 4790 2997 4863 capti
3026 4788 3382 4845 etintertecti
3406 4789 3563 4853 sunt,
3595 4787 3654 4839 et
3688 4799 3795 4839 nos

2145 4880 2651 4954 Hierosolymitani
2692 4879 2830 4934 Jesu
2866 4878 3081 4935 Christi
3113 4877 3384 4949 injurias,
3417 4871 3635 4930 summi
3669 4871 3792 4937 Dei,

2144 4969 2590 5039 vindicavimus,
2622 4972 2679 5023 et
2731 4984 2860 5035 nos,
2894 4968 2993 5040 qui
3024 4967 3244 5022 Turcos
3274 4964 3439 5038 prius
3469 4958 3794 5021 obsidendo

2143 5060 2563 5125 deviceramus,
2597 5055 2847 5128 qualiter
2868 5061 3069 5129 postea
3096 5073 3132 5112 a
3160 5054 3367 5112 Turcis
3398 5051 3470 5108 de
3497 5049 3793 5105 Chorasan

2143 5153 2200 5204 et
2230 5145 2590 5203 Hierusalem
2649 5149 2705 5201 et
2760 5145 3043 5202 Damasco
3095 5143 3414 5216 multisque
3443 5138 3575 5196 aliis
3618 5135 3795 5192 terris

2141 5236 2507 5295 venientibus
2561 5235 2784 5290 obsessi
2839 5234 3080 5304 fuimus,
3139 5238 3196 5289 et
3226 5231 3519 5304 quomodo
3551 5226 3792 5283 tandem

2114 5322 2544 5382 'misericordia
2571 5323 2711 5379 Jesu
2742 5323 2957 5380 Christi
2990 5322 3215 5380 liberati
3247 5335 3476 5379 sumus.

2213 5433 2357 5489 Cum
2388 5429 2572 5505 igitur
2599 5434 2767 5504 capta
2786 5420 3165 5503 Niceea,illam
3193 5426 3511 5485 maximam
3527 5418 3796 5479 multitu-

461 5566 633 5649 (57-9)
662 5568 832 5629 Extat
869 5573 1024 5647 apud
1068 5572 1435 5635 Fulcherium
1472 5574 1907 5652 Carnotensem,
1939 5593 2067 5655 cap.
2097 5575 2186 5640 45.
