4000 6168
179 336 315 402 ’553

1373 337 1777 401 EPISTOL/E
1819 335 1920 398 ET
1962 335 2404 402 PRIVILEGIA
2420 382 2436 400 .

3484 339 3607 403 854

194 469 393 524 dinem
423 467 768 538 Turcorum,
797 469 948 525 sicut
979 469 1250 537 audistis,
1280 470 1336 525 in
1371 471 1644 527 Kalendis
1678 471 1838 526 Junii
1875 473 1925 539 Α
1957 473 2210 526 exercitu
2246 477 2442 527 nostro
2473 470 2699 538 bellico,
2730 473 2802 527 ad
2835 475 3033 544 portas
3063 471 3369 543 exivimus;
3394 489 3458 529 ac
3480 477 3602 534 tam

194 557 364 613 nobis
397 556 625 614 obviam
671 556 732 612 in
775 557 923 614 valle
971 558 1256 616 Doretillae
1307 560 1746 625 devicissemns,
1791 565 1848 615 et

189 645 358 703 illum
378 660 658 718 magnum
685 645 1120 704 Sullimannum
1145 646 1845 720 fugavissemus,suisque

189 734 530 792 hominibus
561 739 618 790 et
646 739 801 793 terra
822 753 887 792 ac
910 738 1086 794 rebus
1111 735 1624 810 exspoliassemus;
1654 736 1848 809 acqui-

189 823 306 879 sita
352 826 410 883 et
455 823 761 895 paciﬁcata
806 829 928 881 tota
973 825 1279 893 Romanis,
1340 825 1411 881 ad
1460 825 1843 882 obsidendam

183 911 560 970 Antiochiam
587 913 876 969 venimus.
902 916 1026 982 Qua
1046 915 1308 985 obsessa,
1333 913 1518 970 multa
1543 913 1697 970 mala
1718 930 1845 986 per-

187 1001 346 1073 pessi
370 1017 600 1070 sumus,
620 1005 746 1057 tum
768 1003 838 1058 de
858 1002 1029 1058 bellis
1052 1019 1420 1059 summorum
1443 1005 1766 1060 Turcorum
1787 1006 1844 1058 et

187 1105 553 1162 paganorum
586 1091 756 1147 nobis
785 1095 905 1146 tam
941 1093 1274 1165 frequenter
1294 1092 1600 1164 etcopiose
1625 1091 1846 1146 irruen-

187 1177 340 1234 tium
368 1181 432 1234 ut
460 1178 650 1234 verius
681 1179 1010 1235 diceremur
1026 1180 1249 1236 obsessi
1275 1197 1451 1252 quam
1477 1197 1625 1252 quos
1646 1180 1704 1235 in
1731 1186 1845 1236 An-

185 1267 460 1323 tiochena
491 1266 722 1323 civitate
769 1267 1206 1325 obsederamus.
1259 1269 1518 1324 Tandem
1563 1269 1844 1325 omnibus

189 1354 362 1411 bellis
395 1356 706 1429 superatis,
741 1373 1060 1428 eorumque
1109 1361 1314 1412 eventu
1358 1355 1692 1412 Christiana
1731 1357 1844 1412 fide

190 1444 462 1513 exaltata,
510 1460 614 1519 ego
661 1445 1042 1502 Boamundus
1091 1444 1467 1501 conventione
1510 1444 1662 1500 facta
1707 1461 1842 1500 cum

189 1535 448 1605 quodam
479 1537 664 1588 Turco
696 1534 796 1607 qui
827 1533 974 1589 mihi
1016 1534 1204 1606 ipsam
1238 1533 1481 1589 tradidit
1527 1532 1840 1602 civitatem,

187 1621 380 1677 scalas
397 1638 601 1693 parum
624 1627 756 1677 ante
774 1622 926 1681 diem
950 1640 1082 1678 cum
1107 1620 1308 1678 multis
1329 1621 1558 1678 Christo
1584 1622 1842 1678 militan-

184 1709 352 1765 tibus
382 1727 550 1766 muro
578 1709 856 1782 applicui,
890 1716 946 1765 et
976 1711 1057 1765 ita
1087 1711 1380 1766 civitatem
1415 1715 1585 1767 antea
1613 1711 1842 1767 Christo

189 1798 556 1854 resistentem
591 1815 651 1853 III
679 1799 873 1854 Nonas
922 1799 1082 1855 Junii
1136 1798 1490 1870 accepimus,
1539 1803 1596 1855 et
1646 1799 1840 1871 ipsum

185 1887 532 1943 Cassianum
565 1886 752 1958 ipsius
789 1887 1039 1942 civitatis
1088 1891 1403 1959 tyrannum
1455 1903 1589 1942 cum
1639 1887 1842 1944 multis

187 1992 431 2032 suorum
459 1975 722 2032 millibus
753 1975 1175 2041 interfecimus,
1208 1991 1529 2047 eorumque
1560 1992 1768 2032 uxores
1789 1980 1847 2033 et

185 2062 340 2121 ﬁlios
372 2080 437 2120 ac
468 2063 720 2120 familias
749 2081 883 2119 cum
917 2082 1058 2120 auro
1092 2067 1148 2119 et
1179 2068 1418 2136 argento
1463 2067 1520 2119 et
1569 2064 1844 2120 omnibus

187 2169 389 2210 eorum
423 2151 896 2225 possessionibus
935 2152 1310 2208 retinuimus.
1358 2151 1597 2224 Asylum
1647 2156 1842 2208 autem

185 2241 614 2298 Antiochenum
648 2257 680 2297 a
701 2241 908 2297 Turcis
933 2240 1350 2312 praemunitum
1375 2239 1589 2296 habere
1611 2257 1722 2294 non
1750 2257 1844 2312 po-

185 2330 433 2387 tuimus.
467 2329 580 2386 Sed
613 2344 746 2384 cum
780 2328 836 2383 in
862 2327 1115 2385 crastino
1138 2329 1332 2400 ipsum
1359 2327 1585 2400 asylum
1606 2328 1844 2401 aggredi

185 2418 600 2486 voluissemus,
648 2417 940 2473 infinitam
1005 2416 1444 2472 multitudinem
1493 2417 1838 2483 ’I‘urcorum,

187 2523 367 2579 quam
399 2505 604 2562 multis
630 2505 835 2564 diebus
867 2506 938 2560 ad
989 2523 1096 2562 nos
1147 2505 1484 2562 bellandum
1535 2510 1840 2560 venturam

186 2598 345 2650 extra
357 2593 649 2648 civitatem
661 2595 1227 2665 exspectaveramus,
1252 2609 1356 2666 per
1375 2609 1580 2649 omnes
1603 2609 1842 2665 campos

185 2683 613 2739 discurrentem
629 2682 906 2737 vidimus.
921 2681 1027 2745 Qui
1042 2683 1212 2737 tertia
1233 2682 1325 2738 die
1340 2699 1453 2737 non
1480 2699 1586 2738 nos
1599 2681 1839 2738 obsede-

186 2775 344 2843 runt,
369 2774 426 2827 et
447 2770 676 2844 asylum
699 2770 1041 2843 praedictum
1066 2769 1380 2842 plusquam
1399 2773 1633 2826 centum
1656 2769 1842 2825 millia

185 2876 386 2917 eorum
422 2859 804 2925 intraverunt,
839 2875 904 2914 ac
928 2874 1032 2930 per
1061 2863 1284 2930 portam
1308 2859 1573 2930 ejusdem
1598 2859 1740 2931 asyli
1765 2859 1836 2915 ad

185 2948 477 3004 civitatem
510 2950 622 3004 sub
647 2947 808 3020 asylo
832 2947 1211 3004 constitutam
1235 2947 1405 3002 nobis
1429 2947 1664 3020 illisque
1680 2963 1837 3002 com-

186 3053 425 3093 munem
446 3037 774 3109 irrumpere
804 3036 1134 3092 voluerunt.
1159 3036 1269 3091 Sed
1295 3052 1400 3090 nos
1421 3034 1480 3090 in
1506 3035 1619 3091 alio
1641 3040 1839 3091 monte

187 3125 576 3183 consistentes
606 3125 719 3197 ipsi
746 3122 906 3197 asylo
942 3124 1230 3197 opposito,
1258 3124 1411 3179 viam
1442 3124 1595 3179 inter
1616 3128 1840 3178 utrum-

1955 560 2125 630 pauci
2145 577 2380 616 eramus
2405 561 2558 632 quod
2582 577 2686 617 nos
2709 561 2823 632 ipsi
2847 577 2962 616 non
2989 578 3094 617 nos
3119 577 3380 636 pugnare
3400 565 3605 617 contra

1955 664 2055 704 eos
2085 650 2183 705 sed
2209 649 2408 721 fugere
2429 650 2744 705 affirmant.
2767 648 2884 705 Nos
2906 652 3103 706 autem
3135 649 3412 707 omnibus
3433 666 3602 723 para-

1954 738 2051 803 tis,
2086 742 2142 792 et
2161 741 2280 794 tam
2295 738 2592 811 peditibus
2606 753 2785 810 quam
2799 737 3085 794 militibus
3103 737 3277 795 certis
3299 739 3604 798 ordinibus

1956 827 2276 898 dispositis,
2309 827 2410 882 ubi
2443 828 2631 899 major
2657 826 2846 882 virtus
2877 829 2935 881 et
2957 825 3234 882 fortitudo
3254 841 3458 888 eorum
3480 831 3607 884 erat

1955 917 2232 972 audacter
2255 914 2670 987 requisivimus
2702 931 2835 972 cum
2867 915 3176 971 Dominica
3219 914 3444 985 lancea,
3485 919 3543 976 et
3572 933 3607 972 a

1954 1005 2145 1076 prima
2173 1002 2310 1058 belli
2341 1003 2589 1058 statione
2620 1004 2820 1076 fugere
2851 1003 3172 1076 coegimus.
3220 1004 3336 1077 Ipsi
3384 1007 3603 1073 autem,

1953 1098 2019 1148 ut
2047 1109 2175 1148 mos
2204 1107 2404 1146 eorum
2433 1095 2542 1157 est,
2564 1107 2625 1147 se
2647 1091 2908 1165 undique
2935 1091 3268 1166 dispergere
3285 1095 3605 1165 cmperunt,

1953 1186 2011 1238 et
2059 1180 2234 1237 colles
2283 1181 2622 1252 occupando
2672 1184 2726 1235 et
2773 1180 2894 1236 vias
2942 1180 3278 1253 ubicunque
3337 1184 3609 1262 poterant

1953 1269 2300 1342 appetendo,
2335 1285 2441 1325 nos
2473 1285 2678 1342 gyrare
2706 1268 3038 1337 voluerunt,
3069 1269 3208 1341 quia
3237 1268 3322 1325 sic
3353 1286 3460 1330 nos
3481 1285 3608 1344 om-

1954 1375 2057 1413 nes
2089 1358 2411 1415 interﬁcere
2443 1361 2812 1430 putaverunt.
2846 1358 2958 1414 Sed
2991 1357 3161 1413 nobis
3201 1357 3406 1418 multis
3438 1355 3608 1426 bellis

1953 1452 2156 1503 contra
2168 1463 2370 1502 eorum
2385 1445 2734 1502 calliditates
2747 1450 2803 1503 et
2820 1446 3054 1518 ingenia
3075 1445 3296 1515 edoctis
3316 1446 3399 1502 ita
3419 1445 3608 1522 gratia

1953 1536 2052 1591 Dei
2084 1541 2142 1592 et
2172 1535 2572 1592 misericordia
2601 1535 2892 1604 subvenit,
2925 1537 2992 1590 ut
3020 1535 3118 1608 qui
3151 1533 3496 1608 paucissimi
3531 1535 3603 1592 ad

1952 1641 2150 1682 eorum
2172 1624 2668 1696 comparationem
2688 1639 2944 1689 eramus,
2959 1617 3163 1679 Omnes
3180 1622 3312 1680 illos
3332 1623 3392 1680 in
3417 1639 3603 1680 unum

1951 1714 2274 1787 coegimus,
2307 1717 2362 1768 et
2392 1717 2642 1779 coactos,
2676 1713 2912 1769 dextera
2950 1711 3050 1767 Dei
3088 1711 3398 1768 nobiscum
3427 1711 3604 1767 dimi-

1952 1807 2138 1871 cante,
2174 1802 2372 1875 fugere
2401 1806 2460 1857 et
2491 1805 2683 1857 castra
2704 1817 2838 1857 cum
2861 1799 3136 1862 omnibus
3159 1817 3288 1872 quae
3310 1801 3369 1855 in
3393 1799 3604 1864 castris

1953 1895 2116 1946 erant
2138 1889 2467 1962 relinquere
2487 1889 2904 1962 compulimus.
2928 1889 3152 1953 Quibus
3172 1887 3342 1945 victis
3363 1893 3603 1963 totaque

1953 1979 2046 2034 die
2075 1979 2377 2046 insecutis,
2412 1984 2470 2034 et
2499 1979 2704 2034 multis
2733 1977 2997 2034 millibus
3024 1993 3229 2034 eorum
3260 1977 3601 2044 interfectis,

1953 2067 2023 2122 ad
2057 2067 2348 2122 civitatem
2380 2065 2494 2121 laeti
2529 2070 2586 2122 et
2632 2066 2849 2122 hilares
2898 2066 3310 2124 remeavimus.
3359 2064 3602 2138 Asylum

1953 2159 2147 2211 autem
2171 2155 2640 2227 suprascriptum
2665 2155 3041 2210 Admirabilis
3063 2154 3307 2228 quidam
3329 2154 3430 2227 qui
3453 2153 3515 2210 in
3534 2169 3601 2210 eo

1952 2247 2074 2298 erat
2103 2260 2237 2298 cum
2269 2243 2430 2298 mille
2461 2241 2822 2307 hominibus,
2857 2242 3197 2298 Boamundo
3227 2241 3500 2316 reddidit.
3535 2239 3602 2314 Et

1951 2331 2032 2386 ita
2063 2331 2350 2386 Dominus
2381 2334 2579 2387 noster
2607 2330 2780 2385 Jesus
2809 2329 3075 2386 Christus
3104 2334 3287 2386 totam
3307 2330 3600 2386 civitatem

1949 2419 2370 2475 Antiochenam
2399 2421 2673 2475 Romanae
2705 2418 2968 2493 religioni
3011 2423 3068 2474 et
3115 2418 3251 2492 fidei
3297 2418 3599 2494 mancipa-

1947 2507 2027 2564 vit
2059 2509 2192 2579 (62).
2220 2508 2326 2563 Sed
2379 2509 2520 2580 quia
2567 2523 2800 2582 semper
2847 2507 2996 2564 solet
3043 2506 3262 2580 aliquid
3318 2511 3598 2566 maestum

1950 2595 2096 2651 laetis
2137 2596 2488 2652 intervenire
2531 2597 2728 2665 rebus,
2780 2595 2876 2652 ille
2923 2595 3224 2654 Podiensis
3265 2596 3598 2670 episcopus,

1949 2701 2123 2756 quem
2180 2689 2350 2740 tuum
2413 2685 2691 2740 vicarium
2750 2683 2921 2750 nobis
2986 2684 3394 2753 commiseras,
3447 2683 3599 2740 bello

1948 2777 2199 2845 peracto,
2232 2773 2291 2828 in
2324 2789 2440 2845 quo
2471 2773 2712 2829 honeste
2740 2772 2871 2840 fuit,
2904 2777 2964 2832 et
3000 2773 3304 2849 paciﬁcate.
3343 2772 3596 2846 civitate,

1947 2861 2224 2920 Kalendis
2254 2861 2504 2935 Augusti
2535 2864 2804 2919 mortuus
2835 2864 2944 2920 est.

2017 2951 2182 3006 Nunc
2212 2950 2395 3022 igitur
2424 2950 2524 3004 filii
2557 2950 2643 3004 tui
2668 2950 2839 3007 Patre
2867 2949 3186 3010 commisso
3231 2948 3444 3020 orbati,
3487 2948 3597 3006 tibi

1946 3039 2239 3111 spirituali
2270 3039 2425 3095 Patri
2457 3043 2654 3094 nostro
2677 3039 3036 3098 mandamus
3056 3042 3124 3094 ut
3142 3037 3243 3110 qui
3264 3037 3416 3094 hanc
3435 3036 3595 3094 viam

1945 3127 2255 3199 incmpisti,
2302 3131 2361 3184 et
2409 3127 2780 3183 sermonibus
2829 3127 2952 3183 tuis
3000 3143 3107 3182 nos
3157 3141 3366 3188 omnes
3407 3129 3596 3186 terras

188 3231 300 3286 que
331 3213 648 3270 exercitum
681 3214 751 3268 ad
785 3212 1078 3268 civitatem
1109 3211 1577 3280 descendentem,
1615 3229 1686 3266 ne
1724 3212 1832 3285 ipsi
1866 3198 1909 3266 C
1948 3198 2180 3271 nostras
2208 3219 2265 3272 et
2295 3214 2582 3287 quidquid
2606 3215 2664 3268 in
2689 3214 2861 3272 terris
2883 3218 3008 3272 erat
3025 3213 3357 3288 relinquere
3379 3213 3590 3288 fecisti,

189 3303 360 3359 nobis
393 3302 576 3359 multo
610 3302 807 3374 plures
855 3301 1267 3373 irrumperent,
1317 3301 1732 3368 custodientes,
1781 3304 1840 3356 et

189 3392 352 3448 intus
382 3396 440 3447 et
465 3395 626 3447 extra
676 3394 843 3446 nocte
885 3393 944 3444 et
987 3389 1080 3445 die
1127 3387 1482 3444 debellantes
1521 3393 1717 3460 portas
1764 3389 1833 3444 ad

188 3480 478 3535 civitatem
512 3478 656 3551 asyli
687 3479 902 3533 intrare
933 3482 988 3534 et
1023 3479 1096 3533 ad
1116 3481 1307 3533 castra
1326 3492 1582 3533 remeare
1602 3492 1839 3548 compu-

187 3569 389 3624 limus.
421 3569 564 3624 Cum
596 3583 732 3640 ergo
755 3566 1041 3622 vidissent
1063 3566 1217 3639 quod
1241 3582 1310 3621 ex
1330 3565 1430 3620 illa
1451 3569 1612 3638 parte
1633 3581 1837 3621 nocere

185 3657 357 3714 nobis
374 3656 519 3712 nihil
537 3656 891 3729 potuissent,
916 3656 999 3714 ita
1015 3673 1121 3711 nos
1143 3671 1212 3710 ex
1232 3655 1390 3710 omni
1414 3657 1575 3728 parte
1597 3654 1840 3710 circum-

183 3745 379 3803 ierunt
408 3749 474 3801 ut
505 3744 651 3800 nulli
683 3761 751 3801 ex
783 3745 998 3800 nostris
1030 3746 1185 3800 exire
1231 3743 1320 3799 vel
1366 3744 1437 3799 ad
1486 3759 1594 3799 nos
1639 3743 1834 3798 venire

180 3833 499 3907 potuerint.
531 3836 720 3899 Quare
748 3833 829 3888 ita
856 3832 1097 3888 desolati
1130 3839 1187 3889 et
1209 3831 1411 3889 afflicti
1435 3831 1656 3888 fuimus
1678 3831 1833 3904 quod

176 3922 334 3978 fame
363 3926 422 3979 et
447 3921 578 3978 aliis
608 3920 814 3977 multis
846 3921 1133 3993 angustiis
1173 3919 1514 3988 morientes,
1565 3935 1747 3992 equos
1779 3923 1837 3975 et

177 4012 377 4067 asinos
408 4014 643 4066 nostros
676 4008 978 4066 famelicos
1010 4009 1426 4066 interﬁcientes
1455 4009 1623 4063 multi
1649 4007 1834 4064 nostri

177 4100 583 4156 comederunt.

250 4189 364 4244 Sed
397 4188 632 4243 interim
665 4185 1123 4243 clementissima
1154 4184 1555 4243 misericordia
1575 4185 1835 4257 omnipo-

179 4276 358 4332 tentis
389 4276 488 4331 Dei
524 4275 691 4332 nobis
720 4276 1102 4332 subveniente
1131 4278 1188 4329 et
1210 4291 1316 4346 pro
1341 4273 1509 4328 nobis
1533 4273 1830 4346 vigilante,

178 4363 543 4418 Dominicam
567 4363 852 4431 lanceam,
878 4380 993 4434 qua
1015 4361 1166 4417 latus
1187 4361 1324 4417 Jesu
1348 4361 1563 4417 Christi
1588 4363 1832 4436 Longini

178 4452 458 4508 manibus
488 4451 851 4525 perforatum
885 4451 1012 4518 fuit,
1047 4455 1246 4506 sancto
1286 4451 1520 4506 Andrea
1572 4451 1833 4522 apostolo

1945 3309 2004 3360 et
2032 3319 2260 3362 crucem
2294 3302 2611 3374 bajulando
2641 3301 2941 3358 Christum
2973 3301 3139 3375 sequi
3167 3300 3514 3376 praecepisti,
3535 3303 3596 3374 et

1945 3391 2340 3448 Christianum
2381 3406 2594 3446 nomen
2644 3389 2896 3446 exaltare
2943 3388 3384 3456 commonuisti,
3431 3404 3594 3462 com-

1945 3481 2297 3554 plendoquze
2317 3479 2584 3536 hortatus
2602 3495 2664 3535 es
2677 3479 2749 3534 ad
2771 3495 2878 3535 nos
2893 3478 3115 3548 venias,
3133 3483 3190 3539 et
3209 3492 3596 3554 quoscunque

1945 3570 2162 3645 poteris
2195 3573 2258 3625 ut
2298 3573 2494 3624 tecum
2538 3568 2776 3625 veniant
2820 3568 3198 3634 submoneas.
3243 3567 3390 3626 Hinc
3435 3565 3595 3642 enim

1944 3659 2341 3716 Christianum
2374 3673 2585 3713 nomen
2617 3657 2875 3731 sumpsit
2910 3657 3236 3716 exordium.
3277 3655 3596 3730 Postqw

1944 3748 2103 3804 enim
2148 3748 2358 3804 beatus
2407 3750 2616 3820 Petrus
2662 3746 2724 3801 in
2772 3746 3053 3806 cathedra
3101 3761 3282 3820 quam
3333 3743 3596 3819 quotidie

1944 3835 2241 3892 cernimus
2270 3835 2699 3894 inthronizatns
2728 3835 2858 3903 fuit,
2892 3833 2977 3890 illi
3004 3833 3105 3907 qui
3122 3834 3287 3906 prius
3305 3833 3594 3906 vocaban-

1941 3928 2040 3979 tur
2068 3923 2311 3991 Galilaai,
2344 3923 2440 3979 hic
2470 3925 2727 3996 primum
2746 3927 2804 3978 et
2823 3920 3225 3997 principaliter
3245 3920 3432 3984 vocati
3455 3922 3597 3980 sunt

1942 4012 2277 4068 Christiani.
2312 4012 2460 4078 Quid
2493 4011 2674 4085 igitur
2700 4010 2759 4066 in
2790 4010 2930 4067 orbe
2960 4011 3176 4066 rectius
3209 4026 3336 4072 esse
3363 4009 3595 4078 videtur

1943 4118 2121 4174 quam
2145 4107 2210 4157 ut
2234 4106 2316 4166 tu,
2343 4101 2443 4173 qui
2468 4100 2636 4162 Pater
2655 4103 2712 4156 et
2732 4103 2910 4172 caput
2927 4098 3266 4162 Christianae
3289 4097 3590 4174 religionis

1941 4189 2164 4260 existis,
2197 4191 2267 4246 ad
2315 4189 2520 4246 urbem
2564 4187 2946 4262 principalem
2978 4191 3036 4242 et
3066 4185 3374 4258 capitalem
3422 4185 3595 4242 Chri-

1942 4279 2117 4336 stiani
2161 4279 2417 4334 nominis
2448 4278 2666 4345 venias,
2707 4282 2764 4333 et
2813 4275 3035 4334 bellum
3083 4277 3239 4350 quod
3288 4279 3458 4338 tuum
3504 4277 3594 4346 est

1941 4368 2241 4440 proprium
2276 4382 2342 4423 ex
2370 4369 2474 4424 tua
2504 4371 2666 4439 parte
2697 4366 2990 4422 coniicias.
3025 4365 3141 4428 Nos
3170 4365 3326 4422 enim
3371 4365 3594 4424 Turcos

1941 4458 1999 4510 et
2017 4469 2276 4525 paganos
2294 4451 2776 4526 expugnavimus.
2795 4452 3103 4509 Haereticos
3125 4455 3322 4510 autem
3339 4451 3595 4519 Οτι-ποθι,

177 4541 418 4596 cuidam
451 4539 672 4595 famulo
724 4541 824 4597 Dei
876 4545 962 4596 ter
1009 4539 1300 4595 revelante
1347 4540 1480 4610 (60),
1531 4543 1588 4594 et
1636 4539 1830 4627 ipsum
1865 4562 1911 4627 Ι)
1943 4545 2000 4598 et
2026 4545 2334 4608 Armenos,
2368 4546 2543 4612 atque
2573 4540 2792 4614 Syrios,
2823 4541 3240 4613 Jacobitasque
3259 4555 3595 4614 expugnare

177 4627 374 4684 locum
409 4628 509 4683 ubi
543 4627 748 4686 lancea
767 4629 1006 4700 jacebat
1026 4630 1487 4696 demonstrante,
1509 4629 1567 4683 in
1591 4626 1838 4683 ecclesia

177 4715 337 4772 Beati
371 4715 521 4771 Petri
555 4716 950 4790 apostolorum
975 4716 1255 4788 principis
1278 4716 1630 4772 invenimus.
1656 4716 1838 4786 Cujus

181 4804 516 4860 inventione
547 4809 603 4860 et
633 4804 835 4860 multis
866 4804 999 4860 aliis
1037 4804 1250 4860 divinis
1281 4803 1736 4861 revelationibus
1757 4804 1838 4859 ita

179 4892 493 4948 confortati
524 4899 583 4949 et
614 4893 966 4949 corroborati
1001 4893 1222 4948 fuimus
1253 4898 1316 4948 ut
1347 4893 1447 4964 qui
1481 4897 1613 4948 ante
1636 4892 1837 4948 afﬂicti

179 4987 237 5037 et
255 4981 452 5036 timidi
472 4983 790 5049 fueramus,
811 4987 950 5037 tunc
970 4982 1040 5037 ad
1062 4981 1282 5036 bellum
1307 4982 1635 5037 faciendum
1664 4983 1839 5038 auda-

179 5069 409 5126 cissimi
463 5069 1029 5144 promptissimique,
1081 5070 1178 5125 alii
1238 5069 1385 5126 alios
1433 5071 1832 5126 hortabamur.

179 5158 369 5232 Igitur
401 5157 594 5214 tribus
625 5157 1092 5213 hebdomadibus
1124 5162 1181 5212 et
1210 5161 1463 5229 quatuor
1492 5159 1699 5215 diebus
1736 5159 1837 5213 ob-

179 5248 353 5314 sessi,
387 5247 447 5300 in
485 5246 685 5319 vigilia
737 5245 1133 5319 apostolorum
1187 5246 1340 5301 Petri
1388 5250 1445 5302 et
1488 5246 1652 5302 Pauli
1701 5247 1836 5319 (61),

177 5335 241 5390 in
272 5335 391 5390 Deo
441 5334 821 5403 confidentes,
875 5338 932 5392 et
975 5335 1044 5391 de
1093 5335 1369 5391 omnibus
1417 5335 1840 5407 iniquitatibus

176 5423 398 5481 nostris
429 5424 705 5494 confessi,
737 5429 999 5497 petentes
1019 5427 1219 5496 portas
1243 5423 1496 5480 civitatis
1515 5439 1651 5480 cum
1675 5423 1840 5482 omni

396 5531 546 5607 Yide
577 5530 939 5607 Wilel_.‘Tyr.
970 5531 1071 5588 lib.
1103 5547 1179 5604 vr,
1213 5546 1263 5588 ο.
1296 5528 1385 5588 44.

252 5532 372 5688 is,
396 5532 546 5664 ii“:

475 5621 492 5662 ι
543 5644 580 5673 .,
653 5644 665 5661 .
810 5645 824 5662 .

509 5729 775 5820 Ρλτιρι.
816 5728 965 5797 GLI.

1944 4629 2339 4701 nequivimus.
2375 4629 2724 4686 Mandamus
2751 4628 2932 4702 igitur
2960 4633 3019 4688 et
3045 4630 3466 4688 remandamus
3484 4627 3593 4686 tibi

1946 4717 2296 4773 charissimo
2314 4718 2468 4774 Patri
2501 4722 2699 4774 nostro
2731 4722 2797 4774 ut
2816 4718 3096 4785 tu,Pater,
3118 4717 3190 4774 ad
3211 4720 3325 4774 tuae
3347 4714 3599 4795 paterni-

1945 4805 2081 4860 tatis
2113 4804 2309 4860 locum
2337 4807 2556 4874 venias,
2589 4812 2646 4862 et
2675 4806 2776 4878 qui
2809 4806 2995 4863 sancti
3026 4805 3175 4862 Petri
3207 4821 3271 4862 es
3317 4805 3592 4869 vicarius.

1946 4894 2005 4948 in
2039 4893 2313 4949 cathedra
2344 4895 2529 4950 sancti
2561 4895 2714 4951 Petri
2744 4896 2950 4952 sedeas
2977 4899 3035 4951 et
3064 4911 3170 4951 nos
3195 4893 3351 4949 ﬁlios
3380 4896 3512 4950 tuos
3531 4890 3594 4957 in

1947 4982 2225 5036 omnibus
2257 4986 2407 5036 recte
2430 4982 2672 5054 agendis
2695 4982 3032 5042 obedientes
3051 4981 3290 5049 habeas;
3313 4984 3372 5042 et
3388 4994 3596 5056 omnes

1947 5071 2218 5137 haereses,
2251 5070 2657 5142 cujuscunque
2687 5063 2878 5143 gentis
2910 5072 3049 5140 sint,
3100 5075 3204 5129 tua
3251 5068 3595 5144 auctoritate

1947 5164 2005 5215 et
2065 5163 2267 5214 nostra
2321 5157 2536 5214 virtute
2590 5159 2852 5216 eradices
2908 5165 2966 5216 et
3016 5161 3340 5229 destruas;
3398 5161 3456 5214 et
3511 5156 3595 5231 sic

1949 5248 2260 5304 nobiscum
2288 5246 2441 5302 viam
2472 5245 2610 5301 Jesu
2640 5246 2856 5303 Christi
2882 5264 2916 5303 a
2935 5247 3104 5304 nobis
3135 5248 3427 5322 inceptam
3476 5248 3534 5302 et
3563 5262 3598 5324 ᾳ

1948 5339 2004 5392 te
2029 5335 2401 5408 praedicatam
2433 5333 2720 5407 perﬁcias,
2754 5339 2812 5389 et
2841 5335 3015 5390 etiam
3048 5342 3247 5410 portas
3288 5336 3599 5410 utriusque

1951 5423 2312 5482 Hierusalem
2353 5421 2522 5478 nobis
2571 5419 2820 5496 aperias,
2872 5427 2930 5480 et
2976 5423 3313 5498 sepulcrum
3362 5421 3600 5494 Domini

2020 5531 2132 5619 (62)
2163 5530 2345 5601 Idem,
2373 5528 2477 5607 lib,
2509 5544 2590 5602 γι,
2621 5546 2672 5590 c.
2704 5529 2754 5594 4.

3202 5726 3280 5804 ﬂ
