4000 6168
382 372 511 438 555

1700 356 1769 422 B.
1815 353 2109 422 URBANl
2154 355 2206 417 ll
2250 347 2499 415 PAPIE.

3668 322 3799 415 sse

395 508 647 564 liberum
708 509 883 578 atque
940 501 1336 560 Christianum
1388 511 1596 552 nomen
1654 507 1829 563 super
1871 505 2043 545 omne
2071 492 2126 559 Α
2157 480 3805 557 Remorumepiscopum,perquevenerabilemHugonem

399 596 717 652 exaltatum
751 594 950 649 facias.
986 593 1042 647 Si
1078 590 1231 654 enim
1265 588 1334 641 ad
1378 601 1483 640 nos
1511 581 1739 638 veneris
1787 583 1845 635 et
1889 579 2040 633 viam

398 704 502 760 per
522 690 577 742 te
609 685 898 756 inceptam
923 678 1228 735 nobiscum
1251 672 1584 747 perfeceris,
1606 676 1766 727 totus
1791 668 2045 723 mundus

399 757 506 832 tibi
539 773 816 830 obediens
842 770 969 825 erit.
1004 766 1165 831 Quod
1199 765 1325 836 ipse
1354 767 1409 816 te
1440 761 1624 817 facere
1672 759 1847 814 faciat
1894 757 2049 810 Deus

404 864 502 937 qui
530 862 672 929 vivit
703 863 758 915 et
778 859 982 930 regnat
1003 855 1060 909 in
1087 851 1297 911 seacula
1321 849 1686 907 saeculorum.
1713 849 1895 903 Amen
1917 843 2049 916 (63).

474 948 614 1005 Mihi
646 946 882 1019 quidem
916 942 1161 999 relatum
1196 944 1284 996 est
1309 956 1516 1003 unum,
1559 936 1713 1009 quod
1742 933 1905 990 valde
1942 933 2051 987 I)eo

405 1037 795 1105 omnibusque
843 1028 1205 1089 Christicolis
1236 1026 1591 1083 contrarium
1626 1028 1733 1090 est,
1767 1021 1920 1094 quod
1944 1019 2051 1081 ,si-

406 1124 566 1200 gnati
616 1126 821 1179 saneta
869 1136 1038 1177 cruce
1077 1137 1111 1174 a
1159 1124 1215 1174 te
1261 1115 1557 1172 licentiam
1608 1113 1864 1167 habeant
1904 1108 2058 1164 inter

409 1197 786 1270 Christicolas
817 1208 1051 1265 morari.
1084 1206 1244 1271 Quod
1280 1204 1530 1260 multum
1565 1202 1763 1257 miror.
1797 1197 1944 1263 Quia
1990 1202 2055 1251 tu

410 1304 676 1375 inceptor
696 1299 883 1357 sancti
906 1296 1131 1353 itineris
1154 1311 1285 1350 cum
1311 1294 1414 1358 sis,
1437 1292 1766 1347 differentes
1790 1289 2056 1344 sanctum

414 1392 525 1447 iter
556 1393 673 1446 ate
722 1385 1032 1444 consilium
1081 1383 1170 1438 vel
1222 1381 1440 1454 aliquid
1493 1379 1627 1435 boni
1679 1377 1891 1433 habere
1942 1391 2058 1429 non

416 1464 648 1545 debent,
682 1476 793 1531 nisi
826 1479 1081 1547 coeptum
1126 1474 1237 1528 iter
1266 1468 1645 1541 adimpleant.
1691 1468 1761 1521 Et
1808 1481 1925 1519 non
1973 1466 2063 1517 est

418 1568 587 1624 nobis
617 1584 764 1638 opus
796 1569 862 1619 ut
889 1566 1108 1619 bonum
1141 1561 1295 1634 quod
1329 1557 1554 1630 cmpisti
1600 1555 1915 1620 disturbes,
1960 1552 2058 1607 sed

418 1658 592 1712 etiam
623 1660 723 1711 tuo
755 1655 1002 1708 adventu
1034 1656 1090 1708 et
1133 1649 1397 1705 omnium
1448 1648 1732 1702 bonorum
1783 1643 2061 1708 virorum,

420 1762 642 1817 quoscu
654 1760 803 1815 nque
822 1741 1037 1814 poteris
1055 1741 1342 1796 adducere
1357 1742 1568 1802 tecum,
1586 1750 1691 1789 nos
1705 1731 2062 1787 corrobores.

420 1835 595 1890 Decet
617 1832 776 1897 enim
810 1835 876 1886 ut
905 1847 1011 1885 nos
1042 1829 1141 1885 Dei
1173 1826 1387 1883 auxilio
1419 1824 1655 1895 tuisque
1682 1820 1899 1877 sanctis
1935 1835 2064 1891 pre-

423 1923 590 1978 cibus
623 1919 1005 1993 acquisitores
1039 1917 1221 1973 totius
1251 1914 1567 1980 Romaniae,
1617 1910 1850 1974 Ciliciae,
1897 1908 2064 1972 Asiae,

394 2010 622 2084 'Syrite,
653 2014 709 2064 te
736 2009 1057 2064 habeamus
1088 2008 1221 2078 post
1251 2004 1431 2058 Deum
1467 2001 1794 2071 adiutorem
1843 2001 1901 2054 et
1931 1996 2069 2052 sub-

425 2100 776 2157 venientem.
810 2097 894 2151 Tu
924 2111 1056 2151 vero
1088 2111 1194 2150 nos
1229 2092 1377 2147 ﬁlios
1410 2107 1512 2163 per
1540 2087 1738 2145 omnia
1785 2086 1888 2141 tibi
1936 2085 2070 2140 obe-

427 2189 673 2253 dientes,
704 2187 873 2241 Pater
901 2184 1185 2257 piissime,
1213 2182 1389 2237 debes
1420 2192 1689 2250 separare
1733 2176 1807 2231 ab
1851 2175 2072 2245 injuste

427 2277 797 2349 imperatore,
833 2273 929 2346 qui
976 2270 1162 2327 multa
1213 2270 1364 2324 bona
1415 2264 1685 2339 promisit
1731 2262 1920 2329 nobis,
1972 2262 2072 2317 sed

429 2365 672 2422 minime
702 2362 852 2419 fecit.
886 2361 1095 2416 Omnia
1142 2358 1299 2413 enim
1348 2355 1504 2411 mala
1554 2359 1609 2409 et
1657 2352 2076 2425 impedimenta

398 2440 792 2526 -quzecunque
825 2449 1008 2504 facere
1041 2447 1250 2519 potuit,
1286 2444 1454 2499 nobis
1490 2441 1639 2497 fecit.

396 2544 401 2548 ’
450 2524 465 2526 _
502 2542 630 2596 Haec
648 2541 851 2595 charta
868 2538 973 2592 fuit
992 2535 1209 2607 scripta
1231 2533 1323 2588 die
1338 2550 1390 2586 xu
1413 2531 1666 2585 intrante
1688 2524 2074 2599 Septembrio,

402 2628 407 2635 ’
429 2629 749 2685 indictione
778 2644 835 2681 IV
866 2627 1005 2697 [vn].

1226 2710 1292 2764 II.

432 2805 741 2863 Theoderici
786 2802 997 2858 abbatis
1039 2804 1092 2855 et
1144 2799 1388 2870 ﬁliorum
1441 2796 1695 2870 Ecclesiae
1742 2795 1804 2848 Β.
1854 2793 2081 2848 Huberti

410 2940 414 2945 λ
505 2876 902 2945 Andaginensis
932 2867 1151 2927 libellus
1176 2870 1407 2941 supplere
1436 2867 1507 2923 ad
1547 2867 1827 2924 Urbanum
1874 2880 2081 2937 papam

502 2955 690 3004 contra
726 2944 977 3003 Viredum
1004 2945 1299 2998 intr-usum.

717 3034 1002 3107 (Man-rm.
1037 3031 1206 3102 ampl.
1241 3028 1463 3085 Collect.
1496 3026 1589 3095 IV,
1610 3026 1794 3094 1010.)

410 3132 421 3139 ’
507 3132 753 3198 Demino
783 3145 841 3196 et
870 3136 1179 3194 universali
1212 3152 1374 3208 papa:
1405 3134 1643 3189 Unsmo
1675 3130 1779 3186 ﬁlii
1814 3129 2078 3185 Ecclesiae

2154 575 2603 647 Lugdunensem
2626 571 2936 643 primatem
2960 574 3015 625 et
3036 569 3216 640 hujus
3238 570 3510 627 Romanas.
3531 573 3804 630 Ecclesiae

2155 662 2432 735 legatum,
2465 660 2525 715 in
2557 660 2847 715 sententia
2873 675 3047 730 quam
3081 659 3429 717 tenebamus
3449 662 3804 731 conﬁrmati,

2156 753 2301 807 adeo
2333 749 2777 823 provocavimus
2806 747 3113 803 adversum
3146 765 3254 804 nos
3283 749 3431 805 iram
3463 750 3705 822 Otberti,
3739 759 3807 811 ut

2159 839 2391 913 publice
2408 839 2575 911 quasi
2589 837 2990 917 inobedientes
3003 835 3113 894 sibi
3134 854 3240 894 nos
3252 843 3802 914 excommunicaret,

2160 934 2218 986 et
2250 928 2435 983 locato
2458 927 2681 998 judicio
2712 927 3102 998 quorumdam
3134 927 3413 983 abbatum
3446 934 3504 986 et
3523 932 3811 991 archidia-

2163 1034 2440 1073 conorum
2476 1033 2717 1072 suorum
2764 1015 3021 1071 ofﬁcium
3070 1016 3298 1073 abbatis
3347 1020 3585 1077 omnino
3638 1023 3809 1081 nobis

2164 1106 2554 1162 interdiceret.
2590 1105 2729 1159 Inde
2741 1105 3012 1175 juvenem
3038 1107 3352 1177 quemdam
3375 1108 3680 1169 Lobiensis
3701 1129 3811 1168 coc-

2165 1195 2324 1250 nobii
2355 1194 2481 1249 sine
2513 1193 2765 1267 regulari
2797 1193 3076 1250 electione
3106 1194 3230 1252 loco
3261 1202 3460 1255 nostro
3482 1200 3807 1271 substituit,

2167 1300 2420 1354 eumque
2445 1282 2981 1338 contradicentibus
3005 1283 3287 1341 fratribus
3305 1285 3590 1345 violenter
3615 1289 3811 1364 inges-

2168 1371 2263 1427 sit.
2284 1370 3083 1444 (Iujusjuvenilibusideoque
3103 1373 3507 1449 incompositis
3523 1379 3811 1448 moribus,

2169 1460 2384 1531 quibus
2409 1478 2508 1530 per
2528 1460 2826 1515 biennium
2857 1461 2971 1516 fere
2991 1477 3106 1532 quo
3129 1464 3378 1536 praefuit,
3401 1465 3703 1540 dissipatis
3723 1486 3815 1526 re-

2172 1551 2281 1603 bus
2299 1548 2729 1613 ecclesiasticis,
2757 1548 2960 1621 religio
2982 1566 3214 1623 quoque
3235 1569 3362 1624 quea
3382 1553 3437 1609 in
3461 1554 3582 1612 loco
3604 1558 3810 1614 eodem

2173 1638 2422 1710 gloriose
2452 1636 2680 1708 vigebat
2702 1637 2968 1709 deperiit.
3000 1638 3158 1694 Unde
3180 1641 3519 1714 compulsus
3539 1645 3815 1704 Otbertus

2173 1745 2202 1782 a
2249 1728 2394 1781 duce
2442 1725 2751 1781 Godefrido
2799 1726 3046 1799 aliisque
3094 1730 3399 1801 provinciae
3454 1734 3817 1808 principibus

2175 1833 2321 1888 quos
2351 1816 2628 1887 gravabat
2659 1816 2921 1886 ejusdem
2954 1817 3062 1872 loci
3091 1819 3398 1890 dispersio,
3430 1821 3595 1878 illum
3636 1841 3809 1881 suum

2176 1905 2345 1975 ejecit
2374 1922 2441 1957 ex
2473 1921 2557 1957 eo.
2591 1905 2682 1958 Sic
2713 1905 2880 1960 nobis
2910 1911 3141 1978 patente
3172 1906 3296 1964 loco
3320 1913 3660 1981 revertendi,
3684 1931 3817 1970 cum

2178 1994 2503 2048 rediremus
2521 1993 2591 2047 ad
2611 1994 2817 2050 fratres
2836 1999 3088 2060 nostros,
3117 1998 3526 2055 revocantibus
3550 2001 3654 2073 eis,
3674 1990 3828 2058 indi-

2179 2087 2392 2154 gnatus
2423 2082 2731 2137 adversum
2759 2100 2864 2139 nos
2896 2083 3190 2155 Otbertus,
3224 2102 3360 2143 cum
3407 2088 3672 2146 audisset
3718 2108 3826 2148 nos

2183 2169 2327 2224 forte
2357 2169 2668 2237 inﬁrmari,
2701 2170 3059 2243 sepulturam
3111 2191 3484 2232 communem
3536 2179 3725 2247 nobis,
3777 2179 3833 2236 si

2184 2275 2565 2324 moreremur,
2600 2258 2917 2326 interdixit,
2953 2261 3240 2318 ministris
3271 2264 3515 2321 abbatiie
3555 2284 3627 2323 ne
3657 2268 3830 2324 nobis

2184 2348 2487 2403 obedirent
2516 2347 2831 2419 prohibuit,
2873 2350 3191 2407 monachos
3239 2353 3447 2425 ejicere
3493 2358 3551 2411 et
3596 2373 3701 2429 pro
3748 2361 3838 2414 eis

2185 2437 2424 2494 clericos
2456 2454 2753 2509 reponere,
2785 2448 2839 2492 et
2863 2439 3264 2510 possessiones
3284 2442 3709 2502 ecclesiasticas
3733 2445 3842 2502 mi-

2185 2528 2391 2583 litibus
2422 2528 2548 2582 suis
2571 2527 2845 2593 dividere,
2872 2528 2986 2584 nisi
3010 2530 3439 2598 recederemus,
3458 2533 3697 2603 juravit.
3722 2534 3845 2592 Nos

2182 2633 2317 2671 vero
2357 2617 2565 2670 dantes
2613 2614 2804 2670 locum
2857 2615 2976 2684 iraa,
3033 2634 3165 2673 cum
3214 2618 3531 2677 imminens
3581 2622 3842 2680 ecclesia

2187 2710 2397 2760 nostra:
2415 2703 2735 2775 periculurn
2758 2706 3056 2761 Lamberlo
3075 2707 3442 2765 Atrebatensi
3460 2710 3753 2784 episcopo,
3778 2717 3843 2769 et

2186 2794 2402 2849 domno
2427 2791 2669 2848 Rodulfo
2694 2792 3048 2850 Virdunensi
3074 2796 3292 2863 abbati,
3328 2798 3649 2870 multisque
3702 2801 3842 2858 aliis

2188 2882 2316 2936 sani
2349 2879 2576 2936 consilii
2605 2879 2745 2935 viris
2778 2880 3239 2952 deploraremus,
3285 2885 3358 2940 ad
3390 2885 3547 2941 hunc
3595 2887 3839 2944 tandem

2187 2971 2364 3025 ﬁnem
2392 2969 2753 3038 devenimus,
2784 2973 2849 3024 ut
2878 2974 3083 3041 sponte
3106 2977 3306 3028 nostra
3326 2974 3533 3046 privati
3557 2975 3843 3032 baculum

2187 3057 2538 3131 pastoralem
2560 3056 2687 3113 loco
2713 3062 2911 3113 nostro
2942 3059 3335 3133 fratribusque
3374 3061 3840 3132 remitteremus,

2189 3163 2260 3203 ne
2284 3149 2520 3220 propter
2549 3163 2654 3203 nos
2685 3146 2769 3202 eis
2800 3148 3055 3204 eveniret
3085 3150 3240 3222 quod
3273 3149 3642 3209 timebamus.
3689 3152 3845 3210 Huic

438 3234 501 3288 B.
526 3230 765 3287 Huberti
785 3246 887 3301 pro
900 3226 1235 3283 defensione
1251 3240 1395 3279 verae
1416 3221 1547 3277 ﬁdei
1566 3222 1810 3293 ejusque
1834 3218 2067 3292 legitim:

2192 3230 2388 3292 tamen
2421 3241 2631 3292 nostrae
2663 3235 2971 3307 privationi
3020 3218 3377 3296 ex'consilio
3427 3241 3843 3313 prmdictorum

438 3318 799 3394 apostolatus
831 3316 987 3390 passi
1020 3314 1442 3387 dispersionem
1475 3311 1531 3365 in
1566 3308 1752 3366 oculis
1781 3308 1881 3365 Dei
1928 3308 2082 3380 quod

409 3409 657 3465 'dicitur
684 3423 832 3464 esse.

408 3488 421 3514 ⁵
507 3496 841 3554 Dormiente
857 3494 1097 3549 Domino
1108 3488 1271 3557 Jesu,
1292 3489 1456 3545 navis
1477 3486 1795 3560 apostolica
1813 3485 1873 3541 in
1892 3484 2083 3541 medio

436 3586 618 3641 maris
641 3584 977 3655 jactabatur
1000 3581 1303 3637 fluctibus:
1331 3578 1456 3650 ipso
1479 3592 1713 3649 quoque
1733 3590 1889 3629 nunc
1911 3572 2084 3629 dissi-

438 3672 723 3739 mulante,
738 3670 989 3743 peccatis
1010 3667 1405 3743 exigentibus:
1432 3669 1650 3721 sanctze
1673 3661 1939 3719 Ecclesiae
1961 3660 2088 3717 uni-

414 3756 527 3818 tas
558 3778 591 3817 a
620 3758 1013 3816 schismaticis
1044 3755 1440 3829 perturbatur,
1474 3757 1531 3806 et
1552 3750 1940 3806 amarissimis
1962 3766 2087 3821 per-

414 3850 802 3932 ’secutionum
824 3845 1276 3919 tempestatibus
1307 3841 1528 3914 passim
1549 3840 1761 3896 veritas
1780 3842 1838 3894 et
1850 3837 2084 3910 justitia

433 3928 829 3996 confunditur.
851 3937 1039 4006 Hujus
1058 3930 1479 4006 persecutionis
1500 3927 1812 4002 procellam
1831 3928 1958 3999 jam
1980 3943 2084 3999 per

414 4019 652 4100 septem
687 4042 873 4082 annos
917 4024 1043 4078 sine
1075 4017 1458 4092 refragatione
1493 4016 1673 4089 passi,
1723 4015 1961 4071 tandem
2008 4016 2081 4071 ad
2160 4034 2167 4039 τ

422 4108 744 4172 consilium
775 4115 1048 4169 Romanis
1071 4107 1338 4165 Ecclesiae
1361 4105 1756 4178 confugimus;
1782 4104 1936 4175 quod
1958 4103 2084 4176 qui-

434 4206 567 4261 dem
591 4205 717 4273 jam
750 4201 851 4256 diu
899 4200 1030 4255 ideo
1077 4196 1440 4261 distulimus,
1489 4211 1561 4250 ne
1606 4192 1770 4249 vobis
1816 4209 2082 4248 essemus

422 4278 617 4355 oneri,
651 4306 783 4346 cum
802 4289 935 4344 usui
952 4305 1067 4342 non
1083 4286 1388 4341 fuerimus.
1405 4284 1858 4339 Postdecessum
1881 4282 2083 4337 domni

417 4380 665 4436 ‘Henrici
698 4376 1035 4433 Leodiensis
1059 4373 1303 4446 legitimi
1329 4371 1609 4443 episcopi,
1639 4370 1911 4426 Otbertus
1946 4370 2082 4442 qui-

433 4458 568 4525 dam
582 4463 971 4523 donoHenrici
988 4462 1126 4519 dicti
1160 4460 1475 4533 regis,cum
1494 4476 1609 4531 quo
1630 4459 1690 4514 in
1716 4458 2082 4531 expeditione

420 4546 634 4621 contra
648 4549 1293 4610 RomanamEcclesiam
1306 4548 1608 4605 morabatu
1618 4565 1663 4615 r,
1678 4547 2078 4620 episcopatum

426 4634 664 4717 invasit,
690 4648 747 4699 et
768 4641 861 4697 hic
883 4640 1008 4697 sine
1031 4637 1309 4696 canonica
1324 4637 1603 4693 electione
1619 4634 1756 4690 cleri
1778 4640 1834 4690 et
1856 4634 2075 4707 populi.

418 4720 539 4799 'Oui
570 4749 704 4789 cum
736 4748 798 4787 se
830 4721 1116 4786 fautorem
1146 4731 1205 4783 et
1233 4726 1596 4783 defensorem
1618 4722 1880 4779 Guiberti
1906 4723 2081 4779 haere-

422 4813 670 4880 siarchas
720 4813 952 4894 publice
990 4820 1260 4889 jactaret,
1285 4818 1342 4871 et
1388 4812 1740 4887 quamplura
1788 4829 1913 4884 quae
1962 4829 2079 4868 non

428 4902 568 4971 sunt
595 4916 807 4967 nostrae
841 4904 1232 4963 accusationis
1263 4907 1467 4959 contra
1497 4918 1693 4956 sacros
1725 4917 1975 4956 canones
2005 4902 2075 4956 ad

423 4992 831 5058 confusionem
890 4993 1342 5052 ecclesiasticam
1402 4996 1616 5046 temere
1671 4990 2074 5056 exordinaret,

422 5080 605 5145 causa
634 5085 862 5143 timoris
891 5084 981 5140 Dei
1021 5088 1077 5138 et
1126 5079 1486 5153 apostolatus
1526 5078 1700 5134 vestri
1748 5078 1940 5133 visum
1987 5082 2077 5133 est

422 5169 601 5233 nobis
627 5174 971 5245 subjectioni
998 5172 1125 5241 ejus
1156 5186 1264 5225 nos
1285 5167 1650 5233 subtrahere,
1673 5168 1844 5236 cujus
1864 5165 2078 5222 violen-

422 5253 1001 5335 tisenon'poteramus
1014 5255 1550 5315 resistere.Eductis
1563 5254 2072 5310 nobiscumautem

425 5344 783 5424 quibusdam
827 5351 1073 5406 fratrum
1106 5352 1461 5410 nostrorum,
1487 5360 1589 5416 per
1632 5342 1807 5399 cellas
1840 5348 2074 5400 nostras

421 5432 942 5512 divertimus,quas
954 5438 1012 5493 in
1027 5434 1298 5494 Remensi
1313 5438 1369 5490 et
1382 5432 1759 5490 Laudunensi
1774 5432 2068 5505 episcopio

421 5530 805 5588 habebamus.
840 5527 923 5583 Ibi
963 5525 1196 5582 interim
1226 5540 1329 5597 per
1359 5523 1642 5579 domuum
1676 5519 2069 5593 Raginoldum

492 5636 603 5726 (63)
636 5634 763 5737 Haec
795 5649 911 5728 non
944 5634 1171 5692 exstant
1196 5629 1348 5709 apud
1388 5625 1782 5691 Fulchsrium.

2191 3325 2449 3379 virorum
2479 3341 2548 3379 ea
2574 3324 2826 3380 conditio
2854 3329 2941 3380 est
2972 3326 3315 3399 interposita
3345 3333 3401 3384 et
3421 3329 3667 3401 signatis
3688 3328 3846 3385 litte-

2193 3412 2273 3469 ris
2305 3413 2556 3468 ﬁrmata.
2591 3412 2680 3467 Me
2711 3429 2776 3468 eo
2808 3418 2976 3486 pacto
3007 3415 3219 3488 privari
3252 3418 3544 3486 consensi,
3575 3417 3624 3474 si
3678 3433 3846 3474 com-

2193 3502 2390 3557 munis
2419 3518 2736 3558 consensus
2760 3502 3143 3560 fratrumloco
3177 3520 3304 3561 meo
3335 3505 3573 3579 eligeret
3592 3522 3847 3579 praeesse

2193 3590 2307 3646 sibi
2337 3591 2650 3663 quemdam
2682 3591 3059 3664 Bcringerum
3090 3592 3359 3648 abbatem
3408 3594 3467 3650 S.
3522 3594 3844 3662 Laurentii,

2193 3680 2291 3752 qui
2309 3679 2473 3752 prius
2490 3678 2811 3735 monachus
2835 3680 3014 3735 nostri
3038 3681 3305 3752 coenobii,
3328 3682 3594 3737 eamdem
3610 3687 3847 3739 senten-

2192 3768 2330 3823 tiam
2364 3785 2542 3840 quam
2575 3768 2903 3835 tuebamur,
2936 3767 3242 3824 videbatur
3287 3768 3459 3825 tueri.
3513 3770 3628 3827 Hoc
3675 3771 3841 3828 idem

2191 3858 2313 3913 ﬁeri
2329 3857 2688 3926 censuimus,
2703 3857 2932 3912 utidem
2948 3852 3293 3930 Beringerus
3312 3874 3346 3914 a
3358 3858 3574 3915 domno
3589 3860 3841 3919 Henrico

2188 3945 2505 4002 venerabili
2537 3944 2807 4017 pontiﬁce
2828 3948 3200 4001 consecratus
3227 3946 3284 4001 in
3307 3946 3597 4014 abbatem,
3620 3946 3843 4006 iteran-

2191 4035 2276 4090 daa
2307 4032 2756 4090 consecrationis
2788 4033 2860 4088 ab
2893 4032 3128 4089 Otberto
3158 4035 3365 4091 vitaret
3398 4036 3834 4095 necessitatem.

2191 4123 2350 4189 Quod
2385 4138 2519 4177 cum
2550 4121 2790 4177 omnino
2842 4121 3031 4178 facere
3081 4121 3279 4192 nollet,
3327 4128 3386 4181 et
3432 4125 3605 4182 taedio
3651 4125 3836 4198 hujus

2190 4209 2485 4266 dilationis
2532 4209 2807 4266 Otbertus
2847 4209 3181 4284 eligendum
3233 4213 3504 4270 abbatem
3557 4214 3839 4273 fratribus

2189 4297 2490 4367 indiceret,
2523 4303 2581 4355 et
2609 4298 2694 4353 illi
2725 4301 3038 4372 quemdam
3061 4318 3302 4358 suorum
3324 4303 3716 4359 communiter
3734 4303 3840 4360 eli-

2189 4391 2412 4461 gerent,
2438 4388 2613 4444 frater
2632 4387 2908 4445 Wiredus
2930 4389 3233 4446 nobiscum
3256 4391 3394 4447 olim
3410 4407 3589 4448 causa
3607 4393 3837 4449 tuende

2190 4476 2325 4532 ﬁdei
2351 4492 2625 4548 egressus
2654 4478 2726 4534 de
2758 4478 3131 4546 monasterio,
3163 4484 3221 4536 et
3250 4480 3470 4537 Otberti
3502 4484 3642 4537 tunc
3672 4496 3838 4538 acer-

2113 4584 2159 4649 Ι)
2191 4564 2376 4622 rimus
2391 4566 2785 4640 impugnator,
2802 4568 3085 4639 praedictae
3101 4584 3334 4640 quoque
3347 4567 3648 4626 electionis
3658 4585 3838 4642 spon-

2190 4657 2400 4709 taneus
2431 4658 2704 4722 assertor,
2737 4656 2923 4710 eidem
2954 4655 3135 4711 electo
3168 4658 3482 4729 persuasit,
3506 4661 3571 4713 ut
3600 4657 3841 4715 interim

2188 4741 2347 4797 domi
2376 4747 2650 4810 cessaret,
2686 4760 2758 4799 ne
2786 4742 3036 4816 gratiam
3066 4743 3366 4801 electionis
3395 4763 3513 4802 suae
3537 4747 3688 4803 dono
3736 4762 3840 4802 ex-

2187 4831 2601 4886 communicati
2630 4830 2910 4895 inﬁceret,
2933 4831 3175 4904 ipseque
3198 4834 3269 4888 ad
3291 4832 3596 4890 Otbertum
3617 4850 3678 4890 se
3701 4850 3837 4890 con-

2186 4918 2341 4980 tulit,
2374 4923 2429 4974 et
2462 4924 2668 4991 praeter
2705 4918 3121 4976 conscientiam
3168 4925 3429 4978 nostram
3479 4929 3536 4980 et
3581 4923 3832 4978 fratrum

2186 5007 2525 5062 electionem
2555 5008 2626 5062 de
2650 5024 2826 5062 manu
2849 5007 3069 5064 Otberti
3092 5010 3385 5067 abbatiam
3410 5001 3644 5067 invasit.
3666 5011 3835 5084 Cogi-

2184 5095 2505 5150 tationibus
2528 5100 2723 5151 autem
2746 5097 2874 5167 ejus
2896 5113 2959 5153 se
2974 5097 3218 5155 invicem
3236 5098 3670 5168 accusantibus,
3692 5116 3831 5156 eum

2184 5199 2247 5239 se
2277 5181 2616 5255 aliquandiu
2649 5201 2684 5241 a
2722 5185 3100 5259 suscipienda
3144 5188 3577 5246 consecratione
3606 5187 3833 5245 Otberti

2182 5271 2572 5341 subtraheret,
2604 5278 2662 5330 et
2690 5274 2962 5331 Otbertus
2992 5275 3103 5333 hoc
3124 5276 3315 5349 ipsum
3341 5276 3673 5351 intelligens
3694 5293 3834 5334 cum

2181 5361 2253 5416 ad
2286 5362 2745 5418 consecrandum
2775 5363 2989 5437 saepius
3014 5371 3297 5429 evocaret,
3332 5367 3542 5423 fratres
3572 5381 3837 5422 commu-

2180 5448 2414 5507 nionem
2445 5454 2503 5509 st
2532 5451 2955 5537 subjectionem
2988 5470 3158 5514 suam
3179 5455 3659 5526 contradixerunt
3676 5458 3754 5525 et,
3775 5454 3840 5514 si
