3990 6156
40 5977 46 6103 l

154 337 272 403 557

1331 342 1736 403 EPIS'I‘OL/E
1781 341 1878 402 ET
1925 340 2388 404 PRIVILEGIA.

3441 347 3561 410 558

155 476 228 530 ab
259 475 497 531 Otherto
528 480 826 547 pateretur
857 475 1214 530 consecrari.
1253 475 1461 530 Praeter
1491 475 1690 529 omnia
1706 491 1805 530 au-
1836 477 1892 542 Α
1922 475 2088 541 tissa,
2119 492 2262 532 uxor
2276 477 2550 531 Bernardi
2573 477 2807 532 comitis
2830 477 3215 544 Pictavorum,
3235 494 3338 551 pro
3364 477 3555 536 salute

153 568 272 620 tem
299 580 426 636 quae
449 581 629 636 supra
648 564 925 632 diximus,
942 565 1220 635 gravabat
1232 562 1532 618 ecclesiam
1549 567 1808 618 castrum

156 653 456 726 quoddam
519 669 634 708 non
693 653 862 724 longe
893 653 962 708 ab
994 669 1061 708 ea
1091 652 1292 720 situm,
1327 653 1480 724 quod
1527 652 1809 708 Henricus

155 741 469 814 episcopus
487 743 874 809 destruxerat,
912 745 966 797 et
999 758 1069 796 ne
1103 740 1234 813 quis
1283 740 1426 796 illud
1471 744 1806 807 restrueret,

154 838 440 904 perpetuo
457 830 830 886 anathemate
863 831 1258 885 damnaverat.
1294 829 1410 884 Hoc
1440 829 1810 884 anathemate

155 919 591 992 postposito,ad
621 919 1061 990 oppressionem
1083 916 1419 973 monasterii
1451 915 1596 972 illud
1629 917 1808 992 refor-

156 1013 438 1072 maverat,
471 1012 528 1063 et
583 1007 789 1063 fratres
848 1025 1061 1080 corpus
1111 1007 1171 1061 Β.
1209 1006 1475 1074 Huberti,
1508 1006 1676 1078 quasi
1735 1005 1806 1062 ad

154 1097 537 1152 obtinendam
563 1096 1023 1152 miscricordiam
1044 1095 1143 1150 illo
1166 1096 1508 1164 deferentcs,
1524 1111 1712 1167 usque
1734 1094 1806 1150 ad

156 1185 822 1260 sanguiniseﬁ'usionem
847 1186 1084 1258 propria
1097 1203 1275 1240 manu
1300 1183 1807 1240 mactaveratﬂzec

157 1277 360 1332 omnia
379 1292 515 1331 cum
538 1276 608 1331 de
625 1274 862 1330 Otberto
879 1273 1159 1330 Wiredus
1182 1279 1400 1341 nosset,
1421 1279 1586 1346 rapto
1611 1277 1806 1328 tamen

155 1364 339 1421 semel
372 1364 592 1420 honore
639 1363 854 1437 privari
907 1362 1122 1430 timuit,
1159 1367 1214 1418 et
1245 1367 1470 1418 mutata
1497 1361 1805 1428 sententia,

156 1471 340 1527 quam
365 1453 674 1509 nobiscum
706 1456 994 1520 tenuerat,
1033 1452 1128 1508 Dei
1153 1450 1398 1524 gloriam
1431 1450 1806 1523 contempsit,

154 1547 214 1599 et
242 1559 416 1600 suam
475 1541 756 1614 quaesivit,
791 1541 992 1614 sicque
1023 1545 1398 1597 consecratus
1428 1542 1498 1594 ab
1549 1541 1805 1608 Otherto,

153 1632 358 1687 invitis
417 1631 717 1698 fratribus,
752 1648 854 1703 pro
916 1635 1077 1702 patre
1109 1647 1170 1686 se
1200 1629 1483 1684 violenter
1536 1628 1803 1701 ingessit.

153 1722 276 1776 Hac
298 1719 698 1792 indignatione
727 1720 934 1774 fratres
957 1718 1227 1791 dispersi,
1261 1736 1394 1774 cum
1426 1719 1806 1791 insequeren-

1919 581 2025 622 sua
2049 565 2353 638 utriusque
2372 566 2462 621 sui
2493 569 2548 620 et
2578 583 2681 638 pro
2708 567 3020 621 animabus
3043 566 3298 623 ﬁliorum
3318 585 3563 625 suorum

1919 655 2326 711 defunctorum
2339 701 2352 724 ,
2365 654 2590 711 Warini
2614 654 2835 710 scilicet
2856 659 2912 710 et
2941 654 3246 726 Willelmi,
3265 660 3565 714 monaste-

1919 745 2071 800 rium
2090 743 2334 800 Blasiliae
2360 745 2415 799 in
2439 744 2672 817 praediis
2703 744 2828 800 suis
2868 745 3173 800 constituit
3204 749 3378 818 atque
3407 746 3563 804 circa

1919 833 2324 904 adjacentibus
2345 833 2568 905 campis
2593 838 2650 888 et
2677 831 2834 889 villis
2864 837 2921 888 et
2950 832 3213 890 ecclesiis
3245 835 3562 891 sanctimo-

1919 923 2104 978 niales
2121 922 2236 978 Deo
2253 923 2568 978 servientes
2585 922 2667 976 ibi
2690 922 2844 978 unde
2881 922 3140 978 viverent
3178 922 3558 981 hareditavit.

1918 1010 2133 1068 Deinde
2166 1010 2476 1083 diligenter
2506 1011 2748 1067 Romam
2772 1011 2994 1084 petivit,
3023 1011 3340 1084 ipsumque
3371 1029 3561 1069 coeno-

1919 1099 2079 1155 bium
2103 1100 2268 1155 beato
2293 1101 2456 1155 Petro
2481 1100 2741 1172 apostolo
2781 1103 2957 1173 atque
2990 1100 3260 1174 episcopo
3293 1100 3391 1174 qui
3421 1105 3562 1160 tunc

1917 1189 2196 1260 temporis
2222 1187 2551 1260 apostolicae
2578 1189 2700 1244 sedi
2734 1189 3082 1262 praesidebat
3101 1189 3161 1245 in
3181 1189 3414 1262 proprio
3427 1190 3562 1261 jure

1918 1277 2223 1332 concessit.
2241 1277 2367 1349 Ipse
2381 1281 2572 1332 autem
2596 1295 2747 1350 papa
2763 1277 2898 1333 huic
2917 1279 3068 1334 dono
3083 1278 3332 1351 benigne
3362 1278 3564 1335 favens

1919 1367 2180 1438 quinque
2209 1365 2427 1422 solidos
2457 1372 2703 1422 moneta:
2731 1367 3110 1424 Pietaviensis
3157 1371 3358 1424 sancto
3394 1369 3563 1424 Petro

1919 1454 2096 1511 semel
2128 1454 2186 1509 in
2210 1472 2361 1510 anno
2394 1453 2565 1528 [dari]
2600 1455 2876 1526 decrevit,
2911 1456 3152 1528 insuper
3209 1456 3385 1512 etiam
3418 1473 3562 1528 apo-

1918 1544 2106 1600 stolici
2137 1543 2425 1616 privilegii
2451 1544 2795 1600 auctoritate
2826 1544 2982 1601 idem
3013 1545 3347 1601 cmnobium
3379 1546 3558 1602 abba-

1915 1634 2060 1689 tiam
2091 1632 2512 1688 monachorum
2545 1633 2601 1687 in
2634 1636 2983 1706 perpetuum
3015 1633 3342 1702 constituit,
3379 1633 3562 1690 altare

1915 1723 2090 1780 etiam
2109 1723 2263 1794 quod
2292 1722 2480 1778 adhuc
2498 1721 2783 1777 habemus
2813 1739 2924 1778 sua
2951 1722 3188 1794 propria
3216 1739 3396 1778 manu
3427 1739 3563 1778 cen-

151 1815 254 1864 tur
282 1808 357 1864 ab
378 1825 466 1876 eo,
491 1807 842 1880 quibusdam
867 1807 1246 1863 saecularibus
1277 1807 1582 1863 conductis
1608 1806 1806 1862 confu-
1835 1842 1882 1906 Β
1918 1816 2209 1869 secratum
2267 1827 2370 1882 per
2423 1811 2613 1882 ipsam
2646 1814 2977 1866 matronam
3008 1811 3176 1868 nobis
3207 1809 3560 1868 transmisit.

151 1902 370 1972 gerunt
391 1895 672 1952 auxilium
691 1895 962 1953 Ecclesia:
984 1896 1289 1952 Remensis
1303 1902 1359 1953 et
1373 1896 1801 1952 Laudunensis.

153 1989 238 2044 Eo
288 2003 520 2059 quoque
575 1985 703 2042 illos
751 1990 1160 2058 prosequente,
1208 2003 1340 2041 cum
1392 1987 1449 2042 in
1498 1985 1808 2059 praesentia

153 2076 360 2132 domui
393 2076 660 2131 Manasse
697 2079 1012 2130 Remorum
1047 2075 1304 2149 episcopi
1331 2080 1387 2132 et
1437 2075 1807 2148 Engelramni

155 2164 572 2223 Laudunensis
627 2163 880 2236 episcopi
942 2181 1138 2220 rerum
1173 2169 1466 2236 gestarum
1507 2165 1656 2220 inter
1702 2181 1809 2219 nos
1858 2196 1861 2198 -

155 2255 310 2310 ratio
331 2255 514 2325 ﬁeret,
541 2269 611 2308 ex
638 2253 866 2308 decreto
895 2253 1207 2326 utriusque
1240 2254 1473 2308 ﬁrmata
1516 2257 1606 2309 est
1638 2252 1808 2309 nobis

157 2343 474 2411 sententia,
502 2342 659 2398 adire
691 2358 796 2398 nos
828 2343 1102 2397 Romanae
1148 2342 1304 2397 sedis
1347 2341 1728 2410 audientiam,
1755 2345 1811 2396 et

157 2449 342 2508 super
359 2431 452 2487 his
470 2435 726 2487 vestrum
743 2436 1080 2503 exspectare
1094 2429 1384 2501 judicium
1419 2436 1475 2484 et
1490 2429 1805 2502 justitiam.

157 2522 448 2578 Venimus
475 2536 611 2593 ergo
643 2519 754 2576 huc
789 2519 1108 2576 multorum
1132 2519 1538 2592 religiosorum
1569 2519 1810 2591 impulsi

158 2611 694 2684 eonsilio,quorum
717 2609 972 2666 maxima
985 2609 1338 2681 exspectatio
1371 2626 1440 2664 ex
1463 2614 1662 2664 nostro
1675 2625 1812 2681 pen-

159 2703 262 2758 det
318 2699 669 2773 spectaculo,
703 2701 768 2754 ut
817 2698 902 2754 vel
959 2715 1028 2754 ex
1063 2703 1262 2754 nostra
1311 2697 1707 2753 consolatione
1738 2698 1810 2752 ad

161 2791 561 2848 defensionem
576 2805 720 2846 vera:
736 2786 864 2844 ﬁdei
879 2792 1153 2843 etvestrae
1169 2785 1466 2842 ﬁdelitatis
1479 2786 1808 2858 proficiant,

159 2880 268 2949 Vel,
297 2879 454 2952 quod
478 2877 649 2944 absit,
682 2895 748 2933 ex
781 2881 980 2932 nostra
1011 2875 1367 2932 desolatione
1401 2880 1457 2930 et
1495 2875 1812 2932 defectione

160 2975 218 3026 et
249 2969 362 3042 ipsi
420 2967 710 3023 deﬁciant.
748 2964 1044 3022 Consulite
1103 2965 1284 3036 igitur
1315 2969 1516 3019 vestrae
1541 2964 1809 3035 justitize,

157 3057 576 3124 vestraet'amaz,
603 3059 924 3126 vestraeque
973 3053 1324 3119 auctoritati,
1361 3070 1433 3107 ne
1489 3052 1810 3108 inﬁdelium

1914 1899 2306 1972 Apostolicam
2325 1898 2558 1971 quidem
2582 1899 3008 1956 absolutionem
3030 1904 3087 1956 et
3098 1899 3564 1957 benedictionem

1917 1990 2134 2045 nostris
2164 1987 2630 2043 benefactoribus
2656 2007 2669 2056 ;
2695 1989 3356 2046 excommunicationem
3388 1993 3565 2061 atque

1918 2076 2590 2144 anathematizationem,
2612 2076 2968 2132 calumniam
3001 2081 3178 2150 atque
3203 2077 3564 2150 inquietudi-

1919 2184 2053 2223 nem
2069 2165 2238 2220 nobis
2253 2165 2640 2220 inferentibus
2653 2164 3125 2236 propriislitteris
3143 2183 3377 2238 semper
3393 2167 3566 2223 nobis

1918 2253 2156 2312 notavit.
2187 2254 2289 2309 His
2319 2252 2497 2324 igitur
2528 2252 2884 2310 ﬁrmissimis
2911 2254 3160 2310 decretis
3191 2259 3250 2310 et
3277 2254 3559 2311 constitu-

1917 2343 2178 2400 tionibus
2193 2346 2458 2397 nostrum
2483 2341 2905 2397 monasterium
2923 2341 3271 2399 aediﬁcatum
3285 2358 3419 2398 cum
3437 2360 3563 2400 om-

1921 2435 2095 2490 nibus
2148 2431 2317 2487 nobis
2364 2430 2726 2503 appendiciis
2759 2430 2858 2484 diu
2891 2430 2947 2485 in
2981 2447 3122 2503 pace
3146 2435 3203 2486 et
3231 2447 3447 2504 magna
3501 2431 3562 2486 in

1919 2521 2302 2596 prosperitate
2325 2520 2666 2592 permansit.
2701 2519 2910 2576 Statim
2943 2524 3010 2575 ut
3039 2520 3224 2576 Roma
3254 2525 3563 2593 caput'no-

1917 2618 2106 2668 strum
2137 2615 2193 2666 et
2217 2607 2479 2666 defensio
2513 2611 2714 2664 nostra
2743 2607 3060 2680 inquietari
3114 2613 3172 2666 et
3230 2609 3563 2683 perturbari

1919 2701 2111 2773 cmpit,
2127 2701 2568 2755 insurrexerunt
2583 2697 2855 2753 monachi
2869 2701 3022 2753 Casta
3044 2697 3166 2767 Dei,
3186 2702 3242 2756 et
3261 2697 3568 2756 ecclesiam

1919 2789 2115 2846 Sancti
2166 2786 2444 2859 Stephani
2504 2787 2950 2859 protomartyris
2998 2791 3055 2844 et
3111 2787 3308 2844 Sancti
3359 2787 3566 2845 Leonis

1921 2896 2082 2952 papa!
2127 2876 2292 2931 urbis
2351 2877 2568 2941 Romae,
2602 2891 2776 2947 quem
2827 2875 3094 2944 Romani,
3129 2877 3267 2948 quia
3323 2877 3564 2935 Carolus

1921 2969 2239 3039 imperator
2258 2963 2431 3034 elegit
2449 2981 2606 3032 eum,
2629 2969 3079 3033 excaecaverunt,
3113 2982 3327 3038 corpus
3370 2967 3563 3037 cujus,

1923 3061 1988 3111 ut
2011 3054 2326 3118 credimus,
2353 3052 2432 3106 ibi
2465 3052 2795 3123 requiescit,
2829 3069 3009 3108 manu
3043 3069 3108 3108 ac
3137 3052 3412 3110 violentia
3461 3071 3562 3110 cu-

162 3151 265 3202 aut
299 3144 606 3202 rebellium
628 3142 964 3200 violentiam
989 3160 1091 3216 per
1124 3142 1536 3215 impunitatem
1555 3158 1813 3198 crescere
1855 3210 1887 3216 _
1916 3144 2156 3216 jusdam
2191 3141 2444 3214 potentis
2473 3139 2750 3212 Stephani
2781 3141 3187 3197 Mercoriensis
3218 3141 3387 3198 nobis
3427 3159 3566 3198 con-

161 3235 376 3292 sinatis
399 3233 532 3305 (64).

935 3320 1029 3376 ΙΙΙ.

163 3412 408 3485 Ερίςςτοια
435 3410 768 3466 monialium
798 3410 1049 3485 Blasiliag
1081 3409 1388 3485 inﬁtiaris
1417 3408 1486 3465 ad
1537 3410 1816 3464 Urbanum

769 3497 974 3553 papam
996 3481 1046 3535 11
1075 3481 1208 3551 (65).

395 3575 652 3641 (ΒΑιυΖ.,
685 3569 910 3626 Misce“.
946 3569 1083 3624 edit.
1120 3569 1284 3637 Luc.,
1312 3568 1384 3635 II,
1419 3569 1566 3640 481.)

231 3679 482 3735 Summo
521 3675 760 3732 domino
782 3691 944 3748 papas
967 3674 1238 3730 Romanis
1268 3673 1538 3730 Ecclesiae
1571 3674 1814 3730 Unsmo

159 3767 407 3823 humilis
429 3782 568 3838 grex
594 3764 938 3821 monialium
971 3780 1073 3819 seu
1106 3762 1449 3819 clericorum
1476 3764 1814 3820 monasterii

159 3855 406 3911 Blasilia:
456 3856 517 3910 in
583 3853 828 3911 Domino
873 3853 1154 3925 optimam
1189 3851 1436 3924 gratiam
1478 3857 1533 3908 et
1564 3851 1816 3910 salutem

161 3945 420 4017 atquein
452 3943 730 3999 omnibus
761 3942 1100 4008 obedientize
1128 3940 1240 3997 sibi
1272 3942 1635 3996 servitutem.

222 4031 567 4106 Apostolica
612 4035 669 4088 et
712 4029 1065 4087 venerabilis
1105 4034 1208 4086 tua
1264 4029 1544 4103 dignitas,
1578 4031 1816 4088 domine

160 4126 353 4189 Pater,
375 4121 688 4177 manifeste
728 4120 873 4175 sciat
903 4124 960 4174 et
989 4119 1186 4174 credat
1214 4135 1322 4174 nos
1352 4118 1614 4189 quotidie
1653 4120 1817 4176 ﬂexis

161 4211 416 4284 genibus
447 4210 628 4265 Deum
651 4224 814 4264 orare
837 4212 900 4262 ut
921 4211 977 4262 te
999 4212 1250 4279 tuosque
1282 4205 1472 4262 salvos
1504 4212 1562 4262 et
1594 4207 1816 4264 incolu-

164 4316 289 4356 mes
321 4297 859 4355 custodiatnecnon
877 4297 1051 4368 digne
1081 4300 1136 4351 et
1155 4296 1529 4352 laudabiliter
1559 4298 1817 4370 regimen

162 4391 426 4445 vestrum
472 4386 630 4442 omni
660 4385 926 4442 Ecclesia:
956 4385 1148 4458 vigere
1179 4388 1235 4440 et
1265 4385 1576 4457 praesidere
1610 4403 1816 4444 conce-

163 4476 284 4532 dat.
309 4479 520 4531 Vestra
535 4475 690 4530 enim
713 4479 880 4546 targa
901 4474 1068 4530 nobis
1091 4490 1256 4529 arma
1275 4478 1331 4529 st
1379 4477 1615 4529 scutum
1655 4474 1814 4530 inex-

1845 3210 1888 3276 (οἶ
1917 3210 2229 3288 tradicenti
2239 3231 2348 3286 bus
2371 3210 2756 3295 abstulerunt,
2771 3231 2829 3284 et
2843 3228 3058 3284 auxilio
3071 3229 3292 3285 domini
3307 3230 3571 3286 Durandi

1923 3318 2419 3377 Claromontensis
2445 3316 2701 3389 episcOpi
2734 3317 2930 3389 ipsum
2962 3321 3280 3374 tenuerunt
3305 3317 3567 3391 quandiu

1922 3408 2064 3464 vixit
2080 3406 2452 3479 supradictus
2465 3405 2816 3477 Stephanus.
2836 3405 2970 3463 Post
2986 3410 3234 3463 mortem
3251 3422 3383 3464 vero
3415 3407 3566 3478 ejus,

1917 3497 2140 3570 judicio
2163 3494 2454 3568 przepositi
2484 3499 2541 3550 et
2571 3494 2799 3551 abbatis
2819 3493 3318 3552 Claromontensis
3343 3502 3569 3570 eptem

1924 3586 2242 3660 presbyteri
2303 3585 2486 3640 nostri
2509 3585 2857 3655 juraverunt
2913 3583 3175 3641 alodium
3204 3602 3333 3642 esse
3365 3585 3560 3642 sancti

1925 3676 2097 3742 Petri,
2127 3680 2191 3730 ut
2238 3673 2441 3730 altaris
2497 3671 2766 3742 Blasiliaa,
2801 3672 3116 3746 recipiente
3155 3673 3428 3747 episcopo
3457 3674 3568 3731 hoc

1925 3768 2381 3822 sacramentum.
2398 3762 2518 3834 Ipsi
2548 3765 2744 3817 tamen
2766 3761 3056 3828 monachi,
3081 3762 3272 3818 adhuc
3303 3762 3572 3832 rebelles,

1926 3859 2146 3911 rectum
2167 3853 2319 3924 quod
2342 3853 2836 3922 ﬁrmaveruntper
2855 3855 3079 3922 septem
3105 3849 3324 3907 milites
3345 3855 3570 3922 tenent,

1925 3937 2856 4011 etexcommunicationeepiscopi
2878 3937 3039 3994 illam
3057 3937 3364 3995 ecclesiam
3388 3939 3570 3994 desti-

1923 4036 2114 4088 tutam
2144 4034 2200 4086 et
2221 4030 2440 4100 absque
2461 4026 2783 4084 ministerio
2807 4026 3031 4082 faciunt
3060 4026 3568 4096 esse,ministrum

1927 4119 2101 4176 etiam
2132 4119 2261 4189 ejus
2309 4117 2367 4170 in
2419 4115 2660 4171 modum
2704 4113 2974 4188 sacrilegi
3023 4119 3187 4171 extra
3237 4114 3567 4172 ecclesiam.

1927 4209 2175 4280 Ideoque
2207 4204 2549 4278 suppliciter
2568 4208 2626 4260 et
2644 4204 2894 4277 benigne
2914 4219 3190 4278 rogamus
3222 4208 3280 4261 et
3306 4204 3575 4262 obsecra-

1928 4313 2062 4354 mus
2084 4300 2147 4351 ut
2175 4294 2659 4351 consuetudinem
2681 4309 2860 4364 quam
2883 4292 2970 4349 tui
2999 4297 3394 4352 antecessores
3425 4295 3574 4351 fece-

1929 4391 2083 4454 runt,
2128 4384 2323 4452 facies,
2351 4387 2407 4439 et
2436 4381 2742 4438 ecclesiam
2783 4399 2960 4454 quam
3011 4388 3360 4440 amaverunt
3397 4389 3576 4457 atque

1930 4474 2350 4530 monasterium
2376 4476 2644 4528 nostrum
2679 4487 2812 4528 cum
2831 4473 3108 4530 omnibus
3134 4474 3310 4530 rebus
3341 4473 3468 4530 suis
3499 4475 3573 4531 ab

164 4564 669 4640 pugnabiledebet
682 4563 1033 4620 esse.Vestri
1057 4567 1251 4618 autem
1277 4561 1822 4636 privilegiiauctori-
1850 4577 1897 4642 D
1927 4563 2225 4619 invasione
2248 4567 2304 4616 et
2332 4562 2627 4633 ereptione
2660 4560 3131 4633 supradictorum
3148 4563 3572 4620 monachorum

163 4659 251 4711 tas
291 4671 403 4710 nos
435 4657 595 4710 tutos
627 4670 692 4709 ac
723 4653 938 4708 liberos
969 4653 1041 4707 ab
1073 4652 1231 4708 omni
1259 4653 1510 4708 aliorum
1543 4651 1819 4708 servitute

165 4745 278 4800 sibi
302 4745 366 4798 in
395 4747 744 4816 perpetuum
769 4741 942 4797 debet
976 4741 1610 4813 babcre.Temporibus
1643 4741 1824 4814 igitur

160 4830 374 4902 priscis
387 4833 657 4885 matrona
677 4829 943 4902 quaedam
961 4829 1195 4886 nomine
1216 4830 1617 4902 Ermengarda
1635 4831 1820 4886 comi-

1929 4651 2142 4724 eripias
2171 4656 2228 4706 et
2251 4667 2356 4706 nos
2375 4667 2407 4705 a
2427 4649 2704 4706 servitute
2733 4649 2998 4707 omnium
3017 4650 3266 4708 aliorum
3289 4651 3348 4707 in
3379 4668 3577 4724 perpe-

1930 4747 2099 4796 tuum
2132 4743 2402 4812 protegas
2432 4743 2488 4794 et
2517 4738 2814 4796 defendas.
2847 4740 3005 4797 Vale.

165 4980 457 5052 (Epistolas
489 4979 544 5034 S.
578 4979 823 5034 ΑγιεεὶΜί
865 4979 1292 5052 ϐᾳηιυανίθηδίδ.
1318 4980 1882 5048 IvmzisCarnoIensis,
1937 4980 2180 5050 Hugonis
2227 4975 2622 5052 Lugdunensis.
2681 4976 2937 5052 Hugomfs‘
2975 4975 3371 5052 Cluniacensis,
3425 4976 3572 5052 Rey-

229 5048 396 5106 natdi
427 5052 725 5124 Remenais,
759 5050 1036 5106 Lambertz'
1055 5051 1441 5120 Atrebatensis,
1475 5053 1712 5124 ϐοηνίάὶ
1744 5048 2178 5117 Vindocinénsis,
2211 5050 2282 5103 ad
2304 5049 2588 5105 URBANUM
2607 5048 2968 5120 papam,vz‘de
2995 5049 3139 5103 inter
3165 5061 3352 5101 eorum
3371 5048 3578 5118 scripta

233 5139 373 5179 more
400 5121 654 5194 edenda.)

235 5249 354 5319 (64)
403 5247 667 5321 Recitata
720 5245 780 5300 in
838 5245 1148 5321 praesentia
1177 5244 1394 5321 Urbani
1448 5264 1608 5321 papa:
1640 5249 1820 5321 hujus

169 5315 451 5391 clamoris
480 5318 713 5391 pagina,
733 5322 790 5372 et
813 5315 857 5391 ai
876 5315 1154 5391 Romanis
1184 5319 1399 5389 saepius
1429 5315 1486 5373 et
1515 5315 1824 5390 diligenter

169 5389 781 5456 ventilata,’ab'batem
813 5389 896 5444 sic
953 5389 1297 5444 destitutum
1345 5391 1417 5444 ob
1479 5391 1822 5448 ﬁdelitatem

169 5461 430 5517 ecclesia:
489 5463 760 5516 Romanis
813 5458 1260 5529 condoluerunt,
1293 5463 1350 5515 et
1380 5459 1476 5515 W.
1512 5462 1624 5517 nisi
1681 5465 1822 5519 resi-

168 5533 448 5604 pisceret,
481 5535 538 5604 et
569 5530 693 5587 loco
734 5530 982 5604 cederet,
1016 5531 1642 5604 excommunicandum
1702 5535 1825 5592 sine

170 5601 460 5659 dilatione
491 5602 890 5674 decreverunt.
923 5601 1519 5674 Suﬁraganteautem
1552 5605 1823 5674 Rainero,

210 5675 270 5749 ui
296 5675 536 5730 Urbano
569 5673 627 5729 in
669 5673 1010 5749 pontiﬁcatu
1065 5673 1364 5749 successit.
1417 5681 1556 5749 tunc
1590 5679 1827 5749 quidem

165 5691 270 5804 qui
301 5691 536 5730 urbano
569 5691 627 5729 1n
669 5691 1010 5746 pontlllcatu
1065 5691 1364 5736 successu.
1417 5691 1556 5730 tunc
1590 5691 1827 5749 quidem

170 5818 180 5822 _
207 5745 360 5822 ilata
378 5749 471 5822 est
484 5744 776 5822 sententia
803 5744 923 5801 hinc
955 5744 1600 5822 excommunicationis,
1632 5764 1827 5822 usque

165 5818 229 5880 in
261 5817 426 5884 diem
457 5817 608 5883 inter
635 5821 916 5896 utrosque
964 5815 1297 5893 praestituta:
1340 5815 1745 5881 discussionis"
1779 5821 1831 5882 si

1933 5249 2078 5304 forte
2109 5244 2454 5302 adveniente
2483 5243 2720 5301 Wiredo
2751 5242 2965 5299 certior
2991 5242 3157 5315 fleret
3197 5243 3426 5315 agenda
3455 5243 3577 5301 dis-

1932 5319 2148 5375 cussio.
2185 5316 2289 5372 Illo
2347 5316 2504 5371 domi
2563 5321 2919 5387 remanente,
2953 5314 3252 5387 probatus
3289 5317 3378 5370 est
3409 5316 3577 5387 quasi

1932 5389 2206 5448 conscius
2223 5387 2403 5460 culpa:
2420 5387 2752 5460 condictam
2768 5386 2879 5440 sibi
2913 5384 3271 5460 audientiam
3290 5384 3581 5443 subterfu-

1932 5463 2110 5535 gisse.
2139 5455 2392 5542 Ideoque
2407 5458 2479 5540 .in
2512 5457 2877 5542 solemnitate
2920 5455 3577 5542 omnium‘Sanctorum

1933 5527 2532 5590 Excommunicatione
2565 5545 2598 5584 a
2627 5544 2778 5600 papa
2798 5528 3072 5600 formata,
3105 5531 3175 5600 et,
3190 5527 3327 5585 data
3383 5545 3580 5588 coram

1935 5623 1998 5662 se
2027 5603 2294 5674 ejusdem
2325 5597 2946 5674 excommunicationis
2964 5597 3238 5674 epistola.

2007 5671 2122 5806 95%
2151 5675 2296 5733 Vide
2355 5674 2456 5732 lib.
2517 5690 2534 5732 ι
2577 5673 2721 5730 Hist.
2779 5671 3024 5748 geneal.’
3063 5673 3254 5750 gentis
3308 5675 3573 5750 Arvern.,

1937 5763 2064 5824 cap.
2103 5763 2150 5809 ι.
