4000 6168
356 219 479 285 N3

1657 217 1728 280 B.
1777 215 2070 280 URBANI
2114 216 2168 280 II
2211 216 2464 280 PAP/E.

3645 223 3779 292 ὅθι

356 354 576 422 menta,
599 365 797 411 coram
822 348 1111 427 episcogis
1141 354 1195 410 et
1227 348 1621 409 cardinalibus
1653 346 1997 407 multorum-
2023 352 2080 419 Α
2103 350 2275 407 strata
2302 367 2486 408 versus
2516 348 2909 411 Bellumiocum
2935 349 3206 410 terminus
3229 356 3334 423 est,
3368 353 3557 413 contra
3580 355 3774 430 quad-

361 448 476 517 que‘
505 441 791 517 personis,
834 441 1245 514 hujuscemodi
1291 456 1619 496 sermonem
1677 439 1885 496 habuit
1934 439 2004 495 ad

361 531 650 607 pepulum
675 547 687 586 :

432 622 626 679 Sancti
654 622 844 676 Patres
873 627 923 675 et
949 620 1185 691 majores
1238 618 1415 673 nostri
1444 618 1679 671 Romani
1702 616 2004 688 pontiﬁces,

365 713 462 785 qui
488 713 695 768 sanctae
720 709 865 765 sedis
892 707 1198 779 apostolicae
1220 707 1611 777 praesederunt,
1630 723 1700 761 ex
1727 721 1831 776 quo
1862 705 2009 760 locus

369 801 662 856 Ctuniacus
717 798 999 853 institutus
1055 799 1133 850 est
1173 794 1241 850 ab
1299 797 1480 863 initio,
1512 798 1563 850 et
1618 795 2010 850 monasterium

365 889 513 945 istud
537 885 851 958 fundatum,
885 892 997 940 tam
1053 885 1232 939 locum
1263 884 1408 939 hunc
1437 901 1603 955 quam
1645 886 1893 949 rectores,
1926 882 2009 937 vel

365 977 691 1032 habitatores
720 975 835 1043 eius
886 974 1207 1045 propensius
1263 973 1594 1040 dilexerunt,
1654 976 1926 1044 foverunt,
1959 978 2010 1026 et

360 1065 691 1121 curaverunt
731 1064 1013 1118 attentius.
1045 1063 1112 1117 Et
1162 1063 1379 1117 merito.
1410 1063 1549 1117 Nam
1573 1062 1698 1133 pius
1750 1061 1847 1115 ille
1880 1059 2008 1115 Wil-

363 1154 580 1223 telmus,
608 1153 768 1208 istius
797 1152 931 1208 olim
979 1152 1297 1206 monasterii
1345 1151 1645 1217 institator,
1698 1150 1850 1209 nulli
1904 1150 2011 1204 alii

361 1242 638 1310 advocato,
667 1241 815 1296 nulli
838 1240 1241 1312 potrono,nulli
1267 1240 1405 1308 regi,
1438 1240 1521 1293 vel
1547 1240 1792 1311 principi
1817 1254 2011 1294 curam

362 1332 537 1405 ipsius
591 1331 924 1402 tutelamque
972 1328 1385 1397 commendavit,
1438 1329 1552 1383 nisi
1601 1329 1705 1383 Deo
1748 1336 1800 1383 et
1858 1327 2010 1383 beato

361 1422 540 1489 Petro,
567 1420 786 1492 ejusque
812 1419 1056 1485 vicariis,
1090 1419 1348 1473 Romanis
1376 1418 1584 1472 scilicet
1635 1416 2005 1489 pontiﬁcibus.

364 1510 606 1579 Quorum
633 1524 862 1565 numero
890 1507 973 1563 vel
1002 1506 1191 1563 ordini
1235 1506 1425 1562 divina
1455 1523 1540 1561 me
1565 1505 1831 1575 dignatio,
1888 1506 2013 1562 licet

363 1599 674 1670 indignum,
704 1597 1010 1663 associavit,
1044 1612 1131 1651 me
1159 1597 1291 1652 olim
1319 1595 1648 1651 monachum
1661 1596 2009 1667 prioremque

362 1687 689 1743 monasterii
717 1685 880 1781 hujus
915 1685 1043 1781 sub“
1069 1683 1264 1740 domno
1294 1699 1358 1738 ac
1412 1684 1711 1781 venerabili
1766 1685 2003 1781 Hugone,
2040 1715 2088 1781 Β

365 1776 464 1832 Dei
516 1773 897 1831 misericordia
951 1772 1128 1828 adhuc
1186 1774 1478 1844 superstite
1544 1775 1593 1827 et
1642 1772 2003 1828 benevolente.

364 1866 543 1936 Igitur
582 1865 725 1919 sicut
760 1863 1042 1935 pontiﬁces
1096 1862 1300 1917 summi
1345 1865 1473 1916 ante
1520 1876 1608 1916 me
1634 1861 2004 1918 succedebant.

362 1954 472 2010 sibi
502 1954 559 2008 in
588 1952 881 2026 apostolica
924 1950 1064 2019 sede,
1115 1954 1486 2007 successerunt
1541 1951 1710 2006 etiam
1737 1951 1808 2006 ad
1854 1958 2007 2006 tuen-

364 2043 494 2099 dum
520 2041 931 2112 curandumque
979 2040 1298 2113 propensius
1328 2040 1506 2095 locum
1537 2040 1724 2094 istum.
1789 2041 2007 2096 Verum-

366 2139 550 2188 tamen
577 2130 769 2186 nullus
797 2144 986 2185 eorum
1026 2144 1128 2199 per
1157 2144 1318 2183 suam
1375 2128 1711 2199 corporalem
1761 2143 2007 2200 praesen-

364 2220 503 2275 tiam
531 2219 708 2274 locum
739 2218 905 2272 istum
955 2218 1214 2272 hactenus
1241 2217 1504 2271 visitavit.
1538 2216 1673 2270 Mihi
1700 2232 1844 2283 vero,
1874 2219 2013 2273 sicut

364 2308 867 2380 impraesentiarum
893 2305 1140 2374 cernitis,
1173 2302 1229 2359 id
1256 2303 1447 2359 divina
1499 2306 1753 2360 concessit
1776 2306 2009 2361 clemen-

361 2398 463 2453 tia.
494 2392 738 2468 Denique
765 2398 909 2451 inter
938 2395 1080 2450 alias
1105 2409 1300 2449 causas
1329 2408 1455 2464 qua
1483 2409 1582 2450 nos
1610 2393 1681 2448 ad
1708 2394 2012 2450 visitandas

365 2484 571 2543 Gallias
600 2483 960 2557 impulerunt,
1018 2482 1130 2538 hac
1154 2484 1339 2554 prima
1391 2491 1441 2537 et
1483 2485 1765 2555 praecipua
1814 2486 1923 2555 fuit
1952 2488 2012 2539 ut

364 2574 544 2632 locum
570 2576 737 2630 istum
783 2580 834 2629 et
886 2573 1353 2644 congregationem
1408 2571 1549 2627 hanc
1600 2573 1827 2643 speciali
1856 2574 2012 2629 nobis

360 2664 681 2734 cognatione
708 2677 1029 2733 germanam
1056 2663 1244 2716 nostra
1260 2662 1554 2731 praesentia
1582 2660 2008 2731 laetiﬁcaremus,

362 2760 543 2809 nostro
585 2766 799 2807 accessu
829 2754 880 2806 et
911 2750 1150 2822 alloquio
1196 2749 1537 2821 juvoremus,
1597 2758 1648 2804 et
1677 2750 1747 2804 ad
1800 2766 2013 2806 omnem

363 2841 662 2898 utilitatem
687 2839 771 2895 vel
799 2836 1137 2895 commodum
1166 2845 1414 2893 nostram
1441 2839 1521 2893 eis
1551 2854 1774 2910 operam
1802 2840 2009 2911 impen-

362 2931 632 2988 deremus.
669 2933 858 3002 Itaque
886 2928 976 2984 hic
1004 2928 1276 2984 vobiscum
1308 2927 1466 2984 hodie
1488 2932 1805 3000 praesentes,
1837 2930 2014 2986 altare

362 3022 608 3094 primum
635 3024 689 3074 et
716 3018 899 3091 majus
919 3034 1044 3073 cum
1071 3019 1283 3075 caeteris
1313 3032 1439 3088 quae
1472 3025 1673 3089 parata
1699 3021 1847 3086 sunt,
1882 3021 2012 3075 novi

2115 441 2357 507 ruvium,
2388 442 2529 513 quod
2554 445 2636 498 est
2663 442 2891 514 desuper
2917 443 3293 499 molendinum
3317 445 3594 501 cellerarii
3635 446 3775 503 Clu-

2115 530 2385 585 niacensis
2432 533 2573 586 citra
2628 533 2893 603 Viengias.
2971 533 3123 588 Ultra
3188 531 3511 589 Cluniacum
3580 551 3778 592 versus

2116 617 2377 684 Masilias,
2435 621 2701 674 terminus
2750 624 2831 674 est
2883 619 2953 675 ad
3009 620 3234 685 bivium,
3303 621 3446 677 unde
3498 639 3612 679 una
3676 625 3776 680 via

2119 705 2291 761 tendit
2317 706 2389 761 ad
2432 708 2693 775 Masilias,
2751 709 2927 764 altera
2973 708 3044 763 ad
3102 708 3360 765 Sanctam
3414 711 3647 768 Mariam
3702 713 3776 770 de

2118 796 2301 850 Basco.
2336 795 2509 868 Super
2538 798 2823 868 Ruﬁacum
2851 799 3119 853 terminus
3169 806 3248 854 est
3276 799 3347 854 ad
3399 803 3774 858 summitatem

2117 883 2343 955 defensi,
2375 884 2445 939 ad
2477 885 2701 952 bivium,
2735 886 2879 942 unde
2909 903 3026 941 una
3053 887 3143 941 via
3177 887 3348 944 tendit
3371 888 3441 944 ad
3469 890 3770 947 Benernia-

2118 988 2261 1039 cum,
2294 975 2469 1030 altera
2495 974 2566 1030 ad
2597 975 2889 1031 Careltam.
2928 976 3119 1031 Versus
3145 974 3455 1046 Setgiacum
3500 981 3770 1036 terminus

2117 1069 2196 1117 est
2226 1063 2376 1117 intra
2423 1064 2806 1133 quarruvium,
2864 1065 3004 1119 citra
3033 1064 3207 1120 locum
3240 1067 3321 1121 ibi
3349 1066 3540 1123 dicunt
3566 1068 3765 1124 Adtur-

2117 1166 2265 1222 gum.
2299 1152 2362 1206 In
2389 1155 2565 1207 strata
2592 1168 2776 1207 versus
2809 1151 3220 1210 Cabilonensem
3264 1171 3471 1226 pagum
3499 1158 3764 1213 terminus

2117 1246 2195 1295 est
2224 1238 2295 1294 ad
2321 1256 2566 1311 grossam
2595 1242 2919 1298 Cassaniam
2946 1257 3109 1313 super
3163 1242 3515 1299 Marziacum.
3578 1246 3766 1301 Versus

2119 1328 2538 1383 Brancedunum
2597 1332 2863 1385 terminus
2919 1334 2998 1386 est
3056 1331 3115 1385 in
3175 1332 3268 1387 via
3323 1349 3486 1404 super
3537 1335 3767 1390 Boscum

2117 1416 2457 1473 Bannedum.
2515 1420 2704 1474 Versus
2735 1419 3111 1475 Trinurchium
3138 1422 3411 1477 terminus
3469 1426 3547 1478 est
3603 1438 3770 1495 super

2117 1506 2359 1561 rivulum
2387 1522 2546 1578 quem
2575 1507 2766 1563 dicunt
2807 1509 3048 1580 Longam
3089 1509 3320 1579 Aquam,
3380 1513 3525 1567 inter
3564 1512 3765 1567 Biano-

2116 1611 2266 1649 scum
2286 1603 2338 1650 et
2366 1596 2721 1651 Donziacum.
2761 1598 2949 1652 Versus
2996 1598 3292 1653 Perronem
3321 1599 3405 1653 vel
3449 1600 3766 1669 Laziacum,

2116 1685 2385 1739 terminus
2410 1692 2487 1739 est
2516 1684 2587 1739 ad
2617 1686 2737 1741 Tres
2788 1687 2967 1755 Fagos
2990 1703 3012 1749 ;
3043 1686 3141 1741 ubi
3189 1688 3530 1758 partiuntur,
3588 1692 3772 1746 noster

2118 1773 2303 1827 boscus
2358 1772 2422 1828 de
2482 1774 2765 1841 Cluniaco,
2824 1782 2875 1830 et
2945 1776 3131 1831 boscus
3202 1776 3493 1831 comitatis.
3576 1777 3769 1834 Versus

2116 1862 2360 1931 Igiacum
2415 1863 2684 1918 terminus
2737 1864 2815 1918 est
2870 1863 2941 1918 ad
2999 1863 3238 1930 Carmos,
3309 1880 3478 1936 super
3531 1870 3770 1922 montem

2118 1949 2378 2005 medium.
2411 1950 2516 2007 Nos
2548 1952 2725 2019 igitur
2752 1953 3009 2007 terminos
3036 1954 3241 2008 sacrati
3271 1952 3443 2008 bonni
3476 1953 3604 2010 huic
3646 1970 3767 2010 mo-

2117 2041 2356 2095 nasterio
2389 2038 2668 2107 Cluniaco,
2700 2043 2753 2096 et
2794 2040 2942 2095 vittae
2973 2056 3036 2096 ac
3092 2040 3258 2113 burgo
3312 2044 3527 2114 pariter
3574 2044 3767 2116 prazﬁ-

2117 2129 2299 2197 gimus
2323 2145 2344 2191 ;
2372 2129 2467 2184 hos
2495 2129 2693 2184 limites
2717 2128 2883 2200 plena
2910 2129 3236 2186 certitudine
3263 2132 3771 2204 assignamus,prae—

2117 2218 2378 2288 cipientes
2408 2217 2469 2272 in
2497 2218 2719 2273 nomine
2746 2218 2968 2273 Domini
2995 2218 3095 2273 Dei
3129 2220 3530 2290 omnipotentis,
3560 2223 3613 2277 et
3659 2236 3767 2276 au-

2118 2306 2368 2362 ctoritate
2396 2306 2676 2362 beatorum
2721 2306 3087 2378 apostolorum
3123 2308 3273 2363 Petri
3299 2311 3352 2364 et
3405 2309 3589 2374 Pauli,
3636 2311 3769 2365 uni-

2121 2410 2296 2450 versos
2325 2410 2413 2449 vos
2442 2403 2603 2465 atque
2630 2410 2847 2450 omnem
2893 2395 3173 2451 hominem
3200 2397 3298 2468 qui
3355 2396 3472 2454 hac
3529 2398 3771 2455 lecturus

2120 2484 2202 2539 vel
2263 2482 2556 2538 auditurus
2613 2486 2710 2550 est,
2767 2486 3126 2540 contestantes
3177 2489 3240 2540 ut
3311 2485 3555 2541 bannum
3622 2486 3774 2543 hunc

2118 2572 2351 2628 scienter
2380 2586 2490 2627 non
2520 2572 2861 2642 infringatis,
2895 2575 2951 2626 ut
3004 2572 3123 2643 ejus
3171 2572 3343 2642 legem
3379 2575 3429 2629 et
3477 2575 3690 2645 singuli
3715 2584 3773 2632 et

2120 2676 2304 2717 omnes
2331 2662 2577 2717 teneatis.
2609 2659 2671 2715 Si
2697 2661 2819 2731 quis
2851 2675 2970 2716 vero
3010 2677 3130 2716 eam
3160 2662 3221 2716 in
3266 2677 3375 2717 uno
3402 2661 3598 2719 horum
3646 2680 3772 2736 qua:

2120 2766 2285 2822 supra
2316 2750 2483 2805 vetita
2511 2757 2640 2805 sunt
2690 2750 2925 2805 scienter
2981 2750 3295 2822 infregerit,
3327 2754 3376 2805 et
3433 2751 3501 2806 ab
3548 2752 3768 2821 abbate,

2121 2840 2201 2894 vel
2227 2839 2431 2910 priore,
2484 2838 2567 2894 vel
2613 2839 2938 2906 camerario,
2996 2838 3079 2893 vel
3133 2838 3334 2895 decano
3391 2837 3773 2897 Cluniacensis

2120 2930 2429 2993 conventus,
2462 2934 2514 2983 et
2558 2928 2697 2984 sicut
2726 2928 2903 2982 visum
2955 2927 3127 2998 fuerit
3153 2926 3221 2983 ab
3274 2928 3371 2995 eis,
3432 2927 3767 2996 induciatus,

2118 3032 2357 3088 congruo
2412 3017 2786 3087 satisfactione
2839 3031 2949 3071 non
3005 3015 3389 3083 emendaverit,
3437 3016 3560 3087 jam
3609 3024 3762 3087 tunc,

367 3078 531 3183 hujus
559 3078 883 3164 monasterii
908 3123 1214 3176 sacramus,
1242 3113 1297 3161 et
1320 3078 1404 3161 .od
1432 3078 1552 3161 eam
1582 3122 1707 3177 quae
1730 3107 1795 3163 de
1823 3078 2010 3164 eodem
2037 3078 2081 3146 C
2120 3078 2367 3178 quisquis
2424 3105 2521 3161 ille
2547 3078 2557 3087 ”
2586 3106 2777 3176 fuerit,
2820 3078 3386 3160 excommunicationi
3433 3078 3759 3178 subjacebil:

364 3198 694 3273 monasterio
721 3199 887 3255 restat
911 3199 1262 3263 structuram,
1324 3198 1519 3251 vestros
1548 3198 1762 3252 animos
1811 3199 2006 3254 incito-

364 3305 502 3345 mus.
537 3288 725 3344 Placet
749 3288 918 3343 etiam
945 3286 1121 3354 nobis,
1176 3285 1431 3357 vobisque
1454 3285 1671 3356 placeat
1717 3286 2008 3341 suademus

361 3379 519 3451 (nam
540 3377 639 3432 hoc
668 3377 849 3449 ipsum
876 3378 928 3430 et
988 3377 1190 3430 bonum
1243 3373 1461 3428 videtur
1487 3380 1538 3428 et
1586 3374 1845 3445 justum),
1878 3376 2008 3430 huic

356 3465 488 3527 loco,
507 3465 605 3535 qui
632 3463 780 3519 vobis
808 3468 860 3517 et
886 3463 1100 3519 caeteris
1134 3460 1461 3516 Christianis
1491 3463 1549 3516 in
1582 3465 1929 3519 veneratione
1957 3471 2009 3519 et

348 3567 483 3609 cura
515 3552 654 3607 bona
682 3549 959 3607 hadendus
987 3557 1082 3616 est,
1142 3549 1401 3620 quosdam
1439 3554 1607 3606 certos
1660 3551 1863 3607 limites
1895 3554 2002 3607 im-

345 3640 635 3696 munitatis
672 3654 738 3694 ac
793 3640 1123 3706 securitatis,
1183 3640 1538 3694 circumcirca
1594 3639 1836 3712 undique
1865 3643 2000 3697 assi-

348 3744 541 3801 gnare,
594 3729 842 3800 ipsosque
894 3727 1095 3782 limites
1138 3726 1284 3781 sacri
1316 3728 1507 3781 bonni.
1543 3729 1695 3799 tn/ra
1731 3745 1862 3800 quos
1894 3739 2001 3785 ter-

350 3819 550 3887 minos,
576 3817 767 3873 nultus
796 3816 972 3886 homo,
1032 3816 1399 3888 cujuscunque
1443 3816 1770 3873 conditionis
1814 3835 1878 3874 ac
1903 3836 2001 3891 po-

356 3906 564 3963 testatis
592 3921 835 3978 unquam
889 3905 1229 3961 invosionem
1301 3904 1547 3976 aliquam
1600 3906 1862 3977 grandem
1920 3910 2001 3965 vel

349 4011 605 4070 parvam,
636 3997 735 4051 aut
786 3993 1123 4061 incendium,
1163 4002 1259 4051 aut
1300 3994 1566 4066 pra-dam,
1599 4003 1696 4050 aut
1746 3999 2002 4069 rapinam

352 4086 550 4158 facere,
582 4091 681 4141 aut
710 4082 986 4140 hominem
1015 4099 1228 4155 rapere,
1260 4083 1343 4140 vel
1365 4100 1468 4155 per
1497 4086 1643 4139 iram
1668 4087 1858 4156 ferire,
1904 4093 2003 4143 aut

353 4171 495 4245 quod
521 4171 693 4228 multo
723 4174 947 4242 gravius
974 4175 1072 4240 est,
1131 4171 1484 4228 homicidium
1534 4178 1865 4244 perpetrare,
1918 4178 2000 4232 vel

349 4261 753 4317 truncationem
784 4260 1157 4316 membrorum
1185 4260 1445 4325 hominis,
1486 4277 1644 4316 sacra
1672 4265 2001 4320 auctoritate

352 4351 589 4415 arcente,
648 4347 928 4404 ullatenus
983 4346 1200 4415 audeat,
1259 4363 1358 4403 nec
1413 4348 1661 4405 audendo
1708 4355 1993 4422 pertentet.

2115 3197 2306 3251 Etiam
2332 3196 2381 3250 si
2410 3196 2507 3266 qui
2529 3203 2765 3251 vestrum
2817 3202 3006 3251 contra
3036 3195 3200 3250 illum
3230 3194 3417 3263 talem,
3473 3196 3540 3251 ab
3571 3195 3764 3251 abbate

2115 3284 2197 3340 vel
2224 3283 2492 3355 fratribus
2521 3283 2856 3354 interpellati
2882 3284 3111 3354 fuerint,
3136 3297 3378 3339 coercere
3425 3299 3570 3351 eum,
3614 3292 3666 3340 et
3691 3283 3763 3339 ad

2113 3373 2550 3428 emendationem
2620 3387 2816 3440 urgere
2898 3372 3182 3428 debebunt.
3245 3373 3763 3430 Excommunicatus

2113 3468 2297 3517 autem
2319 3476 2420 3533 pro
2445 3461 2624 3517 bonne
2654 3461 2953 3532 fracto,ubi
2980 3460 3409 3517 emendationem
3464 3477 3767 3533 congruam

2110 3552 2322 3623 fecerit,
2355 3550 2691 3606 absolvatur.
2724 3551 2836 3605 Lex
2863 3552 3047 3605 autem
3076 3548 3247 3604 bonni
3273 3549 3439 3621 hujus
3469 3566 3579 3605 non
3612 3552 3765 3608 vobis

2110 3640 2240 3696 solis
2264 3641 2496 3711 ponitur
2523 3641 2621 3710 qui
2669 3645 2969 3710 praesentes
2996 3639 3143 3701 estis,
3174 3637 3266 3692 sed
3286 3638 3410 3709 jam
3463 3639 3631 3707 finem
3660 3642 3762 3706 rei,

2106 3745 2209 3800 pro
2229 3745 2337 3799 qua
2366 3744 2514 3782 nunc
2542 3729 2858 3799 satagimus,
2891 3725 3191 3781 videamus.
3226 3726 3423 3783 Omnes
3454 3730 3631 3799 igitur
3653 3730 3764 3785 loco

2110 3819 2237 3873 huic
2260 3818 2522 3874 Cluniaco
2545 3815 2949 3886 malefacientes
2977 3819 3025 3871 et
3056 3822 3248 3871 contra
3294 3819 3765 3889 congregationem

2112 3908 2273 3963 istam
2293 3907 2479 3978 inique
2508 3912 2744 3975 agentes,
2778 3903 3123 3960 anathemate
3150 3904 3305 3976 digni
3328 3914 3505 3973 erant,
3538 3910 3591 3961 et
3621 3907 3765 3962 beati

2109 3997 2261 4051 Petri
2284 3995 2467 4067 gladio
2522 3993 2762 4066 feriendi
2825 4009 2994 4064 usque
3021 3992 3093 4049 ad
3143 3993 3576 4071 emendationem
3629 4011 3765 4051 con-

2105 4100 2318 4157 gruam.
2365 4084 2558 4139 Omnes
2587 4087 2772 4139 autem
2804 4083 2917 4137 loco
2947 4083 3078 4138 huic
3110 4083 3371 4138 Clanium
3429 4084 3767 4153 benefacien-

2105 4178 2203 4242 tes,
2238 4180 2289 4228 et
2335 4188 2466 4245 ergo
2517 4172 2992 4241 congregationem
3026 4173 3189 4227 istam
3210 4176 3359 4247 recte
3396 4175 3630 4244 agentes,
3658 4188 3761 4243 pa-

2104 4278 2326 4333 cemque
2368 4268 2664 4328 servantes,
2697 4262 2937 4332 gratiam
2992 4267 3043 4316 et
3070 4261 3508 4317 misericordiam
3556 4259 3766 4316 Christi

2105 4352 2326 4423 Domini
2356 4351 2455 4407 Dei
2482 4346 2658 4406 nostri
2685 4356 3083 4421 consequentur
3104 4354 3448 4422 perpetuam,
3502 4357 3555 4405 et
3584 4350 3765 4406 beatos

348 4437 535 4508 Itaque
561 4437 785 4493 termini
831 4438 979 4492 sacri
1034 4436 1206 4491 bonni
1253 4443 1383 4492 sunt
1426 4437 1504 4492 hi.
1544 4439 1734 4494 Versus
1786 4442 2004 4499 Berzia-
2038 4447 2084 4512 Ι)
2116 4439 2381 4512 apostolos
2410 4439 2631 4519 Petrum
2657 4445 2707 4493 et
2740 4438 2979 4493 Paulum
3024 4439 3232 4509 primos
3259 4443 3309 4496 et
3335 4440 3643 4512 praecipuos
3669 4438 3766 4494 ad-

348 4541 476 4581 cum
504 4525 771 4585 terminus
810 4532 891 4580 est
918 4523 988 4580 ad
1042 4524 1250 4580 bivium
1277 4526 1416 4581 citra
1468 4529 1760 4583 Sarratam
1778 4545 1801 4592 ;
1858 4532 2001 4589 unde

348 4630 465 4671 una
490 4614 585 4670 via
612 4614 758 4670 venit
787 4613 858 4670 ad
891 4613 1237 4682 Cluniacum,
1279 4615 1460 4670 altera
1509 4615 1580 4670 ad
1605 4619 1882 4676 Masilias.
1936 4624 2001 4677 In

1995 4776 2074 4860 H

2099 4533 2308 4605 jutores
2328 4530 2566 4588 habeant
2596 4527 2741 4601 apud
2760 4529 2948 4585 Deum.
2980 4529 3167 4585 Amen.

1332 4909 1622 4973 ORATIO
1665 4912 1769 4973 AD
1812 4914 2115 4978 IVONEM
2159 4909 2762 4977 CONSECRATUM.

412 5030 718 5097 Quoniam,
752 5034 818 5086 ut
846 5029 1161 5098 credimus,
1211 5030 1407 5086 divino
1436 5035 1493 5086 te
1549 5037 1697 5088 nutu
1750 5041 1991 5093 vocante

341 5117 533 5175 clerus
558 5123 617 5175 et
644 5118 900 5192 populus
920 5117 1172 5174 civitatis
1216 5118 1376 5174 illius
1411 5121 1766 5177 unanimiter
1802 5123 1988 5197 elege-

338 5208 479 5261 runt
509 5211 815 5275 rectorem,
845 5212 903 5263 et
932 5223 1039 5263 nos
1071 5222 1260 5278 usque
1293 5207 1676 5279 perducentes
1701 5212 1992 5282 petierunt

337 5294 669 5348 consecrari
699 5295 1064 5368 episcopum,
1098 5300 1154 5351 et
1185 5294 1335 5359 ideo,
1367 5294 1482 5351 Deo
1540 5304 1857 5367 annuente,
1890 5318 1992 5374 per

337 5395 552 5435 manus
577 5384 793 5437 nostra;
818 5381 1251 5455 impositionem
1283 5383 1594 5456 episcopus
1616 5393 1991 5446 consecratus

339 5482 427 5530 es,
460 5467 692 5533 amodo,
725 5468 900 5524 frater
930 5470 1294 5537 charissima,
1350 5471 1503 5535 scias
1561 5476 1617 5529 te
1667 5476 1990 5535 maximum

343 5554 577 5629 pondus
603 5556 935 5628 suscepisse
962 5557 1361 5633 laboris,quod
1384 5564 1472 5617 est
1501 5563 1730 5619 sarcina
1762 5566 1991 5636 regimi-

2103 5038 2194 5092 nis
2227 5035 2578 5099 animarum,
2634 5036 2692 5088 et
2721 5031 3048 5088 commodis
3091 5030 3380 5088 deservire
3410 5030 3757 5095 multorum,

2101 5124 2481 5194 omniumque
2515 5121 2634 5177 ﬁeri
2671 5120 2986 5175 minimum
3019 5123 3192 5193 atque
3210 5120 3632 5189 ministrum,et
3651 5135 3758 5192 pro

2100 5212 2316 5269 credito
2344 5211 2446 5267 tibi
2479 5209 2696 5266 talento
2716 5209 2777 5265 in
2801 5209 2895 5266 die
2924 5208 3105 5264 divini
3146 5208 3432 5266 examinis
3471 5209 3754 5267 rationem

2099 5300 2487 5357 redditurum.
2547 5298 2692 5354 Nam
2749 5297 2798 5353 si
2854 5296 3116 5353 Salvator
3173 5301 3372 5355 noster
3400 5296 3581 5354 dixit:
3636 5297 3757 5353 Non

2097 5392 2225 5445 veni
2252 5389 2584 5455 ministrari,
2641 5386 2735 5443 sed
2788 5387 3128 5455 ministrare,
3187 5390 3239 5442 et
3293 5389 3548 5443 animam
3596 5402 3756 5442 suam

2095 5479 2249 5551 ponit
2286 5494 2386 5550 pro
2415 5477 2605 5534 ovibus
2632 5478 2747 5533 suis
2774 5475 2983 5545 (Matth.
3016 5474 3139 5547 xx),
3169 5480 3390 5548 quanto
3411 5474 3600 5548 magis
3643 5490 3754 5531 nos

2102 5565 2382 5624 desidiosi
2441 5564 2591 5622 servi
2672 5563 2891 5621 summi
2952 5564 3392 5635 patrisfamilias
3468 5564 3754 5621 debemus
