4000 6168
235 277 357 344 mm

1719 279 2036 347 SERMON
2044 281 2164 347 ES.

3523 276 3639 343 566
3654 307 3675 334 .'

240 412 501 479 maxime
531 411 745 472 sudore
772 411 1111 474 incumbam
1140 429 1274 474 oves
1299 411 1634 474 Dominicas
1662 414 1832 473 nobis
1857 431 1892 473 a
1917 418 1974 484 Α
2001 420 2172 474 tuum
2200 412 2474 484 elevetur,
2517 429 2624 473 nec
2667 411 2926 473 adversis
2954 412 3013 470 in
3061 411 3257 487 aliquo
3311 409 3638 485 dejiciatur,

239 519 477 571 summo
508 503 741 560 Pastore
771 504 1142 578 consignatas
1172 506 1244 562 ad
1292 505 1441 562 ovile
1496 505 1884 575 Dominicum,

236 592 597 665 suffragante
625 593 823 649 divina
842 594 1053 667 gratia,
1084 594 1305 666 absque
1322 595 1525 651 morbo
1550 598 1608 650 et
1635 593 1888 650 mancha

235 679 517 753 [macula]
551 682 912 753 perducere?
958 683 1347 739 Exhortamnr
1391 684 1587 755 itaque
1635 684 1888 739 dilectio-

234 785 374 825 nem
403 773 569 826 tuam
595 774 659 826 ut
681 771 857 827 fidem
887 788 1065 843 quam
1098 773 1155 828 in
1179 772 1413 829 exordio
1442 778 1553 827 tua:
1584 788 1884 829 consecra-

231 857 416 914 tionis
446 858 699 913 breviter
745 858 1118 932 dilucideque
1166 861 1548 933 digessimus,
1601 859 1885 915 illibatam

233 950 293 1002 et
322 944 717 1002 inviolabilem
739 947 1056 1017 custodias,
1088 948 1225 1021 quia
1245 949 1391 1005 fides
1421 952 1510 1004 est
1539 949 1884 1004 fundamen-

232 1039 365 1089 tum
421 1033 687 1090 omnium
746 1036 1052 1092 virtutum.
1108 1036 1340 1093 Scimus
1387 1041 1583 1092 autem
1626 1037 1780 1108 quod
1812 1036 1886 1092 ab

234 1123 486 1178 infantia
514 1122 697 1179 sacris
726 1122 938 1180 litteris
951 1125 1310 1192 eruditus,et
1341 1141 1632 1180 canonum
1656 1124 1886 1181 institu-

229 1211 311 1268 tis
341 1212 628 1280 edoctus;
686 1218 943 1270 attamen
1004 1214 1251 1271 breviter
1301 1216 1373 1271 ad
1432 1219 1489 1271 te
1544 1218 1741 1271 noste‘r
1797 1219 1888 1270 est

234 1299 584 1373 dirigendus
612 1318 822 1359 sermo.
857 1302 1069 1359 Nullus
1097 1308 1153 1359 te
1200 1304 1364 1360 favor
1409 1303 1675 1372 extollat,
1723 1302 1887 1359 nulla

236 1389 562 1446 adversitas
618 1394 847 1461 atterat,
906 1391 964 1447 id
996 1396 1105 1459 est,
1155 1409 1272 1449 non
1328 1393 1388 1448 in
1434 1392 1727 1465 prosperis
1787 1408 1886 1448 cor

1996 507 2095 563 sed
2127 505 2326 563 omnia
2355 509 2411 561 et
2438 504 2498 560 in
2528 504 2803 562 omnibus
2832 509 3000 561 caute
3028 508 3085 560 et
3113 520 3247 560 cum
3292 502 3641 559 discretione

1994 610 2164 667 agere
2218 598 2275 650 te
2328 593 2623 658 volumus,
2681 597 2748 649 ut
2804 595 3028 666 absque
3070 590 3521 666 reprehensione
3568 592 3640 647 ab

1993 683 2270 738 omnibus
2299 682 2486 739 vivere
2517 681 2934 754 comproberis.
2972 683 3185 738 Sancta
3231 680 3490 736 Trinitas
3524 680 3641 735 fra-

1992 772 2325 828 ternitatem
2356 775 2517 826 tuam
2550 789 2657 826 sua
2673 769 3349 843 protectionecustodiat,
3382 773 3466 837 ut,
3498 769 3641 823 dum

1994 859 2095 915 tali
2125 859 2523 915 moderamine
2551 859 2611 914 in
2642 858 2888 915 Domino
2911 863 3109 914 nostro
3140 875 3290 913 onus
3331 859 3486 928 quod
3510 874 3639 912 sus-

1993 949 2197 1019 cepisti
2258 948 2571 1020 peregeris,
2607 948 2667 1003 in
2716 948 2811 1003 die
2841 951 3065 1003 aeternae
3118 945 3540 1013 retributionis,
3575 962 3641 1001 eo

1993 1037 2243 1102 dicente,
2275 1037 2477 1092 audire
2524 1036 2839 1092 merearis:
2898 1038 3042 1106 Euge
3065 1051 3215 1091 serve
3272 1035 3403 1090 bone
3431 1043 3482 1089 et
3510 1034 3642 1104 ﬁde-

1996 1126 2064 1181 lis
2094 1127 2226 1197 quia
2278 1140 2443 1197 super
2493 1141 2669 1195 pauca
2719 1125 2879 1195 fuisti
2907 1125 3102 1195 ﬁdelis,
3160 1140 3333 1194 supra
3388 1124 3567 1181 multa
3595 1127 3645 1177 te

1990 1216 2346 1277 constituam;
2378 1216 2530 1273 intra
2587 1215 2648 1269 in
2701 1214 2976 1285 gaudium
3025 1214 3247 1269 Domini
3300 1214 3384 1268 tui
3435 1212 3643 1283 (Matth.

2000 1304 2158 1374 xxv.)

945 1652 1387 1714 ORATIONES
1429 1653 1507 1712 IN
1552 1527 2582 1714 CONCILICICLAROMONTANO
2625 1651 2941 1714 HABIT/E

1376 1779 1465 1839 De
1490 1776 1885 1856 expeditione
1915 1774 2498 1855 Hierosolymitana.

231 1998 339 2071 (Ex
363 2001 523 2056 temo
551 1997 598 2053 X
626 1999 786 2056 Cone.
834 1999 1066 2068 LABBEI,
1101 1997 1209 2055 col.
1241 1999 1366 2067 514,
1401 2004 1459 2056 et
1498 1999 1562 2055 D.
1598 1999 1881 2069 Roman-1',

450 2080 453 2081 '
555 2071 671 2125 Vita
703 2071 926 2138 Urbani,
963 2071 1225 2143 Append.
1261 2088 1392 2144 pag.
1424 2071 1574 2142 369.)

308 2175 678 2245 Audivimus,
705 2176 912 2232 fratres
938 2176 1323 2245 dilectissimi,
1348 2183 1405 2232 et
1428 2176 1697 2244 audistis,
1731 2177 1884 2249 quod

232 2265 364 2322 sine
393 2264 698 2338 profundis
728 2264 1087 2337 singultibus
1108 2270 1353 2322 tractare
1371 2283 1739 2339 nequaquam
1762 2283 1889 2339 pos-

231 2370 465 2421 sumus,
498 2352 735 2425 quantis
758 2353 1215 2423 calamitatibus,
1234 2355 1473 2426 quantis
1504 2355 1888 2411 incommodi-

232 2440 480 2506 tatibus,
514 2457 691 2512 quam
710 2440 852 2497 diris
865 2442 1314 2499 contritionibus
1341 2443 1399 2497 in
1411 2442 1733 2499 Jerusalem
1754 2447 1811 2499 et
1828 2443 1887 2497 in

232 2528 543 2585 Antiochia
570 2533 627 2584 et
657 2528 716 2583 in
749 2530 970 2586 caeteris
1002 2530 1300 2587 orientalis
1332 2531 1512 2603 plagae
1556 2530 1888 2587 civitatibus

235 2616 555 2674 Christiani
589 2617 792 2686 nostri,
853 2619 1062 2675 fratres
1119 2619 1324 2685 nostri,
1385 2620 1649 2676 membra
1676 2618 1889 2674 Christi

239 2705 631 2777 ﬂagellantur,
665 2707 1097 2778 opprimuntur,
1113 2706 1472 2779 injuriantur
1490 2725 1753 2782 germani
1780 2708 1891 2762 fra-

240 2800 365 2851 tres
390 2793 593 2861 nostri,
628 2795 1076 2852 contubernales
1103 2796 1300 2866 vestri,
1353 2796 1636 2852 couterini
1682 2795 1884 2852 vestri:

241 2900 384 2939 nam
414 2888 473 2939 et
502 2883 764 2954 ejusdem
797 2883 1013 2940 Christi
1044 2890 1102 2941 et
1128 2885 1394 2956 ejusdem
1433 2886 1609 2941 etiam
1653 2885 1751 2941 Dei
1787 2883 1890 2939 filii

239 2972 388 3028 estis
410 2990 423 3027 :
447 2977 504 3026 et
530 2972 588 3026 in
604 2971 747 3043 ipsis
765 2973 889 3028 suis
902 2972 1176 3029 domibus
1192 2974 1574 3030 hmreditariis
1590 2974 1662 3030 ab
1685 2972 1893 3029 alienis

242 3060 502 3117 dominis
534 3059 964 3131 mancipantur,
983 3061 1073 3118 vel
1101 3063 1325 3135 exipsis
1356 3062 1768 3135 exploduntur,
1793 3065 1895 3116 aut

244 3150 401 3205 inter
427 3166 529 3205 vos
560 3149 914 3216 mendicant,
949 3155 1049 3206 aut
1078 3153 1233 3223 quod
1258 3152 1495 3223 gravius
1520 3157 1629 3218 est,
1660 3152 1720 3206 in
1753 3150 1895 3221 ipsis

1918 1908 2186 1978 Bdacta,
2220 1908 2468 1981 Deique
2523 1907 2807 1973 servituti,
2858 1909 2931 1965 ad
2989 1908 3312 1981 ignomiam
3378 1910 3641 1963 nostram

1995 1998 2148 2067 dico,
2180 1997 2470 2054 subducta
2518 2002 2625 2054 est.
2687 1998 2849 2063 Quod
2880 1997 3035 2053 enim
3089 2000 3357 2070 superest
3416 1995 3645 2069 imperii

1997 2087 2181 2142 nostri
2212 2086 2510 2143 tantillum
2541 2091 2651 2155 est,
2705 2086 3171 2143 Christianorum
3224 2085 3324 2158 qui
3373 2085 3486 2141 ista
3513 2103 3643 2158 pro-

1997 2175 2322 2231 meruimus
2372 2180 2463 2231 est
2505 2176 2779 2231 dedecus.
2838 2176 2940 2232 Cui
2984 2176 3161 2231 servit
3191 2192 3346 2230 nunc
3400 2172 3666 2230 ecclesia'

1995 2264 2177 2320 beatae
2208 2264 2402 2320 Mariae
2437 2264 2495 2320 in
2528 2280 2646 2336 qua
2694 2264 2822 2336 ipsa
2851 2281 2954 2336 pro
2988 2281 3227 2336 corpore
3275 2262 3506 2335 sepulta
3534 2262 3645 2317 fuit

1997 2353 2055 2408 in
2096 2351 2241 2408 valle
2278 2352 2609 2425 Josaphat?
2639 2354 2747 2409 Sed
2783 2351 2924 2425 quid
2972 2352 3254 2424 templum
3287 2346 3638 2421 Salomonis,

1997 2441 2114 2496 imo
2137 2440 2389 2507 Domini,
2423 2442 2951 2513 praetermittimus,
2975 2441 3163 2513 inquo
3198 2439 3513 2496 simulacra
3534 2457 3643 2495 sua

1997 2530 2254 2585 barbara:
2287 2531 2553 2586 nationes
2583 2534 2785 2586 contra
2799 2531 2901 2602 jus
2930 2535 2990 2586 et
3016 2531 3105 2587 fas
3136 2530 3307 2586 modo
3360 2528 3641 2585 collocata

1998 2624 2348 2674 venerantur
2368 2619 2396 2673 ?
2420 2619 2501 2675 De
2549 2618 2817 2690 sepulcro
2846 2618 3150 2674 Dominico
3180 2617 3306 2674 ideo
3346 2616 3642 2672 reminisci

1999 2706 2760 2780 superscdemus,quoniam
2785 2706 3191 2765 oculisvestris
3209 2704 3437 2762 vidistis
3456 2722 3640 2777 quan-

2001 2800 2072 2851 tae
2105 2795 2527 2851 abominationi
2555 2795 2839 2851 traditum
2868 2796 2964 2852 sit.

2074 2884 2213 2939 Inde
2233 2883 2512 2940 violenter
2537 2884 2890 2940 abstrahunt
2910 2900 3056 2956 quas
3073 2882 3270 2955 ibipro
3300 2882 3460 2939 cultu
3483 2880 3645 2939 illius

2003 2971 2303 3028 multoties
2325 2972 2966 3029 intulistisoblationes.
3001 2971 3085 3028 Ibi
3118 2971 3398 3027 nimirum
3430 2970 3647 3027 multas

2003 3065 2061 3115 et
2090 3060 2431 3115 innumeras
2463 3059 2728 3132 religioni
2762 3064 2971 3116 nostrm
3022 3060 3297 3132 ingerunt
3325 3059 3647 3117 irrisiones.

2006 3149 2075 3203 Et
2096 3153 2289 3204 tamen
2322 3149 2380 3202 in
2412 3147 2510 3203 illo
2543 3147 2668 3203 loco
2699 3148 2836 3217 (non
2866 3148 3073 3220 ignara
3102 3147 3330 3219 lcquor)
3370 3147 3652 3220 requievit

246 3236 768 3336 suis‘patrimoniis
798 3237 1031 3336 venales
1081 3239 1349 3296 exsulant
1386 3245 1443 3295 et
1473 3238 1768 3336 vapulant.
1799 3238 1893 3293 Ef-
1926 3269 1970 3336 ρ
2007 3236 2193 3336 Deus:
2228 3236 2304 3292 ibi
2319 3253 2435 3336 ‘pro
2466 3236 2634 3292 nobis
2676 3241 2942 3335 mortuus
2994 3240 3107 3333 est,
3135 3237 3331 3336 Itaque
3380 3236 3652 3333 equidem

246 3324 513 3381 funditur
542 3325 786 3392 sanguis
806 3325 1194 3397 Christianus,
1221 3327 1435 3382 Christi
1490 3326 1774 3399 sanguine
1805 3343 1893 3381 re-

244 3412 541 3484 demptus,
572 3416 630 3469 et
660 3430 791 3469 caro
821 3413 1169 3481 Christiana,
1202 3416 1415 3472 Christi
1439 3414 1894 3487 consanguinea,

248 3499 519 3557 nefandis
532 3500 768 3573 ineptiis
779 3515 836 3558 et
861 3503 1240 3559 servitutibus
1254 3504 1491 3559 nefariis
1507 3502 1894 3574 mancipatur.

249 3588 375 3645 Illis
406 3589 464 3643 in
497 3587 744 3644 urbibus
761 3590 979 3661 ubique
1005 3590 1216 3655 luctus,
1239 3592 1455 3664 ubique
1482 3590 1750 3655 miseriae,
1774 3590 1900 3645 ubi-

249 3693 365 3750 que
393 3677 668 3750 gemitus.
692 3678 957 3754 Suspirio
976 3678 1273 3736 haecdico:
1308 3680 1561 3736 ecclesiae
1592 3680 1651 3734 in
1685 3679 1899 3751 quibus

248 3764 392 3821 olim
413 3765 611 3820 divina
641 3765 932 3822 celebrata
980 3772 1120 3823 sunt
1166 3768 1473 3835 sacrificia,
1520 3768 1662 3840 proh
1695 3766 1897 3823 dolor!

245 3870 384 3932 ecce
418 3851 775 3911 animalibus
796 3871 997 3911 eorum
1030 3860 1167 3911 sunt
1213 3856 1464 3913 stabula.
1512 3857 1773 3929 Nequam
1807 3857 1903 3911 ho-

238 3941 444 4021 mines
461 3946 695 3998 sanctas
721 3949 1152 4016 occupaverunt
1176 3944 1455 4001 civitates.
1476 3947 1675 4001 Turcae
1707 3943 1903 4017 spurci

250 4037 311 4087 et
325 4030 614 4086 immundi
634 4032 850 4087 nostris
880 4032 1161 4088 fratribus
1173 4034 1570 4089 dominantur.
1589 4032 1903 4089 Antiochiae

251 4120 461 4175 beatus
511 4119 715 4175 Petrus
776 4121 1048 4191 praesedit
1107 4121 1459 4194 episcopus:
1520 4139 1650 4178 ecce
1691 4121 1747 4177 in
1776 4121 1905 4193 ipsa

251 4207 514 4262 Ecclesia
541 4207 790 4279 gentiles
824 4225 964 4264 suas
982 4208 1409 4265 collocaverunt
1437 4210 1905 4282 superstitiones,

252 4301 312 4352 et
342 4294 685 4368 religionem
716 4296 1132 4365 Christianam,
1182 4315 1361 4369 quam
1411 4298 1787 4370 potissimum
1819 4314 1907 4353 co-

253 4383 437 4440 luisse
465 4384 812 4453 debuerant,
846 4385 918 4441 ab
943 4386 1076 4442 aula
1108 4390 1217 4442 Deo
1248 4386 1518 4443 dedicata
1548 4387 1795 4457 turpiter
1811 4386 1910 4441 eli-

260 4472 584 4528 minarunt.

325 4561 550 4616 Praedia
570 4566 916 4617 sanctorum
937 4562 1249 4635 stipendiis
1281 4563 1501 4629 dedita,
1533 4566 1591 4618 et
1619 4542 1906 4618 nobilium

2005 3323 2087 3380 ibi
2118 3330 2268 3380 Deus
2319 3324 2427 3380 hoc
2467 3324 2773 3380 annuatim
2823 3322 3213 3395 prmtermittit
3261 3323 3447 3378 facere
3478 3324 3654 3380 mira-

2006 3412 2227 3479 culum,
2263 3429 2396 3468 cum
2430 3413 2487 3467 in
2519 3411 2725 3468 diebus
2754 3411 3043 3484 passionis
3068 3428 3186 3468 sua:
3216 3410 3514 3467 exstinctis
3536 3428 3656 3469 om-

2008 3501 2181 3557 nibus
2213 3505 2270 3557 et
2300 3502 2359 3556 in
2392 3500 2658 3573 sepulcro
2704 3504 2761 3556 et
2791 3500 2851 3557 in
2878 3500 3123 3557 ecclesia
3152 3500 3533 3557 circumcirca
3562 3498 3652 3555 lu-

2008 3590 2290 3656 minibus,
2314 3591 2526 3661 jubare
2539 3590 2732 3645 divino
2763 3590 3066 3662 lampades
3086 3588 3379 3646 exstinctae
3394 3606 3655 3645 reaccen-

2010 3679 2247 3733 duntur.
2268 3680 2447 3750 Cujus
2472 3684 2677 3750 pectus
2709 3678 3009 3735 silicinum
3031 3679 3249 3735 factum
3282 3682 3515 3734 tantum
3542 3677 3655 3733 mi-

2011 3767 2276 3822 raculum
2309 3784 2422 3822 non
2455 3767 2715 3823 emolliat
2734 3766 3453 3836 ?Creditemihi,bestialis
3481 3766 3658 3823 homo

2011 3862 2067 3910 et
2098 3855 2307 3912 insulsi
2332 3856 2539 3927 capitis
2570 3861 2678 3924 est,
2727 3857 2895 3928 cujus
2944 3873 3041 3911 cor
3071 3856 3254 3911 virtus
3300 3855 3497 3910 divina
3538 3858 3659 3911 tam

2013 3961 2271 4015 praesens
2285 3945 2355 3998 ad
2375 3944 2545 3999 ﬁdem
2562 3962 2674 3998 non
2699 3945 2979 4005 verberat.
3013 3948 3069 4000 et
3101 3959 3233 3998 cum
3265 3942 3512 4014 gentiles
3526 3960 3660 3999 cum

2014 4031 2362 4087 Christianis
2392 4030 2471 4086 ita
2503 4031 2733 4085 videant
2764 4030 3174 4096 communiter,
3211 4045 3315 4085 nec
3346 4031 3662 4085 emendan-

2014 4125 2128 4176 tur.
2162 4120 2564 4175 Perterrentur
2592 4119 2867 4190 equidem
2898 4118 2980 4187 hi,
3015 4134 3119 4174 nec
3151 4120 3570 4195 convertuntur
3589 4119 3661 4173 ad

2018 4210 2191 4264 {idem
2218 4224 2230 4263 :
2266 4225 2369 4263 nec
2403 4207 2638 4272 mirum,
2659 4206 2936 4279 quoniam
2962 4207 3175 4262 mentis
3204 4205 3514 4263 obczecatio
3546 4205 3664 4261 illis

2015 4297 2372 4353 dominatur.
2407 4296 2653 4361 Quantis
2693 4295 3106 4358 afﬂictionibus
3141 4311 3244 4351 vos
3294 4295 3394 4367 qui
3423 4295 3664 4361 adestis,

2018 4387 2118 4459 qui
2147 4386 2398 4453 redistis,
2432 4385 2789 4453 iuvaserunt,
2823 4402 2925 4441 vos
2949 4385 3059 4456 ipsi
3089 4383 3302 4440 melius
3325 4384 3534 4451 nostis,
3566 4383 3668 4456 qui

2019 4476 2382 4532 substantias
2412 4473 2769 4546 vestras,qui
2791 4474 3139 4548 sanguinem
3158 4478 3418 4531 vestrum
3450 4474 3529 4529 ibi
3552 4473 3667 4528 Deo

2020 4561 2397 4617 immolastis.

261 4649 614 4721 patrimonia
644 4633 1046 4707 sustentandis
1068 4652 1426 4725 pauperibus
1448 4650 1794 4715 contradita,
1819 4668 1913 4722 pa-
1942 4633 1988 4696 Π
2090 4650 2220 4705 Haec
2250 4649 3022 4719 idcirco,fratres,diximus,
3043 4656 3107 4706 ut
3136 4668 3237 4707 vos
3270 4651 3427 4724 ipsos
3461 4666 3675 4707 sermo-

259 4754 423 4810 ganze
436 4737 731 4809 tyrannidi
750 4739 1168 4811 subjiciuntur,
1184 4741 1386 4812 eisque
1415 4740 1473 4795 in
1496 4740 1915 4813 propriosusus
2025 4736 2116 4793 nis
2147 4736 2330 4793 nostri
2360 4741 2537 4793 testes
2566 4739 2908 4795 habeamus.
2942 4739 3143 4795 Plures
3175 4743 3314 4795 sunt
3343 4744 3400 4794 et
3430 4739 3673 4793 fratrum

260 4824 516 4881 redactis
547 4825 770 4881 domini
803 4827 1070 4884 crudeles
1124 4828 1468 4885 abutuntur.
1517 4826 1916 4885 Sacerdotium
2026 4829 2360 4881 nostrorum
2375 4825 2645 4892 miserim,
2677 4831 2735 4881 et
2749 4826 3127 4883 ecclesiarum
3149 4827 3248 4882 Dei
3281 4825 3680 4898 depopulatio-

263 4911 365 4967 Dei
398 4912 755 4969 humotenus
785 4914 1192 4972 conculcatum
1223 4921 1335 4985 est,
1385 4917 1785 4973 sanctuarium
1821 4915 1918 4971 Dei
2029 4932 2152 4982 nes,
2187 4931 2313 4985 quae
2347 4912 2649 4985 sigillatim
2680 4900 2989 4986 possemus
3019 4915 3272 4982 referre;
3307 4916 3406 4969 sed
3456 4915 3682 4971 instant

263 5017 368 5071 per
398 4999 561 5056 nefas
597 5001 815 5073 ubique
847 5003 1219 5074 profanatum
1242 5009 1365 5060 est:
1401 5005 1449 5061 si
1483 5005 1583 5077 qui
1616 5004 1808 5059 adhuc
1839 5003 1919 5059 ibi
2030 5002 2375 5075 lacrymmac
2391 5001 2667 5074 gemitus,
2693 5003 2986 5059 etinstant
3006 5001 3261 5073 suspiria
3289 5002 3676 5073 etsingultus.

261 5086 502 5143 latitant
529 5087 866 5157 Christiani,
913 5090 1013 5145 ubi
1062 5092 1332 5162 audistis,
1384 5093 1770 5165 exquiruntur
1804 5095 1919 5147 tor-
2031 5093 2352 5159 Ploremus,
2389 5093 2615 5158 fratres,
2649 5091 2739 5146 eia
2770 5090 3087 5162 ploremus,
3119 5094 3177 5146 et
3207 5106 3340 5144 cum
3371 5089 3683 5149 Psalmista

266 5176 502 5231 mentis.
537 5180 616 5232 De
646 5182 851 5233 sancta
878 5178 1227 5245 Jerusalem,
1280 5181 1485 5236 fratres
1519 5223 1531 5235 .
1569 5222 1582 5235 .
1615 5223 1628 5236 .
1666 5222 1678 5235 .
1718 5222 1729 5235 .
1764 5179 1925 5252 loqui

263 5263 782 5321 dissimulavimus
813 5267 968 5338 quod
1005 5267 1167 5323 valde
1197 5269 1268 5324 de
1299 5286 1367 5324 ea
1387 5269 1548 5341 loqui
1573 5267 1928 5342 pertimesci-

266 5368 429 5419 mus,
481 5354 759 5424 quoniam
795 5354 923 5426 ipsa
969 5355 1195 5428 civitas,
1244 5356 1303 5412 in
1353 5375 1489 5430 qua,
1522 5362 1695 5430 prout
1723 5373 1927 5413 omnes

268 5440 480 5507 nostis,
520 5440 695 5498 Jesus
725 5442 994 5499 Christus
1038 5461 1142 5515 pro
1172 5445 1342 5501 nobis
1387 5464 1621 5518 passus,
1676 5445 1928 5519 peccatis

268 5527 487 5584 nostris
520 5529 909 5603 exigentibus,
935 5532 1046 5588 sub
1079 5535 1422 5606 spurcitiam
1450 5551 1813 5607 paganorum
1845 5552 1928 5591 re-

2034 5178 2376 5235 medullitus
2395 5178 2689 5251 plorantes
2708 5178 3186 5250 ingemiscamus,
3204 5194 3309 5233 nos
3341 5176 3561 5244 miseri,
3577 5196 3683 5234 nos

2034 5268 2318 5335 infelices,
2352 5284 2607 5340 quorum
2633 5271 2892 5339 tempore
2922 5267 3021 5323 Dei
3058 5266 3363 5339 prophetia
3395 5266 3509 5321 ista
3528 5283 3687 5323 com-

2036 5357 2192 5430 pleta
2244 5361 2364 5413 est:
2426 5358 2586 5425 Deus,
2643 5364 2909 5413 venerunt
2962 5367 3149 5427 gentes
3199 5359 3257 5412 in
3313 5355 3686 5412 heercditatmn

2039 5456 2208 5515 tuam,
2234 5447 2549 5518 polluerunt
2579 5445 2846 5517 templum
2875 5448 3127 5500 sanctum
3167 5450 3325 5501 tuum
3342 5462 3361 5507 ;
3385 5453 3689 5517 posuerunt

2037 5536 2340 5591 Jerusalem
2374 5552 2433 5590 in
2457 5549 2744 5606 pomorum
2767 5533 3088 5590 custodiam.
3149 5536 3449 5592 Posuerunt
3500 5534 3687 5589 morti-
