4000 6168
327 279 446 362 sev

1639 296 1708 359 B.
1754 291 2046 358 URBANI
2087 291 2144 359 ll
2185 289 2436 360 ΡᾹΡΕ.

3620 297 3770 363 5⁸8)

3789 347 3802 358 ρ

324 431 453 490 cina
481 426 765 488 servorum
795 436 1016 488 tuorum
1072 448 1219 489 escas
1252 429 1562 488 volatilibus
1591 429 1733 497 caali,
1789 443 1983 486 carnes
2008 427 2066 495 Α
2095 432 2442 488 Sarracenos
2491 427 2752 507 gladium
2790 429 3018 491 vibrare
3041 429 3341 506 singulare
3382 428 3602 491 bonum
3628 434 3743 501 est,

323 525 639 578 sanctorum
661 522 883 578 tuorum
916 522 1100 578 bestiis
1138 526 1322 578 teme.
1380 519 1705 591 Effuderunt
1758 521 1987 592 sangui-

327 613 456 668 nem
484 610 730 682 ipsorum
759 615 1026 682 tanquam
1056 626 1256 681 aquam
1289 611 1349 664 in
1378 611 1618 665 circuitu
1657 609 1984 677 Jerusalem,

331 706 520 758 etnon
546 702 666 757 erat
685 702 783 772 qui
837 700 1106 770 sepeliret.
1168 699 1339 769 (Psal.
1375 699 1624 766 Lxxvm).
1661 701 1757 754 Vae
1791 699 1985 765 nobis,

336 787 566 856 fratres,
598 803 704 844 nos
736 786 836 859 qui
859 788 986 859 jam
1015 787 1152 858 facti
1177 803 1367 842 sumus
1396 788 1748 858 opprobrium
1787 789 1989 843 vicinis

333 876 916 942 nostris,subsannatio
939 878 988 931 et
1021 875 1209 932 illusio
1241 876 1325 932 his
1346 878 1441 948 qui
1474 876 1530 932 in
1562 877 1795 933 circuitu
1809 884 1988 933 nostra

338 972 466 1021 sunt
493 963 696 1036 (Ibid)
731 963 1156 1021 Condoleamus
1186 968 1242 1021 et
1254 967 1680 1038 compatiamur
1708 965 1988 1022 fratribus

340 1051 577 1120 nostris,
638 1050 844 1109 saltem
875 1052 934 1108 in
991 1051 1286 1127 lacrymis.
1321 1054 1436 1110 Nos
1493 1053 1740 1126 abjectio
1798 1054 1987 1128 plebis

338 1139 493 1210 facti,
527 1141 583 1198 et
607 1141 882 1198 Omnibus
913 1143 1250 1209 deteriores,
1302 1143 1798 1200 immanissimam
1848 1161 1986 1200 san-

335 1228 608 1288 ctissima:
623 1229 790 1287 terra:
807 1230 1158 1304 plangamus
1172 1232 1627 1289 devastationem
1638 1276 1650 1289 .
1663 1234 1855 1298 'Quam
1873 1235 1985 1288 ter-

335 1335 460 1376 ram
494 1319 702 1378 merito
734 1324 998 1376 sanctam
1031 1319 1381 1390 diximus,in
1408 1339 1524 1394 qua
1553 1339 1667 1378 non
1699 1327 1787 1378 est
1808 1321 1985 1377 etiam

333 1425 548 1482 passus
579 1408 744 1482 pedis
758 1426 933 1482 quem
952 1427 1066 1466 non
1081 1409 1526 1468 illustravoritct
1539 1409 1990 1468 sanctiﬁcaverit

332 1498 422 1555 vel
453 1515 664 1571 corpus
693 1498 783 1555 vel
816 1497 1025 1555 umbra
1053 1499 1394 1568 Salvatoris,
1428 1500 1515 1555 vel
1546 1500 1802 1572 gloriosa
1840 1517 1986 1573 pras-

336 1586 525 1644 sentia
580 1591 792 1644 sanctas
849 1587 953 1643 Dei
1012 1587 1342 1658 Genitricis,
1404 1589 1494 1644 vel
1547 1589 1988 1661 amplectendus

335 1675 734 1748 apostolorum
765 1680 1146 1745 commeatus,
1179 1676 1268 1732 vel
1306 1682 1631 1748 martyrum
1663 1677 1988 1734 ebibcndus

337 1763 582 1837 sanguis
611 1766 851 1822 effusus.
886 1765 1070 1830 Quam
1091 1765 1265 1836 beati,
1289 1783 1321 1822 ο
1352 1766 1641 1839 Stephano
1667 1771 1989 1840 protomar-
2019 1794 2067 1859 Β

338 1856 448 1928 tyr,
480 1853 579 1936 qui
610 1856 665 1909 te
711 1853 1123 1912 laureaverunt
1169 1854 1433 1928 lapides!
1488 1855 1673 1919 Quam
1708 1855 1922 1924 felices,
1956 1875 1989 1914 ο

338 1939 479 2024 tunc
511 1941 772 2014 Baptista
786 1943 1062 2010 Joannes,
1078 1942 1293 2014 quitibi
1323 1945 1395 2000 ad
1409 1943 1766 2001 Salvatorem
1795 1946 1989 2018 bapti-

338 2031 592 2088 zandum
623 2031 948 2088 servierunt
976 2031 1271 2090 Jorda'nici
1301 2031 1504 2089 latices
1527 2035 1538 2081 !
1560 2032 1687 2089 Filii
1719 2033 1894 2090 Israel
1919 2035 1990 2090 ab

337 2113 851 2194 Egyptiis'educti,
884 2119 1180 2192 quiRubri
1204 2121 1654 2178 maristransitu
1684 2139 1784 2178 vos
1812 2125 1993 2196 pra-li-

339 2209 715 2281 gura'verunt,
731 2210 948 2264 terram
979 2207 1142 2264 illam
1166 2208 1346 2266 armis
1361 2209 1506 2280 suis,
1525 2209 1665 2267 Jesu
1697 2212 1992 2282 duce,sibi

335 2295 781 2354 vindicaverunt
805 2315 817 2365 ;
839 2297 1139 2356 Jebusaeos
1170 2301 1227 2354 et
1257 2297 1402 2354 alios
1420 2315 1708 2356 convenas
1741 2299 1875 2357 inde
1897 2318 1991 2357 ex-

339 2381 636 2460 pulerunt,
671 2387 728 2441 et
757 2384 944 2440 instar
989 2385 1318 2443 Jerusalem
1371 2387 1621 2445 cmlestis
1667 2389 1992 2447 Jerusalem

344 2473 637 2531 terrenam
670 2473 1065 2530 excoluerunt.

418 2562 581 2628 Quod
612 2561 886 2630 dicimus,
920 2562 1148 2632 fratres,
1179 2563 1374 2620 audite
1405 2567 1462 2620 et
1499 2563 1826 2638 intelligite.
1878 2567 1996 2623 Vos

355 2651 600 2708 accincti
632 2650 866 2724 cingulo
898 2651 1119 2708 militias
1171 2668 1385 2725 magno
1434 2653 1742 2725 supercilio
1793 2655 1998 2712 fratres

351 2741 575 2798 vestros
605 2735 924 2807 dilaniatis,
958 2743 1132 2812 atque
1154 2741 1305 2797 inter
1333 2758 1434 2798 vos
1452 2741 1846 2799 dissecamini.
1871 2744 1996 2800 Non

351 2832 442 2885 est
469 2827 590 2885 haec
611 2828 821 2886 militia
845 2828 1196 2901 Christiquae
1211 2829 1459 2886 destruit
1489 2830 1635 2888 ovile
1658 2831 2000 2906 Redempto-

353 2915 453 2973 ris.
486 2907 700 2974 Sancta
727 2917 985 2974 Ecclesia
1008 2917 1080 2974 ad
1132 2933 1376 2974 suorum
1414 2918 1856 2992 opitulationem
1885 2922 1999 2979 sibi

354 3003 667 3064 reservavit
696 3005 968 3062 militiam
1002 3007 1088 3078 (ut
1123 3006 1425 3063 veritatem
1473 3008 1782 3078 fateamur)
1827 3011 1999 3082 cujus

353 3093 649 3168 praecones
679 3109 808 3151 esse
837 3095 1139 3153 debemus.
1171 3095 1298 3151 Non
1328 3095 1538 3152 tenetis
1551 3113 1683 3154 vere
1712 3096 1864 3154 viam
1898 3115 2000 3171 per

2096 521 2236 591 quia
2264 525 2321 576 et
2349 520 2604 579 oharitas
2635 528 2724 580 est
2753 540 2856 595 pro
2875 524 3154 580 fratribus
3171 523 3400 580 animas
3427 524 3740 596 deponere.

2096 611 2178 666 Ne
2206 627 2338 666 vero
2361 613 2432 666 de
2455 611 3143 669 crastiniseventionibus
3156 611 3392 668 solliciti
3423 612 3572 679 sitis,
3592 613 3747 670 seis.-

2093 700 2174 756 tis
2200 700 2341 771 quia
2368 701 2715 758 timentibus
2761 703 2946 758 Deum
2986 701 3133 758 nihil
3177 703 3357 772 deest,
3408 717 3513 758 nec
3539 702 3614 759 iis
3643 702 3747 775 qui

2098 805 2232 844 eum
2266 789 2522 862 diligunt
2550 790 2610 845 in
2641 790 2899 847 veritate.
2955 789 3281 847 Facultates
3319 791 3496 847 etiam
3543 791 3749 848 inimi-

2097 894 2300 934 corum
2332 883 2666 935 nostrorum
2686 884 2890 936 vestrae
2922 883 3110 948 erunt,
3132 880 3411 953 quoniam
3433 885 3491 938 et
3511 881 3747 939 illorum

2095 968 2406 1025 thesauros
2433 969 2850 1042 exspoliabitis,
2885 973 2941 1025 et
2971 969 3056 1025 vel
3085 970 3377 1026 victoriosi
3411 971 3482 1026 ad
3511 972 3749 1044 propria

2098 1057 2455 1127 remeabitis,
2489 1057 2578 1113 vel
2609 1058 2894 1130 sanguine
2922 1062 3113 1114 vestro
3147 1059 3450 1132 purpurati
3493 1069 3751 1133 perenne

2097 1145 2366 1202 bravium
2399 1146 2822 1219 adipiscemini.
2852 1145 2977 1203 Tali
3003 1147 3340 1220 imperatori
3373 1147 3622 1205 militare
3652 1150 3754 1206 deo

2096 1232 2266 1298 betis,
2301 1233 2394 1290 cui
2425 1235 2594 1306 panis
2624 1235 2827 1291 deesse
2841 1251 2955 1290 non
2970 1236 3178 1306 potest,
3206 1237 3444 1309 cuique
3463 1239 3748 1310 rependat

2097 1322 2260 1378 nulla
2290 1325 2500 1380 desunt
2531 1324 2839 1395 stipendia.
2855 1321 2962 1380 Via
2981 1323 3172 1380 brevis
3188 1327 3295 1391 est,
3330 1324 3492 1382 labor
3522 1341 3749 1399 permoo

2096 1409 2264 1465 dicus
2293 1414 2404 1476 est,
2437 1409 2538 1483 qui
2570 1410 3326 1468 tamenimmarcescibilem
3355 1414 3518 1470 vobis
3544 1429 3762 1487 repent

2096 1497 2196 1552 dat
2226 1513 2523 1553 coronam.
2550 1499 2682 1554 Jam
2715 1515 2871 1554 nunc
2897 1515 3037 1572 ergo
3065 1501 3407 1557 auctoritate
3434 1501 3749 1574 loquamur

2095 1585 2433 1658 prophetica
2456 1587 2968 1656 :Acciugere,homo
2989 1588 3413 1662 unusquisque,
3445 1590 3635 1660 gladio
3653 1601 3746 1648 tuo

2096 1690 2261 1746 super
2288 1677 2471 1746 femur
2502 1680 2658 1730 tuum
2673 1677 3045 1747 potentissime
3074 1678 3244 1748 (Psal.
3278 1680 3450 1751 κων).
3497 1681 3748 1753 Aecingi-

2097 1766 2260 1832 mini,
2299 1766 2679 1836 acoingimini,
2734 1765 2999 1837 inquam,
3032 1768 3083 1822 et
3141 1769 3306 1823 estote
3334 1768 3443 1838 ﬁlii
3483 1777 3746 1840 potentes,

2100 1855 2361 1924 quoniam
2390 1854 2586 1909 melius
2616 1857 2693 1908 est
2721 1854 2880 1909 nobis
2909 1856 3053 1909 mori
3097 1856 3157 1908 in
3209 1857 3346 1912 bello
3374 1873 3540 1929 quam
3569 1858 3752 1916 videre

2099 1942 2250 1996 mala
2278 1943 2458 2014 gentis
2485 1946 2683 1998 nostrae
2697 1949 2748 1997 et
2775 1948 3093 1998 saiwtorum
3123 1943 3350 2013 (Illach.
3375 1948 3479 2014 ιιι).
3503 1945 3627 2002 Non
3648 1963 3751 2002 vos

2102 2029 2470 2085 demulceant
2498 2029 2839 2086 illecebrosa
2872 2028 3273 2087 blandimenta
3310 2031 3622 2090 mulierum
3655 2047 3756 2090 re-

2103 2134 2350 2190 rumque
2376 2124 2722 2188 vestrarum,
2755 2118 2898 2190 quin
2939 2119 3084 2176 eatis
3110 2137 3123 2187 ;
3155 2137 3261 2176 nec
3289 2137 3391 2178 vos
3422 2121 3753 2180 deterreant

2108 2207 2440 2280 perferendi
2470 2206 2719 2275 labores,
2755 2211 3047 2279 quatenus
3079 2208 3449 2266 remaneatis.

2173 2296 2312 2364 Vos,
2341 2296 2550 2352 fratres
2579 2300 2634 2352 et
2645 2295 2992 2368 coepiscopi,
3015 2299 3460 2356 consacerdotes
3479 2303 3542 2355 et
3565 2299 3748 2356 come.
3778 2330 3780 2332 τ

2107 2385 2272 2441 redes
2285 2383 2627 2458 Christi,per
2638 2383 2926 2441 Ecclesias
2939 2385 3103 2441 vobis
3115 2385 3463 2443 commissas
3492 2387 3752 2460 ldipsum

2107 2474 2471 2542 annuntiate,
2491 2478 2548 2529 et
2577 2473 2809 2529 viamin
2834 2473 3160 2530 Jerusalem
3191 2479 3311 2532 toto
3341 2492 3438 2532 ore
3460 2477 3756 2535 universa-

2106 2562 2239 2618 liter
2269 2561 2595 2634 praedicata.
2629 2562 2887 2618 Confessi
2921 2566 3288 2636 peccatorum
3319 2581 3562 2623 suorum
3595 2567 3758 2642 igno-

2109 2651 2382 2718 rantiam,
2416 2651 2605 2708 securi
2646 2651 2717 2708 de
2747 2651 2974 2707 Christo
3023 2652 3267 2708 celerem
3316 2653 3632 2726 impetrent
3659 2671 3756 2712 ve-

2109 2740 2289 2795 niam.
2324 2739 2440 2795 Vos
2470 2742 2665 2794 autem
2697 2738 2795 2811 qui
2829 2739 2966 2794 ituri
2997 2740 3158 2810 estis,
3194 2741 3483 2799 habebitis
3514 2757 3620 2800 nos
3649 2759 3756 2816 pro

2109 2828 2272 2885 vobis
2306 2833 2585 2893 oratores,
2619 2844 2724 2883 nos
2754 2826 3080 2884 habeamus
3110 2845 3211 2886 vos
3243 2846 3345 2903 pro
3396 2833 3608 2905 populo
3651 2832 3754 2889 Dei

2110 2920 2485 2990 pugnatores.
2519 2917 2795 2973 Nostrum
2827 2921 2914 2972 est
2944 2934 3128 2986 orare,
3162 2923 3418 2975 vestrum
3441 2926 3532 2976 est
3551 2927 3757 2978 contra

2109 3005 2459 3063 Amalecitas
2490 3020 2769 3078 pugnare.
2803 3005 2921 3062 Nos
2967 3007 3346 3063 extenuemus
3393 3024 3527 3064 cum
3559 3009 3756 3083 Moyse
3810 3039 3814 3043 -

2111 3113 2321 3153 manus
2370 3095 2693 3152 indefessas
2743 3099 2973 3152 orantes
3020 3096 3078 3150 in
3112 3096 3360 3164 cmlum;
3409 3111 3512 3154 vos
3541 3096 3756 3154 exerite

353 3155 533 3256 quam
565 3182 711 3241 eatis
740 3175 812 3240 ad
853 3182 1102 3267 salutem
1134 3186 1190 3240 et
1236 3183 1438 3240 vitam.
1472 3189 1587 3241 Vos
1635 3155 1995 3259 pupillorum
2028 3155 2071 3223 α
2110 3189 2166 3242 et
2193 3185 2414 3240 vibrate
2445 3184 2718 3256 intrepidi
2747 3183 3102 3256 praeliatores
3133 3155 3441 3242 inAmalec
3469 3185 3752 3260 gladium.

350 3279 746 3346 oppressere's,
778 3285 880 3330 vos
909 3271 1219 3329 viduarum
1251 3274 1625 3346 praedatores,
1671 3292 1772 3332 vos
1812 3276 1998 3333 homi-

349 3352 512 3428 cidae,
543 3373 646 3418 vos
676 3360 960 3436 sacrilegi,
991 3371 1094 3418 vos
1126 3359 1297 3417 alieni
1322 3361 1475 3433 juris
1505 3363 1847 3436 direptores,
1897 3382 1998 3422 vos

349 3447 456 3522 pro
486 3440 836 3506 etfunde’ndo
867 3450 1152 3522 sanguine
1182 3449 1510 3507 Christiano
1536 3453 1882 3526 exspectatis
1913 3453 1996 3510 la-

353 3533 773 3594 troci‘nantium
806 3537 1119 3611 stipendia,
1143 3541 1200 3594 et
1230 3537 1649 3598 sicutvultures
1681 3543 2000 3599 odorantur

354 3617 654 3693 cadavera,
670 3624 755 3681 sic
781 3625 1236 3699 longinquarum
1251 3627 1507 3699 partium
1538 3629 1922 3702 auspicamini
1943 3635 2001 3687 et

354 3712 659 3794 sectamini
689 3713 862 3770 bella.
885 3704 1272 3774 Certeviaista
1300 3718 1557 3788 pessima
1587 3721 1693 3786 est,
1719 3719 1998 3791 quoniam

349 3803 389 3859 ‘a
417 3799 533 3860 Deo
567 3800 803 3859 omnino
830 3805 1056 3858 remota
1075 3805 1184 3858 est.
1215 3807 1393 3860 Porro
1411 3805 1459 3860 si
1491 3805 1665 3861 vultis
1688 3807 1998 3864 animabus

347 3889 558 3949 vestris
589 3891 836 3958 consuli,
869 3891 1039 3947 istius
1062 3891 1218 3948 modi
1251 3892 1470 3949 militiae
1488 3893 1788 3967 cingulum
1821 3913 2000 3968 quan-

348 3981 542 4038 tocius
589 3979 882 4056 deponite,
941 3983 999 4036 et
1047 3980 1120 4036 ad
1177 3980 1603 4038 defendendam
1656 3982 1998 4040 orientalem

347 4063 670 4130 Ecclesium
728 4069 984 4127 velocius
1040 4069 1386 4126 concurrite.
1420 4071 1548 4128 Han
1606 4076 1695 4128 est
1741 4073 1897 4129 enim
1931 4074 2000 4132 de

351 4175 469 4234 qua
490 4159 668 4217 tutius
697 4162 902 4217 vestrae
921 4157 1131 4216 salutis
1160 4163 1578 4217 emanaverunt
1605 4163 1840 4234 gaudia,
1873 4179 1999 4234 quas

351 4243 654 4305 distillavit
680 4247 740 4304 in
771 4265 837 4305 os
861 4251 1121 4304 vestrum
1153 4247 1330 4303 divini
1389 4248 1557 4305 lactis
1619 4251 1820 4320 ubera,
1872 4268 1998 4322 qua;

351 4335 1304 4409 nobispropinavitevangeliorum
1321 4342 1691 4394 sacrosancta
1702 4339 1995 4410 dogmata.

351 4425 482 4482 Haec
513 4424 661 4493 ideo,
694 4425 922 4490 fratres,
953 4423 1227 4493 dicimus,
1253 4428 1317 4479 ut
1345 4428 1401 4480 et
1432 4443 1643 4481 manus
1672 4425 1999 4484 homicidas

2105 3276 2308 3330 Amen.

2899 3359 2966 3416 II.

2107 3451 2335 3525 ((Ioneil.
2387 3448 2520 3505 ibid.
2571 3448 2678 3504 col.
2707 3450 2847 3517 501;
2900 3449 2966 3505 D.
3003 3449 3286 3518 RUINAn'r,
3322 3450 3481 3518 ibid.,
3513 3468 3570 3524 p.
3604 3451 3754 3526 3’73).

2179 3539 2397 3610 Nostis,
2433 3538 2640 3594 fratres
2684 3537 3071 3603 dilectissimi,
3101 3542 3160 3593 et
3188 3541 3438 3594 vestram
3492 3556 3668 3596 nosse
3695 3540 3756 3596 id

2106 3629 2336 3703 expedit
2355 3627 2718 3693 charitatem,
2735 3625 3024 3697 quomodo
3045 3625 3287 3680 humani
3306 3625 3537 3698 generis
3570 3627 3758 3701 Repa-

2107 3723 2266 3774 rator
2295 3733 2398 3788 pro
2430 3719 2629 3771 nostra
2657 3713 2920 3770 omnium
2952 3713 3138 3769 salute
3159 3729 3390 3769 carnem
3420 3729 3758 3782 assumens,

2108 3810 2164 3862 et
2192 3805 2367 3862 homo
2400 3804 2552 3860 inter
2591 3801 2861 3858 homines
2909 3805 3304 3871 conversatus,
3359 3805 3572 3859 terram
3623 3821 3760 3878 pro~
3825 3842 3829 3845 -

2109 3892 2429 3961 missionis,
2464 3907 2640 3964 quam
2673 3891 2896 3962 pridem
2928 3890 3194 3963 patribus
3225 3891 3593 3963 promiserat,
3624 3909 3760 3965 pro-

2109 3982 2237 4054 pria
2268 3979 2575 4037 illustravit
2596 3978 3004 4050 prmaentia,et
3028 3983 3344 4053 assumpta
3379 3978 3761 4052 dispensatio-

2109 4071 2202 4126 nis
2233 4068 2530 4142 oporibus,
2561 4071 2620 4122 et
2650 4066 2852 4122 crebra
2884 4066 3061 4123 simul
3094 4067 3508 4124 miraculorum
3531 4067 3758 4124 exhibi-

2109 4158 2264 4214 tione
2327 4155 2579 4212 reddidit
2628 4153 2959 4227 specialiter
3011 4154 3342 4228 insignem;
3396 4155 3453 4211 id
3512 4157 3668 4212 enim
3699 4161 3761 4213 et
3821 4232 3824 4234 γ

2106 4246 2330 4303 Veteris
2353 4243 2559 4300 etNovi
2584 4259 2730 4316 pene
2751 4243 2808 4298 in
2831 4243 3107 4300 omnibus
3130 4243 3368 4316 syllabis
3391 4244 3557 4300 docet
3576 4245 3758 4302 series

2107 4332 2486 4393 Testamenti.
2521 4332 2780 4396 Quadam
2813 4347 2956 4388 sane
2998 4331 3326 4388 dilectionis
3376 4334 3759 4406 praerogativa

2108 4429 2331 4482 certum
2356 4426 2446 4480 est
2471 4436 2599 4478 eam
2631 4420 2922 4485 dilexisse,
2955 4420 3040 4476 ita
3071 4424 3133 4475 ut
3163 4435 3291 4476 eam
3323 4422 3482 4476 orbis
3504 4426 3756 4494 partem,
3811 4443 3816 4446 ·

352 4532 388 4572 a
417 4515 671 4570 fraterna
702 4527 839 4568 nece
871 4511 1240 4579 contineatis,
1272 4517 1328 4568 et
1357 4529 1460 4585 pro
1491 4514 2002 4574 ﬁdeidomesticis-
2035 4521 2080 4586 ι)
2114 4518 2231 4571 imo
2268 4509 2641 4586 particulam,
2691 4508 3088 4564 bareditatem
3141 4525 3310 4564 suam
3360 4510 3637 4583 dignatus
3666 4515 3760 4568 est

349 4621 452 4662 vos
480 4601 733 4660 externis
758 4599 1094 4658 nationibus
1124 4601 1522 4674 opponatis,et
1538 4603 1646 4659 sub
1676 4603 1815 4660 Jesu
1837 4605 1996 4661 Chri-

352 4697 443 4751 sto
474 4692 622 4749 duce
649 4693 840 4748 vestro
870 4689 1021 4747 acies
1047 4688 1396 4757 Christiana,
1427 4690 1999 4765 aciesinvictissima,

353 4779 564 4840 melius
593 4796 772 4855 quam
798 4777 910 4852 ipsi
939 4781 1158 4838 veteres
1189 4777 1462 4836 Israelita;
1484 4797 1587 4853 pro
1614 4785 1806 4837 vestra
1833 4782 1995 4840 Jeru-

353 4871 538 4930 salem
566 4867 895 4934 decerteti‘s,
929 4870 985 4924 et
1023 4859 1245 4925 Turcos
1275 4868 1374 4941 qui
1403 4867 1462 4924 in
1498 4886 1566 4925 ea
1613 4874 1752 4926 sunt
1799 4871 1996 4927 nefan-

350 4961 544 5018 diores
574 4973 752 5037 quam
781 4954 1036 5014 Jebusmi
1067 4956 1424 5030 impugnatis
1451 4960 1508 5013 et
1535 4960 1898 5032 expugnatis.

420 5047 737 5107 Pulchrum
759 5046 837 5104 sit
864 5045 1029 5102 vobis
1051 5045 1111 5101 in
1146 5044 1244 5102 illa
1263 5044 1493 5102 civitate
1523 5047 1668 5102 mori
1695 5065 1798 5120 pro
1829 5048 1992 5103 Chri-

352 5142 462 5208 sto,
493 5139 548 5193 in
563 5153 794 5211 quapro
811 5135 973 5191 vobis
999 5133 1267 5192 Christus
1294 5139 1561 5190 mortuus
1575 5138 1684 5191 cst.
1711 5138 1991 5192 Caeterum

352 5225 400 5281 si
430 5241 532 5281 vos
562 5228 734 5282 antea
763 5223 906 5281 mori
966 5222 1292 5297 contigerit,
1342 5223 1401 5278 id
1444 5222 1642 5295 ipsum
1693 5229 1996 5282 autumate

351 5313 499 5369 mori
525 5312 584 5368 in
611 5314 724 5381 via,
756 5312 805 5368 si
835 5315 1030 5368 tamen
1063 5311 1329 5368 Christus
1353 5310 1412 5365 in
1444 5327 1553 5367 sua
1580 5328 1681 5367 vos
1713 5313 1996 5370 invenerit

344 5397 580 5457 militia.
613 5399 768 5456 Deus
798 5401 953 5456 enim
984 5398 1207 5456 denarii
1239 5398 1558 5455 retributor
1603 5402 1692 5455 est
1720 5399 1911 5471 prima
1941 5406 1997 5458 et

348 5489 495 5546 hora
525 5492 702 5545 sexta.
734 5487 1101 5544 Ilorrendum
1131 5491 1239 5554 est,
1271 5487 1498 5552 fratres,
1531 5485 1887 5546 horrendum
1909 5495 1998 5546 est

348 5595 450 5635 vos
481 5577 539 5635 in
565 5575 924 5633 Christianos
956 5593 1224 5648 rapacem
1275 5591 1518 5632 manum
1568 5577 1895 5634 extendere.
1931 5579 1994 5634 In

2104 4601 2417 4676 appellare,
2451 4612 2584 4655 cum
2608 4599 2736 4670 ejus
2767 4597 2845 4654 sit
2891 4596 3339 4653 omnib‘usterra
3369 4601 3427 4653 et
3453 4597 3759 4671 plenitudo

2111 4692 2260 4764 ejus.
2295 4689 2458 4746 Unde
2489 4704 2588 4762 per
2637 4688 2851 4743 Isaiam
2898 4687 3014 4743 ait:
3078 4685 3373 4744 [hereditas
3421 4703 3542 4744 mea
3589 4688 3763 4746 Israel

2103 4781 2228 4853 (lsa.
2263 4777 2397 4850 xw).
2429 4777 2497 4832 Et
2551 4777 2723 4831 item:
2785 4777 2951 4832 Vinea
3008 4777 3236 4832 Domini
3290 4775 3515 4832 sabaoth
3567 4775 3760 4832 domus

2101 4867 2273 4925 Israel
2301 4875 2380 4922 est
2409 4865 2532 4937 (Isa.
2564 4865 2640 4936 v).
2675 4864 2744 4919 Et
2773 4863 2910 4919 licet
2941 4867 3124 4920 totam
3166 4863 3226 4918 in
3276 4867 3503 4936 partem
3552 4865 3758 4938 praeci-

2103 4973 2281 5029 puam
2313 4953 2421 5012 sibi
2454 4951 2804 5008 dedicaverit
2835 4952 2906 5008 ab
2939 4952 3132 5021 initio,
3165 4951 3522 5025 peculiarius
3559 4955 3758 5033 tamen

2104 5045 2308 5100 urbem
2341 5045 2602 5097 sanctam
2622 5039 2732 5096 sibi
2751 5039 3053 5113 adoptavit
3078 5040 3134 5096 in
3157 5040 3475 5114 propriam,
3505 5044 3760 5099 testante

2103 5131 2384 5205 prephcta
2414 5128 2511 5200 qui
2545 5129 2662 5183 ait:
2695 5129 2888 5200 Diligil
2912 5129 3170 5185 Dominus
3202 5133 3390 5202 portas
3421 5130 3551 5186 Sion
3595 5146 3761 5203 super

2104 5222 2290 5278 omnia
2346 5217 2704 5274 tabernacula
2759 5216 2919 5274 Iacob
2975 5216 3142 5289 (Psal.
3207 5218 3448 5290 Lxxxw).
3504 5218 3586 5275 De
3641 5235 3760 5291 qua

2104 5307 2355 5382 gloriosa
2366 5305 3096 5379 dicuntur,videlicetquod
3114 5305 3172 5362 in
3205 5322 3273 5363 ea
3303 5306 3757 5380 docens,passus

2105 5403 2160 5454 et
2175 5412 2485 5469 resurgens
2508 5393 3046 5464 Salvator,salutem
3073 5399 3348 5469 operatus
3361 5399 3450 5452 est
3481 5395 3539 5450 in
3565 5396 3758 5453 medio

2103 5491 2286 5542 terrae.
2324 5484 2406 5539 Ad
2438 5483 2547 5540 hoc
2577 5501 2610 5538 a
2641 5483 2868 5540 saeculis
2898 5488 2988 5539 est
3033 5483 3336 5559 praeelecta
3366 5487 3431 5539 ut
3460 5487 3757 5541 tantorum

2105 5577 2261 5632 esset
2285 5572 2520 5631 conseia
2541 5576 2603 5629 et
2631 5572 3096 5631 cellafamiliaris
3119 5572 3550 5645 mysteriOrum.
3567 5569 3760 5630 Electa
