4000 6168
1642 355 2102 424 8ΕΒΜΟΝΕΒ.’

3445 322 3578 425 m
3613 319 3615 321 ,

163 487 658 564 nimirum;un
688 489 814 564 ipse
845 487 942 564 qui
973 487 1152 565 elegit
1192 492 1441 548 testatur
1469 489 1668 549 dicens
1701 508 1713 549 :
1745 493 1808 552 Et
1835 492 1890 561 Α
1920 489 2100 562 viant,
2129 492 2186 548 et
2216 505 2430 548 nomen
2458 487 2559 548 Dei
2587 485 2702 547 vivi
2725 487 3034 566 abnegent,
3058 487 3148 549 vel
3182 488 3570 567 oreblasphe-

161 580 227 637 ds
266 579 573 636 Jerusalem
613 580 833 634 civitate
875 595 1046 652 quam
1089 579 1228 651 elegi
1271 581 1452 637 veniet
1493 581 1641 636 vobis
1687 581 1812 636 Sal-

164 673 341 728 vetor.

231 760 419 823 Quam
440 755 572 823 etsi,
597 756 851 829 peccatis
872 756 1400 814 inhabitantiumid
1424 758 1813 832 exigentibus,

153 849 319 920 justo
339 845 564 918 judicio
596 858 703 901 suo
733 845 791 901 in
824 860 1038 902 manus
1069 846 1387 918 impiorum
1421 847 1635 920 saepius
1662 847 1814 903 tradi

159 934 500 1009 permiserit
527 933 833 1000 Dominus,
864 938 923 989 et
953 935 1111 990 durae
1133 936 1347 1008 jugum
1397 936 1694 992 servitutis
1741 937 1812 994 ad

160 1029 400 1097 tempus
430 1035 557 1078 eam
585 1022 878 1078 sustinere
909 1039 1119 1095 passus
1151 1023 1250 1093 sit,
1283 1041 1396 1080 non
1431 1029 1628 1080 tamen
1661 1026 1814 1081 arbi-

161 1113 440 1170 tra-udum
471 1115 560 1167 est
589 1113 742 1184 quod
773 1125 904 1167 eam
930 1114 1100 1184 quasi
1121 1129 1156 1168 a
1181 1130 1243 1168 se
1271 1114 1637 1186 repudiatam
1661 1115 1816 1186 abje—

165 1202 331 1265 cet-it,
353 1216 494 1256 cum
521 1201 803 1273 scriptum
836 1200 950 1256 sit:
984 1202 1246 1273 ﬂagellat
1298 1204 1566 1259 Dominus
1603 1218 1817 1259 omnem

163 1289 350 1363 ﬁlium
373 1303 532 1363 quem
562 1291 757 1364 recipit
787 1290 980 1360 (Hebr.
1012 1289 1112 1362 xu)
1139 1310 1150 1360 ;
1185 1291 1267 1346 illi
1298 1307 1430 1348 vero
1460 1293 1817 1348 thesaurizat

164 1380 315 1436 nam
373 1379 470 1434 sui
517 1377 768 1435 dicitur:
816 1381 1053 1436 Recessit
1107 1381 1254 1436 zelus
1300 1397 1452 1436 meus
1509 1399 1542 1436 η
1572 1387 1643 1450 te,
1696 1384 1818 1454 jam

165 1469 546 1543 ampliatum
584 1469 794 1523 irascar
839 1469 943 1524 tibi
970 1469 1194 1540 (Ezech.
1249 1469 1387 1542 xw.)
1439 1469 1642 1543 Diliglt
1681 1487 1816 1544 ergo

167 1567 318 1626 eam,
351 1567 456 1612 nec
478 1556 740 1628 intepuit
770 1571 908 1629 erga
936 1572 1063 1612 eam
1110 1558 1438 1614 dilectionis
1496 1559 1686 1615 fervor
1723 1560 1817 1616 cui

168 1645 356 1702 dicit:
394 1637 514 1701 Eri:
541 1660 736 1701 corona
769 1647 963 1714 gloria
1010 1649 1071 1701 in
1115 1663 1286 1702 manu
1326 1649 1548 1703 Domini
1605 1652 1656 1703 et
1695 1649 1817 1704 dia-

166 1735 327 1791 eam
357 1735 514 1806 regni
540 1736 604 1789 in
629 1749 803 1789 manu
826 1735 924 1791 D’ei
942 1737 1028 1791 tui
1049 1755 1064 1800 ;
1083 1744 1136 1791 et
1159 1753 1266 1791 non
1290 1736 1561 1792 vocaberis
1581 1739 1819 1809 amplius

165 1824 428 1893 desolavit,
459 1823 553 1879 “sed
579 1823 855 1928 vocaberis
885 1825 1134 1880 voluntas
1161 1841 1282 1882 mea
1320 1827 1449 1898 quia
1495 1826 1820 1898 complacuit
1851 1862 1900 1928 Β

168 1915 396 1970 Domino
429 1915 489 1967 in
519 1921 572 1968 te
601 1912 729 1984 (lsa.
762 1913 924 1984 Lxu.)

236 1997 372 2057 Haec
401 1993 582 2074 igitur
612 1999 824 2058 salutis
855 2005 1065 2058 nostra
1098 2001 1411 2070 cunabula,
1445 2001 1673 2059 Domini
1721 2019 1822 2074 pa-

168 2090 366 2154 trium,
413 2088 712 2163 religionis
771 2093 1041 2158 matrem,
1098 2089 1351 2164 populus
1409 2091 1632 2163 absque
1685 2091 1822 2161 Deo,

171 2177 392 2235 ancilla
423 2171 580 2233 ﬁlius
602 2178 901 2251 Egyptias,
939 2178 1196 2251 possidet
1222 2178 1522 2244 violenter,
1558 2182 1614 2233 et
1645 2177 1825 2251 capti-

169 2267 318 2323 vati's
348 2265 546 2322 liberte
583 2265 723 2322 ﬁliis
779 2270 1069 2321 extremas
1127 2265 1378 2339 imponit
1437 2266 1822 2335 conditiones,

173 2355 390 2428 quibus
418 2363 585 2410 versa
611 2353 733 2410 vice
764 2355 972 2410 merito
1004 2355 1220 2411 servire
1249 2355 1574 2411 tenebatur.

238 2444 355 2500 Sed
388 2441 529 2516 quid
561 2442 842 2515 scriptum
875 2444 1013 2499 est?
1052 2445 1200 2516 Ejice
1245 2445 1506 2499 ancillam
1545 2449 1597 2501 et
1645 2446 1826 2515 ﬁlium

173 2535 290 2605 ejus
321 2531 475 2603 (Gen.
504 2531 646 2604 ιη.)
677 2532 1128 2588 Sarracenorum
1161 2533 1316 2588 enim
1349 2548 1492 2604 gens
1540 2534 1722 2606 impia
1768 2538 1826 2590 et

174 2621 610 2678 mundanorum
647 2621 919 2677 sectatrix
947 2621 1329 2677 traditionum
1363 2621 1490 2677 loca
1520 2627 1741 2691 sancta;
1766 2623 1824 2679 in

174 2710 391 2784 quibus
419 2713 713 2767 steterunt
742 2711 920 2783 pedes
951 2710 1207 2776 Domini,
1235 2711 1360 2782 jam
1389 2728 1421 2766 a
1442 2711 1644 2768 multis
1675 2716 1826 2771 retro

177 2798 540 2873 temporibus
565 2798 822 2855 violenta
854 2799 1066 2872 premit
1097 2799 1404 2871 tyrannide
1431 2817 1444 2868 ;
1478 2801 1737 2856 subactis
1767 2802 1828 2856 ti-

174 2887 406 2945 delibus
435 2891 494 2944 st
519 2889 582 2944 iis
621 2888 962 2944 servitutem
1021 2888 1336 2955 damnatis,
1381 2888 1627 2961 ingressi
1690 2894 1830 2946 sunt

175 2983 350 3033 canes
379 2975 440 3031 l'n
474 2977 710 3041 sancta;
743 2974 1115 3048 profanatum
1143 2975 1676 3044 estsanctuariurn,
1717 2976 1827 3031 hu-

177 3064 438 3121 miliatus
465 3067 555 3120 est
587 3063 776 3119 cultor
804 3061 906 3118 Dei
965 3062 1240 3135 populus,
1284 3063 1554 3135 angarias
1611 3063 1831 3135 patitur

176 3147 450 3227 indignas
481 3159 666 3224 genus
697 3150 968 3219 electum,
1003 3151 1179 3206 servit
1215 3151 1274 3206 in
1307 3151 1433 3206 luto
1464 3155 1520 3207 et
1549 3151 1608 3206 in
1652 3152 1829 3208 latere
1868 3216 1870 3218 τ

1923 585 2085 637 ment
2104 580 2383 655 sacrilego
2406 579 2867 655 compelluntur:
2897 581 3191 655 autimpia
3211 583 3572 640 detestantes

1923 671 2166 743 imperia
2197 672 2504 726 caeduntur
2533 669 2747 743 gladiis
2777 685 2940 726 more
2968 669 3318 739 bidentium,
3349 672 3572 729 sanctis

1923 760 2280 832 martyribus
2313 760 2593 815 sociendi.
2638 759 2764 816 Non
2795 763 2885 815 est
2926 759 3250 833 sacrilegiis
3307 759 3570 818 locorum

1924 848 2269 917 differentia,
2304 866 2420 905 non
2453 852 2541 904 est
2572 863 2953 921 personarum
2987 852 3305 920 respectus.
3338 848 3403 905 In
3433 865 3572 907 san-

1925 938 2168 993 ctuariis
2198 938 2547 994 occiduntur
2578 938 2908 993 sacerdotes
2935 943 2992 993 et
3030 936 3232 1007 levitas,
3279 944 3575 1012 coguntur

1922 1026 2180 1098 virgines
2214 1026 2504 1094 fornicari,
2539 1029 2640 1080 aut
2696 1041 2800 1098 per
2849 1025 3166 1082 tormentis
3212 1027 3422 1100 perire,
3468 1043 3575 1084 nec

1927 1115 2209 1170 matronis
2241 1118 2379 1171 mtas
2413 1115 2706 1170 maturior
2738 1115 3110 1188 suffragatur.

1994 1203 2089 1257 Vae
2124 1203 2295 1258 nobis
2327 1204 2428 1274 qui
2456 1203 2513 1257 in
2575 1203 2726 1258 hanc
2758 1206 2879 1258 tam
2933 1202 3244 1275 periculosi
3294 1203 3576 1277 temporis

1926 1291 2336 1347 descendimus
2368 1290 2690 1359 miseriam,
2724 1307 2901 1363 quam
2924 1293 2983 1348 in
3013 1291 3226 1364 Spiritu
3254 1291 3577 1365 prmvidens

1925 1379 2143 1435 electus
2161 1397 2194 1434 a
2215 1379 2462 1435 Domino
2479 1378 2684 1446 David,
2699 1397 2796 1436 rex
2819 1379 3027 1447 ﬁdelis,
3051 1380 3315 1453 deplorat
3331 1382 3535 1437 dicens
3558 1397 3572 1438 :

1926 1469 2084 1538 Deus,
2109 1473 2371 1524 venerunt
2420 1476 2602 1537 gentes
2633 1471 2692 1524 in.
2741 1471 3116 1526 hereditatem
3145 1477 3332 1538 tuam;
3365 1471 3576 1542 pollue-

1927 1565 2057 1612 runt
2087 1558 2344 1629 templum
2363 1565 2608 1613 sanctum
2640 1567 2797 1614 tuum
2827 1559 3001 1630 (Psal.
3029 1560 3276 1630 Lxxvm).
3310 1560 3373 1615 Et
3405 1561 3575 1615 item:

1927 1646 2196 1717 Populum
2229 1650 2387 1701 tuum
2430 1647 2862 1703 humiliaverunt
2907 1653 2960 1702 et
3008 1647 3384 1704 hereditatem
3425 1657 3581 1704 tuam

1928 1743 2282 1790 vexaverant.
2323 1737 2540 1808 Ulquid,
2596 1738 2844 1801 Domine,
2876 1737 3132 1791 irasceris
3173 1737 3233 1791 in
3281 1737 3464 1806 ﬁnem,
3498 1749 3584 1792 ac-

1929 1823 2188 1878 cendet-ur
2216 1825 2362 1878 velut
2394 1826 2538 1894 ignis
2577 1826 2664 1879 ira
2709 1828 2844 1879 tua?
2873 1825 3044 1895 (Psal.
3095 1825 3278 1895 xum.)
3325 1823 3426 1882 Ubi
3449 1832 3583 1880 sunt

1929 1913 2325 1969 misericordiae
2352 1917 2467 1970 ιιιιεε
2495 1915 2761 1984 antiquae,
2804 1914 3068 1968 Domine?
3091 1915 3258 1975 (Psal.
3289 1912 3580 1982 Lxxxvm.)

1929 1999 2222 2056 Verumne
2251 2005 2340 2057 est
2372 2001 2526 2074 quod
2578 2001 2794 2056 dicitur
2825 2019 2838 2056 :
2873 2003 2987 2057 Non
3038 2003 3389 2057 obliviscetur
3417 2004 3583 2058 mise-

1933 2091 2048 2144 reri
2075 2090 2235 2156 Dcus,
2268 2105 2377 2146 non
2424 2090 2726 2146 continebit
2771 2093 2831 2145 in
2888 2092 2977 2144 ira
3020 2106 3124 2146 sua
3172 2090 3583 2147 misericordias

1931 2193 2060 2232 suas
2080 2181 2104 2229 .9
2135 2178 2447 2244 Recordare,
2473 2177 2864 2249 Domine,quid
2895 2178 3154 2234 acciderit
3173 2180 3346 2246 nobis,
3369 2181 3583 2235 intuere

1931 2270 1983 2320 et
2011 2265 2131 2321 vide
2159 2267 2515 2337 upprobrium
2540 2271 2789 2321 nostrum
2813 2268 3031 2338 (Thren.
3059 2268 3138 2339 v.)
3177 2270 3266 2326 Va?
3285 2268 3478 2324 nobis!
3500 2272 3584 2324 ut-

1933 2354 2064 2426 quid
2092 2357 2222 2411 nati
2247 2371 2435 2410 sumus
2459 2354 2640 2411 videre
2667 2358 3073 2427 corruptionem
3109 2357 3305 2428 populi
3329 2358 3508 2413 nostri
3524 2358 3584 2412 et

1932 2445 2314 2498 contritionem
2344 2445 2581 2500 civitatis
2617 2446 2820 2500 sanctae
2838 2449 2890 2500 et
2919 2444 3104 2500 sedere
3122 2446 3258 2512 illic,
3291 2461 3417 2501 cum
3445 2446 3583 2501 dan-

1935 2535 2026 2586 tur
2052 2533 2111 2586 in
2139 2533 2397 2587 manibus
2429 2534 2785 2588 inimicorum
2813 2536 3004 2588 sancta
3043 2535 3089 2602 (I
3118 2533 3288 2589 Much.
3317 2546 3408 2608 ιιι.)

2006 2619 3042 2694 Vosigitur,dilectissimi,armamini
3068 2621 3191 2678 zelo
3203 2621 3584 2696 Dei,a‘ecln'gi-

1936 2708 2502 2782 miniunusquisque
2524 2709 2717 2782 gladio
2739 2727 2845 2766 suo
2869 2727 3044 2782 super
3065 2710 3256 2766 femur
3282 2725 3458 2768 suum
3481 2725 3582 2785 po-

1935 2801 2029 2853 tcn
2038 2798 2164 2852 tissi
2175 2799 2597 2866 me(Psal.xuv.
2611 2797 2667 2869 )A
2675 2800 3074 2870 ccingimini,et
3093 2803 3262 2855 estote
3272 2799 3381 2869 ﬁlii
3395 2805 3584 2872 poten—

1933 2889 2012 2942 tes
2025 2904 2042 2940 :
2055 2887 2251 2941 melius
2263 2895 2339 2942 est
2352 2890 2502 2943 enim
2520 2889 2674 2943 nobis
2689 2889 2831 2944 mori
2841 2889 2901 2942 in
2917 2887 3051 2943 bello
3064 2903 3232 2961 quum
3243 2888 3424 2944 valere
3438 2889 3588 2947 male

1934 2976 2114 3044 gentis
2133 2978 2332 3029 nostra?
2357 2980 2408 3030 et
2438 2983 2751 3031 sanctorum
2772 2976 2817 3046 (I
2835 2976 3016 3031 Much.
3048 2976 3218 3048 m.)Si
3238 2976 3376 3049 quis
3390 2975 3586 3033 zelum

1935 3062 2081 3134 legis
2103 3063 2201 3118 Dei
2227 3063 2423 3131 habet,
2449 3063 2732 3137 adjun—gat
2754 3079 2817 3119 se
2839 3063 3458 3121 nobis.8ubveniamus
3478 3065 3590 3122 fra-

1934 3151 2124 3206 tribus
2155 3151 2392 3216 nostris,
2415 3152 2792 3224 dirumpamus
2837 3153 3062 3207 vincula
3095 3165 3280 3208 eorum
3308 3155 3360 3208 et
3408 3154 3587 3225 proji.

179 3222 372 3316 regale
398 3222 1094 3312 Sacerdotiummrinceps
1114 3239 1544 3312 previnciarum
1572 3240 1723 3296 facta
1743 3244 1832 3297 est
1862 3222 1904 3289 C
1942 3241 2150 3296 ciamus
2188 3256 2220 3294 a
2256 3241 2409 3295 nobis
2438 3222 2636 3312 jugum
2668 3243 2927 3311 ipsorum
2970 3240 3142 3313 (Psal.
3175 3240 3262 3311 ιι.)
3292 3222 3588 3313 Egredimi

183 3331 291 3387 sub
311 3329 541 3386 tributo
572 3329 774 3385 civitas
804 3328 927 3386 Dei.
951 3328 1134 3400 Cujus
1165 3345 1278 3384 non
1310 3328 1571 3400 liqueﬁat
1593 3328 1833 3385 anima?

184 3419 352 3491 cujus
381 3429 495 3476 non
522 3418 828 3474 tabescunt
858 3417 1176 3491 praecordia
1225 3417 1297 3472 iis
1327 3418 1398 3472 ad
1441 3417 1706 3473 animum
1739 3434 1833 3473 re-

179 3507 600 3564 currentibus?
619 3506 760 3571 Quis
790 3506 911 3562 haec
941 3505 1111 3562 siccis
1140 3505 1333 3561 oculis
1398 3506 1599 3562 audire
1620 3510 1830 3578 potest,

176 3597 386 3654 naues
405 3595 783 3651 charissimi?
800 3595 1110 3668 Templum
1133 3592 1385 3659 Domini,
1411 3595 1482 3649 de
1498 3611 1614 3666 quo
1637 3592 1832 3651 zelans

180 3684 468 3742 Dominus
495 3684 812 3739 vendentes
857 3683 1026 3755 eiecit
1081 3686 1139 3738 et
1195 3686 1456 3738 ementes
1503 3697 1576 3738 ne
1621 3683 1832 3740 domus

175 3772 522 3844 Panis-ejus
554 3771 720 3828 ﬂeret
775 3771 1059 3844 spelunca
1117 3770 1437 3836 latronum,
1471 3771 1687 3826 factum
1743 3776 1833 3829 est

173 3861 344 3918 sedes
362 3860 810 3917 damoniorum.
846 3859 906 3915 ld
935 3861 1129 3931 ipsum
1152 3859 1307 3915 enim
1339 3862 1398 3915 et
1419 3859 1830 3917 Mattbatbiam

174 3949 541 4006 sacerdotem
564 3953 872 4020 magnum.
895 3951 1234 4004 sanctorum
1263 3948 1691 4021 progenitorem
1713 3949 1833 4005 Ma-

172 4037 571 4104 cubueram,
611 4037 686 4092 ad
739 4036 928 4102 zelum
973 4037 1235 4092 accendit
1280 4037 1829 4105 commendabilem,

169 4126 329 4183 sicut
353 4125 484 4198 ipse
515 4126 766 4181 testatur
794 4125 992 4180 dicens
1026 4142 1039 4179 :
1094 4126 1367 4198 Teniplum
1414 4127 1632 4182 Domini
1675 4129 1833 4197 quasi

169 4213 564 4286 cirignebilis,
595 4229 725 4269 vasa
761 4213 964 4284 glorite
1011 4216 1129 4285 ejus
1173 4214 1405 4270 abducta
1447 4219 1576 4270 sunt
1619 4217 1831 4287 captiva

173 4304 226 4375 (Ι
249 4297 421 4359 lacn.
454 4302 544 4373 π.)
595 4301 809 4359 Civitas
867 4302 1040 4375 Regis
1089 4315 1293 4375 regum
1351 4303 1640 4371 omnium,
1701 4319 1828 4376 quae

169 4391 311 4447 aliis
358 4389 594 4464 regulas
657 4391 1002 4447 intemerata
1057 4391 1300 4447 tradidit
1358 4391 1514 4455 fidei,
1562 4392 1828 4463 gentium

165 4477 705 4552 superstitionibus
736 4479 963 4552 cogitur
1007 4479 1189 4536 invita
1245 4479 1555 4536 deservire.
1601 4480 1828 4536 Sancta:

1940 3332 1998 3384 et
2025 3327 2311 3384 Dominus
2341 3328 2450 3384 erit
2478 3327 2803 3384 vobiscum.
2835 3329 3014 3384 Arma
3044 3343 3171 3400 quas
3201 3329 3352 3384 caede
3382 3332 3590 3385 mutua

1938 3417 2140 3472 illicite
2170 3417 2545 3480 cruentastis,
2579 3417 2636 3471 in
2668 3416 2867 3473 hostes
2894 3417 3028 3472 ﬁdei
3060 3421 3116 3473 et
3144 3417 3402 3473 nominis
3427 3417 3591 3472 Chri-

1941 3506 2115 3562 stiani
2147 3506 2480 3562 convertite.
2508 3507 2700 3572 Furta,
2733 3505 3021 3569 incendia,
3055 3506 3310 3579 rapinas,
3342 3505 3585 3562 homici-

1939 3595 2056 3661 dia,
2084 3599 2139 3651 et
2169 3599 2375 3651 caetera
2405 3594 2603 3667 qualia
2649 3594 2748 3667 qui
2792 3599 2974 3668 agunt
3021 3611 3266 3668 regnum
3312 3594 3414 3652 Dei
3469 3606 3588 3652 nos
3645 3633 3648 3635 -

1939 3684 2347 3757 possidebunt,
2364 3683 2473 3740 hoc
2490 3684 2605 3739 Deo
2619 3683 2980 3756 bene'placito
3004 3684 3122 3739 redi
3133 3685 3272 3739 mite
3286 3683 3588 3756 obsequio,

1941 3777 2005 3828 ut
2033 3771 2380 3828 delictorum
2408 3770 2624 3844 quibus
2647 3769 2961 3828 Dominum
2989 3774 3061 3827 ad
3082 3772 3444 3828 iracundiam
3467 3785 3594 3844 pre-

1938 3861 2210 3928 vocastis,
2245 3860 2488 3917 celerem
2517 3859 2939 3933 indulgentiam
2965 3875 3068 3932 pro
3099 3860 3264 3916 vobis
3289 3859 3594 3916 obtineant

1939 3950 2062 4005 haec
2085 3949 2315 4021 pietatis
2347 3964 2521 4020 opera
2542 3952 2598 4004 et
2629 3948 2959 4020 deprecatio
2989 3946 3198 4002 collata
3223 3951 3588 4003 sanctorum.

1938 4036 2247 4093 Monemus
2276 4037 2458 4110 igitur
2485 4041 2543 4092 et
2573 4035 2953 4091 exhortamus
3007 4035 3066 4089 in
3108 4035 3376 4104 Domino,
3427 4039 3484 4091 et
3528 4035 3590 4091 in

1935 4125 2376 4182 remisssioncm
2407 4128 2782 4197 peccatorum
2813 4123 3202 4196 injungimus,
3229 4127 3294 4178 ut
3317 4112 3592 4180 fratribus

1939 4214 2156 4271 nostris
2186 4218 2242 4269 et
2273 4211 2527 4268 caelestis
2558 4211 2720 4285 regni
2755 4210 3156 4268 coheredibus
3187 4211 3412 4283 (omnes
3433 4211 3590 4268 enim

1937 4303 2184 4360 invicem
2207 4318 2414 4358 sumus
2436 4301 2722 4366 membra,
2739 4300 2996 4357 haeredcs
3020 4301 3256 4373 quidem
3276 4300 3392 4370 Dei,
3409 4300 3593 4356 cohae-

1936 4394 2103 4449 rcdes
2138 4395 2336 4448 autem
2360 4391 2574 4448 Christi
2599 4391 2769 4462 [Rom
2796 4388 2917 4463 νην]
2943 4389 3041 4462 qui
3086 4389 3506 4462 Hierosolymis
3529 4394 3593 4446 et

1937 4481 1993 4536 in
2009 4478 2967 4552 ﬁnibusejusbabitant,afﬂictioni
2984 4477 3590 4551 etlaboribuscompa-

174 4566 626 4625 resurrectionis
651 4567 915 4637 ecclesia,
947 4568 1179 4641 requies
1201 4569 1547 4624 dormientis
1575 4569 1828 4638 Domini,
1859 4585 1904 4651 ι)
1935 4567 3015 4638 tientes,inﬁdcliuminsolentiam,qui
3035 4567 3143 4623 sibi
3165 4567 3592 4640 regna,princi-

168 4665 382 4712 eorum
413 4655 667 4712 sustinet
697 4655 961 4728 imperia,
995 4657 1246 4713 fmdatur
1291 4656 1588 4729 spurcitiis
1627 4673 1829 4713 eorum

178 4743 280 4818 qui
319 4742 774 4801 remst-rectionis
805 4760 922 4800 non
961 4744 1260 4802 habebunt
1301 4745 1698 4818 participium,
1730 4747 1832 4802 sed

165 4831 400 4907 stipata
412 4832 782 4907 igui'sa'sterni
806 4834 1160 4906 perennibus
1180 4833 1619 4906 deputabuntur
1643 4834 1835 4891 incen-

349 4921 500 4978 Loca
521 4921 883 4979 Wnerabiiia
920 4922 1133 4979 divinis
1190 4923 1470 4995 deputata
1516 4923 1834 4997 mysteriis,

177 5008 640 5084 qua-nmmum
659 5009 718 5066 in
738 5021 913 5068 carne
939 5015 1326 5085 susceperunt
1344 5010 1838 5085 hospitem,signa

173 5095 472 5170 viderunt,
501 5103 820 5156 senserunt.
847 5100 1148 5166 beneﬁcia,
1183 5113 1435 5172 quorum
1477 5101 1741 5157 omnium
1773 5102 1832 5157 in

167 5193 240 5243 se
275 5183 596 5260 piscando
632 5189 1007 5260 pratentiunt
1064 5193 1429 5262 argumenta,
1490 5189 1641 5244 facta
1698 5194 1837 5245 sunt

175 5281 428 5350 gregum
451 5277 757 5350 praesepia,
791 5277 1023 5334 stabula
1039 5279 1467 5349 jumentorum.
1499 5277 1836 5335 Laudabilis

174 5363 455 5437 populus,
483 5365 585 5420 'cui
633 5365 934 5422 benedixit
975 5364 1260 5423 Dominus
1307 5365 1691 5432 exercituum,
1725 5367 1835 5424 sub

169 5451 559 5527 augerier-um
592 5457 648 5509 et
678 5453 1050 5511 sordidarum
1095 5454 1532 5526 prae-stationum
1577 5457 1837 5527 pondere

170 5539 360 5614 gemit
377 5541 666 5617 fatigatus
685 5561 698 5611 ;
716 5542 1030 5617 rapiuntur
1051 5559 1252 5600 eorum
1272 5541 1398 5609 ﬁlii,
1421 5543 1626 5599 matris
1645 5544 1833 5602 Eccle-

159 5629 489 5688 sinebam
518 5631 782 5705 pignora,
815 5637 882 5689 ut
909 5633 1175 5705 gen-tium
1207 5631 1599 5690 immunditiis
1642 5633 1835 5690 deser-

1937 4662 2114 4730 patus
2131 4660 2186 4712 ct
2203 4660 2514 4728 potestates
2537 4657 2666 4728 subj
2676 4657 2825 4712 icere
2839 4657 3086 4712 contend
3097 4656 3428 4724 unt,debita
3441 4667 3594 4712 com-

1941 4746 2197 4820 pescatis
2209 4745 2798 4810 animadversione,et
2815 4745 2933 4800 illis
2946 4746 3085 4799 totis
3095 4745 3318 4801 viribus
3333 4759 3595 4802 occurra-

1941 4833 2019 4888 tis
2029 4849 2082 4904 ,q
2092 4832 2263 4887 uibus
2276 4836 2364 4886 est
2377 4830 2736 4902 propositum
2751 4845 2960 4885 nomen
2977 4827 3248 4887 (λειω-θα)
3257 4831 3591 4887 ristisnum.

1943 4919 2212 4992 Alioquin
2246 4919 2506 4974 futurum
2540 4922 2628 4974 est
2681 4921 2745 4972 ut
2774 4917 2831 4972 in
2885 4919 3148 4988 proximo
3201 4917 3458 4973 Ecclesia
3483 4919 3588 4974 Dei

1936 5011 2148 5083 jugnm
2181 5008 2451 5064 indebita:
2481 5007 2794 5078 praeferens
2839 5006 3161 5070 servitutis,
3195 5005 3328 5060 fidei
3381 5006 3596 5062 sentiat

1944 5097 2338 5171 dispendium,
2363 5094 2706 5168 praevalente
2728 5094 3036 5168 gentilium
3068 5093 3506 5166 superstitione.
3527 5093 3590 5150 In

1944 5191 2163 5261 quanta
2184 5185 2340 5242 enim
2365 5183 2536 5256 positi
2560 5181 2681 5238 sint
2696 5183 3009 5240 afﬂictione
3033 5186 3318 5238 noverunt
3335 5191 3404 5237 ex
3425 5180 3592 5239 vobis

1945 5275 2211 5332 nonnulli
2228 5275 2328 5346 qui
2343 5273 2461 5328 haec
2475 5289 2602 5345 quae
2616 5271 3153 5344 loquimuroculata
3165 5275 3596 5343 conspexerunt

1944 5367 2140 5432 ﬁdc,et
2160 5379 2416 5437 praesens
2437 5361 2670 5418 illorum
2705 5375 2807 5434 per
2835 5375 3078 5416 manum
3103 5358 3253 5416 Petri
3283 5359 3388 5415 viri
3422 5370 3594 5417 vene-

1944 5455 2168 5522 rabilis,
2196 5453 2294 5525 qui
2315 5466 2571 5525 praesens
2593 5450 2779 5517 est,ad
2804 5467 2911 5505 nos
2933 5449 3125 5505 delata
3139 5451 3305 5505 do‘cet
3323 5449 3591 5522 epistola.

1943 5545 2060 5601 Nos
2092 5549 2283 5598 autem
2318 5542 2388 5596 de
2437 5537 2837 5595 misericordia
2873 5537 2970 5595 Dei
3000 5542 3057 5595 et
3102 5539 3407 5596 beatorum
3440 5539 3593 5595 Petri

1951 5637 2008 5690 et
2036 5629 2198 5689 Pauli
2241 5629 2641 5704 apostolorum
2690 5627 3029 5687 auctoritate
3059 5628 3285 5698 conﬁsi,
3317 5627 3594 5687 ﬁdelibus
