4000 6168
422 324 542 398 871
1719 330 1791 396 Β.
1837 328 2075 398 UBBAl

2182 329 2230 396 [Ι
2274 330 2520 398 PAPIE.
3705 327 3845 394 8⁸13.

428 463 798 532 Christianis,
831 462 929 539 qui
969 471 1172 523 contra
1223 476 1322 522 eos
1378 476 1542 520 arma
1598 463 1980 537 susceperint,
2011 469 2069 521 et
2096 467 2152 534 Α
2180 470 2436 538 quantus
2456 463 2920 523 Christianorum
2943 459 3829 538 pudor!)Syriam,Armeniam,

430 574 580 615 onus
611 556 722 613 sibi
753 555 930 628 hujus
971 549 1448 628 peregrinationis
1479 553 1926 625 assumpserint,
1960 554 2070 610 im-
2179 571 2412 612 omnem
2443 560 2738 628 postremo
2769 556 2964 612 Asiam
2987 554 3274 612 minorem
3300 553 3492 624 (cujus
3515 553 3829 625 provincia

429 664 666 703 mensas
689 663 791 718 pro
813 645 936 701 suis
957 643 1181 700 delictis
1204 641 1940 714 pmnitentiasrelaxamus.
1963 643 2070 708 Qui
2180 649 2319 700 sunt
2378 645 2665 717 Bithynia,
2728 643 2995 716 Phrygia,
3047 641 3293 707 Galatia,
3370 641 3566 713 Lydia,
3636 641 3830 707 Caria,

429 742 624 792 autem
655 735 733 790 ibi
767 735 825 788 in
850 749 983 788 vera
1014 731 1353 804 paenitentia
1382 730 1756 798 decesserint,
1790 735 1846 786 et
1876 748 2073 802 pecca-
2180 731 2540 804 Pamphylia,
2558 731 2797 798 Isauria,
2816 731 3008 804 Lycia,
3023 729 3243 800 Cilicia)
3264 735 3654 801 occuparunt;
3675 745 3832 785 nunc

428 829 624 880 torum
647 819 1071 891 indulgentiam
1096 823 1152 873 et
1175 819 1429 872 fructum
1452 822 1680 872 aeternae
1704 818 1987 873 mercedis
2009 835 2073 872 se
2179 821 2474 892 Illyricum
2517 826 2573 876 et
2605 837 2810 876 omnes
2843 819 3146 875 inferiores
3177 824 3364 874 terras
3395 811 3713 873 insolentes
3745 819 3833 873 in-

429 929 545 968 non
567 909 835 966 dubitent
859 907 1186 962 habituros.
1214 907 1446 961 Interim
1471 923 1604 961 vero
1625 923 1724 961 eos
1745 906 1842 977 qui
1868 907 2071 961 ardore
2181 911 2464 982 quietant,
2495 925 2682 980 usque
2707 909 2779 964 ad
2809 924 2970 963 mare
2993 908 3148 979 quod
3172 906 3454 962 brachium
3467 906 3654 961 Sancti
3673 906 3834 962 Geor-

428 999 560 1054 fidei
593 999 663 1052 ad
691 996 1109 1068 expugnandos
1142 995 1276 1050 illos
1305 994 1561 1050 laborem
1609 994 1790 1050 istum
1840 1011 2070 1050 assum-
2179 999 2262 1068 gii
2280 1002 2536 1053 vocatur.
2563 985 2711 1062 Quid
2745 996 2899 1068 quod
2933 994 3304 1052 Dominicum
3358 997 3828 1061 monumentum,

428 1087 668 1160 pserint,
702 1085 812 1140 sub
844 1083 1108 1138 Ecclesiae
1140 1083 1476 1138 defensione
1505 1087 1562 1138 et
1587 1083 1889 1139 beatorum
1922 1083 2071 1138 Petri
2180 1087 2420 1142 unicum
2453 1085 2758 1142 introitum
2786 1084 3107 1157 peregrinis
3129 1083 3346 1140 nostris
3369 1083 3826 1154 venditant,qua3

424 1179 483 1232 et
529 1173 693 1230 Pauli
747 1172 1124 1244 protectione,
1194 1175 1480 1242 tanquam
1539 1187 1685 1226 verte
1729 1170 2070 1227 obedientise
2181 1174 2321 1230 solis
2353 1174 2699 1230 Christianis
2747 1177 2945 1245 patere
2973 1173 3226 1236 deberet,
3261 1173 3309 1228 si
3359 1172 3594 1244 aliquod
3645 1171 3825 1228 solita

424 1263 576 1320 filios
607 1261 943 1334 recipimus,
985 1265 1044 1315 et
1074 1261 1145 1314 ab
1204 1259 1492 1315 universis
1547 1259 2072 1331 inquietationibus
2179 1263 2411 1318 virtutis
2441 1263 2750 1336 vestigium
2782 1263 2867 1318 eis
2897 1260 3134 1317 inesset.
3171 1261 3286 1317 Hoc
3319 1261 3377 1316 in
3409 1260 3601 1317 solum
3649 1265 3824 1326 esset,

421 1357 543 1410 tam
573 1351 632 1407 in
664 1351 841 1407 rebus
871 1366 1049 1421 quam
1080 1351 1138 1403 in
1189 1349 1454 1420 personis
1484 1348 1799 1404 statuimus
1837 1364 2072 1405 manere

423 1457 680 1498 securos.
713 1438 773 1494 Si
802 1455 934 1494 vero
965 1436 1260 1508 quispiam
1312 1437 1621 1491 molestare
1668 1453 1766 1492 eos
1797 1453 1943 1492 ausu
1987 1443 2069 1492 te-

422 1528 673 1586 merario
701 1525 1158 1600 praesumpserit,
1195 1541 1296 1596 per
1324 1525 1666 1596 episcopum
1699 1523 1809 1580 loci
1839 1541 2068 1580 excom-

422 1616 816 1674 municatione
843 1615 1086 1670 feriatur
1117 1618 1174 1669 et
1204 1615 1407 1668 tandiu
1440 1613 1730 1668 sententia
1759 1613 1831 1668 ab
1879 1614 2067 1668 omni-

421 1707 536 1762 bus
566 1705 924 1768 observetur,
965 1703 1149 1756 donec
1180 1706 1238 1756 et
1291 1700 1485 1756 ablata
1539 1701 1878 1768 reddantur,
1911 1706 1968 1756 et
1995 1702 2066 1757 de

422 1793 601 1849 illatis
631 1791 862 1848 damnis
889 1806 1143 1862 congrue
1173 1789 1514 1844 satisfaciat.

493 1879 762 1953 EpiscOpi
791 1895 924 1934 vero
955 1883 1012 1934 et
1041 1877 1383 1949 presbyteri,
1425 1877 1525 1948 qui
1584 1876 1802 1934 talibus
1846 1877 2070 1933 fortiter

423 1986 540 2026 non
571 1965 904 2032 restiterint,
937 1965 1110 2021 officii
1145 1964 1532 2036 suspensione
1563 1965 1941 2033 mulctentur,
1973 1967 2070 2022 do-

424 2073 527 2114 nec
561 2052 1016 2113 misericordiam
1044 2052 1200 2108 sedis
1231 2051 1561 2124 apostolicae
1592 2053 1913 2109 obtineant.

2180 1351 2398 1406 frontes
2427 1356 2660 1407 nostras
2690 1367 2928 1406 onerare
2967 1350 3260 1405 sufficeret
3287 1367 3300 1416 ;
3325 1351 3451 1419 jam
3502 1364 3634 1405 vero
3692 1349 3827 1420 quis

2179 1439 2324 1494 ferat
2354 1439 2466 1494 nisi
2489 1439 2741 1495 multum
2774 1438 2952 1503 iners,
2983 1437 3096 1494 nisi
3128 1437 3472 1494 Christianas
3504 1436 3699 1510 glorias
3731 1437 3821 1492 in-

2175 1527 2368 1594 vidus,
2400 1529 2554 1595 quod
2615 1545 2730 1583 non
2777 1545 2846 1583 ex
2900 1543 3065 1599 aequo
3117 1526 3426 1582 divisimus
3477 1527 3698 1582 orbem.
3735 1525 3822 1581 Illi

2179 1616 2396 1682 Asiam,
2428 1615 2659 1673 tertiam
2719 1615 2926 1671 mundi
2983 1620 3229 1688 partem,
3281 1620 3345 1670 ut
3394 1613 3828 1670 hereditarium

2178 1705 2383 1760 nidum
2413 1704 2766 1772 inhabitant,
2800 1721 2928 1777 quas
2961 1721 2995 1759 a
3025 1703 3349 1774 maioribus
3382 1703 3602 1759 nostris
3659 1720 3828 1774 aequa

2176 1793 2406 1849 duabus
2437 1793 2690 1849 residuis
2723 1793 2989 1866 partibus
3017 1797 3076 1848 et
3105 1797 3403 1849 tractuum
3434 1790 3824 1864 longitudine,

2177 1886 2234 1938 et
2267 1881 2695 1953 provinciarum
2730 1882 3136 1954 magnitudine
3173 1897 3290 1937 non
3328 1880 3620 1936 immerito
3671 1881 3824 1936 (esti-

2179 1975 2339 2026 mata
2375 1974 2481 2026 est.
2515 1970 2596 2025 lbi
2629 1970 2767 2026 olim
2799 1969 3120 2026 devotionis
3153 1974 3361 2026 nostra;
3391 1969 3540 2024 rami
3570 1968 3825 2041 pullula-

2178 2063 2337 2124 runt,
2370 2059 2448 2114 ibi
2481 2059 2726 2131 apostoli
2760 2076 2985 2125 omnes,
3019 2062 3228 2130 praeter
3256 2059 3422 2126 duos,
3450 2061 3667 2115 mortes
3686 2075 3826 2114 suas

2179 2151 2630 2214 consecrarunt;
2661 2147 2740 2202 ibi
2776 2147 2948 2202 modo
2979 2145 3352 2214 Christicolas,
3386 2147 3436 2201 si
3474 2145 3575 2218 qui
3621 2162 3825 2218 super-

1199 2202 1296 2258 “1°
2179 2240 2336 2298 sunt,
2370 2202 2724 2307 pauperc'ulo
2755 2234 3070 2306 agricolatu
3112 2202 3511 2304 transigentes
3547 2202 3825 2302 inediam,

423 2315 526 2386 (ΕΧ
581 2313 900 2368 WILLEWO
977 2310 1513 2375 ΜΑιΜΕεΒυηιεΝειν
1574 2309 1612 2364 Ῑο
1674 2327 1749 2374 IV.
1823 2327 1949 2382 θαρ-
2012 2314 2068 2380 2»
2179 2323 2582 2380 nefandisillis
2613 2323 2856 2394 vectigal
2885 2323 3200 2395 pensitent,
3230 2322 3316 2378 vel
3341 2323 3534 2378 tacitis
3555 2321 3830 2395 suspiriis

1135 2397 1190 2452 p'
2176 2417 2380 2452 vnnimn
2411 2411 2697 2452 liharfnti:
2737 2412 3136 2452 decidat-onum
3190 2410 3605 2452 nnnnninntinm
3691 2410 3826 2452 nnin

2176 2417 2380 2469 vestras
2411 2411 2697 2467 libertatis
2737 2412 3136 2468 desiderantes
3190 2410 3630 2477 conscientiam,
3691 2410 3833 2482 quia

491 2498 694 2564 Multa,
727 2497 935 2553 fratres
966 2493 1321 2560 charissimi,
1355 2493 1561 2551 diebus
1592 2494 1684 2551 his
1719 2495 1885 2551 vobis
1915 2495 2071 2552 dicta
2179 2501 2480 2573 perdidere
2501 2517 2690 2556 suam.
2720 2495 3367 2567 Illi'Africam,alteram
3399 2499 3558 2556 orbis
3580 2501 3827 2570 partem,

421 2585 696 2654 recolitis,
729 2584 995 2658 quaedam
1018 2582 1077 2637 in
1100 2582 1343 2638 concilio
1367 2587 1563 2638 nostro
1577 2584 1766 2654 jussa,
1800 2585 2069 2654 quaedam

423 2676 692 2734 inhibita.
727 2673 1094 2730 lnconditum
1125 2676 1181 2726 et
1210 2673 1520 2728 confusum
1565 2672 1850 2728 scelerum
1893 2673 2070 2730 chaos

422 2765 688 2838 exigebat
718 2760 1039 2817 multorum
1071 2759 1300 2814 dierum
1351 2759 1765 2829 interstitium;
1799 2765 2071 2818 veternus

425 2854 667 2910 morbus
695 2849 923 2906 volebat
959 2847 1301 2904 eauterium.
1335 2849 1485 2904 Dum
1542 2849 1698 2905 enim
1745 2849 2070 2922 indulgenti

2177 2589 2447 2645 ducentis
2465 2590 2591 2661 jam
2623 2590 2790 2644 annis
2819 2593 2878 2644 et
2901 2604 2967 2644 eo
2987 2587 3243 2661 amplius
3275 2587 3456 2644 armis
3487 2604 3826 2659 possessam

2176 2681 2398 2742 tenent,
2445 2677 2600 2749 quod
2648 2676 2777 2733 ideo
2831 2676 3147 2732 Christiani
3201 2676 3442 2733 honoris
3501 2673 3830 2748 periculum

2178 2765 2516 2837 pronuntio,
2549 2764 2686 2836 quia
2714 2764 2889 2820 fuerit
2917 2769 3070 2819 terra
3099 2763 3200 2820 illa
3228 2764 3368 2820 olim
3413 2762 3830 2836 praeclarorum

2178 2853 2549 2926 ingeniorum
2571 2853 2760 2924 altrix,
2784 2870 2910 2925 quae
2927 2853 3140 2908 divinis
3161 2853 3397 2924 scriptis
3418 2868 3652 2909 omnem
3671 2857 3833 2907 vetu-

425 2939 892 2999 funeclementiie
906 2937 1260 2993 dimittimus
1281 2936 1517 3003 lineam,
1537 2937 1722 2994 multa
1743 2939 1915 2994 modo
1941 2956 2074 3011 apo-
2179 2943 2350 2998 statis
2379 2942 2558 2999 situm
2586 2959 2620 2998 a
2650 2959 2712 2998 se
2735 2942 3036 3016 repellent,
3059 2942 3322 3014 quandiu
3355 2941 3529 2996 fuerit
3549 2941 3649 3012 qui
3672 2939 3832 2996 Lati-

426 3030 675 3088 stolatus
701 3027 886 3084 nostri
919 3026 1162 3082 offendit
1191 3025 1448 3096 officium
1481 3043 1608 3098 qua:
1638 3026 2069 3099 praescinderet,
2182 3048 2287 3088 nas
2339 3031 2562 3087 litteras
2607 3031 2780 3103 legat.
2831 3031 3058 3087 Norunt
3112 3029 3349 3087 litterati
3394 3029 3548 3102 quod
3597 3029 3831 3100 loquor.

425 3119 592 3175 nulla
621 3116 834 3190 quibus
853 3118 1131 3186 parceret.
1157 3114 1268 3169 Sed
1301 3114 1771 3170 fuerithactenus
1802 3115 2072 3171 humanae
2117 3187 2143 3190 μ
2181 3120 2444 3176 Tertium
2473 3121 2675 3175 mundi
2709 3119 2884 3175 clima
2914 3123 3143 3190 Europa
3162 3123 3358 3186 restat,
3383 3120 3551 3189 cujus
3581 3120 3840 3190 quantu-

425 3187 756 3280 fragilitatis
787 3205 939 3276 quod
974 3202 1278 3276 peccastis,
1311 3202 1875 3274 quodillicebrarum
1906 3204 2072 3260 invo-
2103 3187 2146 3256 C
2184 3209 2300 3265 lam
2334 3213 2558 3281 partem
2596 3207 2997 3264 inhabitamus
3025 3187 3360 3271 Christiani,
3413 3187 3547 3262 nam
3595 3187 3836 3262 omnem

426 3297 607 3353 lucris
629 3292 829 3368 scpiti,
852 3291 1144 3349 caalestem
1173 3292 1560 3364 exasperastis
1587 3291 2071 3360 misericordiam,
2183 3297 2340 3354 illam
2372 3297 2699 3352 barbariem
2732 3314 2861 3369 quae
2893 3295 2952 3352 in
2983 3297 3223 3352 remotis
3280 3295 3490 3352 insulis
3520 3293 3829 3368 glacialem

425 3399 772 3458 suspensam
797 3381 1264 3454 parvipendendo
1284 3379 1668 3436 iracundiam.
1688 3381 1882 3437 Fuerit
1904 3398 2072 3437 mun-

425 3476 589 3530 danas
645 3470 1007 3526 tumulentiaa
1067 3470 1244 3541 quod,
1307 3469 1569 3542 legitima
1629 3486 1744 3526 non
1803 3475 2074 3526 curantes

428 3559 820 3626 matrimonia,
855 3557 1027 3613 alieni
1055 3556 1266 3612 cubilis
1296 3574 1411 3613 non
1439 3558 1731 3630 pensastis
1775 3559 2070 3630 injuriam.

430 3649 624 3707 Fuerit
658 3645 954 3703 aviditatis
985 3644 1177 3700 nimia:
1237 3647 1392 3716 quod
1452 3646 1660 3701 fratres
1709 3650 1930 3701 vestros
1976 3646 2075 3702 illo

428 3751 640 3808 magno
671 3739 728 3790 et
751 3732 1168 3805 eodem’pretio
1200 3737 1450 3804 emptos,
1477 3738 1541 3789 ut
1573 3733 1822 3805 quisque
1853 3739 2079 3807 poterat

428 3825 834 3896 illaqueantes,
895 3820 1314 3876 contumeliose
1384 3822 1648 3892 pecuniis
1707 3823 2073 3878 emunxistis.

427 3915 592 3972 Nunc
622 3912 788 3969 vobis
822 3911 969 3966 inter
999 3911 1112 3966 ista
1142 3914 1511 3982 peccatorum
1537 3910 1839 3983 naufragia
1869 3910 2080 3966 consti-

428 4002 572 4063 tutis
594 4005 796 4075 portus
819 3998 1057 4072 placidae
1081 3997 1293 4070 quietis
1315 3997 1714 4070 aperitur,nisi
1739 3998 2074 4072 negligatis:

430 4091 590 4167 parvi
617 4090 836 4146 laboris
868 4087 926 4142 in
958 4089 1177 4144 Turcos
1199 4088 1543 4159 compendio
1567 4087 1894 4144 retibuetur
1917 4087 2076 4143 vobis

427 4184 718 4254 perpetuae
735 4177 908 4234 statio
923 4176 1500 4249 salutis.Comparate
1514 4193 1669 4231 nunc
1684 4175 1913 4231 labores
1930 4193 2078 4248 quos

427 4270 486 4324 in
519 4267 803 4324 scelerum
825 4265 1095 4322 exercitio
1118 4263 1409 4320 habuistis
1434 4269 1490 4320 et
1509 4281 1608 4319 eos
1625 4281 1773 4336 quos
1796 4265 1854 4318 in
1874 4263 2081 4320 itinere

429 4356 584 4428 quod
607 4353 876 4426 praecipio
911 4352 1167 4408 habituri
1192 4352 1352 4408 estis.
1377 4351 1578 4406 Plures
1598 4351 1685 4406 vel
1708 4351 1972 4406 adulterii
1993 4351 2080 4407 vel

429 4441 726 4499 homicidii
752 4439 1050 4496 meditatio
1069 4441 1167 4494 dat
1191 4439 1432 4494 timores
1449 4438 1618 4510 (nihil
1635 4439 1792 4495 enim
1812 4439 2081 4496 timidius

2182 3387 2510 3458 frequentat
2543 3386 2858 3452 Oceanum,
2892 3384 3033 3456 quia
3071 3401 3235 3460 more
3279 3384 3540 3440 belluina
3587 3383 3847 3454 victitat,

2182 3473 2574 3530 Christianam
2599 3473 2732 3544 quis
2755 3473 3012 3528 dixerit?
3043 3473 3201 3528 Hanc
3222 3472 3400 3543 igitur
3420 3472 3607 3528 nostri
3631 3470 3842 3526 mundi

2185 3561 2575 3634 portinculam
2629 3562 2803 3616 Turci
2856 3565 2912 3617 et
2969 3559 3273 3616 Sarraceni
3330 3559 3480 3614 bello
3534 3565 3839 3630 premunt,

2183 3651 2423 3722 jamque
2444 3667 2477 3706 a
2497 3649 2774 3706 trecentis
2800 3649 2970 3704 annis
3002 3646 3280 3720 Hispania
3309 3651 3366 3702 et
3384 3645 3725 3702 Balearibus
3752 3647 3843 3702 in-

2185 3739 2334 3795 sulis
2365 3737 2713 3810 subjugatis,
2747 3738 2902 3809 quod
2934 3736 3224 3808 reliquum
3255 3739 3345 3791 est
3382 3751 3486 3806 spe
3531 3734 3842 3804 devorant,

2186 3827 2457 3884 homines
2477 3827 2843 3894 inertissimi,
2877 3831 2935 3882 et
2959 3825 3058 3897 qui
3081 3824 3347 3880 cominus
3369 3822 3668 3896 pugnandi
3688 3823 3843 3879 fidu-

2186 3915 2336 3970 ciam
2351 3932 2465 3970 non
2480 3914 2782 3981 habentes,
2800 3914 2974 3987 fugax
2986 3911 3204 3969 bellum
3220 3911 3838 3985 diligunt.Nunquam,

2187 4003 2343 4059 enim
2366 4005 2594 4059 Turcus
2615 4003 2758 4074 pede
2785 4006 3052 4058 conserto
3077 4006 3324 4057 martem
3349 4001 3554 4067 audet;
3582 4000 3683 4056 sed
3706 3999 3841 4070 pul-

2187 4109 2291 4147 sus
2323 4093 2446 4148 loco
2477 4093 2648 4163 longe
2677 4091 2862 4147 tendit
2901 4107 3107 4146 nervos
3145 4095 3204 4146 et
3259 4089 3545 4161 permittit
3597 4087 3844 4143 vulnera

2187 4179 2376 4235 ventis
2402 4197 2416 4246 ;
2449 4183 2506 4234 et
2531 4179 2671 4249 quia
2692 4178 2869 4234 habet
2898 4177 3015 4234 tela
3031 4178 3328 4234 mortifero
3360 4193 3533 4232 succo
3562 4175 3742 4242 ebria,
3777 4174 3841 4229 in

2188 4267 2488 4323 hominem
2501 4283 2676 4339 quem
2697 4267 2947 4339 percutit
2957 4283 3071 4322 non
3085 4266 3272 4322 virtus
3286 4266 3384 4321 sed
3412 4266 3574 4320 virus
3587 4267 3840 4319 mortem

2189 4356 2344 4411 facit.
2365 4355 2659 4426 Quidquid
2691 4354 2871 4426 igitur
2891 4355 3031 4427 agit,
3065 4355 3332 4420 fortunae,
3363 4369 3478 4409 non
3511 4351 3842 4407 fortitudini

2190 4442 2578 4511 attribuerim,
2620 4448 2677 4498 et
2733 4443 2889 4513 quod
2948 4446 3170 4515 pugnat
3225 4442 3387 4512 fuga,
3438 4456 3658 4496 veneno
3713 4439 3844 4508 [al.,

431 4530 712 4604 nequitia,
748 4534 812 4584 ut
839 4529 920 4584 ait
946 4527 1216 4583 Salomon
1251 4528 1401 4600 [Sap.
1432 4529 1617 4599 χνιι]),
1652 4526 1868 4584 multos
1918 4528 2077 4584 labo-
2109 4550 2156 4615 Β
2189 4533 2345 4604 quod
2393 4536 2636 4604 pugnat,
2672 4531 2804 4599 fuga
2863 4534 2919 4586 et
2971 4531 3236 4601 veneno].
3298 4530 3536 4584 Constat
3586 4526 3846 4615 profecto

431 4634 561 4688 res;
595 4619 736 4690 quid
763 4617 919 4674 enim
959 4615 1308 4672 laboriosius
1359 4616 1698 4687 injustitia?
1749 4619 1854 4685 Qui
1893 4622 2080 4673 autem

429 4709 673 4765 ambulat
727 4708 1070 4779 simpliciter,
1125 4706 1372 4761 ambulat
1418 4706 1749 4777 conﬁdenter
1805 4708 1985 4777 (Prov.
2021 4725 2074 4776 χ,

424 4797 506 4869 9.)
537 4796 757 4852 Horum
787 4794 1078 4860 laborum,
1110 4794 1320 4850 horum
1379 4793 1656 4849 timorum
1709 4795 1900 4850 exitus
1955 4800 2080 4850 erat

429 4889 753 4960 peccatum.
786 4884 1131 4957 Stipendium
1156 4888 1352 4939 autem
1376 4885 1588 4954 peccati
1615 4899 1760 4940 mors
1789 4885 2078 4955 (Rom.v1,)

429 4975 544 5046 23,)
573 4990 718 5030 mors
773 4989 904 5029 vero
956 4979 1300 5043 peccatorum
1365 4973 1605 5043 pessima
1651 4971 1818 5043 (Psat.
1880 4989 2076 5040 XXXIII,

427 5064 548 5132 22.)
570 5062 735 5118 Nune
765 5078 801 5118 a
837 5061 1002 5116 vobis
1052 5077 1157 5132 par
1214 5059 1377 5115 labor
1433 5063 1608 5131 atque
1654 5063 1842 5114 metus
1893 5059 2080 5132 pretio

432 5151 671 5207 meliore
698 5154 996 5223 petuntur.
1021 5148 1240 5203 Horum
1261 5147 1528 5203 laborum
1552 5148 1664 5202 erit
1685 5164 1863 5204 causa
1888 5148 2080 5204 chari-

430 5243 547 5303 tas,
578 5238 627 5293 si
655 5239 741 5294 sic
772 5243 1053 5310 praecepto
1089 5236 1386 5292 Uominico
1405 5236 1686 5290 admoniti
1725 5237 1953 5292 animas
1980 5254 2082 5308 pro

432 5325 711 5380 fratribus
733 5326 964 5396 ponatis
988 5326 1035 5394 (Ι
1049 5327 1207 5380 Joan.
1245 5341 1328 5388 ιιι,
1357 5324 1482 5390 16);
1517 5323 1820 5378 charitatis
1862 5326 2082 5396 stipen-

434 5412 598 5468 dium
630 5411 739 5468 erit
775 5414 965 5484 gratia
1015 5412 1155 5481 Dei;
1189 5412 1290 5468 Dei
1348 5409 1598 5483 gratiam
1647 5416 1926 5482 sequetur
1969 5414 2087 5467 vita

434 5506 666 5557 aeterna.
703 5501 782 5556 Ite
813 5517 950 5572 ergo
983 5501 1246 5568 feliciter,
1285 5501 1362 5556 ite
1404 5499 1761 5554 confidenter
1790 5501 1862 5556 ad
1892 5501 2087 5556 inimi—

437 5606 535 5646 eos
567 5589 669 5644 Dei
693 5591 1142 5662 persequendos.
1180 5588 1264 5645 illi
1295 5589 1452 5646 enim
1483 5589 1613 5659 jam
1659 5588 1886 5660 pridem
1918 5590 2086 5663 (proh

2187 4622 2343 4692 quod
2399 4618 2593 4675 omnis
2652 4618 2808 4674 natio
2867 4634 2996 4689 quas
3052 4618 3112 4672 in
3189 4635 3257 4672 ea
3316 4616 3492 4688 plaga
3559 4613 3845 4680 nascitur,

2187 4709 2370 4764 nimio
2410 4708 2553 4764 solis
2593 4707 2799 4762 ardore
2829 4707 3066 4770 siccata,
3101 4705 3356 4777 amplius
3394 4705 3634 4776 quidem
3665 4702 3847 4773 sapit,

2187 4797 2290 4852 sed
2308 4796 2505 4851 minus
2523 4795 2700 4851 habet
2712 4794 3016 4866 sanguinis
3034 4813 3047 4862 ;
3065 4794 3308 4866 ideoque
3320 4793 3570 4848 vicinam
3583 4806 3848 4863 pugnam

2187 4885 2444 4957 fugiunt,
2478 4882 2619 4954 quia
2650 4900 2857 4954 parum
2904 4882 3212 4954 sanguinis
3265 4897 3327 4937 se
3358 4881 3573 4937 habere
3605 4881 3844 4934 norunt.

2188 4973 2402 5028 Contra
2416 4969 2669 5043 populus
2683 4971 2784 5042 qui
2799 4971 2985 5026 oritur
3008 4971 3067 5026 in
3091 4974 3282 5026 arctos
3310 4969 3629 5042 pruinis,et
3651 4982 3852 5022 remo-

2187 5065 2288 5116 tus
2315 5064 2404 5116 est
2435 5076 2468 5113 a
2497 5057 2640 5113 solis
2673 5058 3004 5128 ardoribus,
3036 5057 3422 5114 inconsultior
3446 5056 3704 5130 quidem,
3741 5054 3850 5110 sed

2189 5148 2350 5220 largo
2373 5152 2429 5202 et
2448 5146 2764 5202 luxurianti
2779 5148 3070 5218 superbus
3094 5142 3852 5218 sanguiue,promptissime

2193 5240 2433 5309 pugnat.
2491 5234 2606 5289 Vos
2637 5236 2778 5291 estis
2810 5252 2956 5307 gens
2987 5235 3046 5290 in
3099 5233 3613 5307 temperatioribus
3643 5230 3854 5287 mundi

2193 5323 2509 5398 provinciis
2530 5323 2798 5391 oriunda,
2835 5322 2936 5395 qui
2962 5324 3093 5379 sitis
3112 5329 3170 5379 et
3186 5323 3414 5396 prodigi
3442 5319 3754 5394 sanguinis
3777 5319 3853 5374 ad

2197 5412 2402 5468 mortis
2433 5411 2858 5485 vulnerumque
2896 5417 3320 5484 contemptum,
3354 5415 3412 5468 et
3459 5427 3575 5466 non
3605 5406 3858 5464 careatis

2197 5501 2540 5575 prudentia;
2569 5517 2824 5573 namque
2845 5501 3190 5558 modestiam
3215 5500 3461 5558 servatis
3483 5500 3542 5553 in
3565 5496 3778 5554 castris
3799 5501 3863 5552 et

2201 5591 2261 5646 in
2293 5590 2667 5648 dimicatione
2700 5589 2934 5648 utimini
2967 5589 3248 5648 consiliis.
3280 5594 3481 5660 Itaque
3524 5585 3773 5646 scientia
3800 5589 3863 5641 et
