4000 6168
199 301 320 362 577

258 524 568 606 (Gestabei
593 539 693 608 per
720 527 1142 653 FrancostOpB.
1176 525 1483 594 Gumamr,
1515 528 1570 585 S.
1603 528 1795 586 Mariae

326 597 618 653 Nomaentz
647 597 881 653 abbatis.
913 598 1051 653 edit.
1137 615 1378 653 acaum.
1413 616 1544 653 pag.
1576 600 1730 653 377.}

326 597 620 669 Novigenti
647 597 881 666 abbatis,
913 597 1063 654 edit.‘
1086 597 1378 664 Dacnsav,
1413 616 1544 672 pag.
1576 600 1730 671 377.)

270 702 332 759 Si
365 703 518 759 inter
547 703 828 760 ecclesias
849 708 970 760 toto
1000 706 1137 762 orbe
1159 705 1404 762 ditl‘usas
1425 705 1549 764 aliae
1580 723 1696 779 pra:
1727 706 1858 764 aliis

196 791 586 848 reverentiam
623 809 727 864 pro
768 793 1035 864 personis
1084 793 1344 866 locisque
1375 801 1674 851 merentur
1707 811 1719 851 :
1754 812 1858 868 pro

195 880 495 956 personis,
528 881 795 953 inquam,
822 882 963 938 dum
997 881 1333 955 apostolicis
1364 884 1606 939 sedibus
1638 883 1862 956 privile-

196 969 296 1046 gia
321 969 548 1040 majora
571 970 914 1037 traduntur;
939 987 1042 1042 pro
1066 970 1210 1028 locis
1229 988 1384 1038 vero,
1405 973 1544 1030 dum
1573 972 1748 1045 regiis
1770 990 1862 1027 ur-

197 1058 377 1115 bibus
407 1058 612 1114 eadem
647 1074 774 1129 quae
810 1059 1078 1130 personis
1107 1059 1388 1132 dignitas,
1421 1061 1506 1116 uti
1536 1065 1628 1116 est
1654 1061 1862 1120 civitas

198 1145 872 1218 Constantinopolitana,
895 1148 1187 1219 praabetur
1213 1166 1224 1204 :
1253 1148 1336 1204 illi
1358 1149 1733 1221 potissimum
1768 1150 1864 1206 Ec-

199 1233 390 1292 clesia
421 1233 878 1298 deberemus,ex
920 1252 1037 1306 qua
1080 1237 1331 1308 gratiam
1363 1238 1781 1310 redemptionis
1807 1241 1863 1295 et

197 1323 386 1380 totius
417 1322 704 1395 originem
736 1322 1196 1381 Christianitatis
1235 1324 1588 1398 accepimus.
1615 1326 1676 1383 Si
1705 1327 1861 1382 enim

195 1427 407 1469 verum
430 1414 659 1469 constat
682 1411 836 1484 quod
861 1428 896 1468 a
925 1411 1168 1468 Domino
1190 1413 1572 1486 dicitur,quia
1598 1415 1866 1472 videlicet

197 1501 369 1558 Salus
419 1517 488 1558 ex
531 1500 732 1558 Iudaeis
761 1507 839 1557 est
870 1502 1046 1571 (Joan.
1071 1519 1148 1570 ιν,
1170 1503 1260 1573 22)
1301 1509 1359 1559 et
1401 1503 1710 1561 Domin’um
1761 1505 1865 1560 Sa-

198 1589 384 1646 baoth
414 1605 613 1648 semen
646 1589 815 1645 nobis
848 1589 1157 1661 reliquisse
1195 1597 1446 1658 constat,
1481 1609 1550 1647 ne
1583 1593 1732 1648 sicut
1761 1594 1866 1648 So—

199 1678 382 1736 doma
410 1677 600 1734 simus
630 1681 688 1734 et
710 1677 1045 1735 Gomorrhae
1080 1679 1304 1736 similes
1341 1681 1552 1736 tiamus
1581 1683 1753 1751 (ltom.
1787 1699 1866 1748 1x,

195 1767 320 1837 29),
355 1770 412 1822 et
465 1782 667 1823 semen
719 1772 985 1822 nostrum
1019 1767 1288 1824 Christus
1317 1774 1428 1838 est,
1453 1769 1512 1824 in
1543 1785 1658 1840 quo
1707 1767 1869 1828 salus
1899 1808 1946 1877 Β

199 1860 266 1911 et
299 1854 569 1910 omnium
619 1855 883 1927 gentium
934 1855 1262 1910 benedictio
1309 1862 1416 1924 est,
1450 1857 1581 1928 ipsa
1628 1863 1780 1913 terra
1811 1863 1869 1913 et

201 1943 418 2002 civitas
440 1942 497 1999 in
523 1960 638 2016 qua
671 1943 950 2002 habitavit
973 1948 1027 2000 et
1058 1962 1268 2016 passus
1300 1949 1408 2014 est,
1431 1946 1867 2019 Scripturarum

199 2031 550 2088 testimonio
576 2037 779 2092 sancta
807 2038 1064 2090 vocatur.
1097 2035 1153 2088 Si
1187 2034 1345 2090 enim
1391 2034 1513 2092 haec
1561 2039 1734 2101 terra,
1767 2036 1865 2091 Dei

202 2120 520 2180 hereditas
550 2125 607 2177 et
652 2122 938 2194 templum
982 2126 1274 2191 sanctum,
1307 2127 1618 2195 antequam
1655 2123 1732 2178 ibi
1767 2126 1868 2180 ob-

206 2208 546 2268 ambularet
575 2226 642 2267 ac
674 2215 972 2282 pateretur
1007 2210 1310 2268 Dominus.
1346 2211 1406 2268 in
1437 2212 1622 2268 sacris
1653 2217 1707 2268 et
1737 2229 1870 2284 pro-

206 2297 462 2372 pheticis
493 2298 723 2371 paginis
754 2297 1144 2370 legitur,quid
1177 2299 1527 2368 sanctitatis,
1547 2299 1683 2372 quid
1712 2317 1868 2357 reve-

207 2385 416 2444 rentiae
435 2386 759 2446 obtinuisse
776 2393 914 2444 tunc
931 2388 1356 2456 creditur,cum
1374 2389 1529 2444 Deus
1548 2390 1872 2460 maiestatis

203 2475 432 2537 ibidem
453 2475 878 2549 incorporatur,
899 2475 1176 2542 nutritur,
1190 2476 1492 2545 adolescit,
1509 2482 1566 2532 et
1585 2477 1871 2549 corporali

207 2564 581 2640 vegetatione
612 2563 717 2622 hac
749 2563 998 2636 illacque
1044 2566 1410 2636 perambulat
1441 2573 1541 2622 aut
1569 2567 1874 2640 gestetur?

212 2657 301 2722 et,
326 2658 392 2710 ut
438 2656 652 2710 cuncta
692 2670 819 2724 qua).
877 2653 1050 2724 longo
1081 2654 1390 2710 verborum
1451 2672 1589 2727 gyro
1647 2655 1870 2712 narrari

212 2747 492 2816 possunt,
523 2741 701 2815 digna
731 2742 1009 2798 brevitate
1057 2743 1477 2816 constringam,
1502 2744 1600 2800 ubi
1635 2744 1739 2800 Fili
1773 2743 1872 2800 Dei

216 2830 491 2905 sanguis,
522 2829 663 2887 ccelo
714 2836 985 2901 terraque
1041 2831 1315 2897 sanctior,
1353 2834 1573 2890 effusus
1618 2837 1739 2898 est;
1774 2834 1874 2888 ubi

215 2936 457 2993 corpus,
481 2919 826 2991 paventibus
851 2917 1155 2974 elementis
1179 2926 1498 2989 mortuum,
1523 2922 1580 2976 in
1609 2920 1876 2994 sepulcro

216 3007 468 3081 quievit,
513 3007 655 3080 quid
716 3013 994 3080 putamus
1053 3009 1440 3065 venerationis
1497 3010 1787 3066 emeruit?
1818 3010 1876 3068 Si

215 3097 352 3170 ipso
383 3096 632 3154 Domino
663 3102 864 3154 nostro
905 3114 1105 3152 recens
1144 3096 1466 3163 interfecto,
1499 3103 1556 3154 et
1587 3115 1622 3155 a
1658 3098 1877 3156 Jud-aeis

1689 303 2008 369 SERMON
2015 299 2134 368 ES.

1892 443 1946 510 Α
1977 439 2197 496 ruistis.
2221 440 2383 496 Nunc
2406 441 2566 498 vobis
2596 441 2747 497 bella
2776 440 3160 516 proponimus
3181 458 3308 514 quas
3329 440 3390 498 in
3421 457 3485 500 se
3513 441 3621 498 lia-

3495 307 3616 376 578

1964 529 2105 584 bent
2131 529 2454 601 gloriosum
2483 529 2747 603 martyrii
2774 529 3240 604 munus,quibus
3271 533 3450 586 restat
3478 547 3624 604 pra:-

1968 619 2154 674 sentis
2183 623 2242 674 et
2270 624 2495 674 aeterna-
2537 618 2730 674 laudis
2761 618 2990 674 titulus.
3014 620 3310 676 Ponamus
3359 619 3534 676 modo
3567 619 3626 674 in

1964 706 2292 763 Jerusalem
2307 706 2606 764 Christum
2629 721 2819 778 neque
2841 712 3164 774 mortuum,
3181 723 3286 763 nec
3307 706 3626 781 sepultum,

1970 811 2077 853 nec
2098 794 2314 852 ibidem
2335 795 2547 853 vixisse
2577 794 2910 868 aliquando.
2933 796 3118 861 Certe,
3142 795 3190 852 si
3217 795 3339 852 ha-c
3361 796 3632 853 deessent

1969 884 2196 948 omnia,
2215 883 2406 941 solum
2437 884 2692 952 illud,ad
2719 883 3182 942 subveniendum
3207 889 3371 940 terra
3403 888 3460 940 et
3489 884 3626 942 civi-

1970 972 2074 1028 tati
2106 989 2207 1028 vos
2236 972 2484 1030 excitare
2514 973 2816 1035 debuerat,
2837 973 2978 1043 quia
3021 973 3090 1026 de
3119 973 3255 1027 Sion
3277 971 3481 1028 exierit
3510 971 3622 1044 lex,

1970 1065 2028 1116 et
2057 1062 2297 1117 verbum
2331 1061 2559 1118 Domini
2593 1062 2663 1116 de
2682 1061 3005 1118 Jerusalem
3031 1063 3157 1130 (Is/1.
3182 1077 3242 1124 ιι,
3273 1061 3360 1132 3);
3385 1059 3436 1116 si
3465 1062 3624 1120 enim

1971 1164 2042 1205 ex
2079 1149 2590 1222 Jerosolymitano,
2624 1150 2910 1222 quidquid
2963 1149 3302 1206 Christianae
3347 1149 3631 1220 praedica-

1974 1238 2152 1294 tionis
2210 1244 2300 1294 est
2355 1239 2511 1294 fonte
2568 1238 2846 1300 manavit,
2907 1237 3100 1299 rivuli,
3155 1254 3627 1309 quaquaversum

1972 1330 2094 1382 toto
2124 1332 2415 1384 terrarum
2441 1327 2581 1384 orbe
2605 1327 2881 1399 dispersi,
2907 1325 3202 1382 catholicae
3227 1326 3631 1386 multitudinis

1974 1417 2151 1471 corda
2182 1421 2577 1487 retorqueant,
2603 1420 2668 1473 ut
2708 1416 2950 1472 solerter
2980 1415 3284 1470 attendant
3310 1415 3453 1486 quid
3484 1414 3628 1472 fonti

1974 1507 2096 1559 tam
2129 1504 2350 1576 irriguo
2389 1504 2658 1560 debeant.
2687 1503 2747 1557 Si
2781 1505 2850 1558 ad
2880 1505 3059 1558 locum
3102 1503 3245 1560 unde
3272 1508 3493 1574 exeunt,
3524 1506 3631 1574 ﬂu~

1973 1594 2131 1647 mina
2160 1596 2528 1658 revertuntur,
2555 1597 2615 1646 ut
2648 1595 2845 1648 iterum
2871 1595 3068 1661 ﬂuant,
3087 1593 3258 1660 juxta
3288 1592 3508 1648 dictum
3533 1593 3634 1649 Sa-

1977 1679 2230 1735 lomonis
2264 1681 2453 1750 (Eccle.
2480 1697 2519 1741 ι,
2540 1683 2617 1744 7).
2643 1679 2962 1752 gloriosum
2998 1681 3162 1735 vobis
3210 1679 3388 1735 videri
3438 1680 3632 1751 debet,

1977 1769 2026 1825 si
2050 1768 2099 1822 ei
2125 1768 2248 1823 loco
2271 1768 2612 1840 repurgium
2638 1768 2878 1840 possitis
2903 1767 3258 1838 impendere,
3275 1768 3431 1824 unde
3448 1767 3634 1840 bapti-

1977 1857 2186 1914 smatis
2246 1861 2722 1930 purgamentum,
2757 1863 2813 1912 et
2874 1855 3004 1910 tidei
3063 1856 3482 1912 documentum
3528 1871 3632 1912 vos

1979 1943 2244 2001 constitit
2273 1945 2582 2018 accepisse.

2052 2034 2119 2089 Et
2131 2035 2393 2088 estvohis
2413 2039 2684 2104 praeterea
2705 2049 2938 2087 summa
2955 2031 3370 2088 deliberatione
3388 2049 3636 2105 pensan-

1980 2121 2145 2187 dum,
2159 2120 2206 2175 si
2231 2121 2419 2192 ipsam
2437 2127 2686 2176 matrem
2707 2121 3098 2176 Ecclesiarum
3118 2120 3456 2188 Ecclesiam,
3470 2121 3636 2179 vobis

1979 2209 2442 2275 elaborantibus,
2477 2210 2548 2265 ad
2576 2209 3030 2264 Christianitatis
3077 2209 3299 2264 cultum
3339 2209 3635 2278 reﬂorere,

1981 2299 2097 2356 Deo
2117 2315 2329 2370 pervos
2350 2303 2579 2371 agente,
2593 2298 2920 2368 contigerit,
2937 2314 3007 2352 ne
3028 2297 3171 2352 forte
3190 2302 3392 2353 contra
3409 2299 3640 2372 propin-

1981 2403 2101 2459 qua
2121 2386 2467 2442 Antichristi
2487 2392 2750 2458 tempora
2767 2387 2840 2441 ad
2859 2385 3030 2441 ﬁdem
3056 2391 3251 2457 partes
3268 2385 3518 2442 Orientis
3538 2385 3641 2444 ali-

1984 2492 2129 2547 quas
2149 2475 2375 2530 restitui
2396 2475 2553 2531 velit.
2572 2475 2951 2547 Perspicuum
2972 2491 3226 2546 namque
3242 2478 3332 2530 est
3347 2475 3637 2532 Antichrio

1984 2569 2140 2621 stum
2175 2580 2289 2618 non
2323 2567 2524 2618 contra
2552 2563 2806 2630 Judaeos,
2832 2579 2945 2619 non
2978 2568 3179 2618 contra
3209 2563 3459 2634 gentiles
3487 2562 3642 2622 bella

1985 2653 2300 2717 facturum,
2315 2652 2620 2722 sed,juxta
2641 2649 3052 2724 etymologiam
3076 2649 3163 2705 sui
3187 2649 3460 2717 nominis,
3477 2649 3639 2708 Chri-

1984 2741 2209 2798 stianos
2228 2756 2631 2812 pervasurum.
2651 2739 2739 2805 Et,
2756 2739 2804 2792 si
2829 2738 3221 2794 Antichristus
3241 2737 3458 2793 ibidem
3477 2737 3639 2795 Chri-

1985 2829 2242 2885 stianum
2276 2829 2570 2885 neminem
2603 2828 2778 2883 sicuti
2825 2826 2996 2881 hodie
3025 2827 3121 2880 vix
3150 2823 3360 2900 aliquis
3393 2826 3642 2884 habetur

1984 2917 2260 2984 inveniat,
2282 2934 2396 2973 non
2418 2917 2529 2972 erit
2549 2917 2647 2987 qui
2671 2915 2782 2971 sibi
2805 2915 3146 2986 refragetur,
3171 2918 3274 2972 aut
3308 2930 3483 2986 quem
3514 2915 3640 2986 iure

1985 3005 2282 3078 pervadat.
2332 3004 2508 3059 Juxta
2549 3003 2706 3059 enim
2760 3001 3080 3070 Danielem,
3113 3008 3169 3057 et
3221 3003 3640 3075 Hieronymum

1987 3093 2244 3150 Daniclis
2285 3092 2684 3163 interpretem,
2718 3091 2940 3146 ﬁxurus
2973 3095 3062 3146 est
3109 3090 3168 3144 in
3201 3089 3408 3146 Oliveti
3439 3098 3637 3150 monte

217 3184 415 3242 adhuc
445 3185 679 3244 civitate
728 3202 1022 3258 possessa,
1043 3190 1246 3242 sancta
1289 3185 1494 3243 civitas
1527 3187 1598 3244 ab
1629 3203 1876 3262 evange-
1909 3171 1953 3238 Ο
1990 3182 2262 3248 tentoria,
2295 3186 2350 3236 et
2377 3177 2780 3251 Jerosolymis,
2811 3181 2872 3234 in
2901 3181 2999 3236 Dei
3026 3179 3244 3249 templo,
3277 3182 3541 3249 tanquam
3565 3182 3640 3234 sit

224 3271 364 3330 lista
395 3277 656 3339 vocatur,
679 3289 811 3330 cum
837 3272 1053 3329 dicitur
1078 3291 1091 3328 :
1115 3273 1286 3328 Multa
1311 3289 1538 3344 corpora
1567 3277 1881 3330 sanctorum

220 3363 321 3432 qui
367 3360 725 3426 dorm'eranl,
756 3364 1134 3427 surrexerunt,
1167 3367 1219 3416 et
1256 3367 1517 3418 venerunt
1548 3364 1605 3417 in
1635 3368 1881 3419 sanctam

219 3450 523 3517 cim'tatem,
569 3453 621 3506 at
667 3455 1042 3522 apparuerunt
1089 3451 1280 3506 multis
1311 3451 1516 3520 (Matth.
1549 3469 1721 3512 xxvu.
1751 3454 1879 3521 53);

218 3542 282 3596 et
312 3555 351 3594 a
379 3537 661 3614 propheta
721 3537 872 3594 Isaia
927 3539 1140 3594 dicitur
1182 3555 1194 3594 :
1235 3542 1354 3595 Erit
1409 3541 1719 3610 sepulcrum
1764 3543 1881 3613 ejus

218 3627 528 3698 gloriosum
553 3627 677 3699 (13a.
706 3644 784 3693 ιι..
820 3628 929 3699 10),
971 3645 1100 3683 cum
1151 3628 1279 3699 ipsa
1328 3629 1630 3696 sanctitas,
1663 3629 1880 3686 civitati

219 3715 404 3774 semel
437 3715 552 3774 Deo
592 3715 730 3789 ipso,
755 3715 1182 3773 sanctiﬁcatore
1225 3733 1328 3788 per
1373 3718 1635 3789 seipsum
1669 3718 1876 3783 indita,

218 3804 386 3862 nullo
408 3803 562 3862 malo
585 3805 1027 3876 superveniente
1058 3805 1342 3862 exinaniri
1372 3807 1580 3874 valeat,
1600 3812 1656 3862 et
1677 3807 1880 3864 eodem

219 3894 397 3950 modo
426 3891 862 3950 indivisibiliter
883 3893 1132 3966 sepulcri
1157 3893 1343 3966 gloria
1365 3901 1610 3961 constet,
1629 3897 1881 3954 summis

218 3981 462 4050 studiis,
497 3982 704 4038 fratres
735 3980 1088 4047 charissimi,
1109 3983 1270 4038 vobis
1301 3983 1722 4041 elaborandum
1771 3989 1879 4051 est.

219 4075 289 4127 ut
311 4070 595 4128 sanctitas
626 4069 897 4134 civitatis,
924 4087 989 4126 ac
1022 4071 1273 4143 sepulcri
1305 4071 1509 4144 gloria,
1536 4089 1663 4145 quae
1692 4074 1878 4145 genti-

220 4157 371 4215 lium
424 4159 893 4233 frequentatione
941 4164 1230 4230 quantum
1261 4158 1319 4216 in
1351 4160 1497 4232 ipsis
1543 4166 1633 4218 est
1678 4163 1881 4218 crebro

218 4246 526 4321 polluitur,
548 4248 600 4305 si
627 4249 698 4304 ad
726 4250 1036 4304 Auctorem
1066 4247 1222 4304 illius
1255 4249 1580 4307 sanctitatis
1606 4255 1662 4306 et
1683 4248 1882 4322 gloriae

163 4375 166 4378 η
221 4337 524 4409 “piratis,
559 4336 607 4392 si
640 4353 706 4392 ea
739 4353 866 4409 quae
899 4338 956 4393 in
989 4341 1142 4393 terra
1173 4343 1312 4394 sunt
1340 4338 1718 4409 vestigiorum
1755 4341 1884 4410 ejus

224 4423 400 4498 signa
429 4423 697 4498 diligitis,
725 4426 771 4479 si
801 4426 1090 4497 expetitis,
1121 4425 1231 4482 Deo
1276 4443 1376 4482 vos
1424 4432 1736 4498 praeeunte,
1771 4434 1884 4483 Deo

223 4529 330 4585 pro
355 4512 522 4570 vobis
552 4513 872 4586 praeliante,
907 4516 1243 4570 mandetur.

293 4601 356 4657 Si
391 4598 739 4658 Macbabaais
769 4600 908 4656 olim
941 4603 1012 4656 ad
1048 4603 1365 4660 maximam
1407 4603 1625 4675 profuit
1655 4603 1886 4676 pietatis

222 4688 640 4760 laudem,quia
669 4707 772 4761 pro
804 4691 1169 4746 caeremoniis
1191 4696 1247 4746 et
1279 4690 1493 4762 templo
1526 4696 1882 4764 pugnarunt,

223 4781 284 4834 et
313 4777 500 4842 vobis,
526 4795 558 4834 ο
587 4777 1160 4846 militesChristiani,
1187 4779 1442 4852 legitime
1465 4780 1801 4836 conceditur
1823 4783 1887 4836 ut

227 4881 530 4923 armorum
577 4866 772 4926 studio
824 4866 1152 4923 libertatem
1205 4868 1403 4940 patriae
1456 4868 1803 4932 defendatis,
1837 4868 1887 4923 si

227 4953 439 5011 limina
467 4954 644 5012 etiam
676 4953 1099 5026 apostolorum,
1129 4955 1216 5011 vel
1242 4963 1580 5012 sanctorum
1613 4974 1888 5028 quorum-

230 5042 402 5110 libet,
429 5047 591 5099 tanto
643 5044 856 5100 sudore
889 5045 1137 5115 petenda
1170 5045 1409 5118 putatis,
1441 5045 1584 5116 quid
1633 5061 1886 5112 crucem,

233 5131 374 5204 quid
415 5131 790 5205 sanguinem,
823 5134 964 5205 quid
1010 5140 1460 5190 monumentum
1491 5149 1712 5200 eruere,
1747 5135 1889 5205 quid

231 5219 494 5288 visitare,
521 5220 661 5293 quid
689 5239 792 5294 pro
813 5221 906 5278 his
928 5222 1202 5279 eruendis
1224 5223 1554 5280 animarum
1580 5223 1766 5294 pretia
1787 5224 1892 5280 im-

235 5309 509 5382 pendere,
533 5310 904 5366 detrectatis?
928 5309 1187 5368 Indsbita
1216 5311 1498 5368 hactenus
1525 5311 1679 5369 bella
1705 5311 1892 5384 gessi-

234 5397 366 5464 stis,
393 5397 452 5452 in
486 5402 725 5454 mutuas
757 5399 962 5470 caedes,
980 5417 1198 5456 vesana
1227 5399 1536 5471 aliquoties
1567 5399 1682 5456 tela
1711 5400 1893 5457 solius

127 5542 129 5544 .
235 5484 578 5558 cupiditatis
621 5491 724 5543 aut
765 5488 1052 5561 superbiae
1101 5505 1281 5546 causa
1328 5488 1614 5555 torsistis;
1660 5505 1730 5544 ex
1777 5506 1892 5562 quo

237 5578 552 5655 perpetuos
578 5574 870 5648 interitus,
889 5581 946 5634 et
976 5581 1132 5637 certa
1155 5576 1548 5638 damnationis
1573 5576 1749 5638 exitia
1777 5595 1896 5639 me-

1987 3273 2148 3334 Deus,
2179 3274 2402 3324 certum
2461 3272 2569 3335 est,
2616 3266 2891 3338 Apostolo
2949 3265 3198 3332 dicente,
3251 3267 3403 3337 quod
3463 3267 3642 3324 sedeat

1989 3360 2058 3429 (ΙΙ
2088 3359 2260 3416 Thess.
2295 3373 2356 3424 ιι,
2392 3357 2464 3428 4),
2496 3362 2548 3412 et
2581 3356 2752 3427 juxta
2799 3355 3071 3411 eumdem
3123 3353 3490 3428 prophetam,
3521 3359 3640 3412 tres

1988 3465 2154 3521 reges
2203 3448 2363 3517 (Dan.
2409 3462 2507 3507 vn,
2553 3446 2667 3513 24),
2704 3443 2933 3516 Egypti
2981 3441 3270 3512 videlicet,
3318 3443 3524 3498 Atrice
3571 3459 3640 3502 ac

1988 3535 2315 3608 Ethiopim,
2355 3533 2510 3590 haud
2545 3533 2794 3589 dubium
2838 3531 2978 3605 quin
3029 3548 3132 3604 pro
3164 3531 3498 3591 Christiana
3527 3532 3644 3590 fide

1990 3626 2212 3698 primos
2235 3621 2566 3680 interﬁciat.
2586 3621 2748 3685 Quod
2771 3621 3008 3694 quidem
3031 3619 3368 3678 nullatenus
3391 3621 3518 3678 ﬁeri
3539 3637 3639 3693 po-

1989 3715 2144 3780 terit,
2180 3711 2314 3779 nisi,
2345 3711 2443 3767 ubi
2475 3727 2632 3767 nunc
2677 3710 3060 3782 paganismus
3092 3713 3199 3776 est,
3231 3709 3641 3768 Cbristianitas

1990 3805 2111 3860 fiat.
2137 3803 2193 3856 Si
2227 3818 2363 3874 ergo
2392 3800 2625 3872 piorum
2667 3799 2998 3871 praeliorum
3033 3797 3303 3854 exercitio
3332 3798 3641 3866 studentis,

1989 3896 2056 3946 ut
2084 3891 2235 3948 sicut
2265 3891 2336 3944 ab
2367 3888 2744 3960 Jerosolymis
2765 3887 2865 3942 Dei
2887 3886 3104 3942 notitiae
3137 3886 3519 3942 seminarium
3547 3903 3642 3943 ao-

1989 3978 2247 4051 cepistis,
2264 3978 2344 4032 ita
2367 3976 2481 4030 illic
2506 3980 2769 4031 mutuate
2793 3973 3238 4030 redhibitionem
3261 3973 3462 4046 gratia
3479 3973 3643 4032 resti-

1989 4068 2190 4131 tuatis,
2216 4072 2278 4122 ut
2311 4082 2412 4136 per
2448 4081 2550 4119 vos
2600 4079 2810 4119 nomen
2862 4061 3214 4118 catholicum
3266 4067 3643 4135 propagetur,

1990 4156 2144 4228 quod
2166 4151 2506 4209 Antichristi
2533 4149 3245 4222 Antichristianorumque
3273 4150 3526 4221 perfidiae
3554 4166 3643 4208 re-

1991 4246 2266 4315 fragetur.
2296 4241 2437 4307 Quis
2469 4257 2582 4296 non
2615 4239 2901 4309 conjicere
2927 4242 3118 4310 potest
3146 4238 3300 4308 quod
3334 4237 3510 4305 Deus,
3541 4237 3643 4313 qui

1992 4333 2399 4390 universorum
2431 4346 2595 4400 spem
2629 4327 3006 4382 exuberantia
3043 4327 3276 4383 virtutis
3306 4333 3646 4400 exsuperat,

1993 4440 2094 4498 per
2115 4417 2429 4476 scintillam
2454 4421 2705 4474 vestram
2726 4420 2899 4470 tanta
2923 4414 3276 4488 paganitatis
3297 4414 3647 4474 arundinem

1994 4513 2320 4574 consumat,
2357 4513 2421 4562 ut
2459 4507 2791 4578 Egyptum,
2843 4505 3097 4560 Africam
3149 4504 3645 4577 Ethiopiamque,

1997 4617 2123 4673 qua:
2156 4616 2188 4653 a
2212 4602 2422 4653 nostra:
2455 4594 2816 4651 credulitatis
2847 4593 3262 4650 communione
3291 4591 3644 4659 desciscunt,

1996 4689 2153 4743 intra
2182 4687 2360 4757 hujus
2389 4685 2724 4740 rudimenta
2755 4681 2900 4753 legis
2931 4681 3210 4745 includat,
3233 4686 3293 4737 et
3318 4681 3492 4737 homo
3517 4697 3646 4752 pec-

1996 4780 2174 4841 cator,
2201 4774 2356 4829 titius
2388 4772 2730 4845 perditionis
2762 4769 2991 4841 aliquos
3025 4767 3267 4824 rebelles
3300 4767 3592 4824 inveniat?

2066 4865 2135 4918 Et
2154 4880 2284 4918 ecce
2312 4861 2680 4932 Evangelium
2706 4859 2915 4914 clamat
2942 4855 3269 4912 Jerusalem
3301 4855 3642 4916 calcandam

1998 4970 2030 5009 a
2074 4952 2366 5022 gentibus,
2402 4950 2584 5004 donec
2628 4948 2983 5020 impleantur
3036 4946 3340 5001 nationum
3385 4950 3650 5018 tempora

1999 5043 2150 5111 (Luc.
2172 5055 2288 5104 χχι,
2307 5039 2417 5107 24).
2440 5038 2710 5092 Bit‘ariam
2734 5036 2974 5108 intelligi
2996 5038 3243 5107 possunt
3260 5038 3522 5105 tempora
3545 5049 3647 5091 na-

1998 5131 2246 5192 tionum,
2262 5131 2365 5181 aut
2379 5125 2518 5198 quia
2535 5124 2882 5182 Christianis
2904 5125 3215 5181 dominata:
3234 5127 3370 5180 sunt
3387 5123 3457 5178 ad
3477 5121 3648 5194 placi-

1998 5223 2223 5287 tum,et
2254 5232 2356 5289 pro
2388 5213 2514 5271 suis
2543 5212 2886 5269 libidinibus
2916 5212 3351 5286 turpitudinum
3383 5211 3648 5268 omnium

1998 5307 2305 5365 volutabra
2328 5306 2555 5360 sectatae
2579 5307 2736 5365 sunt,
2753 5307 2808 5356 et
2830 5302 2886 5356 in
2907 5304 3134 5358 cunctis
3158 5303 3252 5358 his
3274 5299 3499 5356 nultum
3524 5298 3650 5353 obi-

2001 5414 2127 5454 cem
2150 5395 2504 5458 habuerunt,
2523 5395 2756 5461 tempus
2772 5391 2928 5446 enim
2953 5409 3126 5447 suum
3144 5391 3357 5447 habere
3377 5389 3647 5446 dicuntur

2003 5487 2218 5560 quibus
2249 5484 2321 5540 ad
2352 5485 2551 5538 votum
2593 5483 2802 5534 cuncta
2832 5483 3169 5550 suppetunt,
3204 5485 3270 5536 ut
3321 5483 3409 5534 est
3453 5477 3594 5535 illud
3633 5494 3647 5532 :

2004 5577 2225 5653 Tempus
2249 5589 2426 5634 meum
2455 5571 2697 5629 nondum
2715 5565 2962 5635 advenit;
2990 5569 3199 5645 tempus
3220 5575 3398 5626 autem
3419 5574 3654 5630 vestrum
