4000 6168
360 254 476 332 5-19
1654 270 1721 329 Β.
1768 270 2064 332 UBBANI
2110 273 2162 332 η
2208 275 2454 335 mea.
3645 241 3776 326 sse

352 421 563 477 semper
584 414 840 478 paratum
869 416 947 462 est
969 409 1144 480 (Joan.
1170 422 1266 472 vn,
1289 405 1367 473 6),
1394 404 1544 458 unde
1566 406 1620 456 et
1644 401 1932 474 voluptuo:

2189 423 2221 461 0
2253 407 2469 463 sanctis
2522 405 2665 463 locis
2705 404 2874 478 agite,
2901 403 3055 459 unde
3102 400 3267 458 vobis
3315 398 3549 472 pietatis
3595 398 3769 453 rudi-

355 494 502 551 solet
538 494 650 550 dici
680 512 692 549 :
724 498 818 553 Vos
848 496 1057 550 habetis
1087 498 1293 565 tempus
1338 495 1572 545 vestrum
1601 508 1619 544 :
1651 495 1752 545 aut
1780 507 2004 559 rursus,
2114 498 2311 550 menta
2340 498 2648 563 venerunt;
2683 498 2815 548 ante
2844 509 2966 559 vos,
3000 491 3059 545 in
3091 506 3199 546 sua
3239 486 3393 544 bella
3424 487 3767 555 mittendos,

352 587 620 657 tempora
650 584 957 640 nationum
990 588 1127 638 sunt
1153 580 1543 653 plenitudines
1566 578 1852 651 gentium,
1877 597 2005 652 quas
2114 582 2407 640 Christum
2440 584 2560 640 fore
2609 581 2952 656 signiferum
2987 577 3388 635 indubitanter
3438 575 3675 643 credite,
3708 578 3771 631 et

351 675 666 745 antequam
694 670 869 727 Israel
893 670 1088 725 salvus
1115 670 1232 735 ﬁat,
1254 667 1671 724 subintratura:
1693 672 1860 736 sunt;
1886 667 2005 725 haec
2114 689 2532 744 pratcursorem
2564 670 2954 727 individuum.

351 765 635 833 tempora,
662 759 869 814 fratres
899 756 1255 823 charissimi,
1287 757 1460 812 modo
1504 755 1750 812 forsitan
1797 753 2003 829 impleé
2872 775 2993 832 νη.

351 850 589 940 buntur.
614 848 754 902 dum
780 846 1188 940 parvos.qu
1231 849 1594 940 cooperante,
1635 862 2000 940 paganorum
2112 866 2287 940 (Petri
2324 869 2643 934 Tuosnom,
2674 864 2986 940 sacerdotis,
3025 861 3658 940 Suriqcensis,_liistoria
3700 860 3766 916 de

349 935 620 1010 potentias
642 933 1016 1006 repellentur,
1041 938 1098 990 et
1130 935 1242 990 {ine
1269 933 1461 990 saeculi
1489 935 1616 1005 jam
1650 934 1998 1006 propinquo,
2118 933 2126 940 ’
2183 933 2676 1012 erosolymitauo
2696 940 2915 1012 itinere,
2949 936 2987 991 l.
3019 953 3058 1000 ι,
3083 952 3133 991 c.
3168 936 3219 1003 1,
3243 933 3398 1007 apud
3430 933 3761 1000 Ducnesxs,

346 1028 403 1080 et
430 1023 476 1079 si
508 1028 709 1097 gentes
740 1022 1007 1079 desinent
1036 1024 1290 1080 converti
1343 1024 1415 1078 ad
1466 1022 1801 1091 Dominum,
1837 1040 1926 1096 qu'

1343 1024 1415 1078 ad
1466 1022 1801 1091 Dominum,
1837 1023 1998 1096 quia,
2182 1012 2378 1083 Script.
2408 1009 2603 1066 Franc.
2638 1011 2732 1075 IV,
2762 1009 2916 1080 777.)

337 1114 509 1184 juxta
543 1111 912 1184 Apostolum,
943 1117 1153 1185 oportet
1200 1112 1325 1182 ﬁeri
1378 1129 1412 1167 (ι
1458 1111 1566 1183 ﬁde
1619 1112 2002 1169 discessionem
2181 1118 2431 1184 Fratres,
2460 1119 2686 1189 oportet
2713 1131 2822 1171 nos
2848 1113 3034 1170 multa
3061 1111 3181 1186 pati
3210 1128 3313 1185 pro
3339 1110 3574 1166 nomine
3596 1108 3761 1167 Chri-

343 1202 418 1273 (II
435 1202 607 1257 Thess.
629 1217 690 1267 ιι,
709 1201 784 1272 3).
805 1201 1066 1257 Primum
1086 1206 1285 1257 tamen
1303 1218 1540 1258 necesse
1560 1205 1668 1268 est,
1683 1202 1852 1273 juxta
1873 1219 2002 1274 pro-
2108 1206 2203 1274 sti,
2226 1206 2494 1262 videlicet
2515 1204 2783 1261 miserias
2804 1206 3235 1277 paupertatum,
3259 1198 3757 1272 persecutionum,

341 1291 570 1364 phetas,
591 1296 723 1346 ante
755 1292 1071 1346 adventum
1092 1290 1450 1357 Antichristi,
1476 1290 1535 1345 in
1559 1290 1677 1347 illis
1709 1291 1997 1364 partibus,
2106 1299 2456 1369 egestatum,
2477 1293 2911 1373 infirmitatum,
2934 1289 3240 1358 nuditatis,
3260 1288 3434 1345 famis
3454 1291 3512 1343 et
3532 1287 3682 1354 sitis,
3705 1289 3765 1342 et

342 1385 445 1436 aut
475 1394 576 1452 per
602 1396 725 1448 vos,
768 1383 869 1435 aut
916 1396 1017 1452 per
1046 1397 1194 1451 quos
1244 1381 1356 1436 Deo
1396 1379 1701 1452 placuerit,
1732 1380 1996 1435 renovari
2104 1384 2251 1441 alias
2294 1382 2656 1456 hujusmodi,
2677 1382 2830 1438 sicut
2872 1382 3028 1436 idem
3060 1378 3344 1435 Dominus
3376 1376 3502 1434 suis
3532 1375 3631 1443 ait,
3665 1375 3761 1430 di-

341 1466 797 1525 Christianitatis
828 1469 1162 1540 imperium,
1190 1472 1255 1523 ut
1283 1467 1869 1524 omnium'malorum
1902 1485 1995 1524 ca-
2105 1476 2244 1530 eens
2275 1490 2288 1528 ε
2326 1472 2541 1545 Oportet
2580 1489 2668 1528 vos
2705 1472 2829 1544 pati
2869 1486 2973 1543 pro
3020 1469 3239 1524 nomine
3267 1481 3417 1529 meo;
3447 1469 3504 1521 et
3534 1481 3547 1520 :
3580 1465 3761 1521 Nolite

341 1562 466 1630 put.
489 1559 587 1630 qui
621 1557 838 1612 ibidem
872 1558 1031 1630 regni
1062 1558 1342 1612 thronum
1383 1556 1696 1612 habiturus
1725 1560 1833 1623 est,
1861 1556 1993 1613 fidei
2104 1562 2412 1618 erubescere
2445 1563 2595 1633 loqui
2623 1564 2747 1616 ante
2788 1560 2955 1633 facies
2999 1558 3313 1624 hominum;
3344 1571 3440 1625 ego
3469 1570 3592 1610 vero
3621 1552 3760 1609 dabo

340 1646 559 1719 aliquid
594 1650 797 1702 contra
826 1647 981 1718 quod
1011 1651 1229 1719 pugnet
1259 1646 1510 1718 reperiat
1539 1647 1991 1702 nutrimentum.
2100 1652 2251 1706 vobis
2280 1666 2337 1706 os
2367 1659 2418 1705 et
2445 1652 2793 1721 sapientiam,
2827 1664 2894 1705 ac
2925 1647 3200 1718 deinceps
3231 1644 3624 1716 subsequatur
3648 1657 3756 1697 vos

410 1735 668 1808 Cogitate
694 1735 890 1807 itaque
912 1736 1065 1807 apud
1090 1752 1189 1790 vos
1215 1736 1366 1807 quod
1393 1752 1495 1790 vos
1517 1734 1898 1807 Omnipotens
1919 1736 1990 1792 ad
2102 1738 2264 1813 larga
2294 1738 2619 1794 retributio.

340 1824 450 1881 hoc
480 1824 725 1880 fortasse
756 1824 1075 1896 provideat,
1099 1828 1389 1896 quatenus
1409 1822 1737 1879 Jerusalem
1771 1840 1873 1896 per
1891 1841 1995 1881 vos
2026 1822 2072 1843 "
2859 1824 3006 1879 VIII.

340 1932 375 1970 a
418 1919 581 1969 tanta
621 1913 1059 1969 conculcatione
1099 1913 1390 1968 restituat.
1427 1913 1607 1985 Rogo,
1655 1912 1993 1985 perpendite
2129 1916 2481 1985 (DuanSNE,
2514 1916 2747 1971 Histoire
2774 1913 2839 1985 de
2868 1917 2985 1969 tous
3016 1913 3090 1985 (es
3116 1910 3427 1985 cardinum:
3462 1910 3729 1981 francais,

340 2002 554 2075 quibus
585 2002 859 2058 cordibus
903 2002 1118 2074 gaudia
1148 2001 1247 2056 illa
1277 1983 1553 2073 poterunt
1591 1983 1837 2073 concipi,
1861 2018 1920 2056 cu

1963 2016 1993 2056 η
2141 1983 2145 1985 ’
2314 1994 2355 2042 t.
2393 1988 2459 2055 ll,
2484 2004 2540 2059 p.
2575 1988 2663 2052 43,
2691 1991 2747 2041 et
2777 1984 2970 2052 szo,
3005 1983 3186 2038 Gallia
3209 1985 3543 2054 purpurata.

339 2095 604 2147 sanctam
662 2089 953 2146 civitatem
1008 2094 1200 2145 vestro
1268 2089 1624 2146 adminiculo
1672 2090 1994 2146 viderimus
2175 2092 2569 2150 Existimastis
2600 2092 2767 2157 forte,
2800 2090 2900 2163 qui
2932 2089 3026 2144 hic
3056 2087 3162 2144 loci
3196 2088 3267 2144 ad
3299 2103 3408 2143 nos
3437 2084 3603 2143 acciti
3624 2100 3761 2141 con-

338 2179 633 2247 suscitari,
649 2182 705 2235 et
725 2178 1065 2251 prophetica
1085 2178 1303 2234 nostris
1326 2178 1706 2251 temporibus,
1726 2178 1844 2234 imo
1866 2195 1992 2234 ora-
2100 2180 2363 2248 venistis,
2387 2180 2505 2236 veri
2532 2178 2869 2247 Christiani,
2889 2177 3073 2234 solam
3100 2176 3281 2232 fuisse
3301 2174 3381 2231 rei
3407 2172 3758 2231 ecclesiasti-

338 2267 471 2325 eula
515 2267 731 2335 divina,
766 2266 1065 2339 compleri.
1102 2267 1324 2323 Moveat
1367 2268 1710 2323 memoriam
1739 2270 1992 2323 vestram
2101 2288 2178 2325 ca}
2202 2270 2270 2326 ad
2296 2286 2560 2325 normam
2584 2268 2715 2323 fidei
2742 2266 3040 2341 religionis
3055 2264 3472 2338 componendae
3493 2278 3754 2330 causam,

338 2357 494 2431 quod
523 2372 661 2413 voce
692 2355 882 2429 ipsius
913 2355 1143 2412 Domini
1184 2356 1255 2411 ad
1288 2355 1607 2412 Ecclesiam
1641 2356 1855 2411 dicitur
1878 2373 1890 2411 :
1914 2357 1992 2411 Ab
2101 2376 2225 2429 quas
2254 2375 2345 2414 me
2372 2359 2442 2413 ab
2464 2358 2612 2414 Urbe
2632 2357 2827 2412 venire
2847 2354 3228 2428 compulerit;
3255 2354 3365 2408 fuit
3392 2351 3664 2425 equidem
3696 2351 3760 2406 in

339 2446 555 2502 Oriente
578 2445 842 2501 adducam
871 2462 1053 2501 semen
1082 2448 1324 2507 tuum,et
1344 2446 1412 2499 ab
1447 2444 1735 2500 Occidente
1762 2460 1992 2513 congre-
2100 2464 2166 2503 eo
2197 2446 2417 2520 aliquid
2449 2463 2655 2512 causas,
2690 2445 2789 2501 sed
2834 2443 2949 2499 alia
2985 2442 3313 2516 urgentior,
3344 2445 3401 2497 et
3431 2457 3550 2513 qua
3578 2441 3772 2512 major

336 2536 472 2604 gabo
505 2536 706 2605 te(lsa.
731 2550 887 2599 κιαι,
909 2535 987 2604 5).
1014 2534 1220 2587 Semen
1250 2537 1519 2587 nostrum
1554 2533 1709 2588 Deus
1747 2532 1993 2589 adduxit
2101 2535 2221 2591 ulla
2279 2535 2393 2591 diei
2451 2551 2566 2591 non
2623 2534 2831 2607 possit,
2864 2549 2967 2589 nec
3028 2529 3362 2603 excogitari,
3397 2545 3504 2586 nos
3558 2527 3760 2585 traxit.

338 2624 411 2678 ab
435 2621 843 2692 0riente,quia
869 2619 1087 2691 duplici
1112 2621 1283 2675 modo
1306 2619 1606 2675 orientalis
1635 2620 1735 2675 illa
1757 2620 1991 2691 provin-
2101 2624 2321 2680 Paucos
2349 2628 2482 2680 ante
2526 2640 2732 2690 annos,
2767 2638 2911 2696 gens
2942 2638 2975 2676 a
3003 2620 3237 2676 Perside
3266 2621 3554 2692 Agarena,
3582 2633 3765 2690 quam

337 2709 630 2766 ‘ciaedidit
661 2708 952 2779 primitiva
982 2709 1342 2764 incrementa
1367 2709 1535 2765 nobis
1564 2708 1990 2765 Ecclesiae.Sed
2100 2717 2372 2785 corrupte
2428 2718 2801 2768 Sarracenam
2860 2710 3076 2775 dicitis,
3137 2711 3404 2764 sanctam
3465 2706 3761 2762 civitatem

336 2798 407 2854 ab
440 2796 749 2854 Occidente
777 2812 904 2851 eam
938 2801 1274 2869 congregat,
1297 2797 1438 2852 dum
1470 2814 1573 2869 per
1600 2813 1699 2853 eos
1722 2796 1821 2869 qui
1854 2797 1991 2853 ulti-
2099 2800 2485 2868 Hierusalem,
2532 2803 2915 2871 sanctamque
2961 2802 3173 2854 terram
3223 2796 3528 2864 invadens,
3580 2793 3757 2867 cepit,

336 2887 441 2955 mi,
460 2885 594 2941 fidei
622 2885 974 2941 documenta
1004 2890 1320 2956 coeperunt,
1341 2885 1740 2942 Occidentales
1771 2886 1993 2943 scilicet
2099 2890 2362 2962 diripuit,
2386 2889 2670 2954 incendit,
2697 2891 3136 2944 sacrosanctum
3163 2885 3396 2941 Domini
3420 2883 3760 2956 sepulcrum

336 2974 515 3047 (quod
548 2990 651 3046 per
672 2989 795 3040 vos,
819 2977 1134 3046 praestante
1160 2975 1291 3041 Deo,
1317 2974 1439 3030 ﬁeri
1466 2991 1635 3047 posse
1666 2976 1986 3048 putamus),
2098 2979 2276 3052 (quod
2304 2979 2429 3034 sine
2468 2977 2744 3048 lacrymis
2776 2976 2968 3032 dicere
2998 2974 3337 3047 nequimus)
3360 2972 3756 3046 profanatum,

334 3062 823 3136 Jerosolymitana
854 3063 1071 3118 damna
1100 3066 1409 3120 restaurat.
2098 3068 2313 3123 foedata
2327 3067 2501 3123 etiam
2523 3065 2778 3123 ecclesiae
2797 3064 3029 3131 sacella,
3045 3062 3383 3135 templaque
3397 3062 3544 3117 ritus
3565 3064 3757 3119 nostri

405 3152 466 3210 Si
487 3151 922 3225 Scripturarum
940 3168 1042 3208 vos
1058 3168 1176 3207 non
1194 3151 1755 3219 excitantdicta,nec
1782 3156 1984 3209 nostra
2012 3138 2055 3204 α
2095 3160 2197 3211 aut
2228 3155 2349 3212 solo
2373 3159 2601 3226 equata
2621 3157 2779 3222 sunt,
2805 3157 2907 3209 aut
2940 3154 2993 3208 in
3022 3152 3296 3225 profanos
3322 3150 3469 3207 usus
3491 3164 3760 3206 commu-

332 3246 558 3298 vestros
579 3241 809 3297 animos
830 3245 1133 3314 penetrant
1154 3241 1395 3308 monita,
1409 3241 1616 3296 excitet
1637 3241 1843 3298 saltem
1863 3259 1987 3312 vos,
2097 3249 2237 3300 tata.
2261 3242 2465 3300 Abacti
2492 3243 2628 3298 inde
2657 3240 2992 3308 Christiani,
3018 3258 3153 3313 pars
3182 3238 3430 3313 fragilis,
3454 3242 3511 3294 et
3532 3236 3758 3294 crucia-

334 3346 537 3387 eorum
586 3329 689 3403 qui
736 3335 939 3386 sancta
988 3329 1116 3386 loca
1166 3330 1327 3386 adire
1385 3330 1722 3386 desiderant
1776 3347 1992 3404 magna
2098 3337 2269 3389 tuum
2312 3332 2627 3406 impatiens
2685 3330 2859 3387 saluti
2908 3328 3364 3397 abrenuntiavit,
3405 3327 3754 3384 circumciso

335 3418 592 3476 miseria.
627 3417 971 3489 Perpendite
1011 3435 1111 3474 eos
1161 3419 1257 3490 qui
1290 3417 1753 3491 peregrinantur,
1787 3423 1844 3475 et
1889 3435 1993 3492 per
2098 3422 2383 3496 praeputio
2406 3422 2557 3477 facta
2577 3424 2667 3477 est
2688 3417 3280 3491 Sarracena,pars,in
3313 3416 3427 3472 ﬁde
3453 3419 3753 3483 constans,

334 3506 755 3563 Mediterranea
799 3505 939 3562 illuc
976 3507 1219 3574 vadunt,
1256 3506 1548 3579 siquidem
1598 3506 1992 3579 opulentiores
2100 3527 2203 3584 per
2223 3511 2414 3567 varios
2438 3509 2643 3565 mortis
2664 3508 2870 3564 modos
2899 3506 3136 3565 lacerati
3165 3504 3506 3577 laniatique,
3532 3508 3598 3560 ut
3618 3503 3756 3560 felix

335 3597 496 3663 Sunt,
547 3593 783 3665 quantis
839 3593 1356 3663 redhibitionibus,
1418 3595 1656 3668 quantis
1698 3595 1990 3652 violentiis
2100 3599 2294 3668 fuerit,
2319 3615 2495 3671 quem
2540 3596 2799 3653 carnifex
2842 3596 3090 3668 petitum
3130 3592 3322 3667 gladio
3361 3592 3754 3648 obtruncavit.
3844 3604 3849 3609 ·

335 3682 660 3754 subjacent,
676 3682 815 3737 dum
840 3697 984 3754 pene
1007 3698 1111 3753 per
1126 3682 1361 3755 singula
1384 3683 1661 3739 milliaria
1680 3685 1990 3757 pensiones
2099 3687 2373 3745 Mulieres
2392 3686 2754 3753 Christianas,
2775 3684 2831 3739 in
2856 3684 3101 3740 urbibus
3122 3680 3469 3754 oppidisque
3488 3680 3757 3753 frequen-

339 3773 646 3845 coguntur,
670 3773 728 3826 et
751 3769 973 3825 tributa
996 3771 1340 3845 dependere,
1365 3789 1469 3844 per
1496 3788 1760 3845 quasque
1790 3773 1988 3829 civita-
2098 3776 2361 3844 tissime,
2387 3792 2535 3848 quas
2577 3792 2646 3830 ex
2688 3773 2899 3829 vestris
2937 3771 3350 3846 quorumdam,
3374 3769 3475 3842 qui
3525 3768 3750 3837 astatis,

334 3860 411 3917 tis
440 3863 660 3934 portas,
685 3876 789 3932 per
816 3858 1194 3916 ecclesiarum
1217 3864 1274 3916 et
1303 3860 1656 3932 templorum
1686 3862 1990 3935 ingressus
2098 3865 2347 3920 urbibus
2377 3867 2434 3920 et
2461 3862 2692 3936 Oppidis
2724 3861 2952 3918 devotio
2974 3861 3047 3919 ad
3079 3864 3280 3917 sancta
3298 3858 3665 3932 inspicienda
3695 3862 3755 3915 et

335 3948 767 4022 redemptiones
815 3947 1143 4018 exsolvere;
1177 3949 1249 4006 ad
1300 3967 1565 4023 quasque
1612 3951 1682 4007 de
1727 3950 1869 4008 locis
1916 3952 1988 4008 ad
2098 3953 2396 4009 adoranda
2424 3950 2550 4008 loca
2579 3967 2683 4025 per
2710 3954 2795 4007 tot
2824 3954 3009 4006 terras
3038 3951 3315 4015 traxerat,
3339 3946 3538 4004 omnia
3565 3962 3753 4019 passae

332 4037 459 4095 loca
481 4037 958 4111 demigrationes,
983 4038 1201 4094 inﬂicta
1224 4039 1486 4111 qualibet
1510 4040 1896 4107 accusatione,
1917 4041 1990 4097 ad
2098 4045 2239 4099 sunt
2259 4058 2387 4113 quae
2410 4039 2569 4096 dictu
2597 4040 2870 4096 obscaena
2889 4037 3144 4094 crudelis
3164 4036 3382 4094 Christi
3401 4035 3609 4103 hostis,
3632 4050 3754 4092 non

333 4126 792 4199 redemptionem
817 4126 1202 4199 compellere?
1223 4128 1361 4183 dare
1378 4145 1511 4185 vero
1533 4144 1780 4185 munera
1799 4130 1990 4185 detra-
2097 4130 2169 4186 ad
2196 4145 2365 4185 suam
2388 4128 2578 4202 magis
2598 4127 2943 4200 explendam
2972 4126 3294 4193 libidinem,
3312 4125 3467 4199 quod
3488 4123 3562 4181 ad
3583 4123 3755 4178 Chri-

332 4219 581 4274 ctantes.
609 4215 902 4289 quomodo
932 4215 1240 4286 gentilium
1276 4218 1528 4288 praefecti
1560 4217 1986 4285 consueverint,
2097 4218 2424 4274 stianorum
2473 4217 2727 4274 dedecus
2778 4215 3101 4288 excogitare
3133 4213 3340 4287 potuit.
3365 4213 3453 4283 Et,
3486 4213 3536 4268 si
3583 4209 3753 4268 Chri-

331 4302 670 4359 verberibus
701 4303 1062 4359 truculenter
1093 4304 1337 4376 urgere?
1372 4305 1519 4369 Quid
1550 4306 1621 4362 de
1651 4306 1745 4362 his
1776 4306 1989 4362 dicturi
2097 4306 2294 4375 stiani,
2329 4306 2448 4363 imo
2478 4306 2526 4363 si
2558 4306 2666 4360 viri
2698 4305 2862 4373 estis,
2886 4321 2991 4360 nec
3013 4320 3176 4376 aequo
3199 4303 3402 4359 audire
3433 4301 3629 4357 animo
3656 4317 3755 4373 po-

332 4407 562 4456 sumus,
596 4391 693 4463 qui
729 4390 874 4446 nihil
928 4409 1169 4463 prorsus
1216 4392 1497 4449 habentes
1544 4394 1716 4450 nudae
1770 4394 1990 4451 ﬁducia
2094 4396 2283 4462 testis,
2309 4412 2413 4451 nec
2444 4395 2734 4467 patienter
2759 4393 3026 4449 tolerare.
3050 4392 3112 4448 In
3134 4408 3262 4464 quae
3295 4389 3511 4458 omnia,
3535 4393 3603 4446 ut
3631 4388 3752 4445 illis

331 4480 864 4573 paupertatis,dum
897 4479 986 4573 nil
1012 4485 1217 4573 praeter
1240 4481 1989 4573 corpqravidenturhabere
2017 4507 2065 4573 D
2096 4501 2201 4558 pro
2233 4483 2515 4559 dignitate
2557 4481 2814 4539 nominis
2849 4479 3162 4536 Christiani
3202 4480 3504 4552 providam
3531 4477 3751 4573 velitis,

332 4568 486 4640 quod
509 4569 775 4641 perdant,
798 4568 907 4623 iter
930 4567 1071 4623 illud
1095 4559 1421 4641 arripiunt?
1444 4571 1586 4629 Dum
1611 4572 1683 4627 ab
1706 4572 1791 4627 eis
1810 4589 1986 4645 pecu-
2017 4559 2062 4573 ”
2096 4574 2389 4645 majorum
2410 4571 2694 4645 exempla,
2719 4569 3061 4639 maximum,
3084 4569 3240 4641 quod
3262 4567 3532 4624 imminet
3563 4564 3751 4640 negli-

332 4656 448 4731 nia,
474 4673 603 4729 quae
635 4674 749 4712 non
798 4660 905 4726 est,
939 4656 1244 4730 suppliciis
1289 4658 1673 4717 intolerandis
1711 4662 1981 4734 exigitur,
2094 4662 2391 4736 gentibus,
2426 4659 2774 4733 periculum,
2806 4662 2863 4715 et
2904 4657 3278 4732 praemiorum
3309 4672 3467 4730 spes,
3497 4672 3598 4712 vos
3629 4670 3750 4711 non

331 4746 474 4802 dum
495 4745 673 4802 callos
699 4745 949 4802 talorum
973 4764 1044 4801 ne
1068 4747 1210 4802 forte
1230 4748 1531 4820 quidpiam
1560 4749 1637 4805 ibi
1671 4750 1980 4819 insucrint,
2093 4752 2303 4806 ducere
2334 4749 2522 4822 magis
2555 4763 2731 4821 quam
2761 4747 2990 4803 trahere
3016 4747 3332 4803 debebunt.
3356 4742 3583 4801 Etenim
3605 4744 3751 4799 sub-

331 4835 673 4915 dissecando
706 4853 771 4890 ac
812 4835 1138 4891 revellendo
1169 4837 1477 4904 rimantur,
1511 4839 1847 4908 credulitas,
1883 4858 1981 4896 ne-
2084 4840 2275 4910 jcctas
2305 4837 2601 4909 quondam
2632 4837 3028 4893 Romanorum
3078 4834 3323 4907 imperio
3376 4833 3657 4898 civitates,
3692 4835 3753 4888 et

332 4924 641 4980 fandorum
676 4925 747 4980 ad
780 4924 887 4980 hoc
928 4941 1115 4997 usque
1164 4926 1502 4998 perducitur
1532 4931 1596 4983 ut
1644 4944 1841 4985 aurem
1892 4929 1983 4985 vel
2090 4932 2307 4983 terram
2340 4930 2602 4981 sanetam
2635 4924 2895 4980 aTurcis
2915 4922 3370 4994 Sarracenisque
3401 4921 3619 4978 nostris
3640 4920 3749 4976 ho-

331 5009 639 5086 argentum
661 5013 908 5069 miseros
928 5013 1303 5069 absorbuisse
1325 5018 1618 5087 putantes,
1644 5020 1745 5072 aut
1765 5018 1899 5073 data
1919 5017 1981 5073 in
2090 5016 2281 5072 stibus
2306 5012 2610 5087 possideri,
2636 5012 2931 5068 neminem
2954 5027 3082 5069 esse
3101 5015 3364 5068 vestrum
3386 5011 3486 5083 qui
3516 5010 3748 5083 ignoret

330 5105 533 5172 potum
560 5102 1093 5174 seamonia,usque
1114 5102 1186 5157 ad
1207 5102 1511 5171 vomitum,
1536 5103 1624 5160 vel
1650 5105 1825 5160 etiam
1848 5122 1977 5161 eru-
2089 5108 2314 5159 eertum
2372 5102 2675 5158 habemus.
2719 5101 2874 5165 Quas
2920 5117 3054 5157 vero
3102 5100 3343 5173 Europae
3391 5097 3743 5172 provincias,

331 5187 587 5260 ptionem
617 5206 716 5246 eos
745 5188 1013 5246 vitalium
1054 5194 1286 5262 urgent,
1316 5190 1404 5246 vel
1453 5192 1622 5257 ferro,
1659 5193 1815 5264 quod
1865 5193 1978 5249 dici
2090 5209 2237 5264 quas
2266 5191 2442 5247 urbes
2489 5189 2668 5246 iidem
2716 5193 3004 5262 premant,
3033 5193 3337 5261 occupent,
3370 5186 3745 5259 lacerentque

331 5276 494 5332 nefas
513 5277 900 5344 est,discissis
918 5278 1238 5346 ventribus,
1263 5278 1670 5335 intestinorum
1697 5298 1978 5352 quorum-
2088 5279 2385 5347 infideles;
2418 5279 2468 5335 si
2512 5295 2716 5335 omnes
2765 5277 2943 5335 simul
2992 5278 3297 5351 ignoratis,
3332 5275 3745 5348 unusquisque

330 5380 564 5436 cunque
594 5364 891 5421 involucra
911 5367 1333 5435 distendentes,
1359 5367 1647 5439 quidquid
1672 5368 1848 5426 habet
1875 5390 1979 5429 na-
2086 5369 2145 5425 in
2180 5385 2288 5425 sua
2317 5367 2615 5441 provincia
2644 5367 2824 5433 novit,
2857 5367 2917 5422 ni
2958 5367 3103 5423 forte
3133 5383 3255 5433 vos,
3279 5365 3428 5423 Galli
3464 5363 3743 5421 remotio-

328 5456 465 5509 tura
493 5451 718 5519 secreti,
739 5452 1001 5510 horribili
1026 5455 1354 5513 concisione
1386 5455 1675 5528 aperiunt.
1704 5458 1975 5533 Recolite,
2088 5477 2203 5527 res,
2237 5458 2358 5514 haec
2390 5473 2504 5513 non
2557 5457 2806 5525 sentitis,
2830 5454 2931 5529 qui
2977 5455 3369 5528 Hispanorum
3415 5452 3746 5530 Aquitanog

329 5555 553 5625 precor,
575 5556 775 5606 eorum
803 5543 988 5602 millia
1006 5543 1107 5624 qui
1129 5542 1548 5605 detestabiliter
1575 5546 1893 5627 perierunt,
1922 5555 1979 5613 et
2088 5562 2358 5624 rumque,
2382 5545 2456 5607 ab
2482 5561 2549 5605 ea
2578 5549 2750 5620 gente
2777 5559 3214 5620 oppressorum,
3240 5543 3382 5604 dum
3412 5541 3473 5602 in
3495 5540 3746 5603 servitu:
