4000 6168
202 294 316 358 581

991 294 1485 364 EPITAPHIUM
1530 297 1849 362 SIMONIS
1895 296 2207 362 COMITIS
2253 301 2832 366 CRESPEIENSIS.

3499 313 3618 373 582

205 435 327 486 tem
361 431 688 502 rapiuntur,
722 431 781 487 in
821 432 1073 488 Africam
1128 434 1522 502 abducuntur,
1573 433 1856 489 clamores
1885 434 1939 501 Α
1977 450 2116 488 num
2149 435 2303 505 quod
2329 435 2545 491 nostris
2567 437 2928 509 temporibus
2955 439 3024 494 ad
3059 457 3300 512 parvum
3333 443 3489 500 orbis
3513 463 3618 502 an-

207 518 586 591 ejulatusque
617 519 882 592 singulos
929 538 1031 594 per
1059 522 1184 577 dies
1215 523 1416 577 audire
1469 523 1712 578 debetis.
1746 522 1855 576 Sed

210 609 479 680 nunquid
511 626 633 676 vos,
666 610 961 678 Germani,
993 611 1270 677 Saxones,
1321 610 1543 678 Poloni,
1595 609 1856 678 Bohemi,

208 697 496 770 Hungari,
529 698 638 753 etsi
671 699 893 753 Turcas
941 704 998 754 et
1040 700 1391 755 Sarracenos
1439 700 1596 755 intra
1641 699 1862 754 viscera

207 787 412 843 saavire
432 793 626 842 vestra
638 789 901 843 nondum
915 789 1167 857 sentitis,
1184 805 1360 860 quam
1384 806 1418 844 a
1441 789 1604 844 vobis
1622 789 1857 850 distent.

209 875 298 930 vel
329 875 517 943 fretis,
549 875 634 930 vel
667 875 1013 931 fluminibus
1051 876 1376 948 ignoratis?
1425 876 1649 932 Italiam
1681 893 1862 931 .nunc

209 963 498 1036 alloquor,
533 981 710 1035 quam
744 964 962 1020 multos
992 971 1126 1019 ante
1157 982 1342 1020 annos
1373 966 1672 1020 Sarraceni
1693 964 1862 1019 dimi-

209 1054 369 1108 diam
402 1069 550 1126 pene
579 1058 960 1125 occuparunt.
979 1054 1038 1108 in
1057 1070 1303 1126 eamque
1319 1055 1461 1109 adeo
1485 1057 1864 1125 penetrarunt

211 1148 275 1198 ut
305 1141 773 1196 Christianorum
795 1146 990 1214 caput.
1025 1142 1173 1197 Petri
1207 1143 1404 1198 sedem
1425 1143 1691 1209 Romam,
1715 1158 1866 1197 mar-

208 1236 406 1304 tyrum
439 1229 725 1302 sanguine
749 1229 939 1286 adhuc
957 1231 1587 1298 madentem,invasam
1621 1231 1862 1285 obsede-

211 1321 352 1386 rint,
387 1324 707 1392 captasque
725 1318 1126 1391 apostolorum
1149 1319 1298 1374 Petri
1315 1322 1372 1372 et
1397 1318 1560 1374 Pauli
1593 1318 1864 1374 basilicas

209 1408 668 1480 inquinaverint.
700 1408 951 1463 Venetos
964 1407 1058 1463 hic
1085 1408 1270 1474 video,
1299 1405 1614 1474 Dalmatas,
1643 1413 1699 1462 et
1719 1406 1864 1463 alios

211 1497 383 1554 sinus
414 1496 694 1551 Adriatici
726 1495 976 1561 accolas,
1028 1495 1149 1567 qui,
1203 1497 1341 1550 dum
1400 1502 1679 1568 perpetua
1729 1512 1861 1549 cum

212 1585 552 1642 Sarracenis
585 1584 800 1656 praalia,
833 1589 889 1639 et
921 1601 983 1639 se
1024 1587 1318 1647 tueantur,
1370 1587 1656 1648 exercent,
1709 1584 1861 1654 quod

214 1681 304 1730 est
333 1673 508 1728 Italia
542 1674 832 1745 reliquum
880 1674 1206 1728 del‘ensant.
1259 1673 1405 1738 Quid
1454 1671 1705 1727 multis?
1755 1672 1865 1726 fuit

1981 521 2186 594 gulum
2221 525 2616 596 coangustari,
2645 528 2702 580 et
2747 529 3003 597 quotidie
3042 529 3114 583 de
3143 530 3361 588 excidio
3392 534 3619 604 pericli—

1968 609 2075 665 tari
2105 610 2396 678 videmus,
2421 613 2529 668 Sed
2551 613 2967 685 propinquiora
2987 619 3363 691 attingamus,
3379 622 3618 678 Carolus

1969 698 2104 764 iste,
2157 705 2544 772 cognomento
2577 717 2827 774 magnus
2871 710 3075 771 vester,
3129 708 3420 775 Germani,
3473 729 3617 784 pene

1969 786 2122 841 avita
2151 787 2408 858 origine:
2443 787 2664 855 Vester,
2696 791 2918 858 Franci,
2953 811 3068 859 rex,
3101 801 3356 852 vestrum
3408 799 3617 873 ingens

1970 875 2168 940 decus,
2204 876 2515 948 Hispanias,
2539 878 2860 950 Aquitaniae
2893 888 2947 936 et
2965 883 3106 954 ipsis
3127 886 3378 941 Francia:
3401 889 3617 944 ﬁnibus

1970 963 2377 1019 incumbentes
2390 966 2740 1022 Sarracenos
2760 969 2857 1022 inti
2869 970 2987 1024 nita
3003 973 3334 1030 mortalium
3350 978 3618 1034 examina

1970 1052 2318 1107 deturbavit.
2351 1053 2590 1110 Carolus
2621 1060 2967 1113 Sarracenos
2991 1060 3155 1117 Italia
3193 1063 3282 1130 (ut
3331 1065 3488 1121 fama
3517 1084 3617 1124 vos

1969 1140 2242 1212 vulgatis)
2275 1146 2430 1197 terra
2460 1147 2663 1198 sancta
2713 1145 3230 1221 Hierosolimisque
3277 1153 3514 1224 expulit.
3551 1157 3616 1212 Et

1971 1245 2087 1299 quo
2114 1228 2404 1282 audebitis
2434 1235 2600 1300 pacto
2625 1238 2752 1302 post
2775 1231 3126 1301 haecdicere,
3159 1237 3343 1294 solam
3373 1258 3502 1297 esse
3529 1243 3616 1312 vel

1972 1315 2313 1388 primariam
2345 1323 2578 1388 gentem
2613 1320 2936 1383 Franciam,
2969 1340 3144 1394 quam
3175 1343 3305 1383 vere
3338 1329 3620 1386 Christia-

1972 1421 2109 1459 nam
2141 1405 2640 1476 appellareliceat,
2673 1408 2719 1462 si
2753 1408 2807 1462 iu
2825 1426 2890 1464 ea
2916 1427 3042 1482 qua
3064 1414 3227 1470 vobis
3257 1417 3440 1486 adest,
3473 1436 3616 1492 opu-

1972 1492 2168 1559 lentia,
2204 1495 2552 1550 Sarracenos
2574 1501 2630 1550 et
2660 1499 2899 1561 Turcas,
2937 1504 3313 1574 posteaptum
3347 1506 3616 1579 inquina-

1973 1586 2219 1652 tumque
2255 1582 2477 1636 Domini
2511 1600 2740 1639 sacrum
2792 1588 3149 1668 sepulcrum,
3201 1593 3396 1665 populi
3441 1597 3615 1652 etiam

1971 1669 2301 1724 Christiana
2333 1671 2608 1742 reliquias
2640 1675 2765 1744 capi
2798 1677 3166 1749 Opprimique
3196 1697 3298 1751 per
3327 1683 3615 1754 ignaviam

215 1763 500 1820 hactenus
543 1762 600 1816 in
652 1762 924 1818 extremis
973 1763 1044 1816 ad
1097 1760 1548 1832 septentrionem
1597 1760 1864 1832 partibus
1895 1799 1942 1862 Β
1976 1759 2397 1829 per-miseritis?
2448 1761 2949 1832 Expergiscimini,
2992 1767 3374 1838 obtestamur,
3422 1777 3478 1826 et
3519 1787 3620 1844 per

215 1852 454 1924 Europae
504 1850 1214 1922 Constantinopolitanum
1265 1849 1576 1921 imperium
1628 1849 1772 1904 obex
1811 1853 1867 1903 et

213 1943 494 2012 tanquam
528 1957 754 2007 murus,
785 1939 887 2011 qui
919 1941 1138 1994 Turcas
1169 1943 1342 2009 atque
1356 1937 1705 1992 Sarracenos
1727 1953 1865 1992 con-

213 2029 389 2084 tinuit
418 2033 478 2085 et
491 2028 892 2101 prohibuil,ne
921 2028 1246 2100 Hungaros,
1265 2025 1529 2084 Polonos.
1555 2025 1861 2090 Bohemos,

211 2117 490 2190 ipsosque
521 2117 875 2173 Alemannos
907 2116 1119 2188 primo,
1155 2114 1363 2170 deinde
1394 2118 1635 2169 caeteros
1657 2114 1862 2168 obrue-

208 2210 338 2269 rent
370 2205 755 2262 Cbristianos.
805 2204 1017 2260 Pulsus
1071 2219 1205 2259 vero
1248 2206 1382 2258 ante
1431 2217 1646 2274 paucos
1679 2217 1864 2256 annos

203 2295 342 2350 Asia
372 2295 713 2368 imperator,
746 2295 816 2349 de
845 2293 1165 2349 retinendis
1197 2291 1862 2362 Constantinopolitanis

203 2385 446 2456 Europae
481 2384 818 2457 regionibus
871 2383 1116 2437 laborat.
1153 2381 1212 2436 Si
1265 2396 1422 2434 nunc
1469 2396 1537 2434 ea
1569 2378 1862 2450 respicitis

204 2473 706 2544 consideratisque
737 2473 862 2527 sola
901 2488 1029 2543 qua:
1083 2475 1215 2525 aute
1246 2468 1445 2524 oculos
1469 2537 1477 2548 ο
1498 2473 1656 2535 sunt,
1709 2467 1754 2522 si
1785 2467 1860 2522 ir-

204 2562 432 2617 ruituro
491 2561 646 2616 brevi
708 2562 908 2615 Turcze
939 2565 995 2614 et
1050 2560 1369 2614 Sarraceno
1424 2556 1708 2612 obsistere
1744 2572 1858 2610 non

203 2649 467 2722 pergitis,
517 2650 617 2721 qui
666 2665 900 2704 sacrum
971 2645 1196 2701 Domini
1248 2644 1603 2716 sepulcrum,
1651 2661 1858 2700 sanam

202 2737 338 2794 Jesu
373 2737 586 2794 Christi
615 2743 829 2793 terram
858 2735 1102 2808 pedibus
1125 2733 1522 2789 conculcatam
1547 2749 1580 2787 a
1598 2733 1858 2805 spurcis-

203 2827 358 2882 sima
388 2830 558 2899 gente
577 2831 662 2882 tot
687 2822 1182 2895 annosinquinari
1200 2821 1557 2892 neglexistis,
1589 2822 1855 2877 eamdem

202 2915 263 2970 in
295 2919 556 2971 vestrum
588 2918 763 2985 caput
791 2912 1010 2966 irruere
1040 2911 1195 2965 brevi
1227 2909 1512 2978 sentietis,
1556 2915 1855 2966 matronas

201 3020 236 3058 a
265 3001 569 3074 complexu
599 3007 813 3066 vestro,
833 3004 1054 3054 vestras
1085 2997 1362 3070 virgines,
1383 2997 1456 3051 ab
1473 3013 1673 3052 earum
1695 2998 1851 3064 sinu,

199 3107 413 3162 pueros
445 3095 502 3146 et
554 3089 951 3145 adolescentes
999 3094 1219 3142 vestros
1260 3087 1316 3141 in
1369 3086 1709 3142 servitutem
1758 3103 1851 3140 vo-

1974 1846 2196 1902 viscera
2227 1847 2637 1903 misericordiae
2667 1850 2763 1905 Dei
2799 1854 2980 1907 nostri
3014 1871 3272 1927 oramus,
3305 1859 3409 1913 viri
3443 1861 3626 1924 fortes,

1974 1935 2098 1990 orbi
2129 1935 2459 1991 Christiano
2480 1939 2807 2010 exemplum
2827 1942 3394 2019 incitamentumque
3415 1949 3616 2018 futuri,

1974 2040 2138 2079 arma
2195 2026 2402 2096 capite,
2435 2031 2679 2090 turmas,
2716 2029 3008 2099 cohortes,
3059 2032 3314 2105 legiones
3366 2037 3616 2106 educite,

1974 2117 2092 2168 tam
2139 2114 2356 2168 multos
2406 2113 2660 2169 habituri
2720 2133 3020 2188 sequaces,
3079 2137 3253 2192 quam
3285 2123 3341 2178 id
3392 2127 3617 2181 ardenti

1974 2202 2170 2255 animo
2203 2202 2388 2258 facere
2414 2204 2754 2259 ostendetis.
2788 2206 2987 2262 Aderit
3033 2209 3199 2266 vobis
3247 2214 3618 2285 omnipotens

1972 2289 2147 2351 Deus,
2172 2289 2412 2361 angelos
2441 2308 2580 2346 suos
2613 2297 2745 2347 ante
2778 2293 2981 2350 faciem
3020 2302 3294 2365 vestram,
3329 2302 3428 2372 qui
3483 2302 3618 2357 diri-

1969 2382 2110 2448 gant
2139 2393 2378 2449 gressus
2408 2385 2650 2446 vestros,
2685 2381 2828 2435 ccelo
2871 2384 3144 2439 dimittet.
3195 2386 3395 2459 Capite
3442 2390 3619 2462 igitur

1968 2471 2025 2522 et
2055 2467 2489 2538 arripitcarma,
2523 2468 2856 2539 Christiani,
2880 2470 3249 2530 Dominicum
3281 2477 3614 2548 sepulcrum

1967 2554 2295 2620 liberaturi,
2331 2556 2386 2609 in
2421 2573 2536 2628 quo
2567 2573 2772 2613 omnes
2802 2565 3074 2616 aeternam
3108 2564 3272 2620 vobis
3312 2581 3616 2638 compara-

1966 2645 2105 2699 bitis
2136 2644 2541 2716 gloriam,tum
2574 2646 2748 2702 etiam
2766 2663 2959 2703 rerum
2988 2651 3217 2707 saeculis
3247 2653 3616 2727 incompara-

1966 2732 2115 2788 biles
2127 2733 2358 2788 divitias
2386 2735 2689 2805 parabitis.
2713 2736 2828 2791 Nos
2844 2736 3092 2810 denique
3114 2741 3185 2796 de
3215 2742 3618 2800 misericordia

1965 2822 2086 2890 Dei,
2123 2823 2425 2877 beatorum
2463 2823 2607 2878 Petri
2667 2829 2724 2878 et
2754 2824 2919 2880 Pauli
2982 2829 3330 2885 auctoritate
3387 2832 3613 2899 confisi,

1967 2909 2239 2966 fidelibus
2265 2911 2632 2976 Christianis,
2679 2914 2779 2984 qui
2829 2919 3032 2970 contra
3079 2934 3337 2990 paganos
3388 2937 3617 2976 venera-

1966 2997 2107 3053 bilia
2136 2998 2262 3053 loca
2293 2999 2632 3069 hujusmodi
2673 3003 3003 3060 detinentes
3031 3021 3193 3060 arma
3226 3009 3614 3080 susceperint,

1962 3091 2204 3142 cunctas
2235 3087 2347 3141 sibi
2380 3104 2482 3158 pro
2523 3087 2749 3144 delictis
2795 3091 2918 3146 suis
2969 3094 3343 3164 pmnitentias
3393 3096 3613 3153 relaxa-

198 3160 428 3234 biscum
458 3178 583 3250 rapi
615 3177 879 3232 dolentes
907 3176 1217 3248 mmstique
1239 3175 1528 3230 videbitis.
1557 3173 1765 3229 Melius
1796 3181 1853 3230 et
1883 3160 1925 3227 C
1966 3191 2121 3229 mus.
2155 3175 2391 3229 Interim
2427 3192 2579 3240 vero,
2629 3192 2728 3232 eos
2758 3179 2858 3249 qui
2911 3160 3117 3235 ardore
3168 3182 3299 3238 fidei
3352 3183 3611 3242 laborem

200 3269 406 3338 maiori
438 3284 571 3322 cum
603 3265 789 3339 gloria
833 3265 1015 3320 nostri
1061 3265 1462 3335 progenitores
1512 3263 1845 3318 inchoatam

199 3358 392 3413 Romae
419 3361 476 3412 et
506 3357 563 3411 in
598 3355 762 3411 Italia
793 3361 850 3410 et
881 3372 982 3426 per
1027 3355 1314 3424 Europam
1373 3352 1739 3424 dignitatem,
1773 3353 1845 3407 ad

192 3447 375 3502 totius
412 3446 570 3501 orbis
602 3445 1002 3500 monarchiam
1026 3441 1377 3501 extulerunt.
1399 3457 1501 3513 per
1529 3441 1700 3511 cujus
1722 3457 1844 3496 om-

197 3553 300 3592 nes
330 3535 658 3608 provincias
683 3540 739 3590 et
770 3535 1034 3606 regiones
1067 3549 1276 3588 nomen
1329 3532 1522 3586 floruit
1567 3530 1842 3587 Christia-

1955 3263 2134 3318 istum
2169 3263 2578 3334 assumpserit,
2626 3265 2737 3319 sub
2786 3265 3050 3322 Ecclesiae
3103 3268 3374 3324 Romanae
3425 3279 3612 3343 prote-

1957 3353 2167 3417 ctione,
2196 3357 2474 3423 tanquam
2508 3368 2651 3407 vera:
2681 3353 3022 3409 obedientize
3047 3356 3198 3412 filios
3225 3358 3605 3431 suscipimus,

1958 3447 2015 3496 et
2066 3442 2140 3496 ab
2191 3442 2477 3497 universis
2526 3442 3050 3514 inquietationibus
3099 3453 3218 3503 tam
3250 3449 3309 3503 in
3362 3466 3613 3522 persona

1959 3546 2134 3602 quam
2159 3531 2218 3585 in
2252 3532 2426 3586 rebus
2457 3532 2774 3588 statuimus
2805 3549 3038 3590 manere
3069 3552 3331 3592 securos.

1299 3904 1984 3992 EPITAPHIUM
2045 3904 2500 3992 SIMONlS

1484 4099 1772 4156 COMlTlS
1813 4098 2316 4155 CRESPEIENSIS

673 4271 950 4344 Scriptum
983 4273 1042 4327 in
1063 4271 1356 4345 pyramide
1384 4269 1648 4342 ejusdem,
1679 4286 1711 4324 α
1742 4269 1936 4325 domno
1961 4285 2104 4341 papa
2140 4268 2374 4337 Urbano,
2406 4277 2754 4340 cognomento
2787 4269 2966 4328 Odone
2995 4272 3127 4344 (66).

189 4619 389 4674 Simon
424 4617 650 4674 habens
681 4635 916 4686 nomen,
957 4620 1245 4692 majorum
1275 4617 1563 4690 sanguine
1594 4614 1772 4680 claro,

260 4711 616 4762 Francorum
651 4724 976 4778 procerum,
1009 4725 1144 4779 pars
1165 4723 1271 4778 ego
1305 4721 1518 4778 magna
1551 4705 1652 4760 fui.

192 4793 556 4866 Paupertatis
587 4812 814 4860 amans,
846 4796 1094 4867 patriam
1127 4795 1534 4865 mundumque
1567 4793 1792 4865 reliqui,

259 4882 557 4940 Christum
589 4885 808 4939 divitiis
841 4885 1114 4939 omnibus
1146 4885 1494 4939 anteferens.

192 4971 330 5028 Post
358 4973 428 5028 ad
463 4973 841 5045 apostolicam
875 4971 1126 5028 cmlestis
1158 4971 1437 5044 principis
1469 4971 1664 5026 aulam

264 5061 529 5118 Eximius
558 5061 706 5118 tanti
738 5077 829 5117 me
865 5060 1049 5134 patris
1081 5062 1200 5132 egit
1230 5077 1413 5116 amor.

189 5151 316 5216 Quo
347 5150 493 5206 duce
523 5166 860 5223 promerear
888 5150 1126 5205 tandem
1160 5166 1334 5220 super
1365 5153 1524 5204 astra
1554 5148 1766 5204 levari:

331 5238 607 5310 Hospitor
635 5239 731 5294 hic
762 5255 959 5295 sacras
990 5237 1262 5294 conditus
1292 5241 1425 5293 ante
1455 5237 1625 5294 fores.

193 5466 196 5468 γ
252 5417 369 5488 (66)
403 5415 553 5490 Illud
573 5417 948 5490 epitaphium
979 5416 1446 5490 habeturetiam‘
1477 5416 1533 5470 in
1566 5417 1692 5472 cod.
1724 5433 1838 5490 ms.

180 5488 528 5560 monasterii
561 5487 1097 5560 Clarimariscensis
1127 5488 1186 5544 in
1219 5487 1489 5544 Flandria
1519 5504 1653 5544 cum
1684 5489 1839 5560 ejus-

178 5559 318 5624 dem
351 5559 614 5620 Simonis
642 5559 796 5619 Vita.
831 5560 1051 5619 Verum
1091 5575 1192 5619 sex
1238 5577 1440 5621 versus
1490 5559 1840 5635 posteribree

1876 4616 1923 4681 Ι)
1955 4614 2106 4669 Olim
2141 4615 2294 4672 facta
2325 4618 2505 4688 patris
2540 4635 2822 4674 renovans
2853 4620 3166 4677 dictamine
3198 4622 3394 4677 fratris

1956 4703 2272 4775 Discipulis
2306 4722 2571 4760 normam
2609 4707 2814 4779 scripsi
2848 4712 2957 4763 sub
2989 4727 3242 4782 paupere
3275 4711 3494 4779 forma;

1954 4791 2064 4847 Sed
2097 4792 2234 4863 quia
2264 4810 2367 4847 nec
2398 4795 2621 4864 spernit
2652 4796 2807 4851 Deus
2837 4796 2978 4861 haec,
3013 4816 3112 4854 nec
3149 4801 3514 4872 pauperiore,

1953 4880 2217 4935 Ostendit
2242 4882 2488 4954 Moyses,
2517 4883 2674 4954 operi
2709 4885 2990 4956 capiendo
3023 4885 3267 4942 minora.

1955 4971 2143 5034 Quare
2173 4969 2446 5025 lectorem
2479 4971 2720 5042 cupiens
2752 4972 3180 5040 auxiliatorem,

1952 5058 2039 5114 Me
2070 5057 2224 5131 legat
2245 5059 2545 5113 absentem
2581 5075 2755 5130 posco
2786 5061 2999 5118 virtute
3032 5066 3344 5117 carentem.

1951 5415 2224 5498 videntur
2252 5415 2668 5498 essenauctoris
2720 5415 2879 5498 Vitae,
2917 5415 3016 5498 qui
3065 5432 3165 5475 eos
3209 5417 3502 5494 prioribus
3531 5419 3603 5479 ab

1955 5487 2184 5545 Urbano
2215 5487 2488 5562 pontifice
2520 5487 2691 5548 editis
2723 5487 3006 5563 adiunxit.
