4000 6168
129 296 136 336 ί
191 306 310 367 589

1290 300 1682 366 VALCANDI
1708 275 1909 363 'VITA
1953 302 2017 363 s.
2065 279 2512 366 HILDULrHI.

3473 303 3596 365 590

183 441 521 495 conventus.
574 435 816 503 Quibus,
868 453 1031 508 spem
1077 434 1272 491 saeculi
1319 435 1567 492 irridens
1616 436 1829 508 imper-
1862 437 1917 503 Α
1945 434 2211 491 omnium
2259 437 2476 504 sonuit,
2526 438 2682 509 quod
2720 437 2805 493 vir
2847 440 3000 494 esset
3049 435 3284 506 nobilis,
3347 435 3596 492 scientia

181 526 423 584 territus
454 524 806 599 agonotheta
832 524 1068 592 Christi,
1117 526 1398 593 sociatus,
1421 525 1833 593 monasticam,

184 631 453 673 normam
481 614 838 687 professione
868 613 1117 687 explevit
1160 617 1218 669 et
1264 612 1522 681 actibus;
1574 614 1835 685 adeoque

184 704 408 761 frixura
437 704 619 761 sancti
650 703 778 772 zeli,
812 703 967 759 circa
992 702 1377 759 monasticam
1422 702 1833 775 perfectionem

185 794 410 852 exussit
440 788 543 850 cor'
569 794 697 864 ejus
723 796 788 847 ut
840 792 1049 848 terrori
1098 797 1156 848 et
1203 791 1465 864 exemplo
1484 792 1833 857 minoribus,

180 882 539 940 venerationi
562 897 696 937 vero
724 884 782 937 et
810 880 996 936 amori
1029 880 1203 937 fuerit
1233 880 1577 950 majoribus.
1633 881 1837 951 Itaque

185 971 324 1029 Milo
357 970 433 1042 (3)
464 970 761 1026 reverendi
796 970 1059 1026 Lutroini
1092 969 1248 1025 ﬁlius
1272 974 1411 1024 tunc
1451 968 1838 1040 archiepisco-

179 1078 316 1135 pus,
349 1059 713 1133 perpendens
746 1057 904 1113 hunc
937 1062 1205 1114 sanctum
1238 1057 1432 1113 virum
1450 1056 1703 1113 scientia
1724 1056 1836 1112 ful-

184 1147 689 1217 tum,discretione
711 1147 1471 1213 maturum,conversatione
1485 1145 1837 1219 angelicum,

182 1239 665 1308 diversarumque
696 1235 975 1292 virtutum
1009 1236 1245 1291 tendere
1275 1236 1556 1309 gradibus
1588 1235 1658 1290 ad
1709 1251 1840 1307 per-

185 1325 457 1384 fectionis
488 1324 796 1381 cumulum
828 1324 1090 1381 coenobio
1118 1325 1474 1381 abstractum
1507 1341 1707 1379 secum
1753 1338 1840 1379 re-

186 1416 374 1473 tinere
395 1413 593 1482 voluit,
619 1418 793 1486 atque
815 1415 1133 1469 secundam
1157 1431 1191 1468 a
1211 1429 1272 1468 se
1286 1413 1483 1469 sedem
1503 1414 1553 1468 ei
1572 1411 1840 1480 indulsit,

182 1510 474 1577 quatenus
503 1502 626 1558 vice
655 1501 842 1575 ipsius
873 1501 1163 1574 postorale
1213 1501 1689 1558 subministraret
1717 1501 1842 1556 ofﬁ-

191 1594 375 1661 cium,
408 1591 701 1647 sarcinam
732 1590 1075 1662 perferendo
1108 1590 1221 1646 sibi
1254 1591 1607 1645 creditarum
1624 1590 1841 1657 ovium,

189 1681 353 1738 sanis
380 1684 437 1736 et
467 1679 714 1735 debibus
744 1678 1100 1735 consulendo
1132 1678 1459 1734 secundum
1500 1678 1653 1750 quod
1699 1694 1832 1733 sen-

184 1775 340 1828 serat
369 1785 714 1842 congruum.
749 1768 910 1831 Quod
944 1784 1119 1840 quam
1152 1768 1242 1840 pie
1266 1784 1445 1839 quam
1477 1772 1714 1823 strenue
1736 1783 1832 1822 ex-

189 1864 427 1916 secutus
457 1863 565 1925 est,
598 1856 897 1930 sequentis
927 1857 1106 1913 series
1137 1857 1405 1913 lectionis
1425 1856 1764 1912 declarabit.

832 1945 1066 2001 CAPUT
1107 1946 1199 2002 ΙΙΙ.

267 2038 572 2094 Trevirensi
617 2035 735 2091 sedi
777 2036 1096 2106 praeﬁcitur.
1131 2067 1198 2074 —
1229 2036 1351 2091 Sub
1399 2034 1509 2090 hoc
1558 2039 1839 2106 tempore,

122 2176 123 2179 η
196 2127 351 2199 apud
374 2124 593 2182 Gallias
616 2126 969 2181 Francorum
998 2124 1233 2196 regibus
1258 2142 1290 2179 a
1308 2122 1479 2179 solita
1503 2124 1845 2179 fortitudine

186 2219 245 2271 et
276 2214 521 2271 scientia
549 2212 1059 2295 degenerantibus,
1093 2212 1153 2268 hi
1198 2212 1299 2285 qui
1350 2212 1601 2284 majores
1633 2212 1844 2267 domus

188 2302 404 2377 regalis
434 2319 562 2359 esse
591 2303 960 2367 videbantur,
996 2301 1506 2358 administratione
1536 2300 1699 2373 regni
1749 2316 1847 2372 po-

188 2392 457 2459 tentiam,
490 2395 546 2447 et
575 2390 862 2464 quidquid
892 2391 1123 2462 regibus
1155 2407 1323 2463 agerc
1373 2406 1500 2445 mos
1548 2393 1635 2445 est
1680 2406 1847 2462 cepe—

202 2484 371 2545 runt;
400 2479 616 2553 quippe
628 2497 762 2536 cum
777 2478 1004 2535 ccelitus
1018 2482 1175 2535 esset
1188 2478 1538 2551 dispositum
1554 2479 1624 2533 ad
1640 2478 1850 2533 horum

192 2568 529 2644 progeniem
560 2570 915 2625 Francorum
935 2567 1229 2623 transvehi
1272 2584 1537 2641 regnum.
1602 2567 1852 2639 Eratque

197 2658 686 2720 illisindiebusin
710 2655 1092 2729 regiOpalatio
1107 2655 1380 2728 Angisus,
1415 2653 1638 2710 Arnulﬁ
1672 2654 1850 2722 ﬁlius,

190 2754 263 2810 de
291 2752 527 2810 nomine
556 2747 822 2805 Anchisae
852 2745 1152 2818 quondam
1175 2744 1435 2815 Trojani,
1486 2748 1548 2799 ut
1615 2748 1855 2816 putatur

195 2842 548 2915 appellatus,
581 2835 1001 2894 administrans
1033 2833 1426 2905 principatum
1459 2834 1568 2889 sub
1614 2832 1849 2889 nomine

206 2930 691 3003 majorisdomus,
723 2924 892 2995 cujus
918 2939 1150 2994 quoque
1178 2926 1407 2977 aetatem
1465 2922 1660 2995 attigit
1680 2922 1855 2978 Hera-

198 3019 373 3085 clius,
405 3019 679 3073 Romanae
729 3010 1061 3085 reipublicae
1110 3013 1431 3082 Augustus,
1482 3010 1577 3079 qui
1629 3012 1849 3066 revexit

200 3106 588 3164 sanctissima:
608 3101 798 3159 crucis
830 3100 1055 3174 lignum
1087 3116 1121 3155 a
1141 3099 1435 3155 Chrosroae
1462 3100 1693 3171 tyranni
1719 3116 1851 3171 par-

186 3198 373 3252 tibus.
404 3194 687 3268 Pippinus
710 3194 843 3263 post
867 3171 1120 3244 multum
1153 3188 1433 3259 temporis
1455 3187 1606 3259 patri
1632 3186 1848 3260 Angiso
1880 3171 1923 3239 C

190 3283 496 3342 decedenti
510 3276 1285 3349 succedens,rempublicam
1299 3276 1620 3332 Galliarum
1640 3276 1851 3347 guber-

190 3374 358 3431 navit
383 3370 818 3435 ﬂorentissime,
848 3367 937 3422 vir
965 3382 1191 3438 magna
1232 3364 1523 3437 potentia),
1575 3364 1853 3436 mirasque

186 3462 422 3536 pietatis
451 3465 508 3516 et
537 3457 812 3523 audacize,
848 3455 951 3528 qui
981 3454 1180 3510 hostes
1213 3470 1353 3509 suos
1384 3452 1585 3508 statim
1637 3467 1850 3525 aggre-

186 3551 404 3608 diendo
436 3548 707 3605 contrivit
736 3543 1091 3618 saepissime;
1125 3560 1262 3599 nam
1311 3557 1490 3613 super
1536 3540 1852 3613 quemdam

189 3657 372 3698 suum
404 3636 805 3695 adversarium
838 3633 1107 3689 Rhenum
1137 3637 1545 3703 transgressus
1567 3647 1699 3686 cum
1735 3646 1852 3685 uno

191 3734 428 3786 tantum
459 3724 707 3783 satellite
741 3739 850 3779 suo
895 3721 1086 3790 irruit,
1139 3736 1275 3776 eum
1325 3719 1385 3774 in
1433 3736 1539 3775 suo
1585 3710 1852 3774 cubiCulo

194 3818 549 3874 residentem
573 3830 705 3870 cum
729 3811 854 3868 suis
877 3809 1220 3876 trucidavit;
1245 3807 1400 3863 bella
1421 3824 1652 3880 quoque
1670 3805 1854 3862 multa

191 3923 330 3963 cum
353 3904 682 3961 Saxonibus
705 3905 763 3957 et
784 3900 1035 3955 maxime
1057 3915 1192 3953 cum
1212 3896 1517 3952 Rathbedo
1531 3897 1851 3951 Fresonum

194 4011 333 4068 rege
368 3994 591 4049 fortiter
621 3989 819 4064 gessit.
855 3988 959 4043 Hic
990 3990 1046 4042 et
1071 3985 1217 4041 alios
1236 3984 1389 4041 ﬁlios
1411 3984 1637 4051 habuit,
1661 3984 1763 4040 sed
1785 4000 1855 4039 ex

194 4086 292 4141 his
324 4081 655 4157 praecipuus
687 4078 928 4134 Carolus
959 4074 1206 4140 exstitit,
1241 4073 1342 4145 qui
1373 4073 1423 4129 ei
1459 4078 1590 4145 post
1620 4073 1679 4127 in
1698 4072 1856 4145 prin-

192 4174 394 4245 cipatu
424 4168 730 4227 successit.
767 4166 930 4233 Quod
962 4164 1177 4219 idcirco
1211 4163 1478 4219 fortassis
1510 4160 1644 4235 plus
1686 4163 1850 4233 justo

193 4262 391 4317 visum
421 4262 511 4314 est
541 4254 834 4330 prosequi,
869 4269 940 4308 ne
972 4250 1294 4307 similitudo
1312 4249 1619 4306 nominum
1642 4251 1851 4306 decur—

196 4349 403 4421 sicque
421 4352 749 4419 temporum
762 4343 822 4398 in
836 4340 1218 4414 sequentibus
1231 4339 1456 4410 injiciat
1473 4338 1849 4411 secrupulum

195 4437 423 4504 lectori,
457 4450 667 4507 nempe
699 4432 975 4505 praefatus
994 4430 1109 4484 dux
1127 4427 1367 4484 Carolus
1389 4427 1559 4499 primi
1586 4444 1653 4481 ex
1679 4427 1850 4482 Fran-

196 4528 286 4585 cis
318 4524 519 4599 magni
554 4519 925 4595 imperatoris
957 4510 1568 4574 Caroliexstitit‘avus.
1596 4514 1853 4571 Publicis

196 4617 384 4690 igitur
410 4611 763 4669 utilitatibus
796 4607 1133 4681 invigilante
1162 4606 1379 4678 Angiso
1404 4606 1531 4676 jam
1583 4604 1736 4659 dicto
1777 4604 1853 4675 (4)

197 4711 259 4762 et
287 4704 501 4760 Milone
533 4699 968 4771 archiepiscopo
999 4695 1431 4751 Trevirensium
1456 4693 1630 4748 rebus
1652 4692 1856 4748 huma-

196 4794 297 4850 nis
326 4796 523 4856 exuto,
573 4788 946 4845 Trevirenses
996 4783 1239 4857 praisule
1290 4782 1651 4854 indigebant.
1707 4781 1857 4837 Grex

196 4882 403 4952 itaque
451 4868 699 4945 Domini,
751 4880 982 4948 pastore
1031 4871 1375 4935 destitutus,
1420 4886 1732 4925 conversus
1784 4870 1853 4925 ad

184 4968 523 5027 Dominum
558 4965 699 5021 totis
732 4964 1004 5036 precibus
1036 4959 1346 5027 incumbit,
1380 4964 1436 5014 et
1479 4963 1542 5013 ut
1592 4957 1858 5014 Ecclesiae

201 5075 349 5121 suas,
401 5055 638 5110 turbine
687 5052 883 5108 saeculi
932 5048 1264 5113 ﬂuctuanti,
1316 5052 1598 5104 rectorem
1643 5047 1862 5103 tribuat

203 5144 490 5219 exposcit.
539 5143 703 5199 Tunc
751 5141 947 5198 subito
995 5137 1298 5211 Hildulphi
1349 5153 1563 5193 nomen
1613 5153 1716 5210 per
1761 5154 1864 5193 ora

283 5306 361 5378 (3)
412 5304 547 5378 Milo
579 5304 689 5378 iste
740 5299 1448 5378 pseudoarchiepiscopus
1498 5297 1718 5378 exstitit
1745 5302 1863 5378 tar-

207 5369 467 5449 dius'que
486 5376 631 5449 vixit
658 5369 834 5449 quam
866 5379 933 5449 ut
961 5372 1118 5429 vices
1149 5369 1289 5427 suas
1322 5369 1577 5449 Hildulto
1594 5372 1863 5449 commit-

208 5393 467 5449 musque
486 5393 631 5432 Vlet
699 5393 834 5431 nam
866 5393 933 5429 Ut
961 5393 1118 5429 vwes
1149 5393 1289 5427 suas
1322 5393 1577 5425 nuuuuu
1594 5393 1863 5425 comunt-

208 5457 332 5532 tere
362 5393 876 5532 potueritﬂtaque
906 5445 1108 5518 lapsus
1140 5449 1230 5500 est
1277 5445 1483 5497 auctor
1524 5440 1583 5496 in
1632 5442 1867 5498 nomine

213 5523 626 5677 ὃῃᾶῗιίξὲἒᾟίε
656 5605 785 5671 quas
817 5585 1046 5648 ansulis
1077 5584 1453 5657 clauduntur,
1487 5582 1609 5645 haec
1634 5586 1867 5645 tantum

1940 523 2227 591 eruditus,
2267 524 2471 598 lingua
2519 526 2803 593 urbanus,
2845 528 2965 582 vita
3021 525 3401 598 moribusque
3452 524 3591 597 [Deo

1944 613 2177 686 placita,
2211 614 2552 671 hominibus
2583 616 2905 688 approbata
2935 632 2999 672 ac
3034 615 3299 672 moribus
3339 613 3493 670 clero
3543 614 3602 668 et

1942 702 2094 776 plebi
2129 703 2402 776 proﬁcuis
2430 705 2819 778 congruisque
2836 703 3379 778 compositus].Mox
3398 718 3598 760 sermo

1943 792 2004 848 in
2036 792 2171 849 aula
2200 793 2357 865 regis
2385 793 2736 866 percrebuit,
2769 797 2944 866 atque
2975 794 3114 850 exiit
3143 793 3401 849 edictum
3424 795 3490 848 ut
3506 789 3597 847 vir

1945 881 2081 938 talis
2111 900 2177 937 ac
2207 886 2407 939 tantus
2440 882 2729 956 pastorale
2761 884 2984 939 subiret
3014 880 3426 938 ministerium.
3470 881 3594 945 Quo

1945 971 2253 1044 completo,
2286 971 2372 1026 vir
2402 972 2500 1027 Dei
2534 973 2591 1026 in
2623 973 2852 1028 diversa
2881 972 3076 1029 nitens
3109 970 3334 1044 [versus
3384 967 3596 1024 nativi-

1947 1059 2084 1116 tatis
2115 1078 2232 1117 suae
2265 1061 2455 1117 solum
2480 1061 2677 1132 fugam
2726 1060 3009 1133 arripuit;
3053 1059 3350 1132 siquidem
3400 1056 3601 1113 anxia-

1948 1150 2183 1206 bundus
2209 1155 2480 1222 suspecto
2506 1149 2724 1206 honore
2754 1148 3167 1205 sublimandus
3198 1144 3494 1220 refugiens
3538 1144 3600 1200 in

1948 1238 2269 1311 peregrinis
2285 1238 2449 1311 quasi
2466 1238 2782 1311 ignobilem
2796 1254 2858 1294 se
2873 1254 3044 1311 posse
3056 1236 3393 1293 delitescere
3404 1233 3602 1307 suspi-

1951 1328 2196 1384 cabatur
2224 1327 2283 1383 in
2308 1326 2583 1402 propriis]
2615 1345 2754 1383 nam
2775 1344 3039 1384 eremum
3072 1325 3467 1398 concupierat.
3488 1321 3603 1380 nisi

1951 1417 2149 1491 populi
2201 1417 2424 1473 devotio
2475 1433 2807 1489 praecavens
2853 1416 3195 1473 obstitisset.
3249 1414 3335 1471 Ab
3384 1410 3605 1469 Histria

1951 1508 2131 1580 igitur
2159 1510 2361 1579 raptus
2376 1505 2623 1562 Galliam
2647 1506 2939 1579 Belgicam
2960 1521 3149 1578 usque
3168 1504 3456 1561 deductus
3490 1503 3599 1558 est.

1952 1596 2154 1668 [Cujus
2176 1595 2501 1650 secundum
2535 1594 2923 1662 desiderium,
2957 1591 3095 1649 licet
3123 1591 3302 1649 fuerit
3353 1589 3604 1647 dilatum

1957 1702 2069 1739 non
2093 1687 2287 1739 tamen
2310 1687 2398 1739 est
2418 1682 2726 1755 ablatum.]
2751 1683 2839 1738 Fit
2859 1687 3179 1739 conventus
3198 1679 3381 1736 totius
3415 1675 3602 1751 regni,

1956 1776 2272 1828 accurrunt
2301 1771 2592 1844 principes
2623 1788 2758 1827 cum
2789 1770 3101 1844 episcopis,
3134 1773 3320 1824 coetus
3365 1765 3603 1822 clerico-

1954 1879 2082 1917 rum
2117 1861 2655 1933 monachorumque
2686 1877 2819 1916 cum
2849 1857 3201 1933 populorum
3230 1855 3443 1927 turbis,
3487 1869 3608 1911 una

1950 1950 2215 2007 omnium
2238 1950 2577 2005 acclamatio
2592 1947 2720 2004 Hild
2733 1947 2786 2004 ul
2789 1947 2978 2022 phum
2992 1963 3121 2004 esse
3138 1946 3357 2003 honore
3387 1942 3607 2017 episco-

1952 2040 2065 2114 pali
2100 2038 2536 2113 dignissimum,
2560 2054 2694 2094 cum
2724 2037 2814 2093 vir
2842 2035 2945 2094 Dei
2974 2053 3003 2094 e
3033 2036 3261 2093 diverso
3292 2031 3609 2092 soomnino

1952 2128 2295 2185 reclamaret
2315 2129 2623 2201 indignum
2645 2146 2658 2195 ;
2685 2143 2821 2182 nam
2840 2125 3121 2199 lperszepe
3135 2125 3216 2194 (5)
3236 2124 3254 2196 ]
3272 2121 3607 2196 fragilitatis

1954 2219 2232 2274 robustus
2255 2220 2591 2290 prospector
2608 2215 2993 2287 semetipsum
3018 2213 3077 2269 in
3101 2230 3163 2270 se
3184 2210 3476 2270 metiendo
3495 2208 3608 2266 sibi

1954 2307 2220 2375 timebat,
2255 2305 2394 2377 quia
2423 2322 2550 2377 quae
2568 2303 2831 2377 etqualis
2852 2304 2930 2359 sit
2952 2302 3096 2359 ratio
3112 2301 3448 2358 animarum
3482 2296 3609 2354 red-

1957 2396 2148 2451 denda
2177 2395 2485 2467 cogitabat,
2519 2394 2674 2466 quod
2706 2393 2755 2448 si
2777 2409 2932 2448 nunc
2952 2391 3221 2448 homines
3248 2388 3608 2463 perpendere

1957 2484 2189 2554 vellent,
2213 2484 2354 2538 dum
2377 2481 2542 2537 liberi
2558 2486 2615 2537 et
2635 2482 2829 2554 quiete
2846 2481 3036 2536 vivere
3057 2480 3326 2552 possunt,
3345 2475 3607 2548 regimen

1959 2571 2444 2638 ecclesiasticum,
2478 2570 2549 2626 ad
2582 2570 2738 2642 quod
2767 2569 2873 2624 viri
2906 2568 3091 2624 sancti
3110 2566 3206 2623 vix
3224 2565 3608 2638 cogebantur,

1960 2677 2331 2734 nequaquam
2365 2664 2482 2715 tam
2518 2662 2781 2731 prompte
2802 2654 3067 2730 pecuniis
3090 2657 3411 2712 mercatum
3432 2651 3606 2707 irent.

1962 2753 2075 2807 Sed
2106 2750 2339 2806 tandem
2372 2748 2509 2804 vicit
2529 2748 2731 2803 devota
2780 2744 2979 2819 pepuli
3027 2741 3368 2801 acclamatio
3416 2737 3607 2796 ﬁdelis

1963 2845 2138 2912 atque
2167 2837 2495 2911 apostolicae
2528 2853 2630 2909 per
2660 2835 2855 2892 omnia
2877 2833 3277 2892 conformatus
3300 2829 3435 2887 ﬁdei
3474 2830 3609 2900 post

1964 2928 2202 2983 beatum
2235 2924 2585 2981 Eucharinm
2614 2924 2765 2981 Petri
2785 2921 3033 2996 apostoli
3053 2918 3411 2992 discipulum
3440 2917 3610 2974 trice-

1965 3015 2376 3071 simustertius
2397 3013 2696 3070 communi
2716 3012 2981 3067 omnium
3015 3008 3313 3066 voluntate
3348 3007 3612 3063 Treviro-

1968 3122 2098 3160 rum
2132 3104 2514 3159 conﬁrmatus
2536 3100 2799 3157 antistes.
2824 3098 3025 3166 Qualis
3046 3113 3179 3153 vero
3193 3097 3320 3168 jam
3339 3094 3536 3166 fuerit,
3554 3096 3618 3150 et

1962 3192 2196 3265 qualem
2228 3209 2290 3248 se
2320 3191 2547 3246 cunctis
2580 3188 2908 3262 praebuerit,
2941 3185 3082 3259 quia
3101 3183 3341 3242 difﬁcile
3360 3182 3614 3255 explica-

1960 3281 2143 3348 bitur,
2175 3284 2463 3336 attentare
2489 3294 2776 3334 veremur.

2602 3365 2832 3422 CAPUT
2862 3363 2954 3420 IV.
2987 3368 2991 3379 '

2032 3460 2162 3528 Eius
2212 3461 2271 3515 in
2309 3459 2622 3530 episcopatu
2675 3457 2918 3511 virtutes.

1962 3566 2077 3604 non
2112 3548 2284 3604 modo
2323 3548 2394 3602 de
2432 3546 2570 3602 boni
2614 3544 2806 3618 Operis
2838 3545 2964 3616 [seu
3015 3538 3322 3598 monastici
3375 3535 3610 3612 rigoris]

1962 3639 2258 3711 proposito
2289 3635 2467 3692 semel
2509 3639 2737 3707 arrepto
2785 3632 3008 3706 aliquid
3054 3648 3171 3688 non
3220 3627 3456 3697 minuit,
3505 3625 3610 3683 sed

1959 3726 2117 3782 velut
2144 3724 2602 3797 centuplicatum
2634 3721 3053 3797 augmentavit.
3080 3720 3385 3777 Enimvero
3436 3715 3609 3790 quasi

1963 3831 2109 3887 puer
2132 3818 2233 3869 aut
2250 3813 2589 3869 adolescens
2604 3811 2891 3885 quidquid
2914 3810 3134 3882 ubique
3145 3809 3305 3881 jacet
3328 3806 3617 3864 scelerum

1962 3906 2376 3975 perpetrasset,
2426 3901 2509 3957 sic
2556 3900 2616 3956 in
2678 3899 3101 3974 pmnitudinem
3168 3910 3484 3952 conversus
3550 3908 3614 3950 se

1962 3995 2168 4046 contra
2196 4007 2257 4046 se
2287 3989 2488 4045 erexit.
2512 3988 2753 4044 Videres
2774 3986 3074 4043 hominem
3092 4000 3331 4040 exesum
3344 3981 3611 4055 jejuniis,

1961 4079 2055 4134 vix
2082 4078 2317 4135 ossibus
2348 4077 2584 4143 haerere,
2620 4077 2691 4131 ad
2727 4079 3065 4132 sanctorum
3096 4071 3413 4128 memorias
3451 4070 3616 4126 inde-

1962 4168 2183 4223 fessum
2208 4167 2423 4237 jacere,
2459 4164 2811 4220 inundantia
2832 4162 3228 4236 lacrymarum
3258 4158 3462 4217 sedulo
3482 4175 3615 4214 ma-

1963 4258 2118 4323 dere,
2152 4259 2350 4311 noctes
2379 4255 2678 4311 insomnes
2705 4253 2936 4308 ducere.
2970 4250 3119 4316 Quid
3150 4248 3309 4305 enim
3347 4247 3613 4304 dicemus

1960 4363 2094 4402 eum
2125 4361 2429 4418 pauperes,
2462 4342 2783 4399 mediocres
2804 4346 2861 4398 et
2907 4340 3115 4396 divites
3145 4354 3380 4395 summo
3424 4335 3620 4394 studio

1960 4436 2237 4508 omnique
2268 4432 2572 4507 diligentia
2601 4431 2851 4488 curare?
2877 4428 3171 4502 Quidquid
3205 4427 3317 4484 sibi
3337 4431 3462 4483 erat
3500 4442 3622 4483 om-

1883 4537 1930 4605 D
1962 4525 2134 4580 nibus
2162 4540 2471 4581 commune
2502 4521 2766 4588 faciebat,
2800 4519 3080 4576 divitibus
3102 4522 3161 4575 et
3219 4515 3417 4590 egenis
3465 4516 3620 4571 idem

1964 4630 2195 4686 semper
2224 4617 2366 4669 erat.
2401 4611 2504 4666 His
2532 4609 2900 4683 praecipiebat
2928 4625 3044 4664 non
3092 4606 3341 4680 superbe
3397 4621 3628 4689 sapere,

1963 4719 2153 4775 neque
2183 4717 2416 4773 sperare
2446 4701 2507 4755 in
2526 4701 2742 4755 incerto
2770 4697 3127 4758 divitiarum,
3151 4695 3253 4750 sed
3275 4694 3335 4749 in
3358 4693 3629 4776 Domino,

1966 4793 2066 4864 qui
2096 4791 2196 4845 dat
2224 4790 2498 4845 omnibus
2529 4786 2728 4844 omnia
2758 4787 3063 4843 afﬂuenter
3102 4785 3150 4852 (Ι
3197 4784 3329 4838 Tim.
3378 4798 3455 4850 v1,
3511 4783 3624 4854 17),

1967 4886 2023 4937 et
2054 4885 2118 4936 ut
2148 4895 2343 4935 rerum
2362 4878 2721 4933 abundantia
2743 4890 3068 4950 pauperum
3095 4872 3354 4944 inopiam
3386 4870 3628 4944 supple-

1970 4975 2075 5034 ret,
2109 4973 2398 5039 quatenus
2432 4966 2487 5020 in
2517 4967 2712 5022 futuro
2733 4980 3056 5038 pauperum
3079 4950 3441 5017 abundantia
3482 4958 3629 5015 divi-

1972 5064 2096 5115 tum
2122 5056 2327 5128 inopiae
2362 5055 2525 5110 ﬁeret
2557 5053 3064 5127 supplementum)
3097 5052 3146 5108 II
3193 5049 3313 5108 Cor.
3363 5065 3484 5117 VIII,
3512 5049 3623 5118 it).

1971 5146 2225 5205 Omnino
2273 5148 2469 5201 autem
2534 5159 2824 5215 pauperes
2895 5143 3072 5199 rebus
3142 5138 3495 5196 admonebat
3563 5141 3630 5193 ut

1974 5294 2035 5349 in
2064 5290 2201 5347 Vita
2230 5306 2340 5345 ms.
2376 5286 2667 5359 leguntur.
2696 5283 2970 5359 Pippinus
2997 5286 3182 5359 itaque
3195 5293 3343 5359 tum;
3360 5281 3632 5359 tempori:

1972 5367 2062 5421 vir
2087 5374 2308 5445 "mg-um
2333 5354 2575 5445 pietati-5,
2619 5354 2836 5445 genito?
2879 5354 3128 5445 videlieét
3177 5355 3370 5445 Caroli
3416 5354 3626 5445 Magni,

1974 5425 2370 5564 remgmtilicani
2424 5430 2732 5487 Galliarum
2776 5427 3209 5509 ﬂorentissiman
3265 5425 3629 5499 gubernabat.

2047 5512 2067 5576 (
2108 5510 2133 5580 )
2166 5506 2231 5564 In
2263 5508 2375 5563 vet.
2410 5518 2523 5560 ms.
2556 5499 2666 5578 leg.
2684 5511 2954 5578 propria“.

3019 3452 3203 3526 Igitur
3246 3451 3454 3508 beatus
3498 3446 3609 3505 vir.
3712 3522 3719 3529 ἱ
