4000 6168
438 242 548 305 591

1171 246 1361 312 sae.
1406 246 1484 311 x1
1526 247 1757 313 AUCT.
1804 244 2121 311 meeum
2167 245 2355 311 ANNI
2398 208 2501 311 ar
2545 246 2844 312 sempr.
2892 254 3116 307 mm.

3723 242 3859 310 592

438 376 881 450 scirentspiritu
904 398 1331 455 paupercsesse
1352 382 1497 450 ,etin
1516 381 2074 455 humilitategratias
2106 386 2161 450 Α
2190 382 2509 438 lationibns
2539 400 2600 438 se
2629 383 2951 450 admoneri,
2976 387 3265 455 quatenus
3296 380 3578 438 aediﬁcata
3604 381 3860 441 basilica

436 481 608 538 agere
646 468 785 536 Deo,
832 469 1061 527 dicente
1108 470 1236 542 ipso
1283 471 1565 527 Domino:
1618 472 1777 527 Beati
1810 488 2081 544 pauperes

425 556 628 625 spiritu
652 558 857 627 (Matth,
888 575 941 627 ν,
975 559 1051 631 3).
1086 558 1464 632 Porquirebat
1506 576 1682 632 quem
1741 564 2078 616 sanctorum

429 642 489 698 in
518 643 715 717 aliquo
745 647 897 702 bono
929 646 1145 703 imitari
1176 647 1413 714 valeret,
1445 665 1583 704 cum
1614 649 1771 704 diem
1805 667 1865 705 se
1888 650 2077 721 perdi-

431 732 589 789 disse
612 736 983 806 querebatur,
1009 753 1123 808 quo
1146 753 1355 808 parum
1370 737 1591 810 aliquid
1616 755 1729 793 non
1744 738 2082 811 profecisset

427 822 489 876 in
520 824 767 892 actibus,
801 841 903 880 seu
936 825 995 880 in
1049 825 1340 881 mandatis
1392 827 1510 882 Dei.
1562 827 1924 883 Sacriﬁcium
1977 845 2079 900 pro

429 908 616 965 salute
646 912 852 965 mundi
886 912 1065 968 totius
1097 917 1154 969 et
1185 915 1385 986 requie
1433 915 1867 980 defunctorum,
1918 914 2079 971 nullo

429 997 632 1054 offerre
662 998 778 1054 Deo
809 1002 1293 1072 przetermittebat
1323 1003 1435 1068 die,
1479 1002 1670 1059 sciens
1722 1020 1784 1059 se
1836 1005 2080 1061 Domino

430 1086 620 1143 dicere
646 1106 658 1143 :
684 1090 1009 1146 Benedicam
1033 1093 1320 1147 Dominum
1342 1095 1400 1147 in
1421 1094 1574 1147 omni
1595 1096 1853 1165 tempore,
1872 1110 2082 1165 semper

432 1176 555 1232 laus
583 1178 699 1248 ejus
728 1180 789 1232 in.
816 1195 908 1233 ore
936 1196 1051 1235 meo
1084 1181 1254 1243 (Psal.
1278 1198 1475 1248 xxxm,
1508 1184 1594 1249 2);
1631 1188 1713 1237 et:
1768 1182 2083 1239 Votuntarie

431 1267 746 1336 sacriﬁcabo
772 1270 989 1323 nomini
1018 1273 1130 1337 tuo,
1174 1271 1398 1326 Domine
1446 1272 1706 1343 quoniam
1758 1272 1956 1326 bonum
2004 1280 2083 1327 est

437 1355 603 1426 (Psat.
658 1373 772 1425 Lm,
825 1358 900 1429 8).
954 1358 1246 1429 Quidquid
1294 1359 1383 1413 vir
1435 1360 1529 1414 Dei
1578 1358 1756 1431 igitur
1802 1359 1925 1415 ﬁeri
1969 1360 2077 1416 sibi

434 1443 684 1510 volebat,
712 1447 881 1517 juxta
912 1447 1311 1519 evangelicum
1343 1453 1718 1520 prmceptum,
1741 1448 1884 1503 nulli
1912 1466 2082 1522 nega-

436 1533 535 1588 bat
566 1534 664 1589 sed
714 1535 874 1590 omni
921 1536 1183 1607 poscenti
1234 1553 1295 1592 se
1341 1536 1729 1592 libentissime
1767 1538 2078 1607 tribuebat,

435 1629 668 1692 portum
691 1623 913 1679 scilicet
932 1624 1358 1693 laborantibus,
1384 1624 1808 1681 consolatorem
1832 1626 2079 1698 mcestis,

436 1711 614 1765 nudis
658 1717 1054 1783 coopertorem
1094 1719 1493 1787 susceptor-em
1543 1715 1881 1770 viatoribus.
1941 1714 2080 1779 Quis

431 1800 590 1854 enim
623 1816 885 1871 unquam
918 1801 1153 1872 expetiit
1182 1807 1238 1857 et
1269 1803 1397 1873 ejus
1442 1802 1759 1858 bonitatem
1809 1810 2081 1876 expertus

435 1904 552 1943 non
584 1888 714 1943 est?
762 1888 1113 1951 Quotidiana
1158 1889 1326 1946 illum
1377 1891 1707 1947 sollicitudo
1751 1892 2081 1948 animarum

438 1977 634 2048 aliquo
669 1981 945 2049 pereunte
989 1979 1379 2052 compellebat
1421 1997 1693 2052 gemere;
1744 1997 2084 2053 quanquam

440 2069 614 2120 tanta:
645 2069 799 2122 esset
847 2066 1081 2138 pietatis
1127 2076 1208 2135 ul,
1266 2069 1472 2141 quovis
1519 2068 1953 2126 scandalizante
2001 2087 2083 2137 se,

440 2154 699 2209 crederet
723 2156 1063 2223 offendisse;
1095 2161 1151 2211 et
1183 2158 1458 2229 quoniam
1496 2157 1745 2213 incolam
1767 2175 1829 2215 se
1845 2166 1896 2214 el
1922 2175 2084 2231 pere-

439 2243 675 2315 grinum
724 2243 818 2299 hic
865 2250 1103 2300 noverat
1150 2247 1323 2315 (Psal.
1376 2262 1566 2315 cxvm,
1624 2247 1733 2317 19),
1804 2248 1901 2302 ubi
1968 2265 2082 2303 non

438 2329 651 2387 habere
683 2347 744 2387 se
775 2338 1105 2389 manentem
1140 2333 1429 2389 civitatem
1463 2335 1683 2390 sciebat
1731 2337 1909 2405 (Hebr.
1962 2353 2080 2403 xm,

439 2420 550 2492 14),
579 2421 795 2476 ostium
827 2438 1001 2477 suum
1034 2422 1235 2476 viatori
1269 2439 1571 2495 nunquam
1611 2423 1842 2492 clausit,
1896 2440 2084 2496 neque

438 2508 725 2565 bucellam
760 2527 928 2566 suam
958 2509 1120 2566 solus
1150 2511 1512 2567 comedebat.
1564 2512 1660 2583 [Ut
1705 2511 2086 2569 dulcissimus

378 2648 383 2655 .
438 2604 603 2669 pater
634 2598 786 2654 ﬁlios
818 2598 1154 2672 spiritualcs
1185 2598 1431 2655 dulciter
1460 2601 1849 2670 admonendo,
1883 2590 2084 2674 quate-

438 2704 552 2744 nus
582 2687 801 2743 caalesis
830 2688 1031 2761 patriae
1061 2687 1384 2744 haereditati
1435 2688 1726 2746 inhiarent
1772 2707 1886 2745 non
1928 2690 2083 2747 desi-

441 2775 664 2845 stebat;
698 2776 904 2831 divinae
938 2775 1085 2849 legis
1115 2776 1364 2848 gratiam
1412 2776 1471 2832 in
1525 2782 1756 2850 pectore
1795 2779 2082 2850 gestabat,

439 2881 506 2920 ex
535 2867 703 2937 cujus
732 2866 851 2922 sale
884 2882 1213 2921 sermonem
1245 2865 1335 2920 sui
1368 2865 1485 2922 oris
1527 2866 1855 2923 condiebat.
1909 2867 2085 2923 Vani-

437 2958 614 3010 tatem
649 2954 850 3009 mundi
883 2955 963 3010 sic
995 2954 1369 3010 horrescebat
1400 2959 1464 3009 ut
1503 2957 1763 3012 crederet
1812 2973 1878 3013 ac
1916 2958 2086 3029 proﬁ-

440 3047 662 3099 teretur
689 3043 934 3100 miseros
975 3060 1102 3099 esse
1152 3048 1443 3099 amatores
1490 3044 1638 3115 ejus.
1688 3044 2086 3119 Eleemosynis

2189 489 2401 544 corpus
2430 476 2698 528 sanctum
2730 472 2865 528 inde
2913 471 3275 540 transferret,
3329 470 3491 527 omni
3540 469 3858 545 diligentia

2189 561 2612 633 perﬁciendum
2635 560 2690 617 id
2742 566 2962 617 censet.
3008 561 3158 633 Ergo
3214 558 3487 616 maximis
3533 558 3861 633 impendiis

2189 654 2521 706 constructo
2553 648 2825 716 oratorio,
2858 649 3245 723 vigilantique
3268 649 3464 705 studio
3495 649 3569 705 ad
3590 665 3859 722 unguem

2191 740 2492 811 producto,
2527 738 2693 794 adest
2725 737 2918 794 clerus
2960 743 3209 795 cunctus
3268 754 3403 794 cum
3425 737 3684 811 'populo,
3736 738 3859 794 Nec

2191 844 2355 883 mora
2387 826 2732 883 venerabilis
2763 826 3010 884 antistes
3041 844 3176 883 cum
3220 827 3454 883 duobus
3489 827 3857 899 coepiscopis

2196 915 2319 972 suis
2350 916 2644 972 Clemente
2673 920 2729 972 et
2757 915 3064 972 Chotberto
3114 915 3371 973 enormis
3424 913 3855 988 magnitudinis

2189 1004 2529 1077 cooperculo
2563 1022 2772 1059 manus
2798 1005 3085 1071 admovet,
3135 1005 3289 1077 quod
3342 1007 3503 1059 tanta
3552 1002 3852 1060 celeritate

2190 1093 2488 1149 sublatum
2517 1097 2604 1149 est
2635 1110 2739 1149 ceu
2789 1094 3043 1165 pondere
3096 1097 3352 1159 careret;
3404 1093 3601 1166 ipsum
3650 1097 3849 1148 tamen

2188 1184 2617 1255 cooperculum,
2652 1187 2841 1255 posta
2872 1181 3146 1239 trecentis
3178 1182 3320 1238 viris
3363 1185 3421 1237 et
3451 1181 3851 1255 quadraginta

2191 1272 2367 1328 boum
2398 1272 2635 1344 paribus
2656 1275 2963 1339 tentatum,
2982 1271 3200 1327 mansit
3220 1271 3555 1326 immotum.
3582 1271 3848 1326 Tandem

2190 1361 2534 1416 venerandis
2566 1360 2812 1415 artubus
2842 1358 3179 1426 honoriﬁce,
3206 1362 3269 1414 ut
3301 1359 3562 1427 decebat,
3607 1358 3668 1414 in
3712 1375 3852 1414 arca

2190 1440 2505 1505 reconditis
2532 1448 2887 1521 cypressina,
2922 1454 2978 1504 et
3008 1448 3093 1503 sic
3121 1447 3182 1503 in
3232 1463 3581 1517 marmorea,
3635 1452 3850 1520 quarto

2189 1538 2481 1593 Kalendas
2510 1537 2671 1593 Junii
2701 1537 2951 1593 oratorio
2984 1536 3202 1607 intulit,
3234 1537 3389 1609 quod
3422 1554 3457 1592 a
3499 1537 3852 1593 fundamen-

2190 1626 2264 1683 tis
2297 1633 2632 1699 susceperat
2658 1630 2715 1682 et
2748 1626 2820 1682 ad
2852 1626 3173 1698 perfectum
3201 1625 3575 1697 produxerat.
3607 1624 3669 1681 In
3724 1641 3844 1697 quo

2190 1714 3569 1789 pariterimpositasunttrecentorummartyrum
3597 1713 3843 1770 Thebais

2190 1804 2434 1877 legionis
2468 1821 2708 1875 corpora
2746 1819 2919 1875 quem
2950 1803 3144 1858 locum
3197 1819 3280 1858 sic
3350 1801 3674 1858 nobilitavit
3734 1819 3841 1857 su-

2192 1891 2459 1965 pellectili
2494 1909 2557 1946 ac
2594 1892 2809 1956 fundis,
2842 1891 3078 1963 replevit
3102 1891 3426 1958 cmnobitis,
3479 1894 3543 1946 ut
3595 1907 3662 1946 ex
3706 1893 3849 1946 tunc

2193 1981 2525 2037 nullatenus
2558 1980 2793 2037 inferior
2820 1981 3087 2037 videatur
3110 1978 3407 2053 episcopio
3434 1978 3620 2053 ipsius
3656 1979 3843 2036 urbis.

2193 2069 2356 2125 Circa
2380 2086 2552 2141 quem
2585 2068 2777 2124 locum
2808 2069 2951 2124 dum
2980 2069 3069 2124 vir
3093 2068 3297 2124 beatus
3345 2067 3415 2124 de
3446 2067 3538 2123 die
3583 2067 3642 2123 in
3687 2067 3848 2124 diem

2193 2158 2375 2213 nimio
2408 2159 2741 2214 insudasset
2773 2157 3003 2231 pietatis
3035 2156 3267 2223 affectu,
3295 2156 3615 2229 praevidens
3650 2156 3851 2212 futura

2194 2248 2385 2317 sagaci
2433 2247 2667 2320 spiritu,
2710 2247 2928 2302 veritus
2978 2246 3306 2318 superfluas
3358 2244 3697 2318 tyrannides
3720 2261 3851 2301 suc-

2194 2352 2514 2403 cessorum,
2548 2336 2891 2408 przedictum
2934 2339 3121 2390 totum
3167 2335 3328 2407 regio
3372 2334 3511 2406 jure
3559 2334 3854 2390 nobilitati

2195 2424 2460 2491 tradidit,
2496 2430 2559 2479 ut
2585 2424 2834 2480 habetur
2864 2424 2920 2479 in
2940 2424 3234 2496 praesenti.

2853 2564 3085 2622 CAPUT
3113 2565 3185 2620 VI

2264 2693 2644 2764 EpiscOpatum
2671 2690 2917 2746 dimittit.
2954 2720 3019 2730 —
3052 2689 3120 2744 Et
3151 2693 3283 2761 post
3322 2693 3443 2744 tam
3490 2688 3855 2762 multiplices

2194 2798 2297 2853 pro
2317 2796 2492 2852 grege
2512 2778 2724 2835 Christi
2745 2777 2993 2846 labores,
3017 2776 3152 2833 licet
3166 2776 3225 2833 in
3251 2778 3603 2850 pontificatu
3621 2778 3857 2850 positus

2194 2869 2340 2925 nihil
2373 2870 2449 2941 (6)
2474 2867 2768 2941 possidere
2792 2867 2991 2937 voluit,
3019 2866 3309 2940 quidquid
3330 2871 3527 2924 tamen
3552 2867 3695 2923 illud
3718 2873 3855 2924 erat

2195 2959 2351 3030 quod
2402 2957 2726 3029 [occasione
2774 2973 2875 3014 seu
2922 2961 3204 3029 praetextu
3253 2956 3579 3029 regiminis]
3629 2957 3853 3014 habere

2195 3047 2283 3104 vel
2334 3045 2779 3119 praasumpsisse
2821 3043 2957 3117 sibi]
3011 3045 3320 3101 videbatur
3368 3043 3724 3118 relinquens,
3782 3050 3855 3102 ut

443 3132 694 3188 maxime
724 3133 1057 3198 insudabat,
1091 3131 1486 3204 hospitalitate
1534 3131 1884 3205 largissime,
1921 3117 1987 3190 ac
2036 3134 2085 3189 si
2118 3117 2160 3184 Ε
2198 3117 2352 3193 olim
2366 3133 2560 3191 animo
2593 3138 2954 3206 conceperat,
2989 3150 3251 3189 eremum
3283 3139 3475 3206 petere
3505 3117 3851 3211 destinavit.

398 3220 403 3223 “
442 3221 593 3277 hanc
616 3222 727 3294 ipsi
758 3222 989 3278 Christo
1019 3222 1335 3291 exhiberet,
1366 3220 1694 3277 insistebat.
1718 3224 1899 3288 Quem
1930 3223 2086 3279 vide-

444 3310 545 3366 bat
589 3311 815 3366 tristem
862 3314 920 3365 et
964 3309 1277 3379 dolentem,
1333 3310 1750 3366 consolationis
1801 3312 1974 3367 verbo
2029 3316 2088 3368 et

446 3399 708 3458 subsidio
761 3398 1087 3454 necessario
1133 3397 1513 3466 exhilarabat,
1565 3399 1964 3456 discordantes
2011 3402 2083 3457 ad

445 3488 816 3545 concordiam
848 3487 1177 3542 reducebat.
1212 3486 1228 3559 ]
1261 3487 1538 3542 Caeterum
1572 3489 1848 3544 omnibus
1891 3488 2087 3546 omnia

443 3594 505 3633 se
538 3577 801 3643 faciebat,
836 3579 901 3629 ut
929 3592 1133 3630 omnes
1159 3575 1351 3631 salvos
1383 3577 1595 3631 faceret
1626 3578 1674 3640 (Ι
1699 3580 1822 3635 Cor.
1856 3594 1932 3645 xu,
1968 3580 2082 3647 22),

443 3669 500 3720 et
523 3669 586 3719 ut
607 3664 796 3719 bonus
820 3663 1335 3736 pastor,quidquid
1360 3664 1762 3737 grcgidicebat
1792 3667 2083 3739 agendum

440 3770 681 3827 operum
714 3751 1067 3808 exhibitione
1098 3753 1479 3806 monstrabat.

1093 3893 1328 3950 CAPUT
1360 3895 1425 3949 V.

510 4023 720 4094 Corpus
751 4021 805 4077 S.
840 4021 1434 4095 Maximinitransfert.
1487 4052 1550 4060 —
1576 4021 1721 4076 Cum
1742 4021 2083 4093 hujusmodi

403 4110 411 4117 ’
433 4116 889 4180 ceterarumque
911 4110 1191 4164 virtutum
1204 4108 1774 4165 eminentiaantistiti
1804 4127 2085 4183 congrue-

406 4202 409 4203 ⁷
435 4205 583 4268 rent,
616 4200 881 4255 omnium
908 4198 1056 4253 mira
1086 4197 1386 4253 colebatur
1416 4198 1804 4254 veneratione.
1825 4198 1925 4253 Vir
1963 4204 2085 4254 erat

434 4290 590 4344 enim
647 4287 949 4344 nobilitate
996 4303 1338 4358 generosus,
1390 4286 1665 4357 religione
1728 4287 2082 4359 praecipuus,

437 4375 677 4431 consilio
708 4380 935 4441 cautus,
965 4373 1237 4446 operibus
1272 4373 1562 4440 famosus;
1598 4374 1749 4429 inter
1772 4375 2085 4447 magniﬁca

2197 3224 2546 3298 [Monasticij
2578 3223 3022 3296 siquidem[non
3046 3223 3357 3281 immemor
3377 3223 3514 3294 voti]
3541 3224 3855 3295 reputabat

2194 3320 2360 3371 actus
2391 3330 2529 3369 suos
2560 3311 2673 3368 sibi
2704 3312 2900 3367 minus
2930 3328 3099 3384 posse
3130 3312 3399 3368 sufﬁcere
3438 3312 3511 3367 ad
3564 3311 3848 3379 salutem,

2192 3419 2326 3458 cum
2357 3402 2640 3458 Dominus
2670 3399 2908 3457 dixerit:
2941 3401 3065 3455 Nisi
3092 3402 3215 3471 quis
3246 3401 3644 3456 renuntiaverit
3666 3404 3848 3456 omni-

2194 3492 2289 3547 bus
2334 3506 2459 3563 que?
2498 3484 2753 3562 possidet,
2801 3505 2915 3544 non
2958 3492 3129 3560 potest
3176 3505 3328 3545 meus
3375 3505 3489 3545 esse
3533 3488 3849 3561 discipulus

2194 3575 2346 3653 (Luc.
2378 3596 2491 3647 xlv,
2524 3578 2634 3650 33).
2668 3576 2942 3651 [Oculati]
2974 3578 3189 3650 quippe
3218 3576 3469 3633 ccelestis
3501 3577 3672 3649 quasi
3724 3577 3855 3633 ani-

2193 3667 2366 3724 malis
2394 3665 2980 3739 circumspectionem
3034 3666 3308 3729 retinens,
3359 3681 3475 3721 non
3520 3665 3849 3721 revertebat

2192 3757 2489 3822 incedens,
2525 3773 2590 3811 ac
2619 3772 2818 3811 eorum
2852 3772 2979 3827 quas
3003 3758 3154 3810 retro
3175 3757 3313 3808 sunt
3330 3752 3569 3821 oblitus,
3596 3752 3656 3807 in
3682 3758 3856 3810 ante-

2192 3846 2349 3902 riora
2369 3846 2664 3900 ferebatur
2692 3848 2967 3900 extensus
3015 3843 3183 3915 (Phit.
3230 3858 3314 3909 ιιι,
3401 3841 3509 3913 13).
3561 3840 3856 3913 Equidem

2192 3936 2428 3990 noverat
2448 3932 2732 4005 plurimos
2755 3936 2886 3988 ante
2904 3928 3405 4003 humanajudicia
3427 3929 3664 3985 interim
3686 3933 3855 4005 stan-

2191 4025 2277 4077 tes
2305 4020 2483 4077 videri
2509 4037 2610 4092 per
2638 4021 2924 4075 bonorum
2954 4036 3196 4093 operum
3244 4017 3691 4083 exsecutionem,
3739 4020 3851 4098 sed

2192 4113 2324 4165 ante
2354 4107 2773 4180 omnipotentis
2804 4108 2900 4163 Dei
2924 4108 3124 4164 oculos
3154 4106 3444 4164 corruisse
3478 4124 3581 4179 per
3635 4105 3811 4163 melio
3836 4139 3848 4147 ο

2192 4213 2311 4253 rem
2347 4195 2848 4262 deliberationem,
2881 4212 2946 4251 eo
2974 4196 3129 4269 quod
3162 4196 3384 4251 bonum
3433 4211 3581 4267 opus
3630 4193 3841 4251 talium

2193 4287 2388 4341 minus
2420 4286 2535 4341 Deo
2563 4286 2708 4343 foret
2738 4284 3040 4358 placitum,
3063 4301 3177 4357 quo
3194 4302 3296 4358 per
3317 4284 3527 4340 mentis
3552 4282 3844 4340 delibera-

2188 4375 2408 4430 tionem
2439 4374 2498 4428 in
2533 4374 2756 4429 meliori
2789 4376 2972 4447 gradu
3002 4374 3411 4430 incunctanter
3440 4376 3530 4429 est
3556 4373 3840 4443 positum.

446 4480 700 4534 namque
732 4479 925 4534 opera,
951 4478 1078 4550 quia
1110 4458 1460 4550 multiplicia
1491 4461 1691 4550 gessit,
1726 4479 1938 4550 corpus
1962 4464 2085 4519 bea-
2117 4485 2163 4550 υ
2192 4462 2273 4519 Ne
2294 4479 2430 4536 ergo
2460 4463 2835 4535 postmodum
2866 4463 3083 4519 frustra
3113 4468 3471 4534 quaereretur
3493 4461 3841 4550 hujusmodi

438 4551 652 4606 tissimi
709 4552 908 4622 [atque
971 4547 1404 4622 gloriosissimi]
1456 4548 1717 4621 praesulis
1779 4549 2080 4607 Maximini

402 4641 609 4710 ocujus
632 4640 756 4712 ipse
777 4654 1079 4694 successor
1095 4636 1555 4708 habebaturjam
1590 4643 1729 4694 tunc
1770 4639 2084 4698 vicesimus

437 4730 633 4801 magni
670 4728 858 4784 meriti
893 4743 959 4783 ex
990 4726 1304 4797 Aquitania
1332 4732 1622 4782 revectum
1670 4728 2079 4795 tumulaverat,

433 4819 492 4874 in
535 4819 775 4874 domum
830 4835 947 4890 qua
999 4832 1155 4871 nunc
1207 4819 1517 4871 veneratur
1565 4816 1883 4872 transtulit.
1935 4820 2081 4885 Quia

432 4909 587 4965 enim
619 4909 821 4965 eadem
853 4911 1054 4980 crypta
1079 4904 1347 4962 insolitas
1377 4907 1679 4961 evomebat
1724 4923 1907 4977 aquas
1952 4925 2078 4979 quae

434 4998 627 5053 tribus
657 4997 892 5053 altiores
924 4994 1139 5051 cubitis
1161 4995 1507 5067 superﬁcem
1531 4994 1714 5049 totius
1766 4996 2080 5067 pavimenti

435 5088 562 5157 ejus
593 5090 1035 5159 occupaverant,
1069 5101 1171 5139 nec
1200 5088 1395 5138 tamen
1429 5083 1500 5137 ad
1534 5081 1901 5139 mausoleum
1924 5100 2071 5140 reve-

404 5175 748 5229 ‘rendorum
793 5179 1027 5229 artuum
1059 5171 1354 5227 licentiam
1385 5170 1694 5238 habebant,
1749 5172 1850 5227 sed
1899 5171 2083 5228 solide

436 5262 586 5316 sicut
616 5278 821 5317 murus
849 5261 984 5317 hinc
1014 5260 1149 5316 inde
1187 5259 1331 5315 illud
1371 5258 1705 5331 tangebant,
1757 5261 2082 5332 perpendes

435 5348 523 5402 vir
547 5349 751 5405 beatus
781 5353 899 5405 tam
933 5350 1102 5421 signo
1131 5349 1240 5405 hoc
1266 5364 1442 5420 quam
1476 5345 1747 5418 plurimis
1776 5347 1908 5404 aliis
1931 5365 2078 5408 reve.

507 5526 584 5614 (6)
615 5526 676 5585 In
706 5531 816 5587 vet.
850 5543 961 5586 ms.
984 5528 1111 5591 licet
1137 5530 1197 5588 in
1218 5528 1377 5589 omni
1404 5528 1518 5587 vita
1544 5524 1710 5589 nihil.

2191 4553 2610 4609 detrimentum
2642 4568 2759 4608 suae
2791 4552 2970 4607 menti
3002 4550 3391 4623 subrepsisse,
3434 4550 3666 4606 unicam
3693 4549 3844 4605 deli~

2194 4640 2552 4697 berationem
2588 4657 2767 4712 quam
2811 4640 2923 4695 sibi
2975 4639 3311 4713 suspirabat
3360 4639 3553 4695 adhuc
3612 4639 3840 4705 deesse,

2192 4729 2550 4786 accelerabat
2588 4728 2879 4800 perﬁcere.
2933 4729 3094 4792 Quod
3144 4745 3279 4784 cum
3332 4728 3588 4801 primum
3635 4744 3842 4785 rumor

2191 4818 2263 4873 ad
2285 4835 2457 4874 aures
2476 4816 2631 4889 vulgi
2655 4817 2880 4883 detulit,
2900 4816 3066 4889 quasi
3082 4816 3346 4873 barbaris
3360 4815 3840 4888 insequentibus,

2191 4907 2383 4961 omnis
2414 4911 2551 4960 satas
2581 4906 2890 4977 omnisque
2919 4922 3092 4962 sexus
3118 4906 3175 4961 in
3205 4906 3411 4961 urbem
3432 4905 3572 4977 ruit,
3595 4905 3840 4977 visoque

2190 4994 2311 5050 viro
2341 4994 2460 5058 Dei,
2490 4993 2710 5048 clamor
2731 4993 2789 5047 in
2822 4993 3031 5050 coelum
3067 4993 3374 5063 attollitur,
3408 5000 3466 5051 et
3495 4993 3665 5067 quasi
3679 4992 3844 5049 omni

2191 5081 2500 5155 provincias
2527 5080 2767 5137 exitium
2798 5082 3148 5152 immineret,
3183 5099 3338 5140 unus
3377 5083 3646 5140 omnium
3687 5081 3841 5139 fere-

2190 5172 2366 5228 batur
2394 5169 2607 5226 luctus.
2642 5172 2757 5226 Cur
2785 5170 2861 5243 (7)
2906 5172 3099 5246 gregis
3142 5172 3245 5229 tibi
3308 5173 3636 5229 custodiam
3683 5186 3845 5227 com-

2191 5260 2436 5317 missam
2449 5259 3053 5332 derelinquis?quare,
3068 5278 3247 5333 quare
3260 5265 3557 5318 tantarum
3573 5260 3842 5316 futurum

2192 5349 2508 5406 discrimen
2533 5364 2648 5405 non
2672 5350 2886 5405 metuis
2904 5349 2932 5405 ‘t
2954 5355 3125 5422 putas
3142 5352 3243 5424 qui
3264 5350 3627 5424 erunthujus
3649 5347 3845 5408 Eccle-

2264 5532 2339 5610 (7)
2371 5530 2436 5592 In
2460 5532 2574 5591 vet.
2607 5545 2719 5592 ms.
2742 5528 2854 5607 leg.
2874 5532 2986 5600 cui,
3010 5536 3194 5595 Pater.
