4000 6168
168 385 290 453 893

1263 383 1658 456 VALCANDI
1702 385 1881 452 Vl’l‘A
1932 388 1998 453 S.
2043 387 2495 457 HILDULPHI.

3461 394 3578 457 594

169 524 268 582 size
300 520 608 580 saevissimi
635 526 960 582 vastatores
979 524 1008 582 ‘i
1038 539 1299 598 namque
1320 525 1689 582 dilaniabunt
1706 541 1828 598 gre-
1859 523 1912 590 Α
1943 522 2130 580 simus
2143 525 2796 600 archiepiscopus,circa
2816 533 3050 603 tempus
3076 527 3218 586 illud
3231 527 3590 588 Senoniense

169 631 305 688 gem
340 618 509 670 tuum
543 612 666 686 lupi
693 632 951 686 rapaces.
985 615 1224 672 Talibus
1246 617 1442 688 itaque
1468 616 1558 670 vir
1587 620 1826 671 sanctus

170 702 718 769 lamentationibus,
752 705 1038 776 praecipue
1083 704 1313 776 piarum
1365 705 1684 775 supradicti
1715 703 1826 759 loci

171 790 371 847 ovium
403 796 753 856 commotus,
787 797 852 846 ut
879 796 1004 847 erat
1034 793 1247 864 pietate
1288 793 1516 865 plenus,
1552 793 1608 848 in
1644 793 1825 866 lacry-

169 896 302 934 mas
334 877 664 934 resolvitur.
710 879 1153 952 Conversusque
1193 882 1264 936 ad
1302 881 1528 954 plebem
1579 883 1665 938 sic
1697 887 1824 938 tan-

169 969 305 1024 dem
341 967 644 1039 profatur:
678 990 705 1017 «
741 968 856 1024 Vos
884 969 1136 1041 populus
1184 969 1282 1025 Dei
1317 975 1372 1024 et
1417 987 1550 1026 oves
1600 988 1826 1042 pascuae

169 1056 303 1126 ejus
332 1056 513 1124 estis;
546 1055 671 1128 ipse
696 1073 798 1112 vos
829 1057 1138 1124 custodiet,
1172 1058 1271 1130 qui
1307 1059 1476 1114 nobis
1517 1060 1824 1132 promittit,

171 1145 548 1200 dicens.Ecce
571 1159 664 1215 ego
695 1144 970 1200 vobiscum
1014 1162 1137 1200 sum
1158 1147 1413 1202 omnibus
1443 1149 1631 1203 diebus
1660 1165 1830 1219 usque

171 1233 242 1288 ad
272 1234 1235 1302 consummalionemsa’culi(Matth.
1270 1253 1468 1302 xxvm,
1499 1239 1610 1304 20).
1640 1237 1826 1292 nNam

169 1322 441 1378 custodia
471 1338 602 1378 mea
631 1321 915 1378 hactenus
948 1322 1090 1378 nulli
1123 1324 1359 1395 profuit,
1394 1325 1492 1396 qui
1520 1342 1611 1380 me
1633 1325 1827 1398 ipsum

171 1411 376 1466 minus
407 1410 880 1482 circumspexi,si
908 1412 1047 1482 quid
1064 1417 1262 1468 autem
1294 1413 1831 1486 deincepsinsuper

169 1506 262 1556 est
294 1499 787 1572 temporis,sinite
805 1504 869 1554 ut
897 1499 1158 1572 expleam
1178 1519 1291 1573 quo
1324 1506 1382 1557 et
1414 1503 1556 1558 mihi
1589 1509 1644 1557 et
1666 1503 1830 1559 vobis

170 1589 418 1661 prosim.
451 1587 854 1661 [Ubiirmatus]
888 1589 1655 1662 igituradversuslugubres
1688 1607 1826 1663 que-

171 1677 328 1733 relas
358 1677 552 1751 gregis
584 1694 644 1733 se
668 1679 1687 1750 prosequentis,quasitenacioribus
1703 1681 1830 1734 vin-

169 1766 348 1836 culis,
379 1783 506 1838 quie
536 1765 864 1822 libertatem
900 1767 1078 1821 animi
1113 1769 1240 1838 ejus
1271 1768 1381 1824 sibi
1415 1769 1685 1841 subigere
1709 1772 1827 1824 ten-

1937 615 2269 671 ccenobium
2299 615 2357 671 in
2388 617 2737 673 Grandiavio
2769 636 2802 674 a
2833 635 2893 674 se
2924 624 3329 675 constructum
3362 638 3430 676 ex
3464 619 3594 676 reli-

1937 707 2039 758 etas
2075 705 3210 764 urbisvocabulodenominavit.Primus
3244 711 3396 765 Bodo
3414 710 3592 766 etiam

1928 793 2054 862 jam
2086 793 2224 848 dicti
2255 793 2431 849 Jacob
2459 796 2729 851 decessor
2750 797 2944 851 Leuca:
2969 798 3157 852 bonus
3191 803 3392 870 pastor
3420 799 3588 872 virgi-

1937 881 2062 936 neis
2089 882 2354 949 catervis,
2391 884 2606 954 quibus
2635 883 2828 940 locum
2862 885 3057 940 studio
3082 903 3188 940 suo
3220 888 3291 941 ad
3326 905 3583 960 unguem

1937 971 2284 1042 productum
2303 972 2638 1043 repleverat.
2659 991 2951 1045 quemque
2967 992 3072 1029 suo
3105 976 3175 1029 de
3191 977 3427 1030 nomine
3443 995 3590 1031 nun-

1937 1063 2219 1131 cupatum
2251 1061 2317 1114 iri
2352 1067 2678 1131 censuerat,
2731 1079 2979 1133 praeesse
3028 1062 3208 1117 voluit
3257 1063 3468 1118 Christi
3503 1065 3584 1118 fa-

1937 1148 2161 1203 mulam
2193 1149 2582 1221 Tietbergam,
2633 1168 2809 1222 quam
2844 1155 2976 1206 ante
3023 1152 3357 1222 pontiﬁcale
3407 1154 3585 1206 decus

1938 1241 2276 1308 susceperat
2296 1253 2364 1291 ex
2387 1238 2580 1292 debito
2599 1239 2854 1310 conjugii
2886 1239 3112 1308 filiam.)
3145 1241 3298 1294 Inter
3323 1241 3430 1296 hos
3450 1257 3585 1312 ergo

1939 1323 2157 1380 athleta
2185 1325 2395 1380 Christi
2420 1325 2776 1398 llildulphus
2809 1327 3066 1398 prsedicti
3097 1327 3203 1382 viri
3237 1329 3416 1384 Jacob
3449 1346 3586 1384 con-

1939 1413 2098 1470 sultu
2125 1413 2584 1470 adminiculante
2620 1415 2814 1470 locum
2847 1416 3227 1472 habitationis
3248 1416 3440 1489 elegit.

2554 1503 2786 1559 CAPUT
2827 1505 2971 1561 VIII.

2011 1592 2733 1647 Medianum-Menastrrium
2792 1593 2993 1648 condit.
3028 1625 3094 1632 —-
3147 1594 3450 1650 Enimvero
3501 1600 3590 1651 est

1938 1681 2102 1736 locus
2125 1680 2182 1735 in
2212 1666 2439 1752 Vosago
2501 1682 2801 1736 montibus
2851 1682 3108 1754 undique
3158 1688 3378 1753 septus,
3415 1701 3587 1754 quem

1941 1769 2151 1824 fluvius
2166 1769 2404 1840 quidam
2419 1770 2492 1824 ob
2511 1769 2766 1825 validum
2782 1787 3043 1838 cursum,
3079 1771 3313 1826 Rabado
3333 1772 3590 1842 nomine,

168 1855 396 1921 tabant,
429 1855 735 1926 disruptis,
770 1855 1244 1927 Nicomadum(8)
1265 1856 1373 1911 sibi
1407 1875 1827 1925 successorem,
1861 1895 1910 1960 Β
1943 1859 2274 1930 praeterfluit
2311 1860 2442 1929 (ll),
2485 1877 2662 1930 super
2693 1876 2869 1930 quem
2901 1859 3010 1928 [vir
3057 1865 3316 1927 sanctus]
3367 1861 3590 1932 Spiritu

168 1944 382 1999 ovibus
412 1959 546 1998 vero
578 1943 702 1998 suis
719 1943 1036 2015 designans
1053 1950 1372 2017 pastorem,
1408 1950 1540 2017 post
1557 1946 1829 2002 ultimum

167 2031 321 2098 vale,
353 2032 646 2099 animum,
674 2031 875 2088 oculos
905 2049 970 2088 ac
994 2034 1169 2104 pedes
1193 2039 1426 2106 accepto
1457 2034 1648 2089 itineri
1671 2036 1833 2091 resti-

171 2119 311 2186 tuit,
347 2124 576 2175 tantum
596 2120 855 2177 elevatus
873 2121 1138 2189 scientia,
1164 2128 1507 2194 assumptus
1537 2123 1672 2190 vita,
1691 2124 1834 2179 indi-

169 2208 454 2282 gnatione
485 2208 728 2280 spiritus
759 2211 848 2265 sui
881 2227 1120 2265 amarus
1174 2211 1396 2279 abiens,
1455 2228 1678 2284 pennas
1721 2212 1831 2267 sibi

170 2297 300 2353 dari
332 2296 618 2352 columba:
647 2299 1054 2370 gemebundus
1105 2301 1427 2371 expetebat,
1476 2302 1692 2372 quibus
1736 2318 1832 2356 vo-

172 2387 356 2441 lando
387 2386 794 2458 requiesceret,
822 2392 879 2442 et
909 2388 1124 2460 quibus
1156 2387 1482 2461 elongando
1516 2389 1744 2462 fugiens
1777 2391 1834 2444 in

175 2474 559 2531 solitudinem
589 2481 851 2530 maneret
882 2477 1052 2546 (Psal.
1091 2495 1196 2545 LIV,
1230 2481 1284 2544 7,
1318 2480 1392 2550 8).
1446 2479 1835 2543 Quemadmo-

175 2565 326 2618 dum
357 2562 512 2618 enim
547 2569 658 2619 Deo
689 2565 904 2635 dignus
938 2583 1087 2637 papa
1141 2568 1455 2639 Gregorius
1506 2568 1622 2622 ait:
1659 2567 1836 2623 Dulce

174 2659 267 2708 est
295 2669 427 2708 esse
457 2651 514 2707 in
547 2653 721 2708 rebus
752 2652 1166 2721 humanis,sed
1201 2656 1455 2711 eiadhuc
1486 2658 1586 2728 qui
1618 2657 1688 2712 de
1719 2674 1836 2712 caa-

175 2741 428 2796 lestibus
454 2740 842 2814 gaudianulla
857 2743 1112 2814 gustavit
1135 2762 1146 2810 ;
1168 2749 1224 2798 at
1259 2744 1305 2800 si
1339 2745 1472 2816 quis
1493 2747 1617 2816 jam
1646 2745 1838 2800 cordis

175 2847 276 2884 ore
309 2831 630 2902 gustaverit
659 2848 785 2901 qua
819 2831 895 2886 sit
928 2831 1024 2885 illa
1056 2831 1302 2886 dulcedo
1333 2833 1657 2888 cmlestium
1692 2850 1835 2906 prae-

177 2919 458 2985 miorum,
491 2919 627 2973 huic
659 2925 877 2990 quanto
909 2919 1053 2975 illud
1077 2920 1245 2976 dulce
1278 2921 1354 2976 sit
1386 2922 1539 2993 quod
1572 2923 1732 2978 intus
1753 2922 1834 2976 vi-

186 3009 306 3073 det,
341 3011 504 3061 tanto
534 3007 585 3061 in
608 3009 1034 3063 amaritudines
1054 3013 1358 3065 vertuntur
1389 3015 1678 3083 quotquot
1700 3011 1838 3067 foris

184 3096 461 3152 sustinet.
496 3095 738 3151 Rixatur
769 3114 967 3153 secum
990 3099 1062 3155 de
1083 3101 1485 3155 rememoratis
1515 3100 1835 3172 iniquitati-

183 3187 318 3248 bus,
356 3185 803 3256 reprehenditse
835 3187 1392 3258 decogitationibus,
1427 3188 1839 3260 insequiturde

181 3264 402 3338 verbis,
435 3279 490 3328 et
521 3274 688 3345 punit
722 3275 912 3330 flendo
971 3276 1042 3330 de
1076 3276 1262 3330 l'actis.
1329 3276 1527 3346 Itaque
1588 3277 1697 3332 nisi
1733 3277 1842 3332 hoc
1871 3261 1914 3326 (ἶ

184 3363 362 3417 modo
391 3361 644 3434 Spiritus
667 3368 903 3418 sanctus
929 3369 1182 3418 mentem
1203 3363 1305 3417 viri
1341 3364 1518 3433 hujus
1546 3364 1603 3419 in
1636 3366 1843 3421 amari-

182 3451 454 3506 tudinem
486 3451 896 3521 temporalium
930 3457 987 3506 et
1017 3451 1458 3508 delectationem
1494 3460 1841 3509 (eternorum

182 3538 848 3605 commovisset,terram
865 3539 1156 3596 desertam
1172 3546 1229 3596 et
1259 3540 1478 3596 inviam
1509 3527 1671 3597 tanto
1698 3547 1848 3598 metu

179 3627 378 3682 cordis
409 3643 525 3681 non
558 3628 886 3698 quaesisset.

825 3716 1056 3772 CAPUT
1095 3717 1215 3772 VII.

258 3807 494 3860 Fore-nte
527 3805 763 3859 Tullensi
812 3808 1057 3877 episcopo
1112 3808 1170 3860 in
1209 3809 1468 3879 l’osagum
1523 3809 1740 3865 secedit.
1776 3839 1841 3848 —

181 3894 291 3950 Per
322 3892 468 3948 illud
503 3896 736 3965 tempus
767 3894 948 3948 Jacob
979 3896 1056 3966 (9)
1086 3895 1174 3950 vir
1203 3897 1640 3952 conversatione
1672 3897 1842 3952 mori-

180 3984 414 4054 busque
445 3980 812 4036 admirabilis
843 3983 1094 4038 Leucam
1139 3985 1374 4055 regebat
1419 3985 1842 4056 [ecclesiarum]

187 4073 416 4136 urbem,
451 4068 551 4141 qui
583 4071 737 4141 [cum
773 4088 877 4142 pro
909 4073 999 4127 sui
1032 4072 1340 4128 sanctitate
1363 4073 1420 4127 in
1455 4091 1554 4130 ora
1577 4074 1839 4129 omnium

181 4159 481 4230 penderet,
498 4159 733 4229 regibus
749 4161 1352 4233 quoqueIstupendus
1383 4166 1524 4217 erat.
1558 4163 1640 4217 Ad
1667 4179 1841 4234 quem

183 4264 320 4302 cum
354 4247 441 4300 vir
472 4245 571 4301 Dei
605 4247 960 4320 Hildulphus
991 4249 1260 4314 venisset,
1298 4256 1360 4305 ut
1391 4251 1673 4306 charitate
1723 4269 1841 4307 me-

181 4334 384 4390 diante
416 4339 705 4390 secretum
738 4336 819 4390 illi
857 4337 1184 4408 provideret
1213 4336 1406 4393 locum
1453 4338 1844 4394 libentissime

179 4421 580 4478 collaboravit.
614 4425 669 4478 Si
703 4425 942 4496 quidem
977 4443 1010 4481 a
1044 4427 1468 4497 praedecessore
1498 4428 1626 4495 ejus
1660 4445 1843 4498 quon-

182 4511 322 4566 dam
375 4511 670 4582 pontiﬁce,
723 4513 1000 4570 Girbaldo
1047 4517 1160 4583 (10)
1204 4513 1462 4578 nomine,
1515 4515 1634 4569 viro
1681 4532 1843 4586 aeque

188 4600 589 4666 sanctissimo,
626 4602 914 4657 Deodatus
945 4603 1034 4657 vir
1063 4620 1309 4658 summie
1342 4603 1672 4658 sanctitatis
1703 4603 1840 4658 olim

180 4687 556 4743 Nivernensis
585 4690 897 4761 episcopus
947 4691 1296 4746 renuntians
1328 4691 1566 4762 saeculo,
1598 4691 1655 4746 in
1691 4691 1842 4747 saltu

184 4775 396 4847 Vosagi
431 4775 623 4832 locum
647 4778 1001 4846 obtinuerat,
1036 4779 1132 4835 ubi
1154 4779 1523 4836 sanctissime
1537 4797 1846 4836 conversa-

181 4870 283 4918 tus
315 4864 1075 4937 [est],monasteriastatuit,
1097 4873 1414 4940 atquepost
1443 4869 1731 4924 diutinam
1753 4870 1837 4926 in-

181 4951 397 5008 Christi
429 4969 614 5025 agone
646 4956 918 5011 militiam
954 4957 1082 5011 vitae
1115 4963 1387 5012 senatum
1423 4957 1725 5014 laureatus
1749 4958 1834 5013 in-

184 5041 383 5096 travit.
419 5041 479 5096 In
513 5059 629 5114 quo
661 5044 835 5099 etiam
871 5044 1024 5100 saltu
1056 5045 1310 5100 virorum
1363 5051 1698 5102 sanctorum
1731 5047 1840 5101 cel-

188 5129 322 5184 lulae
355 5130 602 5186 inerant.
636 5132 1366 5205 [DeniqueSanctivagium
1391 5136 1513 5205 jam
1550 5140 1689 5190 tunc
1719 5140 1842 5190 erat

188 5217 482 5290 spirituali
513 5219 933 5275 monachorum
966 5222 1240 5278 exercitio
1273 5223 1630 5278 institutum.
1667 5225 1842 5279 Porro

188 5307 445 5362 domnus
479 5307 933 5366 Gundelbertusi
982 5311 1119 5367 olim
1173 5317 1465 5367 Senonum
1517 5313 1843 5383 praeclaris-

370 5448 768 5525 Iﬁnrecentiori
802 5468 911 5507 ms.
945 5451 1058 5525 leg.
1101 5453 1462 5521 Weomadum,

283 5520 337 5590 9)
370 5518 614 5598 Fallitur
645 5521 737 5576 hic
757 5518 1040 5598 auctori?)
1074 5525 1428 5598 assignando
1450 5518 1716 5598 episcopi
1751 5544 1849 5583 no-

195 5591 371 5664 mine,
407 5591 507 5664 qui
539 5589 711 5664 longe
741 5597 874 5664 post
905 5589 1227 5650 Hilduli'uzﬁ
1259 5595 1418 5651 vixit.

262 5661 377 5733 (10)
409 5661 472 5717 In
503 5666 618 5718 vet.
648 5661 765 5720 'ms'.
802 5664 911 5738 leg.
948 5665 1260 5723 Garibatdo.

1941 1951 2144 2002 sancto
2176 1947 2432 2002 dictante
2445 1947 2718 2003 ecclesias
2736 1948 3020 2014 fundavit,
3038 1948 3288 2019 primam
3319 1948 3592 2004 videlicet

1941 2035 2175 2092 nomine
2231 2041 2410 2091 beatae
2460 2036 2557 2092 Dei
2619 2036 2917 2109 genitricis
2951 2042 3008 2091 et
3058 2053 3289 2108 semper
3342 2038 3590 2109 virginis

1943 2126 2158 2189 Mariae,
2192 2142 2368 2196 quam
2394 2129 2450 2180 et
2490 2131 2604 2191 [vui
2642 2125 2765 2180 Kal.
2801 2125 3014 2195 Martii]
3066 2126 3375 2192 dedicavit,
3430 2143 3590 2181 eam-

1942 2231 2056 2286 que
2077 2215 2857 2269 Medianum-Monasterium
2871 2215 3182 2284 appellavit
3207 2232 3220 2281 ;
3245 2213 3419 2269 aliam
3451 2231 3584 2270 vero

1941 2320 2009 2357 ex
2041 2303 2277 2357 nomine
2314 2301 2464 2357 beati
2498 2301 2650 2357 Petri
2692 2301 2975 2374 principis
3007 2303 3271 2356 omnium
3304 2301 3593 2373 apostolo-

1945 2408 2076 2446 rum
2109 2390 2328 2445 honore
2361 2392 2498 2460 [xvu
2530 2389 2652 2446 Kal.
2687 2391 3050 2460 Novembris]
3081 2391 3458 2446 consecravit.
3488 2391 3591 2446 His

1945 2479 2026 2534 ita
2055 2479 2313 2546 statutis,
2375 2483 2488 2533 Deo
2544 2479 2775 2551 sibique
2828 2479 3016 2534 vivere
3071 2479 3282 2550 coepit;
3340 2495 3594 2550 cumque

1947 2567 2300 2640 praeconium
2353 2573 2564 2623 sanctae
2607 2567 2862 2623 nominis
2894 2568 3022 2637 ejus
3073 2567 3228 2622 fama
3272 2567 3593 2623 multorum

1946 2657 2115 2728 longe
2145 2656 2374 2728 lateque
2405 2657 2676 2724 deferret,
2702 2655 2809 2710 viri
2843 2660 3109 2727 potentes
3149 2659 3203 2709 et
3254 2655 3485 2711 nobiles
3513 2656 3598 2711 vi-

1947 2745 2240 2800 sitationis
2253 2745 2439 2817 gratia
2458 2745 2526 2799 ad
2544 2763 2675 2800 eum
2698 2744 2911 2816 saepius
2943 2744 3601 2816 conﬂuebant,cumque

1946 2851 1976 2888 e
2008 2833 2250 2890 diversis
2283 2834 2546 2905 partibus
2578 2834 2745 2888 multi
2781 2837 3171 2901 accurrerent,
3208 2832 3492 2904 aliquanti
3525 2833 3595 2888 ad

1946 2921 2073 2976 vita:
2104 2921 2212 2977 iter
2241 2923 2466 2976 accensi
2491 2939 2623 2976 cum
2656 2921 2775 2976 viro
2799 2921 2892 2976 Dei
2927 2937 3162 2976 manere
3193 2921 3592 2976 decreverunt:

1947 3011 2109 3076 Quod
2143 3027 2274 3065 cum
2309 3010 2397 3064 vir
2427 3009 2540 3065 Deo
2575 3010 2780 3081 plenus
2801 3010 3041 3073 videret,
3079 3026 3112 3063 a
3142 3010 3453 3064 Dominoid
3475 3008 3596 3064 ﬁeri

1949 3099 2263 3153 arbritatus
2296 3104 2404 3164 est;
2431 3104 2506 3166 et,
2543 3099 2818 3169 quoniam
2852 3097 2976 3168 ipse
2995 3096 3134 3150 olim
3170 3097 3467 3168 professus
3486 3114 3606 3152 mo-

1953 3188 2206 3243 nachum
2242 3188 2448 3252 fuerat,
2484 3186 2875 3241 habitationes
2910 3184 3216 3239 monachis
3249 3185 3421 3240 utiles
3444 3185 3614 3256 carpit

1953 3277 2260 3332 aediﬁcare.
2299 3277 2357 3331 ld
2393 3291 2521 3329 vero
2548 3273 2799 3345 populus
2831 3291 2963 3328 cum
2999 3272 3401 3344 comperisset,
3435 3274 3604 3327 devo-

1953 3366 2109 3420 tione
2158 3381 2444 3429 crescens,
2481 3362 2613 3434 plus
2672 3361 2844 3417 solito
2896 3360 3265 3428 confluebat;
3333 3377 3470 3415 nam
3505 3377 3606 3432 per

1953 3455 2159 3508 merita
2188 3452 2288 3507 viri
2326 3451 2509 3507 sancti
2543 3449 2775 3522 sibique
2807 3451 3228 3520 subjectorum,
3263 3448 3394 3504 caeci
3428 3449 3505 3504 ibi
3531 3449 3600 3503 il-

1952 3542 2415 3607 luminabantur,
2487 3540 2676 3596 claudi
2739 3538 3238 3605 convalescebant,
3302 3539 3601 3594 daemones

1953 3631 2327 3702 fugabantur.
2390 3629 2549 3684 Unde
2582 3629 2788 3684 turbas
2847 3628 3267 3684 confluentium
3326 3629 3420 3682 vix
3452 3628 3600 3683 ferre

1950 3718 2613 3784 valens,extraclaustra
2643 3719 2950 3775 ecclesiam
2967 3719 3028 3774 S.
3049 3717 3294 3774 Joannis
3326 3717 3599 3789 Baptistae

1951 3809 2247 3863 sedificans
2279 3807 2584 3872 dedicavit,
2620 3811 2794 3880 atque
2817 3809 3044 3873 domos,
3079 3808 3138 3860 in
3165 3805 3381 3877 quibus
3404 3823 3603 3877 super-

1949 3897 2248 3952 venientes
2282 3896 2698 3967 reciperentur,
2733 3895 3008 3950 instituit.

2593 3983 2825 4039 CAPUT
2868 3984 2953 4038 IX.

2025 4073 2370 4143 Congregatis
2427 4072 2721 4143 discipulis
2775 4072 3031 4126 abbatem
3071 4073 3316 4142 pra'fecit
3373 4071 3600 4126 Lcubal-

1950 4162 2102 4215 dum.
2136 4191 2203 4199 ——
2233 4165 2486 4214 Cernens
2517 4158 2738 4213 interea
2793 4159 2881 4212 vir
2929 4158 3115 4213 ﬁdelis
3147 4157 3376 4213 Domini
3402 4175 3603 4214 servus

1952 4249 2362 4320 hujuscemodi
2400 4247 2737 4304 solitudinis
2773 4251 2994 4318 partem
3031 4264 3144 4302 non
3178 4247 3487 4303 minimam
3511 4248 3606 4302 ad-

1949 4344 2157 4393 ventus
2191 4337 2281 4393 sui
2315 4337 2617 4392 occasione
2651 4335 2933 4407 paulatim
2986 4334 3298 4406 excultam,
3333 4353 3397 4391 ac
3447 4335 3606 4391 velut

1953 4427 2196 4482 novellis
2229 4425 2512 4482 olivarum
2533 4423 2939 4497 spiritualibus
2963 4423 3100 4479 ﬁliis
3135 4423 3192 4478 in
3225 4423 3471 4479 circuitu
3496 4441 3603 4480 suo

1950 4517 2240 4582 vestitam,
2274 4515 2472 4570 anima
2504 4516 2631 4583 ejus
2677 4531 2855 4586 super
2904 4513 3462 4584 Dominipsalutaris
3512 4513 3604 4569 sui

1880 4625 1926 4690 Ι)
1958 4605 2263 4676 praesentia
2278 4603 2718 4660 delectationem
2734 4603 2893 4658 conci
2906 4603 3100 4674 piebat
3113 4603 3428 4657 maximam
3441 4601 3604 4656 .Cum

1957 4711 2092 4748 vero
2122 4695 2343 4747 dudum
2378 4693 2606 4746 deserta
2637 4696 2694 4746 et
2723 4690 2954 4762 impexa
2983 4707 3216 4747 eremus
3244 4691 3420 4746 aleret
3448 4690 3607 4746 Chri-

1957 4782 2030 4836 sti
2065 4797 2348 4853 pauperes
2381 4780 2750 4850 singulorum
2783 4796 3070 4835 annorum
3114 4779 3512 4850 proventibus,
3537 4796 3608 4834 ne

1957 4871 2270 4926 deficerent
2301 4868 2358 4922 in
2392 4867 2483 4922 via
2514 4867 2707 4922 szeculi
2740 4867 2935 4934 istius,
2963 4868 3322 4936 etiamjuxta
3355 4867 3606 4922 litteram

1953 4956 2230 5029 compleri
2266 4955 2552 5026 gaudebat
2581 4955 2733 5026 quod
2761 4954 2898 5009 olim
2955 4954 3240 5026 propheta
3289 4955 3360 5008 de
3394 4956 3608 5010 veteris

1949 5046 2092 5119 legis
2127 5043 2421 5115 mysteriis
2450 5048 2506 5098 et
2535 5043 2664 5097 novi
2723 5042 2924 5115 populi
2985 5042 3294 5097 refectione
3340 5041 3610 5112 praedixe-

1952 5141 2066 5190 rat.
2100 5135 2341 5189 Deserta
2376 5132 2433 5185 in
2469 5131 2794 5188 ubertatem
2829 5149 2994 5187 versa
3025 5132 3257 5186 advena:
3280 5130 3608 5195 comedent,

1954 5224 2225 5294 frequens
2259 5236 2491 5292 quoque
2513 5218 2724 5290 vulgus
2753 5220 3015 5276 fidelium
3048 5217 3254 5275 scdulo
3285 5217 3475 5272 virum
3507 5218 3610 5274 Dei

1954 5311 2309 5367 invisentum
2337 5324 2650 5364 numerosa
2668 5313 3070 5365 construxerat
3093 5306 3431 5363 habitacula
3459 5308 3611 5364 circa

2028 5455 2139 5524 (11)
2190 5451 2378 5521 llujus
2428 5449 2637 5524 capitis
2687 5450 2923 5524 initium
2956 5450 3038 5505 ita
3067 5449 3208 5524 legit
3241 5452 3420 5506 codex
3461 5451 3607 5506 anti-

1959 5521 2153 5598 quior:
2180 5525 2360 5598 Quem
2389 5521 2637 5598 videliret
2697 5523 2873 5598 locum
2905 5521 3203 5598 quentibus
3253 5523 3491 5592 undique
3521 5539 3611 5598 se-

1954 5593 2105 5670 ptum
2159 5593 2418 5670 ﬂuviales
2450 5593 2698 5670 ﬂuidam
2729 5595 2793 5648 ob
2827 5593 3070 5648 validum
3113 5610 3355 5660 rursum,
3403 5593 3609 5664 Ita/ride

1961 5667 2196 5735 nomine,
2225 5667 2576 5737 prater/iuit.
