4000 6168
361 366 476 434 593

1095 372 1284 438 SIEC.
1327 376 1404 438 XI
1449 375 1674 441 AUCT.
1722 375 2034 439 INCERTI
2077 376 2265 440 ANNI
2310 379 2412 441 ET
2456 373 2753 444 SCRIPT.
2805 386 3026 440 ’Aassn.

3639 379 3812 442 596-

363 505 541 563 cellas
598 510 934 565 sanctorum
994 515 1227 582 propter
1282 510 1634 566 vicinitatem
1685 528 1887 568 eorum
1917 513 2005 568 vel
2033 512 2088 579 Α
2118 515 2389 586 praeconii
2417 517 2547 586 ejus
2577 516 3022 590 circumpositas
3041 522 3225 573 terras
3259 511 3645 585 transvolans,
3677 531 3768 572 re—

361 594 724 654 habilitatem
755 597 1034 654 locorum.
1070 599 1178 654 Sed
1214 599 1298 652 vir
1329 599 1426 653 Dei
1458 599 1733 670 quoniam
1758 602 1883 671 jam
1903 618 2005 673 gu-

360 689 547 742 starat
575 691 632 742 et
660 687 884 742 viderat
906 705 1137 743 suavem
1160 705 1287 743 esse
1318 688 1749 754 Dominum,nil
1771 689 2004 745 dulcius

361 773 632 844 habebat,
667 793 844 848 quam
892 793 1091 832 vacare
1123 781 1180 831 et
1236 777 1432 833 videre
1479 778 1847 833 ineﬂ‘abiliter
1877 795 2005 834 esse

362 863 533 920 Dei...
565 864 858 936 praecellit.
893 865 1235 920 Nostrorum
1270 866 1467 938 itaque
1515 872 1877 923 accrescente
1926 867 2005 922 ibi

367 969 610 1008 numero
643 953 908 1021 fratrum,
943 957 1182 1010 sanctus
1230 955 1349 1020 ille,
1382 959 1445 1010 ut
1475 973 1704 1028 semper
1752 957 2004 1012 circum-

367 1044 620 1112 spectus;
653 1046 850 1098 custos
882 1042 974 1099 sui
1008 1048 1275 1099 metuens
1304 1048 1447 1111 erat,
1489 1062 1629 1100 cura
1677 1063 1875 1101 eorum
1907 1051 2009 1101 aut

367 1129 694 1201 frequentia
752 1131 1117 1188 saecularium
1151 1150 1184 1188 a
1214 1133 1426 1189 dilecta
1474 1134 1671 1206 quiete
1721 1152 1837 1190 suae
1870 1151 2006 1190 con-

363 1217 762 1290 templationis
795 1237 1028 1293 quoquo
1070 1223 1240 1278 modo
1272 1221 1483 1290 divelli,
1518 1228 1872 1296 quapropter
1900 1224 2007 1277 do-

367 1323 572 1364 mnum
605 1309 961 1365 Leubaldum
981 1311 1370 1366 venerabilem
1400 1313 1592 1367 virum
1612 1313 1880 1368 abbatem
1909 1314 2005 1367 de-

367 1396 638 1470 signavit,
671 1414 846 1470 quem
907 1399 1239 1454 divinarum
1280 1405 1336 1455 et
1385 1401 1777 1456 humanarum
1813 1418 2007 1457 rerum

367 1484 576 1542 notitia
604 1485 762 1542 haud
795 1504 973 1559 parva
1005 1487 1318 1560 praeditum
1369 1489 1668 1558 intellexit,
1717 1499 2007 1560 quatenus

367 1575 645 1632 fratribus
675 1575 950 1648 pastorali
995 1575 1296 1650 vigilantia
1343 1583 1636 1648 praeesset,
1689 1580 2007 1634 adventan-

365 1664 514 1720 tium
555 1679 682 1720 sese
714 1663 958 1736 negotiis
1017 1665 1380 1737 impertiret;
1417 1666 1516 1739 qui
1566 1684 1858 1740 quamque
1917 1669 2010 1723 de-

364 1757 513 1822 vote,
547 1769 842 1825 quamque
873 1757 1107 1808 strenue
1139 1754 1195 1808 id
1229 1753 1403 1809 ofﬁcii
1435 1755 1878 1820 administrarit,
1901 1774 2009 1810 au-

367 1842 607 1898 ctoritas
639 1843 1030 1914 promoventis
1063 1842 1317 1898 credulis
1358 1843 1652 1899 mentibus
1702 1845 2008 1910 satisfecit,

369 1929 648 2003 quoniam
680 1935 918 1987 sanctus
947 1931 1193 1988 antistes
1222 1931 1379 1988 hunc
1411 1949 1789 2005 nequaquam
1835 1939 2010 1988 tantae

367 2024 605 2078 catervae
629 2020 1050 2076 monachorum
1069 2025 1452 2094 promoveret,
1475 2021 1584 2076 nisi
1621 2039 1757 2095 prae,
1789 2023 2012 2078 caeteris

369 2110 441 2166 ad
471 2110 580 2167 hoc
608 2111 853 2184 dignum
879 2110 1227 2182 judicasset.

1021 2199 1252 2256 CAPUT
1290 2199 1352 2255 X.

436 2288 738 2362 Spinulum
764 2291 1030 2346 Joannem
1085 2293 1132 2344 et
1160 2290 1470 2358 Benignum
1524 2291 1666 2346 viros
1709 2292 1830 2362 pios
1868 2291 2012 2345 rcci-

361 2381 540 2454 pit.—
562 2380 633 2434 At
662 2394 794 2434 vero
825 2394 958 2433 cum
989 2394 1189 2434 rumor
1219 2379 1466 2434 fratrum
1521 2379 1598 2433 ibi
1631 2384 2008 2447 accresceret,

366 2469 519 2526 inter
546 2467 804 2540 reliquos
833 2466 961 2523 vitae
982 2466 1230 2523 caelestis
1247 2473 1537 2522 amatores
1569 2471 1686 2523 tres
1705 2474 2008 2534 venerunt,

367 2575 619 2632 quorum
650 2556 1210 2629 primusSpinulus;
1239 2555 1448 2628 reliqui
1471 2573 1602 2611 vero
1633 2557 1731 2628 qui
1765 2574 1938 2612 carne
1957 2562 2014 2612 et

368 2646 581 2720 spiritu
612 2644 874 2719 germani
887 2644 1238 2717 erant,prior
1250 2645 1527 2712 Joannes,
1549 2643 1694 2699 alter
1717 2645 2011 2716 Benignus

368 2734 557 2792 vocati
587 2738 746 2804 sunt,
783 2732 902 2804 [qui
932 2749 1000 2788 ex
1028 2731 1290 2788 cmnobio
1321 2731 1643 2787 beatissimi
1684 2731 2008 2799 Maximini,

370 2825 525 2897 quod
552 2823 864 2896 praedictus
891 2825 1056 2877 Pater
1095 2821 1455 2886 fundaverat,
1509 2819 1812 2875 advenisse
1865 2821 2008 2876 refe-

366 2918 597 2982 runtur,
631 2914 1071 2982 statuerantque
1084 2924 1261 2981 penes
1277 2907 1464 2963 virum
1480 2908 1576 2963 Dei
1610 2909 1838 2981 degere,
1853 2912 2008 2982 quod

366 3004 494 3075 ejus
523 3000 957 3058 conversatione
987 3002 1045 3054 et
1075 2997 1356 3053 charitate
1383 2995 1633 3052 nimium
1661 2997 2011 3055 delectaren-

362 3096 478 3149 tur.
511 3091 731 3148 Horum
754 3106 887 3146 vero
912 3085 1196 3143 miracula
1224 3087 1282 3140 in
1300 3087 1794 3158 subsequentibus
1816 3088 2010 3144 multi-

367 3179 619 3254 plicibus
639 3179 906 3251 quedam
933 3175 1399 3248 explanabimus,
1425 3180 1490 3230 ut
1520 3177 1722 3248 quanti
1755 3177 1873 3232 sint
1896 3193 2010 3232 me-

367 3265 464 3322 riti
495 3266 650 3338 apud
681 3265 866 3322 Deum
898 3263 1000 3319 fiat
1030 3262 1160 3318 luce
1188 3263 1427 3333 clarius]
1458 3265 1641 3334 [nam]
1672 3281 1705 3319 a
1733 3265 1854 3320 viro
1907 3265 2008 3321 Dei

368 3355 617 3430 benigne
645 3352 925 3426 suscepti,
953 3355 1191 3424 paterne
1225 3351 1519 3423 instructi,
1552 3352 1780 3424 ipsique
1812 3354 2013 3409 devote

369 3442 877 3512 conversantes,ad
890 3441 1043 3498 viam
1054 3441 1183 3497 vitae
1203 3441 1639 3508 anhelabant,et
1671 3458 2012 3514 quanquam

371 3532 637 3590 omnium
663 3531 943 3587 virtutum
1003 3531 1250 3603 negotiis
1291 3547 1353 3587 se
1383 3529 1640 3586 vicissim
1689 3531 2011 3602 praecedere

370 3619 606 3693 vellent,
638 3619 970 3676 humilitate
1002 3625 1197 3676 tamen
1232 3624 1290 3676 et
1321 3619 1655 3676 obedientia
1697 3636 1758 3674 se
1789 3619 2009 3675 alteru-

367 3713 526 3766 trum
556 3709 784 3766 vincere
813 3710 1188 3767 festinabant.
1243 3708 1496 3764 Assidue
1526 3707 1584 3762 in
1630 3723 1727 3762 ore
1774 3707 2008 3764 illorum

364 3798 651 3870 Christus,
667 3799 892 3874 jugiter
919 3801 1047 3856 vitae
1068 3803 1293 3855 aeternae
1321 3797 1604 3870 praeconia
1635 3798 2006 3864 resonabant,

359 3892 541 3963 utque
557 3889 874 3947 monachos
889 3891 1071 3956 decet,
1096 3891 1270 3960 juxta
1286 3891 1640 3959 praeceptum
1674 3885 1862 3940 Patris
1885 3903 2008 3942 om-

351 3979 450 4036 nia
478 3979 826 4036 exercebant
846 3978 1093 4050 [absque
1112 3975 1621 4048 pusillanimitate,
1658 3991 1897 4030 rancore
1922 3974 2007 4030 vcl

353 4067 768 4136 amaritudine,
801 4067 1053 4138 subjecti
1085 4065 1144 4120 in
1196 4065 1406 4119 timore
1439 4068 1494 4118 et
1539 4079 1737 4118 amore
1768 4062 2005 4132 Christi,

347 4155 594 4230 jejuniis
615 4161 674 4213 et
700 4155 916 4229 vigiliis
963 4157 1152 4210 semet
1201 4156 1589 4218 macerantes,
1641 4151 2007 4207 orationibus

359 4245 613 4312 contriti,
645 4243 1085 4314 humilimthue
1115 4242 1308 4298 cordis
1347 4240 1636 4296 indefesse
1697 4240 2004 4307 instantes,

361 4333 658 4390 malebant
675 4331 958 4404 quidquid
974 4347 1225 4402 usquam
1245 4333 1485 4401 putatur
1501 4327 1862 4384 intolerabile
1885 4345 2009 4400 per-

362 4421 510 4476 ferre
541 4436 719 4492 quam
752 4419 1047 4474 Christum
1080 4418 1139 4472 in
1173 4417 1366 4489 aliquo
1398 4417 1735 4488 offendere]
1769 4418 1836 4472 Et
1867 4435 2006 4489 quo-

362 4508 521 4565 niam
552 4508 772 4564 invidia
799 4506 1014 4564 diaboli
1047 4523 1206 4562 mors
1258 4505 1514 4562 introivit
1544 4506 1603 4560 in
1655 4506 1855 4562 orbem
1887 4511 2002 4562 ter-

2115 603 2388 660 motiores
2420 622 2652 676 quoque
2685 611 3086 677 penetraverat
3113 624 3126 673 ;
3162 621 3415 677 cumque
3445 620 3475 660 e
3517 605 3768 662 diversis

2114 692 2381 764 partibus
2411 694 2578 748 multi
2612 695 2680 749 ad
2732 695 2920 749 virum
2973 694 3071 749 Dei
3127 694 3410 758 venirent,
3456 692 3760 750 Erhardus

2111 780 2229 836 vita
2259 782 2432 837 etiam
2467 783 2899 850 sanctissimus,
2932 801 3104 838 carne
3152 782 3390 855 quidem
3440 783 3610 838 beato
3638 782 3766 838 Hil-

2115 869 2333 942 dulpho
2365 888 2701 944 germanus,
2735 873 2937 928 ordine
2967 889 3101 928 vero
3122 872 3501 944 coepiscopus
3525 872 3765 927 nomine

2115 959 2294 1031 hujus
2326 961 2565 1030 [ascitus
2597 962 2731 1034 (12)]
2768 961 3040 1017 accurrit.
3074 962 3182 1017 Diu
3216 960 3411 1033 itaque
3443 961 3763 1032 quaesitum

2115 1065 2246 1104 cum
2283 1049 2618 1119 invenisset,
2653 1051 2836 1106 labori
2866 1052 2995 1123 ejus
3039 1048 3476 1123 congratulans,
3529 1049 3761 1122 inquit:

2117 1139 2277 1206 Ecce,
2313 1138 2510 1207 frater,
2541 1139 2895 1196 desiderium
2919 1140 3111 1195 cordis
3134 1138 3438 1194 tuitribuit
3459 1139 3565 1194 tibi
3583 1139 3762 1204 Deus,

2115 1230 2172 1282 et
2223 1227 2518 1283 voluntate
2575 1234 2676 1284 tua
2739 1247 2853 1284 non
2901 1232 2955 1284 te
3010 1229 3298 1284 fraudavit
3327 1228 3501 1296 (ρδαι.
3555 1245 3648 1294 xx,
3685 1228 3760 1299 3).

2116 1317 2295 1380 Quem
2331 1316 2481 1372 enim
2518 1316 2616 1372 diu
2650 1317 3182 1390 concupistilocum
3207 1320 3318 1372 tuae
3337 1317 3764 1372 conversationi

2116 1403 2373 1461 habilem
2406 1407 2697 1463 invenisti.
2747 1409 2832 1462 Tu
2875 1423 3010 1478 ergo
3043 1411 3134 1462 sta
3179 1405 3422 1461 viriliter
3451 1404 3507 1460 in
3541 1405 3673 1472 ﬁde,
3711 1409 3769 1461 et

2117 1492 2444 1548 confortare
2477 1493 2534 1547 in
2561 1493 2808 1549 Domino
2842 1494 3012 1565 (Psal.
3048 1510 3200 1560 xxvx,
3240 1494 3350 1563 14),
3385 1497 3443 1548 et
3474 1492 3530 1547 in
3563 1499 3768 1565 polen-

2115 1579 2197 1636 tia
2253 1581 2483 1637 virtutis
2539 1584 2666 1654 ejus
2722 1587 2942 1649 certus,
2999 1582 3152 1654 quod
3186 1581 3286 1653 qui
3317 1581 3775 1653 perseveraverit

2119 1687 2305 1741 usque
2338 1670 2397 1725 in
2432 1672 2609 1727 tinem
2670 1671 2762 1726 hic
2822 1670 3020 1726 salvus
3069 1669 3178 1726 erit
3210 1669 3421 1742 (Matth.
3454 1687 3605 1736 xxrv,
3663 1671 3770 1737 t3).

2121 1758 2226 1813 Per
2257 1763 2479 1826 [annos]
2518 1760 2694 1832 igitur
2737 1759 2962 1830 aliquot
3012 1759 3365 1830 [continuos]
3416 1775 3616 1814 secum
3647 1775 3773 1814 ma-

2121 1852 2344 1913 nentes,
2379 1853 2602 1904 aeternee
2625 1848 2750 1903 vitae
2784 1849 3042 1905 vicissim
3062 1849 3414 1904 resonabant
3449 1847 3773 1914 [fratribus-

2121 1951 2233 2006 que
2261 1937 2371 2008 (13)
2395 1937 2761 2010 congregatis
2785 1936 3026 2010 ulriquae
3048 1937 3176 1991 vitae
3200 1935 3530 1992 necessaria
3559 1935 3765 2007 praevi-

2121 2025 2354 2092 debant,
2388 2031 2447 2082 et
2474 2027 2855 2084 tabernacula
2879 2025 3231 2098 erigebant.]

2743 2142 2978 2198 CAPUT
3017 2145 3144 2196 XII.

2193 2249 2379 2305 miliae
2433 2250 2670 2303 Eticonis
2725 2249 2878 2303 ducis
2929 2249 3068 2317 ﬁliae
3127 2249 3304 2303 visum
3354 2255 3406 2303 et
3440 2248 3774 2319 baptismum

2119 2336 2350 2410 confert.
2382 2367 2450 2377 —-
2477 2338 2561 2391 Ad
2589 2355 2790 2393 eorum
2817 2337 3026 2394 merita
3055 2353 3188 2393 vero
3215 2337 3577 2392 ostendenda
3608 2353 3776 2393 reno-

2117 2431 2330 2480 vantur
2359 2443 2394 2480 a
2424 2431 2536 2481 Deo
2566 2425 2848 2482 miracula
2881 2426 3191 2498 stupenda.
3215 2425 3394 2496 [Viris
3425 2426 3640 2482 etenim
3662 2425 3766 2481 Dei

2121 2513 2199 2568 ibi
2231 2513 2421 2568 adhuc
2470 2515 2684 2586 pariter
2737 2515 3262 2587 conversantibus,]
3314 2514 3566 2570 Eticonis
3597 2514 3776 2571 ducis

2119 2602 2351 2657 Elisacii
2384 2602 2504 2658 tilia
2534 2619 2680 2658 caeca
2712 2608 2847 2659 nata
2876 2604 2947 2658 ad
2966 2604 3118 2659 viros
3151 2602 3249 2658 Dei
3282 2603 3559 2670 defertur,
3584 2608 3777 2675 utque

2119 2692 2247 2762 ejus
2274 2691 2661 2746 misereantur
2681 2709 2715 2746 a
2743 2692 2968 2747 mmstis
2999 2681 3345 2764 parentibus
3363 2691 3571 2746 humili
3602 2708 3777 2764 prece

2118 2785 2457 2852 poscuntur.
2475 2781 2658 2844 Quam
2682 2796 2814 2835 cum
2829 2781 3021 2835 adhuc
3050 2780 3324 2853 gentilem
3358 2780 3468 2851 (14)
3502 2797 3631 2837 esse
3645 2797 3771 2837 res-

2115 2869 2354 2938 cissent,
2389 2885 2548 2923 more
2593 2868 2985 2924 ecclesiastico
3034 2867 3534 2924 catechizaverunt
3589 2872 3771 2940 atque

2119 2958 2189 3012 ad
2223 2957 2542 3013 orationem
2560 2958 2833 3029 prostrati
2853 2974 2954 3029 pro
2969 2956 3158 3013 salute
3172 2956 3376 3029 puellae
3393 2955 3768 3013 clementiam

2117 3047 2346 3102 Domini
2379 3047 2785 3118 precabantur.
2819 3046 3054 3101 Monitis
3086 3046 3281 3118 itaque
3310 3045 3604 3101 catholicae
3629 3046 3763 3101 fidei

2117 3136 2404 3202 edoctam,
2437 3139 2678 3190 sanctus
2697 3133 3051 3206 Hildulphus
3069 3135 3407 3207 baptizavit,
3426 3151 3671 3206 eamque
3691 3136 3766 3190 de

2041 3251 2083 3319 Ο
2121 3240 2284 3319 sacro
2316 3225 2469 3280 fonte
2499 3229 2693 3319 mente
2721 3226 2778 3319 et
2809 3240 2980 3319 carne
3009 3223 3402 3319 illuminatam
3434 3224 3637 3279 beatus
3667 3224 3770 3319 Dr-

2122 3312 2344 3368 hardus
2374 3313 2614 3384 excepit,
2647 3317 2704 3366 et
2736 3311 2869 3367 dato
2920 3311 3154 3366 nomine
3209 3310 3446 3366 Otiliam
3493 3311 3719 3367 vocavit
3748 3329 3763 3365 :

2120 3402 2272 3472 [quae
2304 3401 2362 3456 in
2396 3399 2793 3456 sanctimoniae
2843 3400 3149 3455 sanctitate
3202 3417 3573 3472 permanens,
3626 3400 3769 3455 boni

2121 3491 2380 3562 rectique
2407 3489 2688 3545 imitatrix
2721 3505 2834 3544 non
2888 3487 3256 3544 mediocriter
3303 3489 3576 3558 existens,
3611 3506 3770 3544 nunc

2113 3581 2237 3650 jam
2258 3597 2388 3635 cum
2410 3579 2637 3635 Christo
2665 3595 2916 3651 regnans
2929 3576 3097 3632 datin
3112 3578 3283 3633 terris
3315 3577 3762 3632 innumerorum

2119 3669 2422 3741 signorum
2456 3667 2737 3722 miracula
2765 3665 3016 3739 dietim.]
3050 3667 3184 3730 Quae
3217 3682 3308 3720 res
3349 3665 3641 3720 intentum
3668 3681 3766 3721 va-

2118 3756 2226 3811 luit
2253 3762 2315 3811 ut
2345 3773 2459 3812 non
2494 3755 3049 3820 mediocres,verum
3067 3755 3241 3810 etiam
3273 3769 3530 3825 persona:
3555 3758 3765 3825 poten-

2119 3850 2203 3900 tes
2235 3845 2422 3899 virum
2458 3844 2551 3899 Dei
2585 3843 2966 3916 Hildulphum
3017 3843 3429 3898 venerarentur
3458 3858 3525 3896 ac
3554 3841 3763 3914 dilige-

2119 3939 2266 3996 rent,
2291 3933 2461 4005 eique
2489 3933 2558 3986 ad
2589 3935 2973 4004 augmentum
3006 3929 3116 3986 loci
3151 3930 3368 3985 auxilia
3415 3931 3760 4001 praeberent.

2117 4023 2273 4092 [Erat
2303 4022 2457 4076 enim
2490 4021 2671 4076 totius
2729 4020 3056 4075 honestatis
3113 4021 3320 4075 decore
3377 4018 3760 4091 compositus,

2115 4111 2416 4182 aequaliter
2445 4127 2507 4166 se
2537 4109 2827 4165 affabilem
2861 4108 3143 4163 exhibens
3173 4107 3496 4177 omnibus}

2727 4223 2959 4280 CAPUT
2999 4222 3142 4278 XIII.

2184 4335 2258 4388 De
2289 4332 2519 4401 Begonis
2548 4331 2702 4386 donis
2757 4335 2806 4386 et
2832 4333 2925 4403 pio
2955 4331 3105 4385 obitu
3143 4331 3198 4385 S.
3253 4329 3494 4401 Spinuli.
3529 4361 3594 4368 ——
3624 4329 3762 4394 Qui-

2114 4423 2248 4478 dam
2281 4421 2476 4490 [enim]
2537 4420 2626 4474 vir
2658 4421 2832 4492 Bego,
2889 4418 3082 4473 dictus
3128 4417 3383 4485 nomine,
3437 4416 3624 4473 sancti
3656 4416 3765 4471 viri

2117 4511 2449 4568 necessitati
2495 4508 2960 4573 communicans,
3012 4523 3207 4563 rerum
3253 4523 3494 4563 suarum
3535 4505 3764 4578 aliquid

363 4613 562 4653 rarum
594 4597 743 4670 (Sep.
775 4614 838 4668 ιι,
869 4597 981 4666 24),
1015 4597 1204 4653 sciens
1237 4596 1337 4652 Dei
1389 4595 1607 4685 athleta
1649 4594 2005 4668 Hildulphus
2039 4621 2086 4685 D
2119 4600 2324 4657 usibus
2356 4599 2600 4654 fratrum
2633 4595 2941 4685 subgbeato
2970 4595 3090 4685 viro
3109 4595 3220 4651 Deo
3254 4593 3638 4685 militantium
3662 4595 3764 4685 de-

362 4702 426 4742 se
453 4702 710 4760 suosque
768 4686 1117 4760 quandoque
1161 4686 1295 4742 Adae
1343 4684 1605 4742 debitum
1651 4685 2005 4754 reddituros,

361 4773 674 4849 sepulturae
704 4775 898 4832 locum
955 4792 1212 4848 quaerere
1245 4773 1576 4830 destinavit.
1611 4774 1718 4830 Sed
1774 4775 1914 4846 quia
1944 4778 2008 4829 ut

361 4863 421 4920 in
453 4863 817 4921 convallibus
848 4863 1019 4934 solet,
1051 4865 1204 4920 circa
1235 4863 1657 4920 monasterium
1717 4880 2006 4935 aquarum

361 4958 484 5010 erat
513 4953 897 5024 abundantia,
933 4953 1174 5010 minime
1203 4957 1406 5026 aptum
1451 4953 1776 5008 coemeterio
1814 4951 2005 5007 locum

352 5043 639 5115 judicavit
662 5061 675 5112 ;
704 5044 774 5098 ad
795 5047 1060 5099 austrum
1090 5059 1223 5098 vero
1241 5041 1405 5097 collis
1425 5040 1778 5096 monasterio
1811 5040 2004 5095 immi-

361 5135 482 5199 net,
512 5149 689 5204 super
718 5149 889 5204 quem
913 5133 1001 5187 vir
1029 5138 1269 5189 sanctus
1295 5129 1602 5186 ecclesiam
1635 5134 2004 5197 construens,

363 5235 432 5274 ex
464 5220 698 5276 nomine
730 5221 883 5277 beati
913 5221 1173 5294 Gregorii
1206 5237 1367 5292 papae
1398 5218 1776 5284 consecravit,
1830 5224 2004 5289 atque

361 5307 582 5363 circum
615 5308 765 5364 hanc
797 5310 1189 5366 coemeterium
1224 5307 1537 5364 benedixit.

999 5398 1230 5454 CAPUT
1272 5398 1370 5451 XI.

431 5483 506 5538 Ab
563 5485 770 5541 Erardo
821 5489 1060 5558 episcopo
1117 5490 1394 5543 visitatur.
1443 5515 1512 5524 —
1559 5484 1734 5539 Fama
1779 5482 2003 5539 interea

455 5593 541 5658 12)
574 5591 636 5647 In
669 5596 782 5646 vet.
817 5609 926 5648 ms.
960 5597 1246 5649 excitatus.

453 5664 535 5732 l3)
566 5663 628 5720 In
663 5668 772 5719 vet.
809 5681 920 5719 ms.
948 5681 1050 5737 per
1079 5666 1212 5720 dies.

2117 4689 2309 4763 legare
2323 4687 2548 4758 statuit,
2563 4690 2736 4758 atque
2754 4683 2948 4740 locum
2967 4683 3068 4756 qui
3097 4699 3283 4755 usque
3296 4683 3468 4739 hodie
3481 4682 3765 4756 Begonis-

2117 4779 2273 4835 Cella
2329 4777 2561 4843 dicitur,
2625 4777 2682 4830 et
2739 4778 2963 4844 partem
3022 4772 3235 4846 Vosagi
3285 4789 3413 4844 qua:
3464 4771 3767 4828 Folchoc‘i-

2117 4870 2309 4940 Rupes
2339 4864 2684 4939 appellatur,
2718 4862 3051 4917 destinavit.
3085 4862 3344 4932 Denique
3396 4860 3484 4916 vir
3511 4859 3609 4916 Dei
3644 4860 3764 4916 llil-

2116 4957 2376 5029 dulphus
2407 4955 2464 5009 in
2497 4951 2641 5010 cella
2662 4953 2788 5022 jam
2811 4950 2966 5006 dicta
2994 4954 3207 5006 sanctae
3229 4949 3451 5006 scilicet
3481 4948 3639 5005 cruci
3671 4949 3765 5004 di-

2116 5052 2244 5101 cata
2272 5045 2460 5098 virum
2477 5057 2720 5097 summae
2741 5039 3089 5095 humilitatis
3107 5038 3520 5094 etobedientiae
3543 5036 3762 5110 Spinu-

2113 5133 2258 5199 lum,
2291 5130 2526 5187 nomine
2547 5128 2871 5194 constituit,
2891 5127 2950 5182 in
2983 5144 3098 5199 qua
3121 5127 3274 5182 idem
3307 5125 3481 5181 homo
3514 5125 3765 5182 fideliter

2115 5225 2228 5278 Dco
2259 5221 2513 5277 serviens
2547 5223 2673 5290 post
2689 5215 3043 5288 multiplices
3069 5217 3124 5270 in
3146 5216 3361 5271 Christi
3393 5213 3759 5288 agonelabo-

2113 5330 2205 5368 res
2237 5329 2303 5366 ac
2327 5325 2638 5364 numerosa
2654 5304 3068 5361 miraculorum
3096 5305 3352 5378 insignia
3382 5304 3514 5361 vita
3533 5308 3763 5360 aeternae

2112 5401 2459 5453 consecutus
2491 5399 2580 5450 est
2604 5392 2860 5465 praemia.
2895 5394 3077 5458 Quem
3105 5392 3478 5465 omnipotens
3499 5390 3762 5447 Trinitas

2112 5487 2264 5558 apud
2296 5502 2356 5540 se
2378 5481 2846 5557 gloriﬁcatumin
2879 5481 3069 5552 terris,
3101 5480 3422 5553 gloriosum
3455 5479 3764 5537 ostendere

2178 5591 2291 5668 (14)
2309 5589 2609 5668 Centilem
2633 5587 2726 5668 hic
2758 5588 3075 5668 imprOprie
3105 5586 3361 5668 appellat
3393 5589 3614 5668 auctor,
3642 5601 3759 5668 non

2109 5655 2280 5734 quasi
2307 5661 2464 5718 idola
2483 5659 2714 5725 coleret,
2732 5655 3004 5729 sed—quia
3016 5655 3279 5714 nondum
3295 5662 3421 5714 erat
3449 5655 3758 5729 baptizata.
