4000 6168
181 397 302 462 897

1280 374 1675 467 VALCANDI
1718 399 1905 464 vrm
1947 402 2015 466 s.
2061 401 2509 470 HILDULPHI.

3471 402 3590 471 598

179 533 384 604 volens
405 532 464 590 in
498 531 675 599 caelis,
711 550 813 608 per
871 531 1265 593 ministerium
1299 537 1626 612 angelicum
1659 537 1827 594 beato
1855 535 1911 604 Α
1940 539 2056 596 Deo
2087 539 2333 613 propitio
2357 539 2673 612 stabilitus,
2703 539 3180 614 pessumdabitur
3197 541 3480 599 funditus.
3502 542 3590 599 Li-

182 622 504 696 Hildulpbo
527 624 805 695 notificat,
839 629 905 682 ut
959 625 1190 699 glebam
1221 627 1405 683 sancti
1436 629 1507 684 ad
1542 632 1834 684 monaste-

180 712 767 769 riumtumulandum
801 715 1051 782 revehat,
1070 716 1244 787 [sicut
1272 717 1398 788 ipse
1427 717 1836 772 beatusadhuc

176 803 380 857 vivens
433 802 712 858 fratribus
769 819 902 858 cum
962 803 1149 859 multa
1205 822 1373 878 prece
1412 806 1833 879 mandaverat]

178 891 294 948 Nec
325 908 492 947 mora
522 908 695 947 senex
727 891 1036 965 imperanti
1092 896 1372 950 obediens
1418 895 1672 950 cinerem
1716 913 1830 967 quo

179 981 453 1054 fatigatos
485 985 647 1036 artus
695 981 1071 1038 collocaverat
1109 985 1343 1052 excutit,
1387 985 1829 1055 convocatisque

175 1070 461 1126 fratribus
521 1070 782 1125 hominis
839 1070 940 1126 Dei
999 1073 1231 1128 nuntiat
1287 1073 1532 1131 obitum.
1568 1072 1666 1144 qui
1699 1073 1830 1129 licet

171 1162 336 1214 tanto
397 1158 591 1214 fratris
644 1157 856 1214 auxilio
917 1161 1179 1216 destituti
1243 1166 1580 1228 maererent,
1631 1167 1824 1217 tamen

171 1246 372 1318 gloriae
403 1248 529 1318 ejus
588 1249 1051 1319 congaudebant,
1109 1251 1483 1322 accensisque
1523 1251 1703 1306 cereis
1751 1252 1823 1306 ad

173 1335 326 1391 beati
362 1336 489 1407 [viri
522 1335 776 1409 glebam]
808 1339 1116 1410 exsequias
1151 1341 1557 1411 properabant.

794 1479 1024 1535 CAPUT
1055 1479 1194 1535 XIV.

239 1585 323 1641 Ad
351 1587 510 1656 cujus
537 1587 814 1642 tumulum
855 1588 995 1657 ﬁunt
1043 1590 1331 1643 miracula.
1372 1620 1438 1630 —
1482 1588 1583 1644 Vis
1624 1589 1820 1662 itaque

162 1679 477 1730 ventorum
499 1674 632 1748 plus
653 1675 822 1731 solito
845 1675 1385 1744 inhorruerat,adeo
1407 1681 1471 1733 ut
1500 1695 1612 1734 non
1647 1679 1818 1734 modo

165 1764 430 1832 frutices,
461 1781 663 1820 verum
695 1765 866 1820 etiam
896 1783 1148 1822 annosas
1170 1783 1421 1838 quercus
1443 1767 1816 1838 excelsasque

163 1852 390 1909 abietes
423 1853 760 1909 eradicaret.
798 1855 858 1908 In
906 1853 1005 1908 tali
1041 1870 1176 1927 ergo
1208 1855 1440 1911 turbine
1463 1862 1597 1911 ante
1628 1855 1812 1911 sancti

160 1941 270 1997 viri
296 1941 529 2014 glebam
556 1942 826 1998 ardentes
847 1943 992 1998 cerei
1017 1960 1205 2014 usque
1247 1944 1317 1999 ad
1346 1943 1540 1999 locum
1568 1943 1816 2015 sepulcri

159 2030 520 2086 delatisunt.
555 2029 862 2102 Sepultum
881 2031 1060 2103 igitur
1085 2031 1349 2096 terris,ut
1365 2032 1519 2104 apud
1545 2048 1606 2086 se
1632 2031 1819 2087 vivere

158 2120 322 2176 Deus
343 2120 769 2175 demonstraret
789 2119 846 2174 in
873 2119 1054 2188 ccelis,
1076 2121 1350 2176 omnibus
1384 2121 1818 2176 inﬁrmantibus

158 2207 238 2262 ad
269 2209 460 2266 sancti
492 2208 599 2262 viri
629 2207 926 2264 tumulum
957 2209 1324 2265 venientibus
1353 2209 1533 2265 voluit
1555 2208 1819 2264 subveni-

157 2313 243 2352 re.
278 2297 493 2361 Quanti
516 2297 594 2352 ibi
631 2297 931 2370 paralytici
953 2298 1115 2354 venis
1137 2299 1546 2371 redintegratis
1582 2297 1814 2354 solidati

157 2392 324 2451 sunt,
355 2387 532 2442 verbo
553 2391 656 2440 aut
676 2386 893 2458 scripto
916 2404 1031 2442 non
1064 2387 1229 2442 facile
1261 2387 1662 2460 explicabitur,
1697 2404 1817 2442 om-

158 2477 254 2532 nis
276 2475 507 2530 caecitas
527 2473 843 2530 clariﬁcata
865 2475 997 2546 (est,
1023 2481 1173 2543 cum]
1195 2476 1416 2532 lumine
1433 2475 1583 2531 diem
1607 2476 1817 2531 mirata

155 2563 490 2636 obstupuit,
525 2562 830 2618 universas
848 2562 1118 2620 debilitas
1136 2565 1216 2619 ibi
1241 2581 1370 2620 recu
1383 2564 1594 2636 peratis
1609 2565 1814 2620 usibus

155 2653 344 2709 robur
359 2651 649 2707 amissum
682 2652 1014 2723 persensit;
1049 2653 1203 2709 unde
1235 2653 1422 2710 turbis
1454 2653 1815 2709 irruentibus

155 2747 391 2815 reperta
423 2745 514 2796 est
536 2756 690 2811 aqua
719 2740 1065 2797 salsissima.

801 2883 1032 2940 CAPUT
1056 2884 1169 2940 XV.

228 3001 364 3069 Quae
383 3015 594 3056 cessare
619 3001 852 3072 imperat
903 3001 959 3054 5.
992 3000 1276 3072 Hitdulfus
1306 3017 1373 3055 ne
1391 3002 1628 3072 fratrum
1659 3005 1816 3056 tran-

151 3090 404 3159 quillitas
429 3090 700 3144 turbetur.
733 3119 800 3129 —-
821 3089 1148 3161 Cupiditate
1180 3089 1358 3162 igitur
1389 3089 1620 3156 salutis,
1654 3089 1818 3146 habi-

152 3176 431 3249 litateque
455 3177 882 3250 loci,aquarum
907 3177 1273 3233 abundantia
1296 3179 1492 3250 populi
1526 3180 1816 3236 confluen-

1849 1903 1896 1968 Β

1946 634 2035 685 cet
2064 629 2364 699 enim,Deo
2383 635 2747 702 cooperante,
2773 632 3034 688 subsidia
3061 649 3367 705 corporum
3392 636 3590 689 nostro

1945 720 2317 775 conferantur
2340 719 2484 787 loco,
2519 725 2712 776 tamen
2763 721 3091 778 animarum
3135 723 3410 778 timemus
3442 721 3590 795 peri-

1943 808 2105 875 cuia;
2141 810 2294 864 unde
2351 809 2827 865 concurrentium
2882 811 3202 883 comprime
3258 813 3481 878 turbas,
3536 816 3590 866 et

1941 897 2185 952 hilarem
2222 898 2674 970 affluentemque
2707 900 2966 955 datorem
3007 901 3189 955 Deum
3223 900 3489 972 implora,
3525 905 3590 955 ut

1940 985 2360 1042 benedictionis
2390 989 2517 1044 e‘us
2549 989 2872 1044 sentiamus
2903 990 3590 1060 gratiam,quatenuspe-

1938 1076 2108 1130 nuria
2140 1076 2449 1132 necessarii
2481 1077 2668 1132 victus
2700 1094 2765 1133 ac
2789 1078 3032 1133 vestitus
3061 1077 3583 1150 expulsa,occasio-

1936 1179 2125 1235 neque
2146 1163 2383 1235 laqueos
2413 1166 2768 1236 deceptionis
2801 1167 3420 1237 optandiinvidissimo
3453 1167 3575 1220 dia-

1935 1251 2064 1306 bolo
2095 1253 2346 1318 sublata,
2381 1253 2733 1326 impleamus
2764 1260 2973 1310 nostrm
3007 1255 3384 1326 professionis
3416 1261 3570 1309 vota.

1931 1341 2093 1396 'I‘unc
2119 1358 2250 1396 vero
2276 1342 2500 1396 videres
2540 1343 2813 1413 spiritum
2863 1361 3035 1399 carne
3061 1343 3340 1409 solutum,
3375 1349 3432 1399 et
3461 1344 3577 1397 vita

1931 1430 2180 1502 potitum
2212 1431 2444 1486 obedire
2475 1432 2730 1498 mortali,
2763 1449 2827 1487 ac
2859 1433 2905 1488 si
2942 1433 3093 1487 idem
3128 1437 3420 1488 teneretur
3451 1432 3577 1486 vin-

1930 1518 2060 1574 culo
2089 1519 2315 1574 mortis.
2349 1520 2493 1574 Nam
2537 1520 2721 1592 signis
2752 1522 3139 1586 cessantibus,
3172 1520 3450 1592 venisque
3482 1538 3575 1575 co-

1929 1606 2132 1663 hibitis
2150 1607 2494 1674 salinarum,
2531 1609 2857 1680 frequentia
2887 1627 3118 1682 quoque
3149 1609 3362 1665 desinit
3393 1627 3577 1682 popu-

1927 1693 2230 1750 lorum.Ad
2262 1697 2685 1752 confutandum
2719 1701 2913 1753 tamen
2948 1699 3346 1769 impudentem
3379 1714 3577 1769 garru-

1926 1783 2147 1839 litatem
2179 1785 2509 1840 invidorum
2543 1790 2600 1839 et
2645 1786 3107 1852 incredulorum,
3143 1787 3318 1841 datur
3359 1786 3575 1839 ibidem

1926 1889 2113 1944 usque
2144 1873 2315 1928 hodie
2348 1873 2597 1945 prospici
2654 1875 3094 1930 evidentissima
3144 1875 3362 1930 indicia
3392 1875 3574 1928 trium

1927 1963 2224 2033 quondam
2259 1967 2588 2034 puteorum.
2622 1965 2882 2035 Denique
2909 1969 3150 2019 sanctus
3181 1963 3348 2018 finita
3400 1978 3570 2034 prece

1927 2067 1994 2106 ac
2021 2051 2408 2122 querimonia,
2434 2050 2626 2107 alacer
2647 2070 2711 2107 ac
2730 2054 2918 2109 fidens
2950 2071 3011 2108 se
3033 2055 3159 2123 jam
3193 2055 3573 2107 consecutum

1927 2143 2141 2210 Optata,
2177 2140 2249 2194 ad
2298 2141 2502 2195 fratres
2559 2158 2859 2212 regressus
2918 2141 3197 2197 sollicitos
3253 2139 3574 2212 vigilesque

1926 2228 2171 2283 orationi
2203 2228 2473 2283 insistere
2505 2229 2791 2297 hortatur,
2851 2247 2966 2302 quo
3024 2247 3291 2301 repressa
3329 2246 3573 2284 concur-

1926 2321 2090 2371 sante
2111 2317 2284 2371 turba
2333 2317 2406 2370 ab
2433 2317 2840 2388 Omnipotente
2889 2318 3206 2374 consolatio
3238 2317 3571 2373 voluntaria:

1925 2403 2285 2477 paupertatis
2319 2405 2554 2460 aliunde
2584 2422 2786 2460 eorum
2807 2407 3176 2479 dirigeretur.

2547 2539 2779 2594 CAPUT
2807 2540 2948 2595 XVI.

1995 2646 2322 2700 Donationes
2349 2647 2509 2716 factae
2554 2647 2903 2712 monasterio,
2938 2646 2991 2700 S.
3047 2645 3334 2717 Ilildulphi
3380 2645 3570 2700 morti-

1923 2735 2124 2804 ﬁcatio,
2155 2734 2266 2788 sibi
2292 2737 2426 2805 fuga
2462 2735 2714 2788 consulit.
2742 2765 2807 2772 ——
2832 2733 3108 2789 Precibus
3130 2751 3385 2806 namque
3416 2732 3570 2788 beati

1922 2822 2148 2896 Spinuli
2176 2822 2516 2894 meritisque
2548 2823 2698 2878 beati
2719 2823 2825 2878 viri
2849 2838 2982 2877 mox
3005 2823 3318 2879 subsecuta
3353 2826 3441 2877 est
3471 2822 3570 2876 be-

1924 2912 2175 2967 nedictio
2207 2911 2457 2967 Domini.
2492 2913 2637 2966 Nam
2668 2913 2926 2967 nondum
2965 2917 3188 2983 septem
3221 2912 3428 2967 diebus
3467 2911 3569 2966 de-

1924 3001 2136 3066 eursis,
2169 3001 2349 3072 Hagio
2394 3000 2479 3054 vir
2537 3000 2802 3067 illustris,
2837 3000 2935 3072 qui
2970 3005 3025 3055 et
3052 3000 3425 3072 Flariulphus
3457 2998 3569 3069 (l5)

1925 3089 2149 3144 solebat
2170 3089 2566 3160 cognominari
2581 3089 2648 3143 ad
2661 3088 2860 3154 fuit,ac
2877 3089 3182 3159 cujusdam
3202 3088 3412 3144 nobilis
3431 3106 3572 3160 pra:-

1927 3179 2005 3233 dii
2031 3178 2306 3233 Bercbem
2337 3178 2446 3248 (l6)
2471 3176 2605 3232 dicti
2631 3177 2945 3231 maximam
2978 3181 3202 3248 partem
3230 3177 3570 3232 contulitlo-

151 3266 462 3332 tes,forum
495 3265 576 3320 ibi
609 3269 865 3321 statuere
922 3270 1312 3333 tentaverunt,
1375 3285 1550 3338 quam
1585 3267 1813 3339 inquie-
1844 3271 1886 3337 C
1925 3284 1990 3323 co
2013 3268 2070 3322 S.
2107 3267 2294 3332 Petri;
2346 3267 2515 3336 cujus
2556 3264 2788 3320 traditio
2811 3264 3150 3320 solemniter
3170 3270 3316 3332 acta,
3351 3268 3570 3320 extem-

151 3355 423 3410 tudinem
453 3353 542 3408 vir
562 3355 662 3410 Dei
692 3354 1047 3426 Hildulphus
1081 3356 1339 3411 sentiens
1385 3357 1656 3423 indoluit,
1691 3357 1813 3428 [ba-

153 3442 288 3499 culo
319 3446 488 3498 artus
535 3445 792 3514 regente]
837 3442 1143 3499 ecclesiam
1179 3445 1327 3499 beati
1362 3443 1641 3516 Gregorii,
1672 3449 1735 3500 ut
1765 3444 1818 3500 ei

161 3532 350 3587 moris
380 3535 504 3587 erat
533 3535 804 3588 oraturus
863 3533 1119 3600 intravit,
1180 3533 1390 3589 deinde
1433 3533 1690 3590 oratione
1722 3552 1816 3589 ex-

160 3620 322 3694 pleta
355 3621 627 3687 surrexit,
661 3625 720 3676 et
743 3621 814 3676 ad
843 3621 1137 3676 tumulum
1167 3623 1224 3677 S.
1261 3622 1485 3694 Spinuli
1517 3623 1694 3690 venit,
1729 3629 1819 3678 at-

162 3726 298 3781 que,
333 3713 396 3762 ut
423 3712 549 3763 erat
600 3709 707 3780 pia:
769 3710 1004 3778 mentis,
1066 3727 1167 3765 ora
1200 3711 1472 3782 perfusus
1519 3711 1815 3783 lacrymis,

159 3795 395 3868 inquit:
430 3795 680 3863 Gratias,
716 3797 892 3854 frater
936 3799 1196 3870 Spinule,
1230 3798 1345 3853 Deo
1376 3798 1626 3870 agimus,
1661 3801 1816 3872 quod

159 3888 218 3940 te
253 3885 309 3939 in
343 3883 508 3957 pacis
564 3885 797 3956 regione
854 3887 1153 3958 quiescere
1211 3887 1527 3953 credimus,
1579 3893 1634 3944 et
1665 3888 1816 3960 apud

160 3973 624 4045 omnipotentem
671 3979 849 4030 Deum
883 3992 1056 4048 posse
1083 3975 1406 4047 plurimum
1439 3977 1812 4042 conﬁdimus,

162 4079 340 4118 nosce
357 4066 414 4116 te
435 4061 611 4117 etiam
637 4063 878 4131 scimus,
913 4065 1206 4135 quomodo
1254 4069 1310 4120 et
1331 4081 1509 4136 quare
1543 4081 1647 4119 nos
1677 4065 1816 4134 [sci-

161 4150 300 4204 licet
329 4150 621 4207 desiderio
650 4150 891 4208 liberius
924 4153 1166 4208 vacandi
1226 4153 1590 4208 orationibus
1623 4170 1686 4208 ac
1719 4155 1816 4208 de-

165 4238 455 4293 serviendi
489 4239 628 4312 Deo]
686 4240 944 4295 tumultu
1006 4240 1352 4312 populorum
1416 4241 1612 4296 relicto
1670 4241 1821 4297 hanc

165 4325 550 4382 solitudinem
575 4327 1026 4384 devenimus.Tu
1060 4329 1238 4403 igitur
1267 4329 1688 4401 tranquillitate
1720 4348 1818 4402 po-

166 4415 333 4480 titus,
366 4416 551 4471 nostri
603 4417 701 4487 qui
739 4417 794 4471 in
827 4417 920 4470 via
943 4418 1147 4473 mortis
1173 4436 1402 4484 sumus,
1434 4417 1664 4473 etinter
1693 4420 1819 4490 ejus

166 4504 433 4576 pericula
464 4503 836 4568 fluctuamus,
874 4505 1146 4561 miserere
1177 4524 1436 4574 oramus,
1473 4506 1612 4578 quin
1645 4507 1819 4562 etiam

1929 3356 2022 3428 plo
2039 3359 2127 3410 est
2149 3354 2357 3410 litteris
2375 3353 2673 3418 innodata,
2709 3353 3059 3424 praefatoque
3083 3351 3400 3410 Leutbaldo
3430 3356 3571 3408 tunc

1927 3443 2208 3516 temporis
2236 3443 2431 3498 abbati
2454 3447 2543 3497 est
2563 3441 3026 3513 credita,quibus
3047 3441 3502 3509 convinceretur,
3523 3442 3572 3496 si

1928 3532 2125 3604 aliqua
2168 3532 2516 3603 quandoque
2545 3531 2679 3586 hinc
2715 3530 3147 3586 machinaretur
3188 3529 3572 3586 violentorum

1928 3620 2511 3679 controversia.Multi
2537 3621 2745 3676 deinde
2769 3619 3053 3676 nobilium
3079 3620 3234 3691 juris
3253 3621 3340 3676 sui
3363 3619 3577 3692 prmdia

1930 3711 2165 3783 praefato
2196 3710 2319 3765 loco
2351 3709 2858 3777 contulerunt,nec
2881 3708 3068 3765 multo
3090 3713 3224 3781 post
3244 3708 3580 3781 aliquapor—

1927 3799 2008 3855 tio
2031 3798 2175 3853 villae
2193 3798 2698 3871 Hundinis-Heym
2723 3803 3072 3871 nuncupatac
3094 3797 3280 3853 eidem
3305 3797 3429 3854 loco
3460 3815 3579 3853 ces-

1929 3888 2005 3943 sit
2027 3889 2160 3959 jure
2193 3888 2568 3959 possessoris.
2630 3888 2954 3959 Perpendat
3013 3885 3206 3958 digne,
3269 3887 3368 3957 qui
3403 3886 3574 3952 valet,

1929 3993 2106 4048 quam
2131 3976 2419 4047 profunda
2449 3975 2658 4030 viriste
2683 3975 3129 4030 mortiﬁcatione
3159 3973 3271 4038 sui,
3289 3973 3403 4029 Deo
3425 3974 3580 4028 vitae-

1928 4081 2042 4135 que
2063 4081 2180 4120 suae
2204 4062 2835 4133 inhmsissctApostolo
2858 4063 3150 4132 equidem,
3183 4062 3457 4133 quodqne
3489 4067 3579 4117 est

1929 4151 2324 4216 excellentius,
2359 4152 2468 4222 ips:
2490 4149 2715 4205 Christo
2736 4151 2966 4205 videtur
3003 4150 3335 4215 crucifixus,
3372 4155 3576 4221 potens

1929 4239 2120 4294 dicere
2145 4235 2295 4292 veris
2325 4235 2505 4292 animi
2531 4237 2770 4291 vocibus
2794 4253 2806 4290 :
2859 4236 2995 4291 Mihi
3020 4236 3256 4291 mundus
3280 4239 3577 4308 cruciﬁxus

1928 4337 2023 4393 est,
2059 4336 2110 4383 et
2158 4343 2253 4396 ego
2305 4326 2507 4382 mundo
2555 4326 2695 4395 (Gal.
2729 4340 2808 4390 v1,
2838 4325 2946 4396 14).
2983 4326 3052 4382 Et
3085 4343 3096 4381 ε
3138 4328 3280 4392 Vivo,
3319 4328 3440 4397 jam
3469 4343 3580 4381 non

1929 4418 2186 4486 cgo,vivit
2213 4431 2336 4470 vero
2367 4417 2424 4470 in
2449 4433 2531 4470 me
2563 4415 2807 4470 Christus
2834 4415 2972 4486 (Gal.
3007 4430 3068 4481 ιι,
3100 4415 3214 4485 20).
3258 4415 3581 4471 Crucifixus

1931 4505 2146 4576 quippe
2187 4503 2298 4576 ipsi
2362 4505 2551 4560 fuerat
2611 4505 2871 4560 mundus
2922 4503 2979 4558 in
3041 4503 3297 4577 maligno
3355 4506 3582 4576 positus

166 4592 218 4647 si
244 4591 333 4647 fas
351 4596 437 4647 est
460 4592 747 4665 exigimus
781 4592 881 4648 illa
901 4592 1028 4664 ipsa
1060 4593 1272 4649 virtute
1317 4594 1599 4666 praeclarae
1634 4596 1820 4650 maxi-
1856 4625 1903 4689 Β
1936 4596 1983 4662 (Ι
1999 4598 2160 4649 Joan.
2196 4611 2252 4658 v,
2297 4595 2405 4663 i9),
2440 4592 2538 4664 qui
2583 4609 2685 4648 nec
2707 4594 2950 4649 adversa
2975 4594 3443 4688 pertimescebat,
3481 4611 3582 4650 nec

169 4698 398 4752 maeque
447 4681 808 4748 obedientiac,
844 4699 969 4753 qua:
1007 4682 1065 4736 in
1090 4687 1143 4738 te
1175 4682 1404 4738 refulsit
1433 4685 1576 4738 dum
1603 4687 1821 4755 tempo-

169 4769 376 4824 raliter
401 4768 641 4835 viveres,
702 4771 870 4840 cujus
904 4787 1137 4842 quoque
1195 4771 1402 4826 merito
1453 4771 1820 4839 aeternaliter,

170 4862 236 4912 ut
257 4857 627 4912 evidentibus
675 4863 728 4911 et
753 4858 1112 4929 quotidianis
1139 4857 1325 4930 signis
1356 4858 1556 4930 liquet,
1581 4861 1822 4932 gaudes,

170 4963 243 5001 ne
275 4945 660 5016 popularibus
695 4947 942 5018 negotiis
961 4946 1226 5019 religioni
1250 4948 1586 5004 monasticae
1621 4948 1824 5004 indici-

170 5033 309 5089 bilis
343 5033 786 5105 periclitationis
807 5034 1119 5106 procellam
1143 5036 1410 5092 suscites.
1441 5035 1498 5091 Si
1530 5036 1685 5092 enim
1719 5037 1826 5092 hac

174 5121 528 5194 populorum
559 5123 915 5180 continentia
946 5123 1132 5196 pressi
1165 5125 1472 5190 fuerimus,
1493 5142 1604 5179 non
1620 5143 1825 5197 parum

173 5227 208 5265 a
234 5211 533 5282 proposito
548 5210 1141 5284 declinabimus,quin
1164 5211 1445 5284 paulatim
1461 5213 1826 5268 saecularium

165 5298 387 5371 jurgiis
418 5303 474 5354 et
505 5299 699 5354 causis
729 5317 794 5355 ac
849 5301 894 5353 si
956 5301 1134 5355 nimio
1169 5301 1399 5372 pulvere
1433 5301 1624 5356 infecti
1655 5306 1828 5372 atque

175 5387 396 5453 foedati,
418 5387 684 5442 omnium
719 5389 1111 5444 mundissimo
1144 5389 1382 5444 minime
1416 5389 1829 5444 irihmrebinius

169 5475 450 5542 Creatori,
480 5475 754 5548 quodque
787 5477 976 5532 absit!
1016 5475 1157 5531 ordo
1198 5477 1555 5532 monastieus
1588 5477 1826 5547 hicjam

240 5607 359 5747 (15)
395 5607 454 5660 ln
487 5609 790 5664 recentiori
819 5626 929 5664 ms.
982 5608 1194 5735 ligitur
1223 5609 1578 5680 Hariulphus.

241 5677 337 5747 (16
393 5677 478 5734 Ita
512 5678 573 5734 in
601 5696 710 5737 ms.
731 5680 1002 5737 Mediani-
1067 5679 1452 5747 onasterii,ita
1473 5681 1578 5736 etia

241 5677 359 5748 (16)
393 5677 478 5734 Ita
512 5678 573 5734 in
601 5696 710 5737 ms.
731 5677 1452 5748 Mediani-Monasterii,ita
1473 5681 1647 5737 etiam
1680 5682 1832 5737 infra

1935 4697 2214 4752 prospera
2237 4682 2563 4752 appetebat.
2593 4682 2716 4752 lpse
2747 4682 2958 4737 deinde
2991 4676 3208 4738 mundo
3241 4698 3413 4754 quem
3447 4683 3582 4737 abo-

1937 4770 2273 4824 minabatur
2319 4774 2606 4834 mortuus,
2643 4787 2709 4825 ex
2760 4774 2922 4841 parte
2955 4770 3190 4837 diaboli,
3222 4773 3389 4842 cujus
3421 4770 3584 4826 blan-

1935 4857 2151 4912 dientis
2173 4856 2396 4912 viscum
2431 4857 2648 4923 vitavit,
2685 4858 2973 4914 saevientis
2994 4859 3276 4932 impetum
3309 4877 3423 4915 non
3455 4859 3587 4915 hor-

1935 4946 2072 5012 ruit,
2105 4945 2378 5000 honorari
2409 4962 2612 5002 verens
2641 4947 2695 5000 in
2731 4946 3002 5018 propriis,
3037 4947 3331 5003 commisit
3375 4965 3435 5004 sc
3490 4966 3586 5020 pe-

1938 5032 2207 5105 regrinis,
2245 5034 2302 5086 in
2336 5032 2549 5104 quibus
2581 5051 2642 5088 se
2698 5033 3011 5105 glorificari
3067 5040 3378 5106 postquam
3414 5036 3585 5091 intel-

1938 5123 2251 5194 lexit,fuga:
2275 5121 2601 5188 consuluit;
2637 5123 2737 5177 sed
2769 5123 3348 5178 tandeminsecutum
3380 5123 3584 5194 gloria,

1940 5211 2171 5266 ﬂentem
2191 5215 2246 5266 et
2279 5209 2657 5265 reluctantem
2681 5211 2958 5267 violenter
2972 5203 3364 5282 retinuit,qua
3394 5216 3588 5267 tamen

1937 5316 2001 5353 se
2035 5317 2146 5353 non
2185 5298 2368 5352 multo
2401 5300 2531 5369 post
2562 5298 2880 5365 excutiens,
2910 5298 3059 5353 hanc
3091 5298 3266 5353 eremi
3289 5297 3589 5353 habitatri—

1940 5403 2062 5442 cem
2096 5388 2216 5442 fore
2246 5387 2541 5454 diflidcns,
2587 5386 2775 5442 invias
2817 5386 3136 5460 exploravit
3196 5388 3384 5443 sedes.
3450 5387 3592 5444 llluc

1940 5475 2117 5530 etiam
2149 5492 2255 5531 nec
2306 5481 2445 5532 tunc
2476 5475 2713 5548 quidem
2757 5475 2941 5548 gloria
2970 5477 3042 5532 ab
3075 5477 3437 5534 insecutione
3470 5482 3591 5534 tam

1941 5607 2158 5749 llpgitu;
2187 5608 2244 5690 in
2266 5626 2393 5681 cap.
2425 5609 2492 5664 19
2513 5627 2526 5676 ;
2550 5609 2727 5665 codex
2749 5613 2944 5665 tamen
2971 5610 3428 5668 Paderbonensis
3461 5611 3598 5683 legit

1983 5695 2113 5735 cren
2161 5697 2239 5733 ηε.

1983 5695 2239 5735 eranum.
