3990 6156
370 371 486 460 599

1096 363 1294 441 sse.
1339 377 1423 440 x1
1465 375 1693 472 AUCT.
1739 371 2052 437 INCERTI
2095 372 2287 436 ANNI
2331 375 2431 439 ET
2475 376 2776 442 sempr.
2819 388 3046 438 'Amn.

3660 374 3788 440 δοο
3833 421 3838 426 .

367 504 684 565 laudabilis
715 507 944 584 fugitivi
965 511 1618 584 fatigata,quasisaltem
1640 509 2022 583 egentissimo
2051 507 2108 576 Α
2137 508 2255 565 tius
2271 512 2603 579 committit,
2636 513 2799 570 uteis
2828 532 2932 586 pro
2955 530 3125 587 posse
3146 512 3300 569 intra
3316 516 3372 568 et
3421 515 3584 571 extra
3611 510 3785 568 ﬁdele

373 589 554 652 totius
572 597 700 670 opis
722 597 952 656 facilius
975 616 1346 672 persuasura,
1379 606 1434 655 et
1485 599 1637 672 quod
1670 600 1863 671 majus
1892 601 2017 654 erat

373 686 771 758 subiectorum
799 688 1259 760 pecuniaria,qui
1286 703 1654 760 nequaquam
1679 687 2018 743 movebatur

377 773 575 830 suasio
614 791 846 848 quoque
875 792 988 830 non
1027 780 1142 831 stat
1190 775 1405 831 confisa
1439 781 1663 848 paratu,
1707 776 2019 847 subrepere

376 862 462 919 illi
485 863 1233 936 quzesivit(17)divinorum
1267 865 1568 938 signorum
1603 866 1843 929 amictu,
1875 881 2018 936 qua-

376 955 547 1007 tenus
568 955 872 1008 veneretur
891 952 977 1008 vir
999 952 1093 1008 ille
1117 971 1177 1009 se
1207 953 1508 1026 culpatum
1540 953 1635 1025 iri,
1668 954 1716 1009 si
1749 952 2019 1024 repudia-

380 1043 466 1096 ret
486 1039 653 1113 quasi
672 1041 952 1098 divinitus
991 1043 1318 1116 procuratis
1347 1043 1583 1099 interim
1613 1041 1824 1098 fulciri.
1859 1040 2020 1108 Quis,

380 1123 597 1199 quaeso,
617 1127 1024 1202 religiosorum
1047 1131 1156 1187 hac
1173 1137 1374 1188 nostra
1393 1135 1737 1204 tempestate
1769 1147 1882 1185 non
1897 1145 2020 1184 am-

377 1216 510 1273 biat
546 1218 797 1292 negotiis
817 1220 1014 1275 saeculi
1061 1237 1152 1276 res
1176 1238 1313 1277 suas
1340 1221 1560 1294 augeri,
1584 1219 2022 1276 adventantium

380 1305 767 1363 concursibus
788 1307 981 1364 extolli
1010 1309 1038 1363 ?
1068 1308 1199 1380 quis
1215 1326 1386 1382 porro
1417 1309 1556 1364 talia
1576 1308 1687 1364 sibi
1718 1311 2026 1380 suppetere

380 1395 606 1468 videns,
640 1401 754 1454 nOn
790 1399 988 1454 credat
1010 1415 1072 1454 se
1098 1398 1323 1454 ccelitus
1348 1399 1640 1464 honorari,
1675 1413 2025 1453 enumerans

383 1485 496 1542 sibi
520 1485 606 1542 vel
635 1486 831 1558 potius
854 1488 1081 1560 fingens
1117 1489 1188 1544 de
1209 1505 1270 1544 se
1301 1489 1566 1560 quaedam
1591 1487 1864 1553 maxima,
1899 1503 2025 1558 quae

377 1575 500 1646 jam
523 1576 676 1648 apud
698 1579 878 1632 Deum
903 1581 1172 1633 constant
1199 1577 1446 1632 minima
1467 1581 1567 1632 aut
1585 1576 1746 1631 nulla
1767 1576 1794 1631 ‘?
1810 1580 2026 1631 Verum

383 1664 617 1720 Deicola
645 1665 830 1721 instar
847 1666 999 1722 beati
1022 1666 1263 1722 Abrahae
1288 1683 1400 1721 non
1425 1683 1667 1721 casurus
1693 1665 2030 1720 tentabatur

387 1770 422 1808 a
451 1753 698 1809 Domino
747 1754 964 1810 sciente
1011 1754 1100 1810 vel
1131 1755 1272 1827 quid
1302 1756 1426 1827 ipse
1449 1760 1603 1810 esset
1626 1755 1909 1820 facturus,
1941 1753 2026 1809 vel

2119 598 2379 672 jugeque
2403 602 2737 673 priesirlium
2763 604 2857 673 sit,
2888 604 3041 676 quod
3067 603 3153 658 vir
3196 603 3312 658 Deo
3352 601 3561 675 plenus
3591 601 3784 657 liben-

2125 687 2353 744 tissime
2376 690 2622 762 annuit].
2657 693 2912 747 Tandem
2933 692 3132 748 dulces
3163 691 3219 746 in
3253 689 3556 763 amplexus
3587 706 3776 744 ruen-

2129 781 2308 838 tes.ac
2343 780 2566 834 mutuis
2599 780 2919 853 multisque
2969 781 3203 836 fletibus
3234 797 3295 836 se
3336 780 3785 852 perfundentes,

2128 865 2385 921 oratione
2403 867 2618 938 pariter
2646 869 2797 935 fusa,
2824 886 2934 925 non
2952 869 3077 926 sine
3098 869 3347 924 maxima
3363 867 3555 924 cordis
3568 867 3793 923 contri-

2131 955 2286 1011 tione
2300 960 2503 1012 mutua
2515 955 2880 1013 visionecaru
2891 957 3225 1014 ere.Beatus
3244 960 3437 1013 autem
3460 955 3789 1026 Erhardus,

2132 1044 2332 1100 Rheno
2367 1047 3142 1120 transvadato,Regensborg
3164 1047 3281 1120 (18)
3297 1045 3590 1101 civitatem
3612 1062 3790 1101 suam

2132 1133 2327 1189 sedem
2346 1134 2613 1190 videlicet
2631 1139 2748 1190 tam
2769 1141 2968 1192 sancto
3012 1135 3261 1208 prmsule
3287 1134 3573 1191 celebrem
3627 1135 3790 1190 futu-

2134 1240 2258 1278 ram
2308 1223 2506 1278 subiit.
2568 1228 2631 1280 In
2693 1242 2811 1297 qua
2858 1242 2972 1281 non
3005 1229 3136 1298 post
3165 1223 3418 1297 plurima
3449 1227 3788 1296 temporum

2135 1312 2428 1368 curricula
2457 1317 2618 1369 sexto
2679 1315 2818 1370 Idus
2846 1313 3107 1370 Januarii
3164 1314 3236 1369 de
3287 1315 3473 1369 morte
3499 1313 3569 1368 ad
3601 1312 3789 1368 vitam

2135 1401 2386 1457 transiit.
2411 1403 2663 1458 Sanctus
2693 1419 2827 1457 vero
2847 1401 3200 1474 Hildulphus
3233 1403 3306 1457 ab
3339 1417 3510 1473 opere
3532 1400 3632 1456 Dei
3665 1417 3789 1456 non

2137 1489 2461 1556 deficiebat,
2495 1491 2594 1546 sed
2618 1491 2864 1562 jejuniis
2895 1495 2950 1546 et
2980 1490 3284 1546 laboribus
3318 1490 3588 1562 fatigatos
3619 1494 3790 1546 artus

2137 1578 2366 1650 spiritui
2390 1580 2604 1635 servire
2633 1581 2896 1653 cogebat,
2931 1580 3208 1636 fratribus
3241 1580 3354 1634 sibi
3408 1579 3687 1650 subjectis
3720 1596 3790 1634 ac

2138 1667 2391 1722 maxime
2419 1668 2628 1723 Joanni
2689 1673 2745 1724 et
2799 1669 3057 1741 Benigno
3115 1669 3393 1739 [quorum
3427 1667 3788 1724 mentionem

2137 1773 2316 1828 supra
2362 1757 2652 1828 fecimus],
2687 1774 2834 1829 quos
2882 1757 3140 1830 quotidie
3172 1757 3244 1812 ad
3278 1756 3522 1812 meliora
3551 1756 3792 1812 tendere

388 1841 818 1937 quidlateretin
837 1842 1056 1899 famulo
1076 1848 1501 1937 suo,quatenus
1520 1831 1688 1899 nebis
1709 1843 2030 1937 aperiretur
2059 1871 2107 1937 B
2137 1845 2447 1917 gaudebat,
2481 1863 2629 1918 quos
2662 1845 2838 1902 etiam
2878 1863 2991 1902 non
3034 1845 3226 1902 solum
3253 1845 3490 1919 publica
3516 1845 3794 1902 exhorta-

387 1928 637 1986 nimium
668 1928 879 1988 intima
921 1933 1049 2005 ejus
1069 1931 1455 2000 mortificatio,
1492 1933 1592 1988 sed
1610 1934 1736 2004 jam
1769 1931 2032 1988 calamus
2059 1928 2103 1937 ”
2141 1933 2426 1998 tione,sed
2449 1935 2599 1990 inter
2615 1935 2756 1990 dum
2770 1935 2996 2007 privata
3014 1953 3078 1990 ac
3095 1932 3794 1992 amicabilicollocutione

384 2018 664 2076 reddatur
693 2020 851 2094 operi
881 2026 1090 2094 empto.

988 2139 1221 2194 CAAUT
1257 2139 1427 2194 XVII.

459 2246 727 2316 Defuncto
755 2245 946 2300 abbate
975 2246 1265 2302 Leutbaldo
1295 2247 1522 2302 resumit
1569 2262 1761 2301 curam
1779 2249 2032 2314 pastora-

387 2333 493 2390 lem
519 2335 581 2389 in
607 2335 916 2390 monachos.
947 2365 1008 2376 -—
1033 2335 1317 2390 Dominus
1337 2335 1573 2390 tandem
1598 2333 1952 2390 Leutbaldus
1975 2335 2037 2388 ﬁ-

387 2421 592 2479 deliter
607 2427 781 2496 atque
811 2425 1130 2496 prudenter
1149 2423 1556 2479 administrate
1577 2421 2036 2495 dispensationis

387 2511 500 2567 sibi
527 2512 756 2568 creditae
775 2513 1059 2582 ofﬁcio,ex
1082 2513 1262 2583 hujus
1278 2513 1406 2567 vitae
1427 2513 1763 2567 subtractus
1786 2510 2032 2581 lubrico,

387 2603 551 2656 artus
573 2600 998 2673 solo,spiritum
1021 2602 1272 2657 reddidit
1300 2600 1462 2664 coelo,
1491 2601 1822 2672 perenniter
1850 2600 2034 2654 inhae-

387 2705 595 2744 surum
625 2691 890 2758 Domino,
924 2690 1017 2744 cui
1064 2689 1208 2745 nihil
1257 2689 1512 2762 praetulit
1539 2690 1595 2744 in
1630 2689 1869 2744 mundo.
1905 2689 2035 2743 Mox

388 2776 810 2833 monachorum
828 2778 998 2833 anxia
1023 2778 1197 2833 turba
1217 2777 1406 2833 idonei
1425 2778 1677 2849 pastoris
1708 2777 2034 2850 provisione

386 2865 693 2938 temporali
707 2865 1081 2933 destituta,ad
1100 2866 1336 2938 pietatis
1353 2866 1684 2939 pontificem
1704 2867 2033 2936 recursitat,

388 2957 446 3010 et
466 2970 601 3010 eum
623 2953 893 3009 luctuosa
936 2955 1228 3010 reﬂectere
1257 2971 1425 3027 prece
1455 2954 1742 3026 quaeritat,
1777 2971 1848 3010 ne
1878 2954 2036 3008 dedi-

387 3046 667 3117 gnaretur
687 3043 882 3099 ovium
909 3059 1203 3100 resumere
1225 3044 1538 3110 sarcinam,
1557 3061 1660 3115 pro
1682 3044 1899 3116 quibus
1929 3061 2035 3115 pa-

389 3136 616 3188 storum
633 3132 841 3188 Pastor
870 3133 1160 3205 probrosae
1193 3132 1400 3188 mortis
1431 3134 1732 3206 amplexus
1762 3138 1850 3188 est
1881 3134 2034 3202 inju-

388 3222 781 3278 riam.Verum
802 3222 889 3277 vir
910 3221 1196 3290 docibilis,
1224 3222 1321 3278 Dei
1345 3223 1546 3278 cedere
1571 3239 1789 3294 gnarus
1812 3220 2030 3294 pietati,
2064 3233 2106 3301 ρ

388 3328 503 3367 non
527 3314 723 3367 autem
744 3311 998 3368 emeritae
1015 3312 1140 3383 jam
1161 3311 1443 3368 senectuti
1467 3311 1926 3383 haudquaquam
1937 3311 2032 3381 ju-

389 3399 602 3456 dicavit
633 3401 1007 3457 refutandum
1039 3402 1195 3472 quod
1219 3400 1716 3457 animadvertebat
1735 3400 2029 3455 Christum

381 3491 610 3562 jubere,
643 3492 716 3546 de
774 3507 1017 3546 suorum
1056 3489 1392 3562 praecordiis
1440 3507 1660 3562 pauper
1699 3489 2027 3561 pastoralis.

382 3581 581 3649 Itaque
634 3575 830 3648 gregis
881 3591 1053 3648 grave
1084 3592 1256 3632 onere
1289 3581 1480 3632 denuo
1513 3581 1804 3648 suscepto,
1840 3577 2029 3632 tribus

381 3665 687 3724 solumodo
747 3665 917 3720 annis
960 3665 1178 3736 quibus
1235 3669 1530 3738 superstes
1589 3665 1697 3719 fuit
1727 3665 1784 3720 in
1817 3663 2028 3720 saeculo

379 3756 670 3812 instanter
689 3753 943 3827 porrexit
964 3753 1240 3809 fratribus
1256 3754 1477 3826 virgam
1494 3753 1875 3826 correptionis
1892 3770 2028 3808 eum

375 3843 820 3902 sustentationis
839 3841 1066 3911 baculo,
1096 3858 1162 3898 eo
1193 3842 1484 3915 siquidem
1517 3844 1586 3898 ad
1633 3843 2028 3898 emetiendum

374 3932 650 3992 curriculi
682 3931 1008 4006 pauxillum
1041 3933 1195 4004 quod
1232 3932 1488 3988 restabat
1521 3932 1871 3987 reddebatur
1908 3930 2026 3985 ala-

373 4025 527 4082 crior
549 4040 666 4098 quo
716 4025 980 4095 correpto
1008 4021 1195 4094 spatio
1218 4026 1467 4093 coeperat
1500 4020 1698 4076 bravio
1731 4020 1853 4075 ﬁeri
1885 4018 2026 4074 vici-

370 4112 521 4168 nior.

964 4198 1197 4256 CAPUT
1235 4197 1430 4254 XVIII.

443 4309 499 4365 S.
531 4307 771 4364 Erardus
802 4308 913 4379 ipsi
943 4305 1218 4362 valedicit.
1251 4305 1472 4360 —Inde
1493 4305 1698 4361 beatus
1730 4303 2027 4362 Erhardus

375 4399 712 4453 constructa
758 4395 1003 4451 ecclesia
1032 4411 1101 4450 ex
1131 4393 1366 4449 nomine
1398 4393 1456 4448 S.
1505 4392 1855 4448 confessoris
1887 4393 2024 4465 Apri

376 4502 491 4540 non
525 4483 723 4556 procul
754 4500 789 4538 a
819 4481 1271 4552 monasterio,ad
1304 4480 1505 4536 laevam
1520 4481 1738 4537 scilicet
1765 4483 1886 4552 jam
1911 4483 2023 4537 dic-

375 4572 418 4628 ti
445 4571 729 4640 ﬂuminis,
763 4571 928 4626 fratri
973 4587 1079 4626 suo
1099 4570 1221 4624 viro
1243 4569 1342 4624 Dei
1391 4573 1523 4641 post
1562 4569 2022 4626 exhortationem

373 4663 434 4718 in
467 4660 755 4718 Creatoris
785 4659 997 4716 militia
1027 4659 1172 4714 dixit
1205 4675 1218 4714 :
1267 4658 1552 4714 Dominus
1605 4659 1864 4731 possedit
1917 4659 2025 4715 tibi

371 4751 910 4818 locum,adfuturus
931 4749 1206 4805 omnibus
1223 4765 1349 4820 qua:
1371 4747 1562 4820 egeris
1579 4765 1590 4803 :
1607 4753 1799 4804 tamen
1817 4765 2024 4805 moneo

371 4845 428 4899 et
456 4844 587 4914 peto
621 4844 687 4896 ut
707 4839 1162 4895 novissimorum
1205 4837 1430 4910 jugiter
1462 4835 1764 4908 nostrique
1796 4854 2024 4893 memor

371 4932 474 4997 sis,
507 4947 602 4987 me
631 4945 773 4986 sane
803 4931 1030 5002 oportet
1079 4927 1352 4999 separari’
1380 4943 1415 4981 a
1471 4929 1546 4992 te,
1605 4931 1842 4998 aspectu
1905 4944 2020 4982 non

370 5019 718 5092 corde,facie
744 5035 862 5075 non
893 5021 1085 5074 mente
1113 5033 1127 5082 ;
1157 5015 1400 5088 angelus
1432 5019 1626 5070 autem
1660 5015 1888 5071 Domini
1919 5017 2019 5071 bo-

372 5127 483 5166 nus
505 5110 677 5181 juxta
697 5107 1126 5180 beneplacitum
1169 5105 1298 5177 ejus
1335 5120 1530 5160 comes
1557 5104 1655 5158 fiat
1685 5121 1824 5158 meae
1859 5121 2019 5176 pere-

373 5198 721 5272 grinationis
751 5197 948 5254 sedem
982 5194 1277 5268 propriam
1322 5193 1573 5249 revisere
1631 5193 2014 5264 disponentis.

374 5285 500 5358 [Cui
559 5290 778 5354 contra,
835 5287 1029 5351 frater,
1082 5284 1290 5339 beatus
1347 5283 1591 5338 antistes
1623 5281 1774 5337 inter
1817 5287 2022 5338 caetera

375 5377 730 5430 secretorum
757 5374 1080 5430 caelestium
1112 5371 1420 5444 colloquia,
1469 5371 1677 5426 fratres
1727 5387 1872 5442 quos
1905 5371 2020 5427 Deo

373 5462 806 5534 venerabilique
837 5466 1078 5535 patrono
1111 5460 1426 5516 Maximino
1459 5463 2021 5532 aggregarat,atten-

443 5598 555 5670 (17)
596 5596 661 5670 I_n
692 5610 804 5650 ms.
836 5594 1255 5670 leg._guwsivit.

449 5665 561 5742 (18⁷)
602 5668 666 5726 In
699 5682 810 5723 ms.
840 5665 1091 5724 Median.
1124 5665 1522 5723 Renesbuorch.

2141 2022 2234 2078 sui
2283 2039 2573 2079 memores
2605 2024 2724 2078 fore
2746 2024 3039 2092 monebat,
3073 2041 3176 2096 pro
3209 2027 3365 2080 statu
3398 2023 3792 2080 Ecclesiarum

2142 2111 2262 2180 Dei,
2298 2129 2402 2183 pro
2433 2128 2575 2184 pace
2607 2128 2810 2184 regum
2867 2116 2924 2168 et
2975 2112 3164 2168 salute
3225 2112 3579 2184 populorum
3621 2128 3795 2168 orare

2141 2201 2443 2268 suadebat,
2474 2201 2628 2256 viam
2669 2217 2802 2256 vero
2821 2201 2950 2256 vita:
2983 2219 3160 2273 quam
3201 2201 3380 2257 semel
3420 2201 3795 2274 arripuerant

2141 2289 2388 2344 ﬁdeliter
2413 2306 2664 2356 currere,
2691 2294 2748 2345 et
2763 2289 2961 2345 bravio
2985 2307 3248 2362 superna)
3293 2289 3792 2346 remunerationis

2142 2378 2392 2434 scienter
2419 2378 2712 2447 anhelare,
2751 2379 2894 2434 illud
2934 2379 3303 2435 Dominicum
3336 2379 3583 2435 sollicito
3613 2379 3791 2435 corde

2144 2467 2380 2522 assidue
2410 2466 2744 2539 replicando
2778 2485 2790 2522 :
2825 2470 2988 2524 Nemo
3019 2470 3237 2524 mittens
3265 2485 3496 2523 man-um
3527 2485 3688 2524 suam
3719 2467 3793 2522 ad

2141 2558 2389 2611 aratrum
2417 2560 2466 2610 et
2498 2557 2791 2626 respiciens
2829 2565 2993 2624 retro,
3025 2561 3184 2628 aptus
3212 2561 3290 2612 est
3321 2573 3483 2627 regno
3513 2558 3611 2612 Dei
3636 2557 3789 2628 (Luc.

2144 2662 2220 2714 1x,
2253 2645 2363 2716 62).
2397 2645 2601 2700 Aiebat
2625 2645 2778 2700 enim
2806 2663 2818 2699 :
2883 2644 3094 2701 Fidelis
3120 2649 3210 2701 est
3255 2645 3432 2712 Deus,
3466 2648 3524 2700 et
3554 2643 3790 2700 mentiri

2144 2732 2349 2800 nescit,
2399 2733 2568 2788 bonis
2607 2734 2870 2788 moribus
2901 2733 3243 2789 consueﬁeri
3278 2734 3600 2801 studerent,
3632 2733 3792 2789 victu

2144 2839 2207 2876 ac
2237 2822 2451 2877 vestitu
2503 2823 2780 2878 mediocri
2838 2823 3094 2878 contenti
3143 2839 3272 2879 esse
3303 2823 3612 2890 discerent,
3654 2823 3792 2878 obe-

2143 2911 2424 2966 dientiam
2456 2910 2742 2966 humilem
2774 2916 2978 2967 mutuo
3038 2911 3148 2968 sibi
3183 2928 3250 2967 ac
3284 2911 3529 2968 solerter
3555 2911 3794 2967 exhibe-

2145 3004 2290 3065 rent,
2325 2999 2539 3055 Christi
2572 3000 2831 3072 vestigiis
2855 3004 2986 3056 ante
3012 3000 3210 3055 omnia
3231 3000 3586 3065 insisterent,
3620 2999 3793 3056 insti-

2145 3088 2356 3144 tutioni
2381 3088 2532 3144 beati
2553 3089 2846 3144 Benedicti
2878 3087 3144 3145 alacriter
3173 3090 3536 3156 insudarent,
3569 3089 3791 3144 discre-

2145 3178 2288 3233 tioni
2321 3194 2423 3249 per
2452 3177 2651 3233 omnia
2679 3178 2922 3233 docebat
2967 3176 3293 3251 invigilare,
3353 3194 3530 3250 quam
3575 3177 3794 3249 saepius

2147 3265 2475 3321 inculcabat
2501 3269 2745 3321 matrem
2776 3265 2886 3336 (19)
2918 3265 3199 3321 virtutum
3231 3282 3360 3322 esse
3401 3285 3414 3335 ;
3450 3282 3793 3321 murmura-

2140 3353 2336 3422 tionis,
2367 3354 2780 3423 animositatis,
2802 3355 3196 3424 verbositatis,
3222 3354 3618 3421 detractionis,
3643 3354 3790 3410 otio-

2141 3443 2447 3515 sitatisque
2480 3442 2700 3498 malum
2722 3459 2826 3498 nec
2857 3443 2914 3497 in
2959 3441 3122 3514 plebe
3146 3443 3406 3499 ﬁdelium
3433 3443 3662 3498 dicebat
3689 3443 3790 3500 de-

2140 3531 2646 3605 prehendendum,
2703 3535 2922 3603 quanto
2955 3531 3151 3586 minus
3183 3531 3242 3586 in
3275 3531 3548 3588 claustris
3575 3547 3788 3587 mona-

2139 3621 2404 3676 chorum.
2438 3620 2532 3676 Sic
2557 3621 2762 3676 beatus
2784 3635 2959 3676 senex
3001 3637 3104 3692 per
3132 3621 3395 3676 ordinem
3422 3625 3651 3676 cuncta
3669 3621 3792 3676 dis-

2140 3726 2382 3782 ponens,
2416 3709 2667 3781 plusque
2713 3708 2976 3780 exemplo
3035 3709 3242 3764 fratres
3283 3725 3458 3780 quam
3490 3709 3664 3764 verbo
3699 3709 3790 3763 in-

2140 3803 2392 3866 struens,
2427 3799 2499 3853 ad
2523 3814 2694 3853 omne
2725 3815 2872 3868 opus
2903 3798 3121 3853 bonum
3153 3802 3454 3870 promptos
3484 3803 3540 3853 et
3568 3796 3793 3854 alacres

2142 3887 2436 3955 reddebat,
2471 3903 2727 3958 namque
2758 3903 3042 3942 manuum
3077 3904 3318 3942 suarum
3353 3886 3549 3942 liabore
3589 3885 3790 3942 cibum

2139 3994 2256 4032 sua:
2282 3981 2497 4032 sancta:
2520 3975 2802 4031 senectuti
2851 3979 2974 4030 erat
3018 3976 3392 4047 conquirens,
3417 3974 3638 4048 jugiter
3668 3979 3788 4030 tam

2138 4065 2247 4120 sibi
2272 4081 2449 4136 quam
2481 4064 2612 4120 aliis
2634 4064 2792 4119 illam
2837 4063 3217 4136 apostolicam
3248 4064 3596 4120 sententiam
3631 4063 3792 4136 inge-

2137 4171 2305 4210 rens:
2367 4155 2471 4222 Qui
2501 4170 2610 4210 non
2639 4155 2752 4209 vult
2782 4155 3002 4224 operari
3042 4170 3140 4208 nec
3170 4153 3461 4210 manducet
3490 4153 3564 4225 (II
3613 4153 3790 4209 Thess.

2136 4259 2218 4312 ιιι,
2255 4244 2362 4315 10).

2755 4365 2982 4422 CAPUT
3041 4365 3178 4420 XIX.

2211 4485 2337 4556 Ejus
2366 4484 2676 4555 disciplina?
2704 4498 2758 4538 se
2787 4481 2968 4537 subdit
2999 4483 3083 4537 vir
3109 4482 3345 4536 illustris
3395 4479 3784 4536 Theudoaldus.

2137 4605 2204 4614 —-
2226 4574 2488 4644 Cumque
2511 4570 2819 4626 luculentze
2846 4569 3305 4626 conversationis
3335 4571 3464 4641 ejus
3491 4572 3792 4642 speculare

2130 4662 2328 4734 jubar,
2361 4659 2481 4716 veri
2501 4658 2642 4714 solis
2664 4659 2974 4728 trajectum
3008 4674 3477 4730 quaquaversum
3501 4659 3792 4714 evibraret

2136 4751 2324 4806 lucem
2343 4749 2627 4803 virtutum
2653 4747 2720 4802 ad
2747 4747 3114 4820 arguendum
3149 4751 3374 4802 noctem
3428 4745 3790 4814 mortalium,

2136 4837 2398 4894 nonnulli
2435 4835 2801 4892 saecularium
2829 4835 3116 4891 fallaciter
3137 4835 3245 4890 sibi
3268 4836 3622 4891 arridenlem
3641 4836 3792 4892 deri-

2133 4929 2337 4983 dentes
2370 4926 2679 4992 mundum,
2712 4942 2782 4980 ne
2811 4924 2924 4996 ipsi
2952 4925 3232 4980 veraciter
3261 4942 3294 4980 a
3325 4925 3546 4980 mundo
3578 4924 3787 4981 irride-

2132 5021 2352 5081 rentur,
2388 5020 2518 5086 post
2547 5013 2837 5068 modicum
2883 5013 3194 5068 facultates
3247 5029 3387 5068 suas
3435 5012 3795 5085 pauperibus

2125 5106 2363 5177 jurique
2384 5109 2438 5157 S.
2466 5103 2611 5158 Petri
2637 5101 3246 5172 contradidere,atque
3269 5100 3457 5157 stultae
3481 5101 3783 5174 sapientia:

2131 5194 2387 5249 edomita
2417 5190 2837 5255 cervicositate,
2871 5190 3192 5261 sapientem
3227 5188 3538 5245 stultitiam
3567 5187 3783 5245 Christi

2133 5283 2243 5338 sub
2302 5283 2469 5336 beato
2526 5279 2650 5334 viro
2709 5277 3016 5334 militaturi
3047 5293 3376 5350 suscepere.
3425 5277 3528 5334 His
3576 5277 3790 5334 diebus

2133 5370 2375 5443 quidam
2399 5368 2505 5438 vir,
2531 5367 2765 5422 nomine
2799 5367 3234 5434 Theudoaldus,
3272 5367 3424 5423 inter
3452 5367 3615 5439 regni
3649 5383 3781 5438 pro-

2132 5474 2292 5515 ceres
2313 5456 2560 5514 illustris
2585 5455 3033 5527 habebatur,qui
3070 5460 3242 5511 tenax
3258 5454 3553 5530 glutinum
3578 5454 3790 5510 mundi

2203 5594 2315 5665 (19)
2345 5593 2407 5649 In
2441 5607 2551 5647 ms.
2583 5590 2896 5647 Paderbor.
2938 5589 3152 5662 legitur
3182 5590 3526 5646 Mercedem.
