3990 6156
137 371 260 434 601

1245 377 1638 441 VALCANDI
1681 376 1866 440 VITA
1908 375 1974 436 S.
2021 373 2472 438 HILDULPHI.

3431 333 3668 441 603‘

143 507 404 566 molliter
427 509 527 566 sed
557 508 926 567 exitiabiliter
955 511 1240 584 pretiosas
1267 511 1494 568 animas
1535 511 1794 568 inescare
1825 508 1880 577 Α
1906 506 2158 564 bellante
2189 508 2421 564 narium
2453 507 2918 566 detrunctatione
2965 508 3295 579 deformati,
3344 511 3552 584 quinta

142 599 485 670 querentis,
543 600 813 671 prudenti
873 600 1172 657 declinans
1234 600 1421 670 oculo,
1500 618 1792 658 consensu

140 688 476 758 uxorisjam
501 688 737 744 initiata
760 690 1158 746 sanctimoniae
1181 691 1498 762 proposito,
1531 691 1794 762 deposito

139 776 385 832 militari
407 777 665 851 cingulo,
696 778 848 834 beati
878 779 985 834 viri
1018 796 1078 834 se
1129 780 1395 836 subdidit
1438 779 1793 852 magisterio,

139 882 277 921 cum
309 882 419 921 suo
458 866 708 922 naturali
759 866 898 934 ﬁlio,
961 869 1196 924 nomine
1245 869 1426 923 Abbo.
1490 869 1592 923 Hic
1651 869 1799 923 inter

139 959 356 1010 cetera
402 955 728 1012 collationis
777 973 898 1011 suae
931 956 1101 1012 xenia
1149 956 1397 1012 contulit
1454 956 1629 1012 etiam
1659 957 1798 1011 huic

140 1044 409 1101 caanohio
440 1045 739 1101 basilicam
773 1045 976 1101 honori
1012 1050 1300 1118 perpetuae
1333 1047 1572 1119 virginis
1610 1045 1797 1101 Marim

141 1133 403 1190 dicatam
437 1134 493 1188 in
518 1135 644 1206 jam
673 1134 828 1190 dicto
861 1135 1074 1206 praedio
1106 1135 1382 1191 Berchem
1410 1135 1580 1191 sitam
1606 1134 1802 1190 multi-

141 1221 407 1296 plicitate
440 1223 733 1279 redituum
765 1224 1138 1296 praecipuam.

787 1339 1022 1395 CAPUT

214 1427 270 1481 S.
308 1427 604 1497 Hildulphi
628 1429 807 1482 obitus
839 1432 887 1482 et
942 1431 1244 1500 sepultura.
1275 1461 1338 1470 —
1384 1430 1530 1486 Huic
1574 1429 1800 1503 negotio

139 1515 402 1572 eximius
435 1515 600 1571 Pater
628 1515 928 1583 insistens,
954 1533 1058 1572 nec
1087 1517 1324 1574 omnino
1345 1519 1516 1574 annis
1548 1519 1806 1591 proprio-

140 1621 258 1677 que
291 1604 520 1676 corpori
544 1621 1169 1678 parcens,magnopere
1191 1608 1496 1680 satagebat
1516 1613 1634 1664 tam
1659 1625 1802 1680 prse-

140 1694 409 1750 sentium
427 1710 603 1765 quam
617 1693 792 1749 etiam
810 1694 932 1750 futu
943 1712 1138 1750 rerum
1153 1695 1367 1752 ibidem
1382 1695 1803 1752 emnobitarum

143 1783 488 1839 necessitati
521 1786 579 1837 et
607 1783 788 1853 quieti
821 1783 1140 1854 providere,
1177 1801 1249 1840 ne
1287 1786 1692 1856 cujuscunque
1723 1787 1800 1839 rei

141 1871 477 1944 indigentia
497 1887 559 1927 se
589 1871 788 1926 minus
811 1871 1064 1944 regulari
1095 1873 1307 1928 actioni
1333 1890 1504 1945 posse
1526 1873 1804 1929 inservire
1837 1881 1880 1945 Β

140 1959 584 2017 excusationem
598 1977 752 2031 quan
762 1959 1178 2032 tulamcunque
1191 1960 1448 2016 valerent
1467 1963 1796 2017 obtendere.

142 2049 316 2116 Quod
348 2049 599 2105 maxime
630 2049 941 2105 desidiosis
980 2054 1038 2105 et
1067 2055 1288 2106 arctam
1338 2052 1515 2106 vitam
1559 2052 1802 2107 remisse

143 2137 490 2194 tenentibus
527 2140 617 2194 est
654 2137 975 2205 familiare;
1038 2155 1290 2208 cumque
1327 2140 1452 2210 jam
1505 2140 1803 2196 laboribus

143 2227 324 2283 effeto
355 2243 592 2298 corpore
624 2226 866 2299 spiritus
898 2227 1206 2283 ferventior
1252 2233 1427 2295 esset,
1477 2228 1608 2300 pius
1654 2233 1803 2284 Deus

143 2334 290 2372 eum
321 2332 524 2371 vocare
551 2314 737 2372 voluit
767 2317 836 2371 ad
870 2332 1143 2371 coronam
1177 2317 1441 2386 justitiaa.
1477 2322 1540 2372 In
1589 2317 1804 2390 vigiliis

145 2405 355 2477 itaque
375 2405 754 2470 constitutus,
781 2405 935 2460 febre
963 2410 1051 2461 est
1072 2410 1402 2478 correptus;
1427 2423 1543 2477 qua
1563 2423 1666 2478 per
1681 2406 1804 2461 dies

149 2495 618 2566 ingravescente,
643 2494 851 2549 fratres
883 2495 1098 2549 turbati
1132 2495 1203 2549 ad
1236 2500 1485 2550 stratum
1520 2495 1677 2551 senis
1708 2511 1805 2550 ac-

150 2587 424 2653 currunt,
457 2583 556 2654 qui
590 2599 867 2654 namque,
920 2587 1217 2654 utcunque
1275 2588 1516 2655 poterat,
1579 2601 1809 2656 semper

147 2671 454 2727 Christum
485 2670 893 2727 annuntiabat.
923 2671 1027 2736 Qui
1057 2689 1191 2726 cu'n
1217 2673 1407 2727 mmsti
1439 2674 1726 2744 ﬁerent,et
1745 2690 1807 2728 se

149 2759 407 2816 desolari
425 2759 706 2828 dolerent,
722 2777 840 2815 una
860 2765 983 2816 erat
1003 2761 1267 2817 omnium
1285 2779 1392 2818 vox
1403 2761 1805 2834 plangentium

151 2853 622 2922 precantumque
648 2865 719 2904 ne
750 2855 950 2921 pastor
980 2850 1174 2905 ovium
1198 2852 1285 2920 [f.,
1317 2853 1472 2920 oves]
1496 2852 1803 2906 desereret.

149 2939 258 2995 His
280 2938 668 3009 querimoniis
689 2937 1080 3010 lacrymisque
1103 2943 1523 3004 commotus,ut
1546 2944 1669 2996 erat
1681 2940 1807 3010 jam

149 3032 416 3085 extrema
457 3031 618 3099 parte
677 3027 936 3099 corporis
994 3032 1404 3100 premortuus,
1439 3030 1496 3084 in
1553 3033 1810 3084 extrema

149 3115 351 3171 lectuli
391 3122 553 3187 parte
610 3115 848 3180 resedit,
903 3119 960 3171 et
1006 3115 1447 3189 circumSpectis
1504 3117 1806 3184 fratribus,

151 3206 299 3270 Pax,
331 3204 542 3275 inquit,
576 3203 760 3260 vobis.
795 3204 1041 3260 Demum
1075 3221 1255 3260 manu
1293 3205 1534 3270 elevata,
1568 3206 1662 3260 his
1709 3222 1808 3261 eos

154 3292 352 3349 verbis
383 3293 676 3349 benedixit
708 3310 720 3349 :
755 3293 799 3348 Ο
829 3293 984 3349 Deus
1041 3295 1432 3366 omnipotens,
1482 3293 1807 3350 benedicito

157 3381 441 3448 clemens,
461 3386 895 3454 praesentesque
917 3385 1047 3438 tuos
1064 3398 1233 3438 serva
1243 3399 1346 3454 per
1365 3382 1578 3438 saecula
1592 3398 1806 3438 servos.

156 3470 264 3526 His
277 3469 458 3543 igitur
469 3468 1048 3535 ﬁnitis,humillimus
1065 3487 1235 3542 prece
1251 3469 1587 3526 humillima
1604 3471 1810 3526 fratres

155 3559 416 3614 exoravit
447 3558 833 3614 continuatim
867 3559 936 3614 ad
971 3559 1150 3615 altare
1180 3558 1392 3615 Christi
1425 3560 1482 3614 in
1530 3559 1810 3632 omnique

152 3647 356 3703 divino
388 3647 578 3703 ofﬁcio
611 3647 959 3703 memoriam
987 3648 1236 3704 retinere
1283 3648 1375 3704 sui
1427 3649 1703 3716 nominis,
1739 3666 1810 3704 ne

149 3735 518 3808 contingeret
546 3751 680 3791 eum
739 3751 1016 3808 suosque,
1061 3753 1210 3808 quos
1268 3736 1361 3792 hic
1409 3736 1810 3808 temporaliter

149 3824 320 3892 rexit,
379 3823 518 3880 almi
552 3825 706 3880 Patri
742 3825 1038 3881 Benedicti
1099 3826 1304 3881 abesse
1358 3826 1806 3894 conturberniis,

145 3918 324 3986 atque
351 3913 707 3986 supradictis
739 3913 1016 3986 milleque
1047 3914 1271 3970 solatiis
1303 3914 1434 3970 aliis
1465 3915 1644 3987 quieti
1687 3916 1804 3971 ovi-

149 4002 420 4059 cularum
451 4019 694 4058 suarum
727 4003 977 4075 impigre
996 4003 1264 4075 provisis,
1290 4004 1571 4059 virtutum
1601 4004 1806 4075 plenus

148 4095 331 4163 atque
360 4075 612 4158 dierum,
648 4091 868 4146 mundo
900 4091 997 4162 qui
1025 4092 1150 4162 jam
1199 4091 1372 4146 talem
1422 4092 1635 4148 habere
1689 4110 1804 4148 non

147 4180 508 4246 merebatur,
541 4179 913 4236 subtrahitur
943 4179 1111 4235 Pater
1158 4180 1530 4245 venerabilis,
1564 4198 1804 4238 securus

149 4268 206 4323 in
233 4272 406 4340 porta
429 4267 593 4340 regni
620 4283 755 4323 cum
814 4267 1186 4324 senatoribus
1239 4271 1403 4323 terras
1458 4269 1610 4325 inter
1657 4286 1804 4342 quos

147 4356 368 4414 nobilis
385 4355 701 4413 habebitur
727 4356 995 4413 Christus
1020 4356 1110 4414 vir
1129 4361 1342 4412 sanctae
1377 4357 1662 4413 Ecclesiae.
1689 4359 1804 4415 Iste

147 4446 402 4518 denique
428 4445 521 4500 vir
545 4445 752 4502 beatus
799 4444 1157 4518 Hildulphus
1207 4445 1487 4517 quoniam
1542 4448 1802 4520 exemplo

145 4534 466 4592 Dominicis
497 4534 786 4606 parabolae
817 4535 876 4590 in
914 4551 1049 4591 arvo
1106 4534 1336 4591 contriti
1396 4539 1452 4590 et
1511 4534 1801 4592 bumiliati

1903 596 2238 663 indictione,
2262 597 2462 670 Sergio
2486 597 2800 654 venerabili
2825 616 2993 671 papa,
3027 601 3196 672 cujus
3221 601 3336 656 duo
3359 603 3552 673 proxi‘

1907 686 2119 742 miores
2162 703 2526 743 successores
2585 704 2796 742 nomen
2846 689 3094 743 Joannis
3141 691 3548 761 possederunt,

1907 776 2228 830 Romanam
2270 775 2585 831 Ecclesiam
2639 780 2894 848 regente,
2924 777 3024 848 qui
3075 779 3293 833 invenit
3341 779 3553 836 miram

1909 864 2232 936 portionem
2270 864 2410 936 ligni
2471 864 2746 920 salutaris
2798 864 2855 919 in
2909 865 3162 921 sacrario
3206 866 3358 922 beati
3382 868 3551 924 Petri.

1908 953 2118 1023 [Hujus
2149 952 2353 1008 diebus
2395 953 2869 1021 Theudobaldus,
2925 970 3022 1008 rex
3064 954 3407 1027 Anglorum,
3454 958 3554 1030 qui

1909 1041 2095 1096 multa
2128 1043 2185 1097 in
2227 1059 2333 1097 sua
2384 1042 2572 1114 patria
2617 1042 2768 1098 bella
2817 1047 3098 1115 gesserat,
3130 1045 3200 1099 ad
3261 1045 3556 1102 Christum

1909 1147 2222 1186 conversus
2255 1132 2584 1204 properavit
2615 1132 2880 1198 Romam,
2916 1133 3012 1204 qui
3049 1149 3150 1205 per
3179 1135 3556 1206 Cunipertum

1909 1220 2420 1292 Longobardorum
2470 1237 2663 1292 regem
2704 1221 2942 1277 veniens
2975 1221 3218 1277 miriﬁce
3248 1227 3558 1296 susceptus

1910 1313 2016 1364 est.
2053 1309 2105 1363 Is
2133 1325 2267 1363 cum
2301 1312 2542 1364 Romam
2584 1310 2958 1382 pervenisset,
3009 1328 3044 1366 a
3089 1312 3361 1383 przedicto
3411 1330 3560 1386 papa

1912 1397 2259 1470 baptizatus,
2293 1398 2615 1471 Petrusque
2657 1399 3004 1470 appellatus,
3048 1400 3238 1456 adhuc
3297 1402 3352 1455 in
3408 1401 3560 1458 albis

1911 1484 2289 1551 constitutus,
2323 1486 2392 1540 ad
2427 1485 2684 1541 cmlestia
2717 1503 2894 1558 regna
2917 1487 3190 1559 migravit
3219 1491 3374 1559 (20).]
3409 1489 3557 1554 Quin

1911 1572 2086 1628 etiam
2118 1572 2226 1628 hac
2252 1577 2598 1646 tempestate
2628 1575 2881 1630 domnus
2907 1577 3078 1641 Beda,
3110 1576 3197 1630 vir
3228 1578 3560 1634 monastica:

1911 1661 2211 1733 religionis
2243 1663 2567 1734 przecipuus
2598 1664 2654 1718 in
2688 1663 2954 1718 doctrina
2991 1668 3047 1719 et
3073 1670 3193 1720 arte
3221 1665 3559 1735 calcutoria,

1913 1750 2154 1806 florebat
2185 1751 2556 1820 magniﬁcus,
2591 1756 2646 1805 et
2678 1751 2874 1806 ﬂoruit
2903 1751 3002 1807 diu
3035 1759 3167 1825 post
3195 1753 3418 1809 obitum
3449 1755 3562 1810 Pa-

1911 1839 2020 1895 tris
2051 1840 2232 1896 nostri
2266 1839 2584 1912 Hildulphi,
2620 1848 2676 1897 et
2706 1842 2839 1897 licet
2867 1842 3089 1899 videres
3138 1843 3561 1915 discipulorum
3661 1905 3672 1922 δ

1911 1929 2181 1983 examina
2213 1927 2346 1983 hinc
2379 1929 2511 1984 inde
2543 1929 2805 1984 certatim
2839 1931 3207 2000 conﬁnxisse,
3236 1931 3432 2004 piique
3462 1937 3565 1988 Pa-

1910 2016 2016 2072 tris
2045 2021 2101 2071 et
2131 2015 2394 2088 magistri
2430 2017 2605 2072 funus
2637 2019 2731 2089 pio
2765 2035 2897 2072 cum
2930 2019 3148 2090 gemitu
3201 2021 3563 2092 constipasse

1913 2106 2012 2176 qui
2039 2103 2171 2160 licet
2194 2105 2286 2177 pie
2307 2105 2630 2177 gauderent
2653 2111 2769 2161 tam
2791 2106 3051 2177 praeclari
3075 2109 3430 2164 institutoris
3452 2109 3564 2165 sibi

1913 2211 2026 2248 non
2061 2194 2256 2248 defore
2287 2193 2515 2248 conlitus
2548 2194 2890 2266 patrocinia,
2909 2201 3104 2252 tamen
3145 2197 3235 2267 pie
3272 2199 3566 2254 deﬂebant

1912 2281 2299 2336 humanitatis
2312 2287 2588 2336 consueta
2608 2283 2718 2338 sibi
2742 2284 3041 2338 subtracta
3061 2284 3286 2339 solatia.
3303 2287 3563 2342 Tandem

1912 2371 2171 2427 ofﬁciose
2203 2375 2406 2426 curato
2438 2371 2715 2426 cadavere
2748 2387 2978 2443 semper
3009 2373 3420 2430 reminiscendi
3455 2375 3564 2430 Pa-

1913 2461 2041 2526 tris,
2076 2461 2466 2514 humaverunt
2499 2457 2642 2514 illud
2672 2459 2730 2514 in
2759 2459 3004 2516 basilica
3033 2461 3185 2517 beati
3217 2480 3379 2534 papaa
3421 2463 3566 2520 Gre-

1913 2547 2058 2621 gorii
2080 2565 2112 2602 a
2133 2548 2351 2604 dextris
2382 2547 2953 2620 altaris,adultajam
2978 2548 3106 2606 luce
3123 2551 3390 2606 secundae
3412 2552 3565 2607 feriis

1915 2653 2068 2692 anno
2125 2635 2419 2692 tricesimo
2480 2642 2639 2692 sexto
2699 2637 3080 2694 habitationis
3123 2656 3240 2694 suae
3275 2639 3333 2694 in
3388 2640 3567 2712 hujus

1916 2723 2198 2780 terribilis
2230 2723 2409 2780 eremi
2441 2725 2732 2792 vastitate,
2758 2727 3208 2800 quadragesimo
3230 2745 3362 2785 vero
3383 2747 3417 2786 a
3446 2729 3583 2802 glo-'

1917 2813 2073 2868 riosa
2103 2813 2325 2868 domini
2359 2814 2648 2884 pontiﬁcis
2681 2814 2980 2870 Maximini
3003 2816 3409 2885 translatione,
3443 2836 3570 2892 quas

1916 2901 2158 2956 existitit
2189 2902 2298 2956 sub
2329 2901 2438 2957 hoc
2471 2906 2670 2957 nostro
2701 2903 3132 2976 archiprzesule,
3177 2907 3422 2979 Pippino
3471 2926 3572 2964 su-

1917 2989 2115 3062 perius
2147 2990 2302 3044 dicto
2325 2991 2451 3060 jam
2483 2994 2621 3045 tunc
2653 2991 2870 3046 Gallias
2908 2992 3290 3064 gubernante.
3324 2995 3569 3052 Verum-

1917 3082 2110 3132 tamen
2144 3095 2274 3132 cum
2308 3077 2410 3133 lux
2441 3079 2780 3134 meritorum
2817 3080 2966 3135 beati
2999 3079 3298 3152 Hildulphi
3351 3084 3570 3141 crebris

1921 3164 2261 3221 claresceret
2294 3165 2872 3232 miraculis,relatum
2898 3169 2968 3223 ab
2992 3169 3233 3225 ecclesia
3256 3171 3570 3243 sepulturas

1839 3244 1880 3311 C
1916 3272 2034 3309 suae
2061 3253 2329 3309 mirabile
2359 3271 2589 3326 corpus,
2641 3255 2941 3312 devotione
2971 3274 3040 3312 ac
3073 3258 3263 3314 studio
3321 3261 3570 3316 fratrum

1922 3342 2138 3414 templo
2171 3344 2354 3398 beatae
2382 3343 2574 3398 Mariae
2629 3342 2889 3415 Virginis
2939 3350 3027 3400 est
3057 3345 3308 3414 illatum,
3354 3347 3413 3404 in
3455 3365 3570 3420 quo

1922 3433 2289 3486 dextrorsum
2321 3430 2572 3504 eleganti
2609 3433 2828 3488 fornice
2849 3433 3147 3505 aliquanto
3171 3435 3403 3492 delituit
3421 3440 3568 3492 tem-

1921 3537 2078 3591 pore,
2112 3521 2281 3590 cujus
2311 3521 2370 3574 in
2403 3521 2671 3592 praesenti
2703 3520 2978 3579 laudibus
3008 3524 3298 3596 occupari,
3346 3525 3570 3582 meritis

1919 3607 2231 3676 sublevari,
2265 3607 2527 3680 vestigiis
2559 3609 2882 3681 informari,
2915 3615 2972 3666 et
3004 3611 3062 3666 in
3095 3612 3290 3668 futuro
3339 3614 3572 3687 gaudiis

1917 3697 2216 3752 valeamus
2248 3696 2530 3769 copulari,
2567 3699 2950 3770 praeveniente
2981 3717 3046 3756 ac
3078 3701 3471 3775 subsequente
3496 3704 3576 3759 ef-

1919 3786 2270 3841 ﬁcacissima
2301 3785 2700 3842 misericordia
2720 3793 2777 3842 et
2801 3788 3352 3846 misericordissima
3371 3792 3573 3848 efﬁca-

1913 3875 2004 3930 cia
2037 3875 2292 3930 Factoris
2337 3876 2774 3948 Refectorisque
2823 3877 3004 3933 nostri
3055 3879 3445 3949 potentissimi
3505 3897 3572 3936 ac

1917 3963 2350 4034 benignissimi,
2385 3965 2483 4036 qui
2517 3965 2708 4020 crucis
2747 3966 2916 4021 nudae
2947 3967 3245 4038 expeditos
3293 3983 3573 4039 sequaces

1916 4069 2031 4124 prae
2062 4052 2200 4107 ﬁliis
2234 4051 2539 4108 hominum
2567 4052 2872 4123 gloriﬁcat,
2908 4071 3040 4108 cum
3073 4071 3172 4109 eos
3203 4071 3436 4111 securos
3455 4073 3571 4112 non

1918 4140 2090 4195 modo
2128 4157 2368 4196 suorum
2403 4139 2745 4194 meritorum
2781 4141 3000 4207 actitat,
3035 4143 3132 4208 sed
3167 4143 3400 4214 judices
3431 4143 3573 4200 alie-
3636 4145 3642 4154 ’

1918 4245 2128 4285 norum
2157 4228 2458 4284 habendos
2485 4229 2812 4286 denuntiat.

2539 4344 2769 4400 CAPUT
2811 4345 2954 4400 XXI.

1984 4435 2058 4488 De
2086 4433 2241 4505 felici
2283 4435 2435 4489 obitu
2485 4438 2802 4489 sanctorum
2846 4437 3074 4491 Joannis
3117 4445 3166 4492 et
3213 4439 3470 4507 Benigni.
3503 4468 3574 4480 -—-

1917 4523 2048 4578 Post
2077 4523 2310 4577 beatum
2335 4521 2572 4594 gloriosi
2592 4523 2891 4596 Hildulpbi
2921 4527 3237 4582 transitum
3264 4527 3575 4600 Reymber-

146 4623 342 4680 cordis
394 4627 692 4695 sparserat
735 4639 935 4679 semen
993 4627 1160 4678 rectas
1221 4623 1583 4692 intentionis,
1646 4627 1799 4696 quod
1835 4613 1879 4676 D
1915 4615 2007 4667 tus
2036 4612 2123 4664 vir
2152 4611 2562 4682 spectabilium
2599 4614 2959 4669 ornamentis
2991 4614 3262 4671 decenter
3294 4617 3573 4688 praeditus

145 4712 301 4769 ultro
335 4712 719 4778 fructiﬁcans,
751 4712 1008 4783 primum
1056 4711 1298 4767 herbam
1359 4717 1569 4768 tenerae
1627 4713 1802 4770 actio-

145 4803 264 4867 nis,
327 4801 464 4857 dein
539 4801 760 4872 spicam
839 4799 1242 4872 provectionis,
1330 4807 1666 4872 pervenerat
1731 4804 1804 4858 ad

145 4890 513 4946 frumentum
539 4887 911 4961 perfectionis
967 4887 1164 4943 divina
1211 4888 1378 4956 falce,
1413 4890 1809 4961 temporaliter

147 4979 278 5050 ejus
310 4977 431 5034 vita
461 4978 710 5044 deserta,
741 4982 803 5032 ut
827 4994 1076 5050 granum
1101 4995 1133 5031 a
1160 4977 1458 5049 palearum
1482 4995 1805 5036 recremen-

148 5069 225 5123 tis
271 5065 580 5134 selectum,
643 5066 943 5122 inducitur
995 5066 1054 5121 in
1115 5069 1339 5122 aeterna:
1389 5067 1517 5122 vitae
1578 5068 1804 5125 horrea.

152 5155 406 5212 Emicuit
433 5159 631 5212 tamen
663 5156 736 5210 ab
753 5154 1116 5211 aerumnabili
1148 5155 1404 5212 incolatu
1424 5155 1604 5228 hujus
1623 5158 1807 5214 nostri

151 5244 343 5301 exsilii
373 5244 681 5317 piissimus
721 5249 918 5317 pastor
948 5261 1012 5300 ac
1044 5243 1296 5300 nutritor
1341 5251 1537 5301 noster
1568 5251 1806 5303 sanctus

155 5333 531 5406 Hildulphus,
559 5333 766 5405 quinto
795 5333 932 5389 Idus
962 5332 1125 5401 Julii,
1155 5350 1288 5389 cum
1321 5339 1588 5407 ageretur
1615 5353 1807 5393 annus

150 5424 224 5479 ab
258 5423 668 5479 Incarnatione
691 5421 832 5478 Jesu
861 5421 1074 5478 Christi
1107 5423 1232 5487 707,
1266 5423 1571 5480 consulatu
1624 5424 1806 5481 Justi-

154 5511 318 5566 niani
349 5510 591 5567 Minoris
633 5511 903 5584 Augusti,
939 5527 972 5566 a
1025 5511 1211 5567 Leone
1269 5516 1472 5567 contra
1522 5529 1657 5569 eum
1719 5532 1808 5571 re-

231 5662 344 5734 (20)
377 5659 618 5718 Ansulis
651 5658 880 5716 inclusa
910 5659 1120 5716 desunt
1146 5659 1203 5714 in
1236 5676 1345 5715 ms.
1381 5661 1742 5720 Paderhorn..

1915 4716 2167 4765 morum,
2230 4699 2498 4754 concordi
2549 4705 2678 4756 voto
2738 4703 2984 4756 fratrum
3039 4704 3343 4775 regiminis
3393 4706 3575 4760 subiit

1915 4787 2196 4842 ofﬁcium.
2237 4787 2419 4858 llujus
2453 4792 2715 4860 tempora
2744 4793 2800 4845 et
2841 4791 3125 4862 opuscula
3176 4793 3286 4846 sub
3338 4791 3572 4863 regibus

1916 4875 2271 4932 Theoderico
2304 4881 2481 4947 atque
2528 4876 2850 4934 Childerico
2898 4879 3155 4944 Juniore,
3211 4879 3571 4951 Pippinoque

1919 4965 2037 5020 ﬁlio
2069 4964 2237 5020 ducis
2268 4963 2453 5020 Caroli
2486 4967 2909 5033 suntdecursa,
2943 4972 3169 5023 restant
3200 4983 3338 5024 sane
3369 4984 3572 5039 quam-

1918 5053 2176 5126 plurima
2198 5059 2308 5109 Deo
2329 5054 2662 5127 dignissimi
2689 5057 2876 5112 Patris
2908 5057 3090 5112 nostri
3117 5055 3415 5128 Hildulphi
3438 5073 3570 5112 suc-

1917 5159 2332 5214 cessorumque
2345 5143 2475 5214 ejus
2489 5147 2616 5198 acta
2631 5144 2855 5200 meritis
2879 5145 3037 5201 illius
3054 5145 3308 5211 condita,
3324 5161 3449 5216 quae
3465 5151 3569 5217 pro

1920 5231 2152 5286 fastidio
2181 5230 2414 5287 lectoris
2439 5231 2670 5286 interim
2703 5232 3041 5299 differenda,
3068 5238 3126 5288 ct
3155 5231 3267 5288 alio
3285 5233 3569 5305 opusculo

1908 5319 2314 5391 judicavimus
2373 5319 2714 5392 deleganda.
2752 5320 3270 5377 Praeclarissimum
3317 5339 3450 5378 vero
3479 5322 3568 5378 in-

1918 5409 2080 5464 victae
2109 5408 2413 5465 charitatis
2445 5409 2502 5464 in
2534 5410 2671 5477 vita,
2707 5410 2765 5464 in
2813 5414 2998 5465 morte
3029 5426 3096 5466 ac
3148 5416 3281 5483 post
3321 5416 3567 5468 mortem

1917 5497 2473 5570 inexstinguibiliter
2529 5503 2875 5554 conservatas
2927 5501 3392 5574 experimentum
3450 5517 3566 5558 non
