4000 6168
328 409 444 476 603

1055 401 1246 470 SEO.
1291 403 1372 468 XI
1415 402 1650 469 AUCT.
1693 396 2011 465 INCEBTI
2055 398 2244 460 ANNI
2289 399 2389 462 ΕΤ
2431 396 2731 463 SCRIPT.
2780 400 3003 458 ’AAEZII.

3615 392 3737 455 604

326 544 555 602 videtur
584 541 1108 616 impraesentiarum
1132 540 1538 606 differendum,
1572 537 1846 594 omnibus
1878 536 1968 593 sui
1998 531 2053 600 Α
2085 551 2200 590 uno
2229 536 2496 590 decenter
2526 533 2807 590 reconditi
2855 531 3173 600 mausoleo,
3229 528 3547 603 sepulturas
3601 517 3740 585 sunt

233 709 237 712 ᾗ
329 635 706 691 dilectoribus
737 634 914 689 castis
939 631 1104 688 dulce
1126 631 1365 686 omnino
1393 647 1456 685 ac
1479 630 1825 701 proficuum.
1857 628 1979 682 Duo

329 725 622 795 siquidem
649 721 922 794 discipuli
955 719 1269 776 laudabilis
1301 718 1573 791 magistri
1623 719 1888 774 Joannes
1926 723 1983 772 et

330 813 820 886 Benignus,quos,
856 816 918 863 ut.
950 809 1292 880 praedictum
1323 814 1434 871 est,
1459 824 1772 879 germanos
1805 807 1978 861 exsti-

329 903 471 958 tisse
497 918 668 957 carne
701 917 764 955 ac
794 898 1027 970 spiritu,
1059 914 1310 968 quorum
1354 897 1517 969 prior
1557 897 1977 968 presbyteratu,

328 991 474 1046 alter
501 1007 634 1045 vero
681 989 1033 1058 fungebatur
1075 987 1405 1042 diaconatu.
1451 987 1513 1042 In
1547 986 1717 1054 cujus
1759 985 1981 1056 jugiter

329 1079 483 1136 soliti
515 1078 787 1134 assistere
836 1076 1137 1147 obsequio,
1194 1075 1565 1146 quotidianas
1601 1079 1710 1128 Deo
1756 1073 1979 1128 hostias

327 1165 743 1238 redemptionis
773 1170 982 1219 nostra:
1005 1169 1060 1218 et
1086 1163 1553 1218 mortiﬁcationis
1579 1179 1700 1217 sure
1721 1166 1978 1216 mactan-

327 1261 435 1322 tes,
465 1253 746 1311 laudabili
778 1253 944 1308 initio
969 1245 1412 1308 laudabiliorem
1439 1253 1755 1323 jungentes
1779 1251 1975 1316 ﬁnem,

328 1346 399 1401 ad
431 1344 662 1400 cceleste
693 1358 938 1414 regnum
991 1341 1172 1395 secuti
1230 1340 1506 1395 dilectum
1557 1339 1975 1404 institutorem,

327 1434 513 1508 pridie
535 1432 822 1488 Kalendas
840 1430 1083 1502 Augusti
1110 1431 1180 1484 ad
1203 1430 1497 1485 Christum
1523 1429 1742 1500 pariter
1770 1428 1979 1498 migra-

325 1526 555 1586 veruut,
577 1519 844 1576 videlicet
866 1523 995 1590 post
1039 1517 1446 1590 migrationem
1479 1518 1665 1572 sancti
1698 1516 1978 1587 vigesimo

327 1612 517 1685 primo
549 1610 660 1665 die.
693 1608 855 1672 Quod
885 1607 1178 1662 indultum
1214 1606 1394 1662 fuisse
1434 1605 1655 1660 intimaa
1707 1605 1979 1661 charitati

329 1701 531 1768 trium,
566 1716 681 1753 non
713 1713 846 1752 vero
877 1696 1166 1751 exstitisse
1211 1695 1519 1749 fortuitum
1579 1711 1749 1750 nemo
1799 1695 1977 1748 refra-

329 1789 565 1862 gabitur
594 1786 880 1850 ﬁdelium,
915 1801 1046 1839 cum
1080 1783 1347 1855 legamus
1379 1784 1616 1838 fratrem
1652 1783 1803 1838 inter
1832 1782 1978 1837 alios

283 1937 286 1940 ,
329 1895 444 1933 non
475 1879 742 1930 vocatum
778 1871 1049 1944 precibus
1089 1870 1401 1925 venerandi
1463 1869 1755 1924 Anastasii
1816 1869 1974 1924 obitu
2011 1897 2056 1962 B

329 1983 438 2023 suo
461 1963 810 2036 przevenisse
841 1961 969 2031 ejus
997 1960 1152 2014 diem
1177 1958 1807 2029 septimum.IIincjam
1833 1957 1981 2012 cala-

331 2070 494 2110 mum
517 2052 658 2106 dum
682 2049 931 2104 nimium
957 2047 1140 2102 inhiat
1164 2051 1374 2110 mente,
1401 2047 1595 2119 pigeat
1621 2046 1978 2101 enucleatius

332 2155 666 2214 percurrere
695 2138 903 2194 seriem
938 2136 1016 2192 rei
1051 2140 1245 2208 gestae.
1266 2136 1440 2191 Beato
1460 2153 1523 2190 ac
1547 2152 1777 2206 semper
1805 2135 1977 2189 remi-

332 2229 609 2287 niscendo
639 2228 923 2300 magistro
947 2224 1263 2296 Hildulpbo
1297 2240 1367 2279 ex
1396 2224 1618 2279 lubrico
1643 2225 1821 2294 hujus
1849 2223 1978 2278 vitae

332 2323 601 2376 senatum
626 2317 784 2389 regni
810 2315 1165 2387 ingressuro,
1190 2313 1249 2368 in
1272 2329 1582 2368 commune
1614 2311 1979 2367 charissimis

333 2408 586 2480 ﬁliisque
617 2422 860 2462 monens
893 2403 1272 2459 fraternitatis
1303 2402 1713 2472 societatisque
1764 2405 1978 2456 sanctae

333 2495 799 2569 congregationis
832 2492 970 2547 almi
1002 2491 1268 2563 praesulis
1313 2491 1569 2554 Maximi,
1613 2494 1679 2544 ut
1718 2490 1976 2557 decebat,

333 2590 453 2641 tam
486 2583 824 2656 spiritaliter
863 2597 1040 2652 quam
1074 2579 1452 2651 corporaliter
1473 2577 1834 2644 meminisse,
1870 2578 1980 2633 sub

335 2672 549 2728 Christi
581 2670 964 2740 Ecclesiazque
993 2667 1327 2722 testimonio
1360 2667 1452 2721 his
1491 2667 1721 2722 duobus
1752 2683 1978 2738 germa-

336 2761 428 2817 nis
460 2776 521 2816 se
551 2762 856 2815 secuturos
886 2758 958 2812 ad
981 2756 1234 2811 ccelestia
1258 2756 1475 2828 gaudia
1495 2755 1750 2811 innotuit
1771 2755 1979 2827 spiritu

335 2847 692 2922 prophetico.
717 2847 822 2910 Qui
855 2844 1142 2916 extemplo
1164 2845 1396 2916 utrique
1419 2843 1699 2916 languore
1719 2845 1980 2916 depressi

339 2937 744 2993 decubuerunt
774 2932 986 2989 lectulo
1018 2935 1128 3004 (21)
1162 2931 1316 3006 [cum
1361 2935 1523 3004 Agno
1572 2932 1826 3005 victuri.]
1859 2935 1980 2999 Quo

338 3043 442 3099 per
471 3025 595 3081 dies
627 3025 1006 3096 augmentum
1033 3023 1316 3094 capiente,
1357 3020 1728 3076 dissolutioni
1777 3038 1984 3094 corpo-

341 3132 473 3170 rum
531 3131 592 3169 se
650 3115 960 3168 senserunt
1015 3110 1427 3183 propinquare,
1475 3126 1609 3165 cum
1660 3115 1895 3182 repente
1921 3110 1980 3165 S.

337 3204 616 3268 Joannes,
649 3201 749 3274 qui
781 3205 836 3256 et
868 3200 1054 3271 major
1077 3204 1219 3255 natu
1249 3203 1392 3266 erat,
1426 3215 1609 3254 unum
1640 3215 1670 3254 e
1702 3199 1981 3254 fratribus

2089 625 2289 680 traditi
2323 625 2378 678 in
2412 623 2569 678 Beati
2601 623 2859 696 Gregorii
2892 622 3162 689 oratorio,
3197 621 3350 693 quod
3397 619 3608 675 sociale
3639 621 3738 675 de-

2091 732 2194 771 cus
2225 717 2442 771 nostris
2473 714 2664 770 adbuc
2695 715 2872 770 datur
2903 719 2959 770 et
2988 713 3457 769 dabiturfuturis
3486 711 3737 785 prospici

2090 805 2315 860 diebus.

2692 892 2919 948 CAPUT
2967 892 3132 947 XXII.

2162 983 2238 1038 Ad
2279 1000 2465 1039 eorum
2523 984 2796 1038 tumulum
2849 983 3284 1038 sanctimonialis
3331 997 3525 1036 manus
3578 980 3739 1034 arida

2087 1082 2334 1130 sanatur.
2371 1104 2436 1113 —
2472 1071 2799 1127 Innumeris
2831 1075 2962 1143 post
2992 1069 3364 1126 mortalitatis
3395 1069 3573 1142 hujus
3602 1086 3737 1125 eva-

2090 1163 2312 1218 sionem
2345 1165 2578 1217 sanctos
2609 1161 2752 1216 istos
2773 1161 3142 1232 omnipotens
3166 1161 3442 1230 majestas
3466 1158 3735 1214 nobilita-

2087 1251 2170 1307 vit
2199 1250 2518 1312 miraculis,
2541 1249 2756 1321 quibus
2773 1253 2994 1321 pateret
3014 1266 3188 1320 quam
3212 1250 3401 1304 bonus
3423 1249 3736 1304 thesaurus

2090 1341 2147 1395 in
2181 1357 2318 1412 agro
2349 1339 2543 1394 cordis
2574 1355 2796 1405 eorum,
2825 1338 2966 1393 dum
3006 1338 3367 1403 advixerunt,
3395 1336 3585 1392 latuit.
3621 1337 3735 1394 Sed

2089 1427 2386 1484 sufficiant
2416 1443 2601 1500 pauca
2629 1427 2892 1498 subjecta
2923 1427 2994 1482 de
3025 1426 3310 1498 pluribus.
3360 1426 3478 1481 Sub
3531 1427 3733 1482 eodem

2088 1522 2348 1589 tempore
2361 1515 3364 1587 exstititsanctimonialisquaedam,
3391 1513 3734 1587 Hymeldru-

2089 1607 2180 1662 dis
2213 1607 2468 1671 nomine,
2504 1605 2697 1661 tenuis
2755 1605 2991 1676 quidem
3049 1603 3343 1668 facultate,
3394 1605 3494 1661 sed
3537 1605 3736 1675 opima

2089 1697 2222 1760 fide,
2256 1712 2381 1768 quae
2414 1695 2532 1750 sive
2563 1694 2813 1765 peccatis
2845 1693 3233 1767 exigentibus,
3270 1695 3388 1749 sive
3419 1697 3484 1749 ut
3531 1693 3738 1749 merita
3801 1708 3804 1712 '

2088 1785 2298 1839 horum
2323 1783 2644 1838 amicorum
2669 1799 2908 1839 suorum
2932 1781 2990 1836 in
3024 1799 3091 1838 ea
3116 1782 3518 1838 manifestaret
3537 1781 3740 1838 ccelica

2088 1871 2293 1938 virtus,
2329 1870 2579 1926 naturali
2615 1887 2724 1926 sua
2753 1869 3140 1925 subductione
3162 1867 3440 1925 destituta
3470 1871 3739 1941 gestabat

2090 1960 2295 2016 inutile
2339 1964 2395 2015 et
2450 1957 2764 2016 cruciabile
2821 1959 3051 2029 pondus
3109 1976 3320 2014 manus
3378 1958 3571 2014 aridae.
3606 1959 3738 2014 Haec

2090 2049 2290 2104 sedulo
2313 2048 2605 2104 excubans
2635 2051 2759 2103 erat
2790 2047 2846 2102 in
2872 2047 3108 2119 praefato
3131 2047 3404 2116 oratorio,
3437 2048 3533 2103 ubi
3558 2047 3737 2103 advo-

2087 2137 2212 2194 luta
2241 2137 2466 2192 tumulo
2499 2153 2700 2192 eorum
2746 2135 3040 2192 subveniri
3101 2138 3333 2208 petebat
3385 2137 3496 2192 sibi
3545 2153 3732 2208 prece,

2090 2226 2224 2282 fletu
2260 2243 2325 2282 ac
2354 2225 2574 2298 gemitu
2607 2224 2962 2296 importuno.
2996 2225 3178 2297 Igitur
3209 2224 3562 2280 muliercula:
3613 2225 3733 2294 isti,

2089 2315 2427 2370 nullatenus
2451 2314 2522 2368 ab
2553 2313 2821 2385 inemptis
2843 2313 3186 2384 quiescenti,
3203 2317 3368 2369 nocte
3389 2312 3628 2386 quidam
3650 2313 3738 2368 vir

2089 2403 2274 2460 astitit
2324 2401 2587 2475 fulgidus
2639 2402 2698 2456 in
2730 2401 2933 2458 habitu
2963 2402 3312 2468 monachali,
3337 2402 3608 2474 inquiens
3639 2403 3688 2457 ei
3717 2419 3729 2457 :

2090 2491 2521 2564 Hymeldrudis,
2557 2492 2744 2547 aderit
2782 2495 2893 2546 tua}
2947 2491 3415 2547 incommoditati
3449 2491 3736 2547 medicina

2089 2579 2357 2636 ccelestis.
2393 2583 2808 2634 Verumtamen
2856 2595 2991 2636 cave
3052 2579 3123 2635 de
3181 2585 3388 2635 caetero
3437 2579 3735 2652 aliquibus

2090 2668 2378 2741 implicari
2438 2668 2694 2741 ﬂagitiis,
2728 2685 2800 2724 ne
2856 2684 3058 2741 pereas
3115 2685 3250 2724 cum
3294 2667 3398 2724 eis.
3434 2669 3518 2736 Et,
3553 2685 3734 2724 manu

2089 2760 2214 2830 ejus
2251 2762 2630 2825 contrectata,
2663 2757 2891 2813 sanavit
2926 2774 3054 2813 eam
3086 2774 3194 2829 ope
3225 2757 3732 2830 praestantissima.

2089 2847 2280 2903 Isdem
2307 2851 2501 2902 autem
2529 2846 2616 2900 vir
2647 2847 3016 2902 asseverabat
3045 2863 3108 2902 se
3143 2845 3431 2902 Joannem
3460 2863 3588 2902 esse
3635 2863 3737 2918 pe-

2089 2951 2192 2990 nes
2223 2951 2398 3006 quem
2425 2934 2572 2989 alter
2593 2933 2794 3005 junior
2825 2933 2922 2989 illo
2952 2934 3261 2990 videbatur
3305 2933 3737 3007 pulcherrimus

2091 3028 2264 3090 stare,
2295 3021 2392 3094 qui
2425 3023 2853 3094 protestabatur
2881 3021 3024 3078 velle
3055 3039 3116 3078 se
3146 3023 3281 3080 inde
3311 3024 3480 3080 exire.

2686 3111 2915 3168 CAPUT
2941 3112 3138 3167 XXIII.

2165 3202 2370 3259 Mulier
2397 3216 2551 3257 eam;
2582 3201 2953 3256 illuminatur.
2978 3199 3228 3256 —Aliud
3252 3202 3450 3258 itidem
3484 3204 3736 3259 miracu-

337 3292 564 3359 dixerit,
598 3261 934 3346 sciscitatur
957 3261 1212 3361 qualiter
1233 3305 1292 3344 se
1324 3261 1563 3343 haberet
1593 3303 1858 3343 seorsum
1889 3288 1982 3343 de-
2013 3261 2056 3328 (ἶ
2094 3290 2217 3345 lum
2251 3288 2394 3345 inibi
2425 3293 2726 3344 ostensum
2771 3293 2878 3346 est.
2911 3290 2993 3345 Ne
3049 3290 3223 3346 alicui
3284 3292 3430 3347 forte
3472 3293 3738 3350 videatur

337 3379 621 3436 cumbens
671 3376 1092 3433 dilectissimus
1150 3376 1345 3430 frater.
1419 3375 1777 3442 Quantocius
1844 3392 1980 3448 ergo

339 3466 648 3541 perﬁciens
665 3466 951 3538 imperata
976 3464 1319 3531 monachus,
1336 3463 1550 3536 reperit
1571 3463 1665 3519 Dei
1693 3463 1980 3519 famulum

341 3554 724 3613 sacramentis
737 3553 1054 3610 Dominicis
1073 3553 1500 3608 communitum
1523 3553 1779 3608 evasisse
1802 3569 1984 3609 nexus

343 3643 716 3700 mortalitatis
771 3642 972 3712 hujus.
1005 3640 1290 3706 Cucurrit,
1351 3641 1725 3696 renuntiavit.
1775 3645 1986 3697 Beatus

341 3750 474 3790 vero
505 3732 620 3801 ille,
655 3747 827 3804 quem
859 3729 1213 3786 sollicitabat
1242 3730 1432 3786 adhuc
1465 3734 1775 3802 suspectus
1801 3747 1987 3785 exces-

344 3839 447 3878 sus
471 3820 724 3894 junioris
754 3822 809 3876 et
840 3819 1032 3875 dilecti
1067 3817 1282 3884 fratris,
1320 3818 1367 3874 si
1402 3821 1533 3889 post
1582 3818 1804 3872 obitum
1861 3818 1989 3887 ejus

343 3911 841 3984 contigisset,eum
857 3907 1200 3980 aliquandiu
1213 3908 1490 3963 interesse
1505 3907 1678 3962 rebus
1690 3906 1987 3974 humanis,

345 3999 678 4070 auditojam
699 3999 942 4054 decessu
965 3994 1710 4067 ejus,lzetabundus,inquit
1729 3995 1756 4049 ?
1771 4018 1796 4043 «
1812 3994 1990 4050 Maxi-

346 4105 473 4144 mas
490 4093 602 4143 tua:
624 4087 846 4158 pietati,
871 4084 1134 4158 piissime
1157 4084 1436 4140 formator
1465 4083 1744 4149 hominis,
1775 4083 1992 4156 gratias

346 4177 620 4250 rependo,
663 4175 817 4247 quod
867 4175 1105 4229 fratrem
1152 4189 1350 4228 meum
1407 4173 1480 4227 ad
1521 4188 1766 4244 regnum
1824 4177 1993 4227 tuum

347 4270 480 4322 ante
510 4282 603 4320 me
643 4264 835 4328 mitto,
883 4267 938 4318 et
982 4264 1106 4333 jam
1135 4278 1376 4316 securus
1435 4265 1492 4316 et
1548 4261 1810 4332 gaudens
1859 4261 1995 4316 hinc

348 4358 480 4426 post
508 4369 642 4408 eum
676 4353 748 4406 ad
780 4355 834 4406 te
865 4351 1032 4405 vado.
1066 4370 1090 4402 ιι
1118 4349 1219 4404 llis
1247 4348 1515 4419 expletis,
1538 4349 1930 4421 interrogatus
1963 4367 1997 4405 a

347 4441 628 4498 fratribus
659 4457 732 4494 an
764 4438 1102 4510 singulatim
1135 4442 1330 4494 essent
1354 4435 1712 4508 tumulandi,
1741 4438 1992 4510 adjecit:

347 4530 532 4597 Absit,
565 4528 786 4584 domini
812 4528 947 4598 mei,
984 4531 1047 4582 ut
1077 4543 1415 4599 separemur
1443 4525 1515 4582 ab
1547 4526 1816 4595 invicem,
1848 4532 1905 4583 et
1938 4527 1996 4583 in

2090 3396 2424 3445 onerosum,
2457 3379 2754 3434 succincta
2802 3380 3131 3436 narratione
3175 3385 3233 3436 et
3254 3382 3734 3454 aggrediendum.

2092 3469 2216 3525 Non
2248 3468 2419 3541 longe
2451 3485 2485 3523 a
2515 3468 2866 3524 monasterio
2916 3468 3085 3540 quasi
3143 3470 3433 3528 curriculo
3477 3471 3736 3529 milliarii

2091 3557 2184 3613 vix
2213 3557 2440 3612 dimidii
2467 3557 2732 3629 degebat,
2759 3557 2994 3613 nomine
3013 3560 3225 3630 Agnes,
3249 3559 3499 3628 anicula,
3534 3562 3746 3619 multo-

2095 3664 2226 3702 rum
2255 3645 2597 3702 decursione
2623 3661 2910 3701 annorum
2942 3646 3070 3703 visu
3093 3647 3358 3715 multata,
3392 3665 3520 3720 quae
3552 3657 3746 3723 gesta-

2096 3734 2242 3791 torio
2272 3733 2499 3790 aselluli
2530 3737 2586 3789 et
2609 3734 2788 3790 ductu
2814 3751 3056 3791 suorum
3083 3736 3241 3791 adire
3267 3736 3546 3794 eclesiam
3584 3739 3746 3798 illam

2099 3827 2221 3880 erat
2250 3823 2442 3880 solita.
2475 3823 2578 3878 Die
2608 3823 2864 3895 quadam
2895 3824 3076 3898 igitur
3105 3825 3173 3880 de
3205 3843 3365 3882 more
3406 3827 3746 3892 adveniens.

2100 3928 2278 3983 seque
2313 3916 2444 3984 post
2473 3911 2855 3983 expletionem
2889 3913 3082 3970 missae
3143 3915 3358 3970 tumbae
3413 3921 3748 3974 sanctorum

2100 4006 2495 4074 prosternens,
2530 4001 2755 4056 diutius
2785 4005 2909 4056 erat
2938 4001 3184 4058 orationi
3228 4003 3529 4070 insistens,
3581 4010 3752 4061 exta:-

2102 4089 2274 4146 diatis
2321 4090 2556 4145 tandem
2614 4091 2743 4159 ejus
2795 4089 3107 4145 comitibus
3160 4094 3351 4163 precis
3402 4094 3754 4165 prolixitate,

2103 4177 2364 4252 aggressi
2393 4183 2532 4234 sunt
2559 4194 2594 4233 a
2623 4176 2748 4234 loco
2781 4194 2908 4233 eam
2941 4180 3256 4248 dimovere,
3287 4188 3616 4239 asserentes
3648 4183 3753 4240 ho-

2103 4284 2228 4322 ram
2263 4265 2642 4338 regressionis
2673 4265 3040 4338 praeteriisse.
3075 4269 3208 4333 Qus:
3244 4285 3492 4342 surgens
3522 4271 3754 4343 proﬁte-

2103 4359 2198 4410 tur
2215 4371 2276 4410 se
2287 4371 2426 4410 suos
2449 4358 2881 4426 praesentesque
2901 4361 3140 4411 cunctos
3162 4356 3381 4428 optime
3402 4359 3751 4431 perspicere.

2106 4443 2549 4500 Gratulantibus
2581 4459 2717 4514 ergo
2747 4443 3044 4512 omnibus,
3090 4450 3404 4517 gratesque
3436 4447 3552 4504 Deo
3609 4447 3756 4502 refe-

2107 4533 2391 4597 rentibus,
2421 4532 2549 4604 ipsa
2581 4548 2684 4603 per
2711 4548 2774 4587 se
2797 4536 2939 4587 tunc
2958 4536 3015 4589 et
3038 4533 3315 4606 deinceps
3341 4535 3606 4606 repetivit
3625 4552 3754 4602 sua,

347 4619 541 4675 futuro
566 4622 625 4674 et
655 4619 712 4672 in
750 4615 1026 4690 praesenti
1053 4622 1066 4670 ι
1100 4615 1278 4671 unius
1299 4614 1454 4671 enim
1489 4632 1594 4671 nos
1615 4615 1915 4689 genitricis
1947 4618 2006 4672 in
2040 4624 2084 4688 D
2117 4623 2304 4695 magis
2336 4622 2642 4694 magisque
2690 4626 2944 4678 aestuans
3003 4623 3344 4680 laetificatori
3377 4643 3483 4682 suo
3533 4626 3762 4699 placere

350 4709 502 4764 hanc
530 4707 720 4764 lucem
751 4705 955 4762 effudit
981 4710 1202 4773 uterus,
1236 4722 1354 4761 una
1373 4709 1432 4760 et
1459 4705 1570 4760 sub
1594 4723 1709 4760 uno
1728 4705 2000 4762 instructi

352 4813 560 4855 sumus
584 4794 925 4852 monasticis
951 4793 1199 4862 actibus,
1214 4811 1368 4849 unus
1387 4793 1486 4849 uni
1501 4793 1616 4849 Deo
1634 4795 2006 4850 commendat

351 4889 424 4945 ab
455 4887 564 4943 hac
595 4887 722 4942 lucc
759 4885 970 4952 exitus,
1032 4901 1186 4939 unus
1234 4883 1592 4938 omnimodis
1651 4883 1893 4956 recipiat
1945 4888 2002 4939 et

352 4977 761 5033 claudatterrae
786 4973 990 5029 matris
1011 4972 1274 5028 omnium
1299 4976 1564 5027 nostrum
1591 4971 2003 5044 sinus,quoad-

358 5082 542 5138 usque
571 5065 811 5121 veniens
843 5080 948 5118 nos
979 5063 1189 5118 excitet
1218 5060 1522 5116 Dominus.
1585 5060 1846 5115 Tandem
1901 5060 2002 5116 ubi

354 5155 511 5209 hunc
543 5153 728 5208 ﬁnivit
758 5168 1114 5218 sermonem,
1146 5150 1362 5220 pariter
1407 5149 1582 5204 etiam
1631 5148 1820 5204 lucem
1853 5153 2001 5205 tem-

358 5241 635 5313 poralem,
669 5243 1022 5297 subsecutus
1055 5242 1290 5295 sanctus
1336 5242 1604 5292 sanctum
1656 5237 1917 5302 fratrem,
1949 5243 2006 5293 et

359 5331 591 5401 utrique
617 5330 808 5385 dilecti
841 5330 1118 5384 dilectum
1147 5331 1552 5399 praeceptorem
1585 5324 1724 5380 olim
1759 5325 2002 5380 ccclesii-

359 5418 470 5472 bus
525 5418 749 5472 inhiare
809 5422 1165 5484 monentem,
1229 5431 1384 5469 nunc
1431 5412 1739 5485 promissis
1784 5416 2007 5486 majora

357 5505 747 5561 exhibentem.
766 5505 980 5561 Verum
1000 5507 1140 5577 quid
1171 5503 1372 5559 multis
1390 5503 1490 5558 diu
1515 5501 2006 5559 hichzerebimus?

433 5612 546 5692 (.2l)
579 5611 758 5692 Paulo
789 5611 956 5692 aliter
985 5616 1043 5666 et
1073 5611 1420 5692 breviussic
1453 5609 1610 5692 hunc
1643 5609 1840 5692 locum
1870 5610 2009 5692 legit

361 5685 536 5740 codex
579 5681 1192 5739 Mediani-Monasterii
1230 5701 1241 5737 :
1277 5682 1570 5753 Hild-alpho
1618 5683 1840 5737 mortali
1883 5681 2010 5739 vita:

2109 4709 2336 4766 actione
2367 4713 2542 4766 recta.

2719 4798 2950 4856 CAPUT
2977 4799 3163 4856 XXIV.

2180 4885 2440 4941 Tertium
2469 4885 2853 4942 nihilominus
2883 4887 3232 4945 miraculum
3274 4891 3643 4946 subnectitur
3669 4907 3763 4947 se-

2112 4975 2323 5031 eundo.
2359 4974 2532 5030 Poeta
2565 4975 2806 5046 quidam
2838 4977 3084 5033 Domino
3115 4979 3326 5034 cecinit
3352 4980 3607 5051 gaudere
3637 4979 3762 5051 pari

2113 5079 2357 5119 numero
2388 5064 2635 5134 (VIRGIL.
2671 5065 2788 5135 Egi.
2820 5066 2874 5132 8,
2909 5083 2962 5120 ν.
2989 5067 3100 5137 15.)
3123 5068 3603 5138 Quaquaversum
3636 5085 3763 5140 per-

2113 5155 2358 5223 vagante
2372 5151 2579 5207 horum
2595 5152 2610 5223 j
2621 5157 2884 5208 ustorum
2910 5154 3084 5221 fama,
3101 5172 3248 5227 quos
3281 5173 3513 5230 semper
3529 5157 3769 5212 habebit

2117 5246 2330 5295 reterns
2369 5242 2652 5297 memoria
2682 5260 2750 5298 ex
2781 5244 2992 5314 praedio
3023 5248 3078 5298 8.
3135 5245 3411 5318 Stephani
3465 5247 3766 5302 Danorum

2116 5347 2264 5401 opus
2295 5328 2463 5385 solito
2483 5330 2900 5403 vocitari,quod
2929 5337 3196 5405 corrupte
3221 5350 3375 5389 nunc
3406 5335 3766 5390 Danobrium

2115 5418 2371 5472 vocitant
2431 5419 2624 5474 cuncti
2702 5421 2872 5476 Mosae
2933 5421 3089 5476 ﬂuvii
3154 5423 3487 5494 adjacentes
3564 5422 3768 5479 littori.

2119 5506 2364 5569 Quidam
2397 5524 2584 5562 caecus
2617 5526 2678 5564 se
2730 5509 3069 5590 immiscens
3127 5512 3470 5583 frequentia:
3499 5511 3771 5585 populari

2115 5613 2403 5690 subtracto,
2435 5617 2662 5690 prmfati
2689 5616 2794 5672 duo
2823 5621 3077 5690 germani
3120 5619 3297 5690 parili
3356 5621 3621 5690 languore
3673 5619 3770 5675 de-

2113 5687 2310 5756 pressi,
2345 5702 2472 5742 mox
2494 5686 2864 5744 decubueram
2895 5689 3108 5744 lectulo.
