3990 6156
133 408 261 473 605

1284 411 1677 477 VALCANDI
1723 359 1908 474 vim
1954 412 2017 474 s.
2064 409 2434 474 DEODA'I‘I.

3439 413 3560 475 606

135 544 260 600 huc
291 543 654 617 properanti,
680 543 901 601 excitus
922 544 1082 618 gravi
1109 543 1480 602 incommodo
1500 544 1591 602 sui
1614 550 1670 601 et
1699 561 1801 619 spe
1827 549 1884 614 Α
1912 548 2040 601 tum
2069 543 2338 614 vocitato,
2372 545 2604 601 detersa
2637 543 2891 619 caligine
2931 542 3228 614 caecitatis,
3261 562 3322 604 se
3353 543 3465 603 sibi
3493 547 3563 603 li-

135 633 416 690 beneﬁcii
450 633 617 689 affuit
647 651 780 690 cum
826 651 1068 691 munere
1107 635 1386 692 manuali.
1421 637 1599 692 Nocte
1631 635 1811 709 igitur

126 721 410 795 precibus
439 721 708 794 impensa
737 740 840 778 nec
871 728 1103 796 sperata
1134 723 1495 780 exhilaratus
1557 724 1806 799 medela,

136 811 294 867 facto
327 828 500 867 mane
533 811 741 867 obnixe
784 813 1086 885 satagebat
1117 813 1365 869 revisere
1413 813 1667 886 propria.
1701 814 1806 868 Sed

140 900 290 972 quid
324 904 460 973 aget
499 900 853 958 miserabilis
903 902 1236 975 quibusque
1285 901 1700 958 festinantibus
1747 918 1808 958 se

132 989 386 1046 reddere
415 989 689 1062 propriis,
727 989 820 1046 hic
852 989 1158 1063 stipendiis
1197 991 1455 1046 haerebat
1487 991 1717 1056 alienis,
1751 1007 1808 1058 et

129 1077 362 1150 duplici
419 1077 627 1135 anxius
689 1080 883 1147 modo,
920 1079 1038 1135 sive
1087 1081 1240 1152 quod
1291 1081 1526 1136 carebat
1573 1083 1807 1152 sperato

135 1166 450 1236 beneﬁcio,
470 1167 560 1224 vel
589 1169 746 1240 quod
780 1167 1052 1224 familiari
1076 1168 1308 1242 tugurio
1329 1169 1688 1236 vecordiam,
1713 1170 1808 1230 ab_

132 1257 335 1328 jactus
368 1255 906 1328 ludibrio,quidam
939 1261 1134 1313 tamen
1169 1259 1415 1312 fratrum
1450 1274 1689 1313 manum
1722 1256 1804 1324 illi

138 1345 478 1419 porrigens,
513 1345 584 1401 ad
618 1345 812 1401 locum
847 1346 944 1418 qui
979 1345 1192 1402 dicitur
1215 1345 1590 1402 Visio-Vallis
1621 1361 1808 1418 usque

138 1433 416 1490 medium
466 1434 725 1490 deduxit.
759 1434 866 1491 Ubi
907 1435 1145 1490 tandem
1178 1435 1354 1492 homo
1403 1451 1718 1506 erumpens
1747 1434 1806 1489 in

137 1522 608 1594 querimoniam,
651 1523 1064 1580 miserabiliter
1102 1524 1373 1580 detestari
1408 1522 1807 1580 infelicitatem

137 1627 314 1668 suam
353 1610 448 1666 his
479 1611 671 1667 verbis
697 1611 870 1685 coapit
897 1629 910 1668 :
937 1613 1058 1668 Heu
1083 1613 1243 1686 piget
1264 1617 1366 1668 aut
1389 1613 1564 1685 pudet
1593 1629 1683 1668 me
1705 1613 1807 1668 mi-

136 1716 346 1756 serum
373 1699 638 1772 attigisse
659 1700 766 1756 has
790 1706 986 1773 partes
1008 1706 1062 1758 et
1085 1702 1226 1758 adeo
1253 1702 1583 1757 diffamatos
1606 1702 1810 1757 adesse

143 1793 432 1863 patronos
462 1806 529 1846 ac
561 1789 789 1846 Patres!
847 1790 1246 1864 divulgabitur
1287 1789 1512 1846 cunctis
1539 1807 1631 1845 me
1663 1790 1806 1845 infe-

1917 634 2124 689 berum
2150 633 2374 690 itineris
2395 635 2604 689 ducem
2627 635 2917 691 redditum
2940 653 3008 691 ex
3035 636 3329 709 insperato
3362 637 3564 705 sensit,

1917 739 1982 778 ac
2013 722 2229 779 oblitus
2259 722 2505 795 querela:
2529 723 2714 796 jugis,
2740 724 2932 779 verbis
2965 725 3270 780 affectibus
3303 725 3564 792 mutatis,

1918 816 2150 883 repente
2177 812 2308 867 duci
2344 828 2449 867 suo
2480 811 2949 885 gratulabundus
2980 813 3174 885 inquit
3198 831 3244 869 ;‹‹
3277 813 3458 871 Video
3489 819 3564 885 te,

1918 900 2212 973 silvasque
2243 900 2379 956 hinc
2411 901 2568 968 inde,
2591 905 2648 956 et
2676 900 2736 956 in
2757 901 2985 956 cunctis
3007 919 3100 957 me
3126 901 3312 958 sentio
3339 920 3569 976 compo-

1915 993 2032 1044 tem
2065 989 2188 1044 viae.
2220 989 2379 1044 Totis
2426 989 2622 1061 itaque
2665 990 2879 1044 animis
2929 989 3194 1062 ingentes
3243 991 3567 1062 gratiarum

1917 1077 2172 1134 actiones
2213 1079 2419 1133 divina:
2449 1078 2915 1150 Omnipotentias,
2949 1079 3402 1152 efﬁcacibusque
3432 1099 3568 1136 san-

1917 1171 2138 1222 ctorum
2173 1184 2320 1240 quos
2351 1167 2720 1224 miserrimus
2761 1167 2878 1223 adii
2917 1168 3143 1224 meritis
3173 1170 3376 1237 refero,
3411 1171 3566 1240 quod

1916 1273 2009 1311 me
2051 1256 2195 1311 mihi
2251 1257 2529 1312 donatum
2588 1274 2915 1329 agnosco.»
2948 1258 3136 1313 Laetus
3195 1274 3332 1331 ergo
3393 1259 3570 1316 frater

1915 1344 2112 1399 lzetum
2147 1345 2372 1401 dimisit
2401 1345 2471 1400 ad
2514 1363 2638 1401 sua.
2673 1350 2803 1417 Ipse
2835 1346 3080 1402 coenobii
3114 1353 3380 1419 repetens
3411 1347 3566 1404 clau-

1917 1438 2059 1501 stra,
2094 1433 2325 1504 utrique
2373 1433 2536 1489 laetos
2587 1434 2922 1502 efﬁcientes,
2957 1435 3048 1490 hic
3099 1436 3436 1506 monachos,
3473 1435 3568 1492 ille

1915 1523 2183 1594 papulos,
2209 1522 2310 1577 ubi
2342 1526 2656 1578 narrarunt
2684 1527 2848 1594 gesta
2871 1524 2927 1577 in
2950 1524 3061 1578 via.
3087 1524 3187 1580 His
3220 1525 3568 1580 innumeris-

1917 1628 2029 1683 que
2060 1610 2190 1666 aliis
2234 1611 2532 1666 miraculis
2583 1612 2868 1667 hactenus
2928 1613 3090 1668 locus
3150 1614 3304 1670 idem
3359 1615 3566 1671 divinae

1915 1699 2274 1773 dignationis
2303 1700 2624 1772 opitulante
2655 1718 2895 1757 munere
2921 1702 3148 1758 claruit.
3177 1705 3309 1768 Quae
3339 1722 3443 1778 pro
3475 1705 3567 1762 sui

1914 1789 2100 1862 copia,
2128 1788 2479 1861 scriptorum
2529 1807 2761 1862 quoque
2803 1791 3020 1862 inopia,
3054 1809 3118 1847 ac
3161 1791 3442 1849 lectorum
3475 1811 3567 1850 so-

128 1873 494 1936 licissimum
525 1883 582 1934 et
624 1878 1060 1952 nequissimum
1103 1879 1440 1936 mortalium
1475 1897 1621 1945 esse,
1656 1879 1807 1934 sicut
1839 1919 1884 1982 B
1913 1877 2110 1933 cordia
2144 1878 2299 1947 prior
2330 1882 2468 1933 aetas
2502 1883 2602 1933 aut
2636 1879 2900 1934 funditus
2932 1880 3218 1952 attingere
3248 1881 3567 1950 exhorruit,

133 1984 298 2023 nunc
331 1966 600 2039 experior
643 1972 700 2023 et
745 1967 930 2023 fateor
956 1968 1202 2042 integre.
1235 1968 1279 2023 Ο
1311 1973 1452 2040 quot
1501 1972 1558 2023 et
1606 1972 1808 2040 quanti

134 2055 316 2129 parili
331 2055 747 2112 vehementiori
757 2073 868 2129 que
887 2057 1205 2113 infortunio
1223 2056 1439 2112 detenti
1459 2072 1560 2128 per
1574 2060 1807 2128 sanctos

131 2143 275 2200 illos
298 2148 442 2200 sunt
460 2144 674 2216 adepti,
692 2163 847 2202 nunc
868 2163 960 2202 me
979 2164 1184 2210 unum,
1203 2145 1284 2201 uti
1303 2145 1680 2218 perspicuum
1698 2149 1805 2204 est,

131 2232 532 2290 infeliciorem
589 2232 1015 2292 infelicissimis
1065 2237 1251 2292 redire
1299 2235 1540 2308 contigit
1587 2235 1808 2307 absque

133 2322 354 2378 effectu
384 2322 526 2378 voti.
557 2321 689 2379 Haec
721 2327 895 2396 atque
940 2325 1280 2396 hujusmodi
1326 2324 1494 2397 plura
1523 2324 1806 2379 animosis

140 2427 283 2466 cum
319 2414 776 2483 prosequeretur
819 2411 1094 2484 querelis,
1121 2411 1418 2468 obtinente
1447 2411 1806 2483 praetentis-

139 2499 300 2556 sime
332 2499 525 2554 ubivis
545 2500 855 2572 prtesentia
877 2500 1198 2556 amicorum
1227 2501 1342 2568 Dei,
1369 2517 1553 2556 unum
1577 2500 1804 2556 effecto-

143 2605 282 2643 rum
317 2603 452 2643 cum
485 2587 584 2643 illo
615 2592 672 2644 et
697 2588 756 2643 in
788 2587 886 2643 illo
914 2589 1012 2661 qui
1045 2593 1101 2644 et
1134 2590 1350 2661 ubique
1380 2593 1435 2644 et
1464 2605 1720 2661 praesens
1750 2593 1808 2642 et

133 2682 356 2749 potens
387 2676 586 2733 existit
616 2677 675 2732 in
707 2676 830 2733 loco
872 2694 939 2732 ex
970 2682 1248 2750 proventu
1282 2678 1555 2752 genuino,
1589 2675 1802 2732 Corile-

1918 1971 2020 2021 aut
2049 1967 2140 2020 vix
2169 1967 2421 2037 alicujus
2441 1967 2672 2023 inculta:
2699 1969 3223 2040 argumentationis
3253 1970 3568 2044 exemplari

1918 2055 2221 2111 notiﬁcare
2281 2055 2488 2110 saltem
2549 2060 2804 2111 extrema
2831 2057 3011 2112 valuit
3055 2057 3138 2113 vel
3172 2057 3382 2126 voluit;
3443 2058 3569 2131 ipse

1915 2160 2048 2198 vero
2081 2160 2292 2198 manus
2323 2145 2460 2199 dare
2489 2143 2893 2200 inobedientia:
2923 2145 3141 2202 veritus
3172 2146 3596 2218 qualicunque,

1917 2231 2162 2287 lectione
2184 2231 2480 2304 incompta
2512 2232 2713 2301 latere,
2739 2233 2964 2289 futuros
2995 2233 3238 2290 minime
3269 2252 3400 2290 sum
3432 2251 3565 2306 pas-

1917 2337 2038 2376 sus.
2065 2321 2146 2390 [Si
2186 2321 2321 2390 quis
2351 2337 2484 2375 vero
2517 2320 2728 2375 librum
2764 2321 3182 2378 miraculorum
3237 2338 3416 2395 super
3444 2323 3566 2378 haec

1916 2413 2314 2465 transcurrere
2338 2408 2653 2474 studuerit,
2673 2410 3129 2465 evidentissimis
3151 2427 3464 2484 agnoscere
3485 2411 3568 2466 in-

1915 2498 2082 2554 diciis
2113 2498 2348 2570 poterit,
2372 2503 2628 2570 quantus
2659 2499 2753 2554 hic
2783 2500 2988 2556 beatus
3019 2504 3188 2556 Pater
3217 2504 3414 2556 noster
3443 2500 3562 2556 Hil-

1917 2586 2173 2659 dulphus
2203 2585 2504 2653 exstiterit,
2525 2586 2844 2660 qualesque
2870 2587 3024 2644 viros
3055 2589 3314 2644 dictante
3344 2589 3565 2662 Spiritu

1914 2680 2114 2731 sancto
2147 2680 2359 2732 sancta:
2395 2675 2663 2732 Ecclesiae
2692 2677 3065 2748 educaverit.j

770 2965 936 3056 DE
1013 2963 2020 3058 SUCCESSOBIBUS
2095 2962 2184 3055 S.
2250 2963 2940 3069 HILDULPHI

1265 3144 1344 3202 ΙΝ
1395 3142 1902 3204 MONASTERIO
1947 3143 2002 3202 M
2014 3141 2429 3201 EDIANENSI

1179 3300 1340 3373 (Vide
1368 3301 1700 3372 Patrologiae
1729 3305 1852 3356 tom.
1885 3299 2218 3366 CXXXVIII,
2245 3300 2347 3355 col.
2379 3300 2527 3370 203.)

509 3567 1067 3739 VITA
1203 3576 2024 3738 SANCTI
2165 3579 3250 3738 DEODATI'

1140 3953 1293 4054 DE
1388 3951 1532 4058 SA
1550 3952 1878 4060 NCTO
1977 3952 2383 4059 DEODA
2401 3953 2566 4058 ΤΟ

343 4147 656 4209 PRIMUM
691 4146 1070 4208 EPISCOPO
1104 4147 1606 4222 NlVEHNENSI,
1638 4149 1823 4207 DEIN
1859 4147 2172 4208 ABBATE
2201 4147 2483 4207 VALLIS
2517 4148 2902 4207 GALILZEJE
2932 4147 3010 4208 IN
3042 4147 3355 4209 VOSAGO

1104 4315 2026 4405 COMMENTARIUS
2083 4317 2594 4404 PBIEVIUS

988 4492 1142 4561 (Acta
1171 4497 1484 4548 sanctorum
1515 4493 1788 4562 Bolland.,
1819 4493 1982 4550 Junii
2025 4498 2064 4550 t.
2101 4493 2194 4562 IIl,
2227 4493 2320 4549 die
2351 4494 2438 4562 19,
2471 4510 2528 4565 p.
2561 4494 2710 4566 869.)

1644 4653 2054 4666 ———

1115 4753 1202 4813 De
1232 4752 1424 4813 sancti
1454 4752 1649 4827 cultu,
1682 4753 1831 4828 vita,
1868 4760 2049 4814 aetate
2081 4773 2151 4814 ac
2181 4753 2578 4813 monasterio.

205 4937 1400 5011 1.Vosegusmons,saltus,silva,eremus
1419 4938 1789 5011 perconfinia
1817 4940 1862 5008 Π
1900 4921 2303 5011 ᾳυοάᾉροεῐεέᾶ
2347 4939 2416 4994 ad
2469 4939 2733 5011 ordinem
2793 4939 3410 5011 Praemonstratensem
3465 4942 3554 4994 est

135 5011 388 5083 Alsatiaa,
415 5009 763 5083 Burgundiae
783 5015 840 5064 et
872 5010 1244 5083 potissimum
1276 5009 1660 5083 Lotharingize
1691 5027 1786 5066 ex-

137 5082 426 5149 tenditur;
457 5080 988 5153 prébuitqueolim
1031 5080 1206 5153 variis
1236 5081 1478 5148 sanctis,
1509 5080 1629 5136 tam
1660 5098 1788 5136 ere-

137 5150 533 5225 mitis,iqua_m
575 5150 902 5225 ownobitis,
936 5150 1231 5225 domicilia
1274 5167 1376 5206 seu
1408 5153 1784 5225 monasteria.

136 5224 292 5281 Inter
321 5223 446 5280 haec
474 5224 700 5296 potiora
736 5223 996 5296 quinque
1019 5223 1424 5296 censebantur
1452 5223 1522 5296 in
1546 5225 1786 5278 modum

136 5296 331 5368 crucis
358 5294 657 5368 distenta;
675 5294 984 5366 exquibus
1015 5294 1072 5368 in
1090 5294 1434 5368 capiteerat
1459 5294 1526 5368 ad
1559 5299 1788 5368 septen-

136 5367 414 5435 trionem,
443 5367 696 5423 Bodonis
745 5365 1166 5421 monasterium
1207 5383 1242 5419 a
1285 5365 1342 5419 S.
1379 5365 1609 5420 Bodone
1659 5367 1791 5421 Tul-

136 5438 282 5518 lensi
308 5439 611 5518 episcopo,
639 5438 814 5518 cujus
845 5436 1018 5518 infra
1049 5435 1220 5518 latior
1260 5435 1330 5516 fit
1359 5436 1788 5518 ‘men_tio,'_con-

137 5506 602 5581 structum,ja'm‘
622 5506 883 5581 diritum.
920 5508 1057 5563 Inde
1087 5507 1158 5562 ab
1190 5506 1408 5581 oriente
1439 5513 1528 5563 est
1549 5531 1590 5581 (εν
1611 5508 1788 5564 Seno-

138 5588 318 5638 nenSe
367 5579 812 5646 monasterium,
859 5596 893 5634 a
938 5583 995 5634 S.
1035 5579 1352 5634 Gumberto
1402 5595 1504 5634 seu
1553 5579 1786 5636 Gundo-

137 5653 378 5723 doberto
427 5650 864 5723 archiepiscopo
893 5672 922 5700 ››
965 5649 1284 5723 Senonensi
1312 5651 1651 5723 conditum,
1705 5653 1787 5707 uti

137 5722 318 5780 latius
371 5724 447 5780 ad
503 5721 684 5794 hujus
718 5721 930 5794 Vitam,
976 5721 1467 5794 21_1“eruarii__est
1515 5721 1788 5794 relatum,

138 5797 290 5868 quod
315 5795 490 5868 modo
508 5791 696 5868 exstat
715 5793 827 5868 sub
848 5791 1315 5868 Benedictinas.
1333 5792 1526 5848 Vitoni
1550 5810 1788 5866 congre-

136 5863 394 5939 gatione.
420 5865 462 5921 E
494 5865 729 5939 regione
755 5865 833 5939 ab
866 5863 1162 5939 occidente
1182 5863 1462 5939 visitatur
1491 5863 1790 5939 monaste-

137 5934 295 5998 rium
309 5934 663 6011 Stinagitfm,
676 5937 850 6010 vulgo
865 5938 1114 6003 Estinan,
1131 5935 1203 5994 ad
1221 5934 1510 5994 Mortham
1527 5935 1787 6003 fluvium,

1901 5009 2273 5066 translatum.
2309 5011 2531 5066 Ibidem
2563 5010 2739 5066 etiam
2782 5010 3119 5065 inveniturcc
3155 5009 3412 5065 Medium
3446 5026 3549 5064 seu

1897 5081 2231 5137 Medianum
2286 5081 2795 5152 Monasterium,ga
2843 5081 2901 5136 S.
2937 5080 3272 5152 Hildulpho,
3307 5079 3551 5137 dimisso

1899 5152 2402 5225 archiepiscopatu
2421 5151 2756 5225 _Trevirensi
2781 5174 2807 5200 ››
2831 5155 3118 5225 erectum;
3141 5151 3212 5225 de
3244 5167 3360 5222 quo
3390 5152 3550 5225 ejus-

1899 5241 2012 5296 que
2043 5222 2348 5279 t'u'ndatdre
2381 5223 2635 5295 plurima
2662 5223 2815 5278 infra
2837 5222 3344 5296 dicenturrlpsum
3377 5222 3550 5296 modo

1899 5292 2031 5350 cum
2063 5292 2398 5350 Senonensi
2419 5301 2796 5367 aggregatum
2827 5300 2918 5367 est
2949 5292 3418 5367 Benedictinzehs.
3450 5295 3550 5367 Vi-

1899 5368 2017 5438 toni
2044 5363 2942 5438 congregationi.—Me'nasterium
2973 5363 3553 5438 demum_Va|lis-Ga-

1897 5437 2078 5504 lilaazc,
2101 5435 2598 5510 quod—Juncluras
2619 5437 2904 5510 dixerant,
2930 5435 2998 5510 ad
3017 5436 3354 5510 meridiem,
3379 5438 3548 5510 quasi

1899 5509 1957 5589 i_n
1999 5506 2144 5589 pede
2191 5509 2624 5589 cru_cis,.quam_
2659 5507 2776 5589 ista
2805 5506 3069 5589 cqznobia
3119 5506 3459 5589 torm.ant,—a
3488 5509 3547 5589 S_.

1897 5577 2173 5649 Deodato,
2208 5581 2377 5650 cujus
2408 5577 2501 5634 hic
2531 5581 2668 5633 Acta
2711 5577 3100 5650 illustramus,
3133 5580 3434 5635 conditum
3495 5584 3552 5634 et

1898 5651 2194 5708 excultum
2234 5649 2371 5718 fuit;
2425 5650 2704 5722 obituque
2734 5649 3036 5722 ejusdem,
3065 5654 3121 5706 et
3151 5651 3456 5722 sepultura
3485 5667 3550 5705 ac

1900 5723 2198 5779 miraculis
2225 5723 2477 5789 clarum;
2511 5719 2665 5794 unde
2696 5719 2898 5794 abillo
2920 5721 3047 5792 jam
3069 5719 3303 5794 pridem
3337 5737 3550 5794 nomen

1900 5796 2121 5867 accepit
2177 5794 2479 5867 oppidum,
2514 5793 2669 5867 qu_o_d
2703 5791 2889 5867 eidem
2924 5791 3236 5867 paulatim
3278 5793 3551 5867 accrevit,

1899 5867 1972 5948 ad
2018 5863 2545 5948 dictum—fluvium
2585 5863 2894 5948 M’ortham,
2925 5863 3550 5948 v’ul‘go_Sai.nt:l.)id-c_n-

1899 5939 2164 5996 Lorraz’ne
2193 5941 2598 6010 nuncupatum
2629 5937 2741 6009 (est
2784 5938 2939 5994 enim
2971 5933 3130 5998 aliud
3179 5937 3250 5994 ad
3297 5933 3549 6011 Ligerim
