4000 6168
420 260 532 322 611

1140 256 1329 319 ΒΕΟ.
1374 256 1452 318 XI
1495 252 1722 317 AUCT.
1770 250 2081 314 INCERTI
2126 250 2312 315 ANNI
2358 255 2458 316 ET
2502 250 2825 316 SCRIPTI.
2871 262 3096 312 ’AAEEII.

3707 236 3845 311 6’12

1756 411 3844 445 ψ

1333 577 1760 716 VITA
1864 579 2002 715 s.
2096 579 2902 718 DEODATI

733 802 1012 864 Primum
1040 818 1078 861 a
1106 796 1480 860 Deodatensi
1510 798 1817 859 monacho
1845 799 2097 877 scripta,
2128 796 2271 859 dein
2302 816 2337 857 a
2368 797 2814 859 Mediolanensi
2840 797 3069 859 abbate
3098 796 3494 877 interpolata.

1508 931 1593 985 Ex
1620 948 1721 986 ms.
1754 930 2030 987 codicibus
2061 934 2113 989 et
2139 930 2378 987 editione
2403 932 2718 987 Nanciana.

943 1188 1177 1245 CAPUT
1216 1188 1527 1245 PRIMUM.

530 1306 709 1374 Ortus,
743 1308 1079 1378 episcopatus
1108 1305 1471 1373 Niversensz‘s,
1501 1306 1613 1360 vita
1633 1305 1908 1361 solitaria.

476 1457 526 1512 Ι.
559 1455 852 1513 Catholica
910 1455 1076 1522 ﬁdes,
1108 1458 1166 1511 et
1202 1453 1536 1511 Christiana
1592 1454 1798 1527 pietas,
1832 1458 2053 1527 quanto

400 1545 657 1601 vivacius
675 1544 857 1600 aciem
885 1544 1100 1600 mentis
1122 1543 1181 1598 in
1216 1543 1607 1599 invisibilibus
1639 1544 1858 1615 deﬁgit,
1889 1548 2053 1599 tanto

402 1634 640 1708 segnius
670 1632 926 1689 visibilia
955 1633 1222 1700 attendit,
1257 1632 1397 1705 quia
1435 1649 1636 1689 eorum
1678 1632 1932 1691 vanitate
1990 1649 2052 1688 se

404 1738 577 1795 posse
606 1722 809 1778 caecari
836 1720 1283 1788 animadvertit;
1310 1738 1413 1776 nec
1445 1721 1733 1777 mulcetur
1753 1721 2054 1793 qualicun-

403 1828 517 1883 que
533 1811 727 1884 specie
752 1811 1129 1876 caducorum,
1163 1827 1293 1881 quae
1325 1809 1573 1866 miratur
1604 1814 1664 1866 et
1693 1811 1877 1865 ambit
1900 1811 2055 1865 fluxa

402 1898 731 1955 carnalium
763 1898 1074 1955 curiositas
1103 1898 1379 1965 exterius,
1431 1899 1710 1971 quoniam
1771 1904 1873 1954 aut
1904 1899 2055 1954 foeda

401 1987 720 2054 interdum,
740 1992 841 2043 aut
877 2004 1060 2043 vacua
1089 1986 1246 2043 novit
1276 1987 1546 2044 interius.
1577 1990 1621 2043 A
1655 1988 1870 2060 quibus
1922 1988 2052 2044 ideo

401 2077 600 2133 oculos
620 2076 825 2132 avertit
845 2082 1137 2149 quatenus
1167 2076 1282 2133 veri
1316 2080 1374 2132 et
1405 2076 1576 2132 solidi
1630 2077 1766 2133 boni
1799 2076 2051 2133 oblecta-

402 2165 560 2222 mine
584 2165 643 2220 in
665 2170 951 2221 aeternum
977 2162 1195 2236 perfrui
1226 2165 1451 2236 possit;
1487 2165 1660 2236 cujus
1695 2166 1890 2221 sobrio
1920 2165 2053 2221 vino

398 2253 823 2310 sicinebriatur
845 2258 910 2309 ut
931 2253 1537 2326 ignoretquotramite
1566 2254 1638 2309 ad
1664 2254 1786 2310 haec
1815 2255 2054 2310 inﬁrma

399 2346 745 2398 revertatur.
771 2343 859 2398 Ad
886 2341 1232 2414 hujusmodi
1265 2359 1493 2397 merum
1525 2342 1610 2398 sic
1641 2360 1748 2398 nos
1785 2342 2053 2398 hortatur

396 2430 702 2487 Canticum
733 2430 1092 2486 canticorum
1128 2448 1140 2485 :
1177 2431 1369 2499 Bibite,
1393 2433 1581 2495 amici,
1604 2436 1655 2486 et
1695 2432 2053 2487 inebrianu'ni

394 2519 711 2576 charissimi
728 2519 911 2590 (Cant.
943 2537 997 2587 x,
1034 2520 1105 2591 1).
1139 2518 1645 2621 Animze‘ebrietas
1676 2521 1912 2592 gemina
1940 2526 2047 2587 est;
2080 2556 2127 2621 B

395 2612 499 2663 aut
517 2607 673 2664 enim
695 2607 982 2663 inebriata
1003 2623 1201 2663 amore
1223 2606 1443 2673 saeculi,
1484 2608 1852 2665 obliviscitur
1878 2612 2045 2665 Crea-

394 2696 540 2751 toris
598 2696 711 2764 sui,
745 2700 846 2751 aut
904 2695 1191 2751 inebriata
1221 2694 1499 2767 praeclaro
1538 2694 1717 2751 calice
1746 2697 2048 2754 charitatis

396 2783 522 2848 Dei,
545 2783 629 2838 sic
655 2783 926 2838 ardenter
963 2782 1218 2838 adhmrct
1248 2782 1542 2839 Conditori
1593 2788 1656 2839 ut
1687 2801 1799 2840 non
1832 2785 2048 2841 sentiat

396 2870 683 2943 quidquid
715 2875 805 2927 est
835 2870 1059 2925 mundi.
1088 2872 1251 2936 Quod
1284 2871 1617 2943 frequenter
1657 2873 1932 2929 audimus
1990 2878 2048 2931 et

394 2959 662 3016 videmus
681 2959 921 3029 factum,
942 2959 1178 3030 quando
1200 2958 1467 3015 nonnulli
1491 2976 1594 3032 pro
1618 2961 2048 3019 desideriovitze

393 3052 642 3116 aeternae,
677 3052 949 3121 parentes
991 3048 1187 3104 carnis
1244 3052 1301 3105 et
1348 3048 1598 3121 patriam
1658 3068 1855 3120 suam,
1884 3051 2045 3109 nullo

394 3136 797 3209 compellente,
831 3137 942 3192 sub
964 3136 1111 3209 jugo
1142 3137 1378 3194 Patrum
1412 3139 1805 3210 spiritualium
1837 3140 2044 3196 victuri

395 3225 657 3298 fugiunt;
682 3228 739 3281 et
758 3225 1055 3296 quondam
1075 3223 1232 3292 elati,
1251 3225 1496 3298 cupiunt
1521 3242 1651 3284 esse
1681 3228 1836 3300 quod
1869 3228 2043 3300 paulo

394 3318 528 3383 ante
564 3314 965 3387 despexerant,
983 3317 1040 3369 et
1063 3313 1257 3370 odisse
1284 3314 1574 3387 incipiunt
1603 3317 1757 3388 quod
1790 3317 2041 3373 fuerant.

392 3404 778 3459 Amarescunt
806 3402 891 3458 eis
922 3401 1061 3458 olim
1092 3402 1308 3470 dulcia,
1331 3408 1391 3459 et
1420 3402 1765 3462 dulcescunt
1793 3422 1994 3462 amara
2026 3424 2039 3475 ;

390 3506 668 3562 prospera
699 3490 1036 3558 formidant,
1069 3491 1314 3546 adversa
1333 3495 1625 3564 excptant,
1658 3493 1822 3549 obliti
1854 3493 2043 3550 facul-

390 3582 578 3634 tatum
609 3579 1273 3652 suarum,omniumque
1288 3582 1611 3637 carnalium
1638 3583 2036 3653 alfectionum;

391 3683 498 3723 nec
527 3667 880 3740 importunis
910 3667 1144 3723 ﬂetibus
1175 3670 1494 3743 ronjugum
1546 3678 1909 3744 revocantur,
1938 3690 2039 3729 seu

390 3756 604 3827 pietate
625 3755 1121 3828 parvulorum,sic
1146 3756 1339 3812 festini
1371 3760 1443 3813 ad
1468 3757 1727 3815 laborem
1766 3760 1933 3833 quasi
1966 3763 2039 3818 ad

392 3844 674 3916 requiem.
704 3843 821 3901 Hoc
858 3843 1045 3901 sancti
1081 3844 1331 3917 Spiritus
1364 3854 1558 3904 musto
1590 3849 1832 3921 quidam
1863 3850 2037 3922 pleni,

2088 1190 2145 1257 Α
2176 1192 2253 1244 De
2275 1187 2485 1243 virtute
2506 1187 2564 1242 in
2579 1187 2852 1265 virtutem
2877 1187 3093 1259 itaque,
3110 1203 3212 1259 per
3233 1150 3419 1242 aetatis
3459 1185 3829 1243 incrementa

2163 1276 2455 1349 gradatim
2485 1277 2697 1345 eundo,
2714 1280 2947 1350 gratum
2969 1293 3032 1332 se
3066 1293 3135 1332 ex
3155 1274 3393 1348 gemina
3411 1274 3694 1332 charitate
3723 1293 3824 1332 ex-

2163 1364 2403 1421 hibebat
2425 1368 2538 1421 Deo
2569 1369 2625 1421 et
2654 1364 2893 1437 populo,
2933 1363 3170 1420 divitias
3199 1363 3432 1432 salutis,
3466 1363 3819 1437 sapientiam

2161 1452 2430 1510 videlicet
2468 1469 2537 1509 ac
2558 1452 2892 1522 scientiam,
2916 1452 3252 1526 pariterque
3274 1452 3543 1508 timorem
3566 1452 3820 1520 Domini,

2164 1540 2606 1613 infatigabiliter
2635 1540 3048 1613 complectens,
3082 1558 3185 1614 pro
3219 1540 3642 1614 incorruptibili
3684 1541 3817 1598 the-

2163 1646 2357 1685 sauro.
2378 1630 2639 1685 Tandem
2662 1630 2787 1702 pari
2809 1632 2865 1685 et
2888 1629 3061 1686 unico
3090 1646 3337 1687 assensu
3361 1629 3499 1687 cieri
3524 1632 3583 1686 et
3602 1628 3815 1702 plebis,

2164 1718 2339 1774 aDeo
2384 1720 2496 1787 (cui
2547 1736 2609 1774 se
2669 1724 2856 1774 totum
2918 1720 3178 1788 dederat)
3201 1720 3370 1790 juxta
3418 1718 3675 1775 nominis
3717 1717 3816 1774 sui

2162 1807 2459 1880 exemplar
2474 1808 2727 1863 donatus
2750 1813 2837 1863 est
2858 1808 3155 1880 pontiﬁcio
3177 1808 3466 1876 Nivernis,
3498 1824 3573 1865 ne
3603 1812 3807 1867 sancta

2162 1898 2291 1967 ejus
2322 1896 2472 1951 actio
2504 1895 2728 1951 diutius
2761 1895 2966 1952 lateret
3010 1896 3121 1952 sub
3145 1896 3358 1965 modio,
3391 1895 3550 1954 velut
3578 1894 3819 1953 lucerna

2162 1985 2609 2057 praeclarissima
2629 1985 3043 2042 decentissime
3071 1984 3811 2059 przeﬁgendacandelabro,

2164 2080 2225 2129 ut
2253 2079 2370 2129 tam
2415 2074 2589 2129 verbo
2628 2089 2804 2146 quam
2858 2075 3008 2130 facto
3053 2074 3272 2131 luceret
3299 2074 3577 2131 omnibus
3606 2074 3665 2130 in
3697 2073 3812 2131 Do-

2162 2163 2306 2218 mini
2340 2162 2693 2218 sanctuario.
2722 2163 2884 2227 Quod
2916 2166 3139 2234 quanta
3184 2163 3492 2219 devotione
3532 2167 3590 2219 et
3635 2163 3811 2219 indu-

2162 2251 2325 2320 stria,
2361 2252 2470 2307 sub
2528 2251 2715 2307 infula
2772 2250 3116 2324 pontiﬁcali,
3176 2250 3577 2321 illustraverit,
3635 2267 3810 2307 nemo

2162 2341 2420 2413 priorum
2448 2339 2713 2412 ambigit,
2739 2341 2974 2413 quando
2997 2357 3232 2397 omnem
3264 2342 3392 2411 ejus
3424 2340 3656 2396 laudem
3673 2340 3812 2397 finis

2161 2429 2450 2501 perfectus
2469 2427 2641 2483 canit.
2662 2428 2724 2483 In
2739 2445 2855 2501 quo
2876 2429 3244 2502 pernoscitur
3267 2427 3485 2485 clarius
3516 2428 3646 2485 luce
3673 2445 3811 2485 eum

2160 2516 2217 2571 in
2249 2517 2587 2588 episcopatu
2621 2533 2735 2571 non
2768 2534 2895 2585 sua,
2931 2518 3032 2573 sed
3065 2534 3192 2589 quas
3224 2522 3363 2574 sunt
3400 2518 3540 2574 Jesu
3589 2517 3812 2574 Christi

2159 2610 2386 2660 tantum
2410 2605 2689 2677 quaesisse
2720 2606 2832 2678 (23)
2858 2622 2994 2673 ;nec
3015 2606 3223 2662 saltem
3255 2608 3328 2663 ab
3362 2606 3702 2663 hominibus
3725 2623 3815 2664 re-

2155 2694 2472 2750 verentiam
2495 2694 2774 2761 debitam,
2795 2696 2896 2750 sed
2927 2712 2961 2750 a
2987 2694 3100 2752 Deo
3120 2695 3586 2752 renumeratione
3608 2694 3801 2752 illiba-

2156 2787 2279 2838 tam
2310 2798 2380 2839 ex
2409 2782 2625 2839 honore
2658 2782 2757 2839 illo
2790 2790 3023 2856 optasse
3053 2784 3146 2839 cui
3177 2788 3303 2840 tam
3335 2784 3583 2857 perfecte
3621 2783 3811 2841 valuit

2157 2872 2513 2927 renuntiare.

2224 2962 2276 3015 3.
2310 2960 2571 3032 Denique
2600 2960 3012 3017 sanctissimus
3044 2960 3309 3028 antistes,
3340 2962 3557 3035 sagitta
3609 2960 3806 3017 chari-

2153 3049 2291 3105 tatis
2348 3048 2556 3105 divinae
2614 3049 2926 3105 salubriter
2980 3049 3344 3117 vulneratus,
3379 3049 3528 3107 trahi
3559 3053 3616 3106 et
3671 3066 3811 3105 cur-

2153 3154 2280 3195 rere
2328 3143 2459 3211 post
2487 3139 2692 3195 Jesum
2739 3139 3041 3211 expetebat
3070 3143 3230 3195 totus
3256 3140 3402 3210 (24);
3437 3138 3809 3212 perpendens

2154 3227 2444 3281 mundum
2503 3227 2560 3282 in
2622 3225 2880 3299 maligno
2933 3227 3191 3299 positum
3221 3229 3269 3298 (I
3321 3229 3480 3285 Joan.
3506 3244 3560 3296 v,
3580 3228 3659 3299 9),
3705 3243 3809 3283 se-

2153 3331 2266 3387 que
2298 3315 2356 3370 in
2390 3315 2583 3372 medio
2644 3314 3074 3371 scandalorum.
3112 3315 3336 3372 Etenim
3393 3316 3548 3373 sicut
3588 3332 3809 3388 super-

2151 3403 2361 3459 borum
2405 3408 2497 3460 est
2554 3403 2888 3472 minimum,
2922 3420 3025 3460 seu
3084 3408 3238 3461 certe
3295 3404 3375 3460 nil
3432 3404 3569 3461 boni
3629 3420 3811 3478 agere

2150 3496 2208 3548 et
2239 3491 2415 3548 semel
2451 3492 2911 3564 perfectissimos
2945 3493 3005 3547 in
3034 3491 3223 3550 oculis
3242 3492 3342 3549 Dei
3371 3492 3683 3560 estimare,
3717 3492 3813 3550 sic

2151 3581 2408 3654 profecto
2449 3580 2765 3637 humilium
2814 3584 2921 3648 est,
2953 3597 3081 3653 quae
3112 3582 3399 3653 praecepta
3431 3584 3571 3637 sunt
3600 3581 3813 3639 omnia

2150 3670 2357 3736 facere,
2377 3686 2555 3741 seque
2594 3669 2835 3726 inutiles
2861 3686 3059 3725 servos
3084 3668 3230 3741 (Luc.
3263 3685 3399 3739 xvu,
3441 3670 3548 3741 10),
3580 3673 3638 3726 et
3673 3686 3810 3727 om-

2150 3759 2325 3815 nibus
2350 3758 2693 3814 hominibus
2720 3758 3024 3815 inferiores
3055 3774 3119 3813 ac
3150 3756 3402 3823 viliores,
3435 3774 3553 3814 non
3606 3757 3810 3815 solum

2149 3864 2257 3904 suo
2287 3864 2385 3903 ore
2426 3846 2830 3919 pronuntiare,
2860 3864 3065 3903 verum
3121 3846 3298 3902 etiam
3351 3847 3561 3903 intimo
3609 3846 3809 3904 cordis

390 3932 802 4006 opulentarum
865 3933 1102 3989 urbium
1167 3950 1409 3991 suarum
1470 3920 1623 3992 sunt,
1652 3938 1815 3994 obliti
1843 3920 1902 3994 in
1935 3940 2044 3996 hac
2074 3920 2118 3987 Ε
2157 3936 2363 3992 affectu
2383 3936 2636 3991 credere.
2657 3935 2880 4007 Οιιίρρθ
2901 3952 2933 3991 8
2959 3934 3185 3991 malitia
3207 3935 3491 4004 CODVBPSi,
3522 3939 3581 3991 ει
3611 3935 3810 3991 ΘΠθοιί

390 4038 643 4096 paupere
695 4022 944 4095 Vosego,
980 4022 1131 4078 fame
1177 4027 1235 4078 et
1281 4022 1493 4097 frigore
1552 4025 1848 4083 tabescere
1904 4044 2044 4083 con-

389 4111 554 4167 tenti.
582 4110 663 4168 De
694 4128 946 4183 quorum
1007 4128 1252 4168 numero
1295 4112 1598 4186 piissimus
1654 4115 1821 4171 Pater
1845 4121 2046 4173 noster

393 4200 720 4280 Deodatus,
744 4201 1037 4273 praecipuo
1069 4200 1240 4257 nobis
1271 4203 1682 4273 praedicandus
1709 4208 1797 4259 est
1828 4221 2042 4277 praeco-

391 4287 489 4342 nio
516 4289 650 4355 (22).

463 4375 678 4430 Beatus
724 4375 1017 4432 Deodatus
1064 4393 1343 4449 generoso
1379 4378 1826 4435 occidentalium
1860 4382 2042 4437 Fran-

392 4478 595 4518 corum
655 4462 939 4535 sanguine
998 4468 1354 4536 procreatus,
1406 4482 1637 4522 morum
1697 4472 1753 4524 et
1802 4473 2075 4525 actuum‘

393 4550 775 4627 praerogativa
799 4551 855 4606 in
878 4569 995 4607 sua:
1018 4551 1298 4623 prosapia:
1335 4551 1487 4609 linea
1514 4555 1761 4612 eminuit
1794 4556 2041 4629 primus,

391 4638 659 4712 quamvis
685 4655 753 4695 ex
783 4639 1041 4712 corporis
1070 4639 1307 4695 aetatula
1335 4647 1672 4700 censeretur
1688 4650 2040 4718 postremus,

459 4796 571 4876 (22)
594 4796 975 4876 Hincninci‘pit
997 4792 1113 4876 ms;
1135 4798 1577 4876 Ultrajectinum
1612 4806 2041 4876 praepositishis

384 4868 577 4924 verbis
599 4886 689 4958 .:.«
710 4868 1246 4958 ιΡίἰεείὶῐιιιεινΡειίεξ·
1269 4868 1467 4958 noster
1497 4868 1808 4956 Deodatus,
1838 4878 2040 4958 praeci-

388 4957 504 5012 puo
519 4940 685 5020 nobis
708 4940 880 5020 hodie
900 4941 1307 5020 praedicandus
1328 4948 1418 5020 est
1440 4947 1726 5014 praeconio
1753 4940 2038 5020 quigene-

386 5028 541 5077 roso,
578 5034 604 5061 »
632 5016 764 5077 eto.,
798 5018 856 5068 et
886 5018 1123 5068 secutus
1158 5013 1486 5069 Mosander.

458 5084 571 5153 (23)
603 5083 844 5139 Carolus
875 5083 927 5138 le
979 5082 1179 5139 Cointe
1210 5083 1280 5139 ad
1340 5100 1559 5153 annum
1591 5088 1717 5151 657,
1753 5105 1914 5143 num.
1950 5089 2039 5153 16,

386 5153 605 5276 profert
635 5176 663 5204 «
700 5153 1089 5225 privilegium,
1124 5156 1279 5235 quod
1312 5154 1518 5211 Emmo
1562 5158 2038 5231 archiepiscopus

428 5224 740 5276 enonensis
772 5226 829 5276 S.
864 5224 1166 5276 Petri-Vim
1202 5226 1257 5276 in
1286 5227 1506 5276 svnodo
1536 5228 1776 5276 collecta
1801 5247 2036 5276 nnnnng-

428 5224 740 5297 enonensis
772 5226 829 5297 S.
864 5224 1166 5297 Petri-Vivi
1200 5226 1257 5281 in
1286 5227 1506 5297 synodo
1536 5224 1781 5285 collecta
1801 5224 2036 5287 conces-

386 5292 482 5353 sit,
518 5314 555 5371 »_
577 5294 669 5347 cui
701 5296 1050 5371 subscripsit
1079 5296 1227 5351 inter
1258 5284 1413 5371 alios
1471 5284 1781 5371 episcopus
1816 5284 2038 5357 Niver-
2068 5284 2115 5349 D

388 5363 613 5449 pensis,
646 5380 822 5434 quem
852 5363 1157 5449 le'VCointe
1186 5363 1752 5449 arbitratur'fuisse
1786 5371 1943 5427 hunc
1976 5374 2034 5429 S.

388 5431 712 5511 Deodatum
739 5437 879 5511 ;sed
901 5438 972 5511 (si
1004 5439 1076 5506 is,
1091 5442 1163 5511 ut
1190 5437 1312 5493 vult
1343 5438 1773 5511 Riguetus,sub
1796 5459 1889 5499 an.
1909 5445 2037 5511 (ΗΟ,

389 5506 457 5561 ut
486 5508 682 5562 autem
704 5508 979 5580 ego,630,
1011 5509 1350 5587 episcopatu
1382 5506 1549 5576 abiit)
1590 5506 1761 5588 longe
1816 5506 2043 5576 exerrat

2152 4023 2212 4079 in
2243 4022 2428 4079 oculis
2460 4024 2584 4081 suis
2606 4022 2850 4096 parvuli,
2882 4024 3126 4079 Domino
3150 4023 3423 4096 parvulos
3446 4023 3807 4080 custodienti

2154 4112 2322 4185 (Psal.
2352 4129 2498 4181 cxxv,
2531 4112 2587 4183 6)
2618 4113 2834 4168 deflent
2864 4117 3058 4168 mente
3087 4112 3340 4186 supplici
3375 4131 3388 4169 :
3420 4114 3811 4185 Imperfectum

2152 4217 2335 4257 meum
2362 4200 2614 4256 viderunt
2643 4201 2788 4256 oculi
2818 4201 2901 4256 tui
2929 4201 3101 4272 (Psal.
3131 4202 3525 4272 cxxxvm,16).
3558 4201 3676 4257 Hoc
3692 4201 3809 4257 uti-

2153 4305 2266 4361 que
2289 4292 2479 4361 pacto,
2496 4288 2584 4343 vir
2625 4305 2870 4344 summa:
2893 4289 3221 4346 sanctitatis
3242 4290 3537 4345 Deodatus
3568 4290 3628 4344 in
3658 4288 3809 4345 civi-

2151 4382 2267 4433 tate
2298 4377 2397 4434 Dei
2427 4375 2757 4433 humilitate
2790 4377 3047 4450 perfecta
3078 4378 3373 4434 radicatus
3414 4382 3471 4433 et
3519 4378 3805 4434 fundatus

2153 4466 2325 4537 (Paci.
2361 4466 2695 4536 an,2,3),
2731 4480 2956 4520 necnon
2988 4469 3253 4536 respectu
3285 4464 3542 4520 districti
3573 4464 3805 4520 Judicis

2155 4559 2543 4625 extremaeque
2583 4551 2973 4609 discussionis
3022 4553 3295 4620 attonitu,
3328 4556 3387 4608 et
3415 4552 3607 4609 sciens
3662 4552 3808 4624 quia

2152 4643 2245 4698 cui
2278 4642 2411 4715 plus
2443 4641 2852 4709 committitur,
2887 4640 3023 4714 plus
3051 4641 3124 4697 ab
3163 4657 3230 4698 eo
3255 4641 3665 4715 exigitur(Luc.
3698 4657 3806 4709 xu,

2152 4804 2486 4871 conjectura
2541 4800 2680 4865 illa;
2713 4816 2876 4872 aeque
2936 4818 3001 4856 ac
3060 4801 3670 4867 Sammarthanorum,
3699 4802 3804 4872 qui

2150 4873 2700 4945 episcOpatumAejus
2726 4872 3003 4927 dill‘erunt
3033 4889 3217 4945 usque
3248 4873 3317 4928 ad
3343 4890 3438 4929 an.
3470 4872 3597 4945 668,
3623 4889 3803 4944 quem

2151 4942 2513 5016 praecesserit
2531 4943 2825 4998 Gilbertus
2848 4960 2951 5016 pro
2972 4942 3254 5016 anno—7665
3266 4960 3333 5016 ex
3348 4961 3462 5000 ms.
3487 4942 3805 5016 Nivernen-

2291 5013 2555 5069 Ecclesiae
2612 5018 2807 5069 notus.
2842 5013 3030 5070 Ouare
3074 5014 3217 5069 mihi
3244 5015 3475 5070 videtur
3502 5015 3802 5070 Deodatus

2150 5032 2232 5071 sis
2291 5032 2555 5069 acciesue
2612 5032 2807 5069 nonus.
2842 5032 3030 5079 uuare
3074 5032 3217 5069 mini
3244 5032 3475 5070 videtur
3502 5032 3800 5070 ueoaatus

2151 5088 2491 5157 assumptus
2546 5085 3069 5169 postuA‘gricolum.
3091 5086 3191 5158 qui
3213 5086 3436 5169 primis
3466 5086 3593 5169 suis
3623 5085 3800 5169 annis

2150 5155 2404 5229 praesens
2426 5155 2647 5237 synodo
2668 5155 3071 5239 Malisconensi
3089 5155 3375 5226 anni—58L
3408 5156 3574 5213 facile
3606 5156 3801 5229 potuit

2150 5228 2302 5284 ultra
2327 5228 2454 5292 620,
2488 5227 2675 5298 Vitam
2710 5231 3082 5298 protrax1sse.
3640 5297 3645 5298 ί

2149 5228 2302 5284 ultra
2327 5228 2454 5292 620,
2488 5228 2675 5282 Vitam
2710 5228 3082 5298 protraxisse.
3608 5228 3621 5229 ί

2219 5300 2328 5369 (24)
2353 5297 2521 5369 Apud
2552 5297 2929 5371 Mosaudrum
2962 5299 3465 5371 apponunturista
3485 5315 3505 5353 :
3531 5321 3559 5348 ‹‹
3584 5297 3801 5371 Dicens

2151 5374 2361 5441 etcu'n
2396 5386 2613 5441 sponsa
2648 5387 2660 5425 :
2695 5370 2862 5424 Trahe
2890 5386 2975 5425 me
2996 5370 3125 5441 post,
3149 5378 3514 5436 te,curremus
3543 5370 3715 5427 simul
3738 5372 3802 5429 in

2151 5440 2367 5499 odorem
2395 5440 2801 5512 uhguentorum
2829 5440 3046 5499 tuorum
3072 5440 3251 5517 (Cant.
3283 5459 3322 5513 ι,
3354 5443 3431 5506 3).
3468 5463 3490 5496 ι
