4000 6168
173 311 296 371 617

1309 314 1699 377 VALCANDI
1746 313 1931 375 VITA
1977 315 2041 375 S.
2088 314 2449 377 DEODATI.

3462 310 3585 374 618

171 444 487 512 desereret,
520 443 688 517 eique
719 448 1016 517 gratanter
1035 447 1125 502 sui
1138 447 1296 518 juris
1321 446 1723 518 possessiones
1749 446 1821 503 ad
1852 447 1908 513 Α
1942 445 2165 502 Interea
2221 446 2533 513 Dominus,
2595 445 2879 503 sollicitus
2935 446 3006 501 de
3063 460 3227 502 servo
3286 444 3367 499 nil
3426 444 3585 518 cogi-

169 534 667 589 commanendum
702 534 954 603 offerret”,
983 535 1072 590 vir
1092 535 1191 592 Dei
1220 535 1824 608 responditlacrymaé

170 620 405 678 biliter:
442 623 513 678 Ut
542 624 682 694 quid
717 627 803 679 tot
832 624 1003 680 annis
1034 624 1198 682 exsul
1240 629 1297 680 et
1342 624 1626 697 profugus
1675 624 1825 679 hanc

168 710 531 783 provinciam
562 712 748 768 habeo
795 713 1088 780 aberrare,
1139 730 1274 769 cum
1324 714 1383 768 in
1435 730 1504 769 ea
1550 713 1823 785 (peccatis

164 799 709 872 meist‘acientibus)
730 818 1015 873 nequeam
1040 803 1171 873 pedi
1194 819 1324 858 meo
1347 806 1605 874 optatam
1629 802 1821 873 requi-

162 904 261 943 em
290 888 575 961 reperire?
604 889 737 945 Jam
769 890 839 944 ad
873 889 1244 946 moriendum
1269 891 1421 946 dabo
1446 907 1537 945 me
1558 894 1733 945 vastae
1766 893 1824 945 et

160 977 382 1049 ignota;
412 977 740 1046 solitudini;
772 980 983 1034 viderit
1010 980 1196 1050 pietas
1219 979 1449 1036 Domini
1474 979 1643 1049 cujus
1666 979 1818 1034 desi-

165 1065 328 1123 derio
356 1067 607 1138 patriam
638 1068 860 1139 respui,
891 1072 948 1123 et
977 1067 1087 1123 hos
1107 1068 1256 1124 fines
1273 1068 1502 1140 expetii.
1526 1072 1647 1124 Hoc
1667 1068 1819 1123 dicto

164 1156 421 1227 datoque
449 1156 612 1228 pacis
631 1155 853 1225 osculo,
868 1158 977 1212 sub
990 1156 1260 1228 amplexu
1276 1162 1478 1212 mutuo
1492 1157 1816 1212 discessum

163 1249 275 1311 est,
309 1261 423 1299 non
457 1244 581 1300 sine
614 1244 750 1301 ﬂetu
783 1244 1093 1317 utriusque
1124 1245 1399 1318 plurimo.

230 1334 287 1389 8.
340 1334 453 1390 Sed
500 1332 723 1389 famulo
773 1351 879 1390 suo
922 1335 1385 1406 persecutionem
1438 1351 1541 1406 pro
1585 1334 1818 1405 justitia

157 1421 403 1493 patienti
438 1422 734 1477 miseratio
767 1423 965 1478 divina
994 1440 1110 1478 non
1142 1423 1347 1491 defuit;
1377 1441 1505 1495 quae
1553 1424 1601 1477 ci
1644 1423 1816 1478 habi-

153 1510 272 1567 lem
295 1514 354 1566 et
384 1516 646 1582 optatum
676 1511 869 1567 locum
892 1511 1163 1583 providit,
1187 1516 1246 1567 et
1266 1517 1666 1584 persecutores
1687 1513 1815 1584 ejus

155 1599 585 1656 contumeliosa
639 1604 699 1656 et
746 1600 1070 1657 miserabili
1121 1601 1294 1674 plaga
1344 1602 1404 1656 in
1459 1618 1567 1657 sua
1618 1601 1815 1657 sobole

1936 537 2083 591 tanti
2104 535 2172 591 de
2196 536 2469 604 crastino,
2494 535 2834 608 religiosum
2858 536 3050 591 virum
3074 535 3309 591 Hunum
3330 532 3501 589 aliter
3522 533 3585 589 in

1936 624 2162 680 somnio
2193 642 2301 680 suo
2322 626 2601 697 dignatur
2626 624 2902 697 alloquio.
2934 625 3052 680 Cur
3092 625 3245 680 fame
3292 621 3586 696 permittis

1934 713 1992 766 in
2027 712 2343 768 solitudine
2386 713 2576 785 perire
2620 719 2977 785 compatrem
3024 718 3215 782 tuum,
3266 712 3590 768 Deodatnm

1932 801 2349 858 Nivernensem
2402 802 2766 875 episcopum,
2817 819 2995 858 causa
3051 801 3166 859 mei
3219 801 3482 859 exsulem
3526 803 3585 856 et

1930 888 2161 962 inopem
2194 892 2436 953 factum,
2472 891 2571 961 qui
2603 908 2718 963 prta
2752 890 3082 947 humilitate
3108 889 3204 944 vix
3235 886 3465 945 minimi
3488 885 3583 943 sui

1930 983 2095 1034 actus
2122 983 2179 1034 te
2209 979 2343 1034 fecit
2373 978 2703 1034 conscium?
2733 980 2839 1035 Cui
2869 977 3242 1051 respondenti
3263 993 3327 1034 se
3354 976 3580 1033 nescire

1929 1078 2373 1137 quorsum'eum
2402 1082 2659 1138 quaerere
2708 1066 2963 1135 deberet,
3014 1065 3286 1139 prtecepit
3334 1064 3572 1120 dicens:

1927 1155 2116 1210 Onera
2147 1155 2473 1227 saginarios
2504 1156 2616 1227 (42)
2647 1159 2781 1212 tuos
2811 1155 3002 1224 bonis,
3035 1171 3161 1228 quis
3180 1152 3287 1210 tibi
3306 1151 3572 1225 praestiti,

1927 1249 2003 1310 ct,
2037 1244 2303 1300 invocata
2325 1246 2629 1315 majestate
2676 1244 2892 1313 divina,
2943 1261 3043 1301 eos
3089 1261 3194 1316 per
3234 1259 3296 1299 se
3344 1241 3574 1297 dimitte

1927 1334 2083 1389 istud
2116 1335 2226 1390 iter
2254 1335 2485 1407 aggredi
2517 1353 2529 1401 ;
2563 1334 2709 1389 mihi
2737 1336 2927 1404 crede,
2959 1335 3168 1390 ductor
3204 1349 3322 1389 non
3364 1331 3570 1389 deerit.

1927 1423 2042 1478 lloc
2065 1424 2536 1497 exspergcfactus
2567 1442 2701 1480 cum
2735 1424 3033 1480 retulisset
3063 1421 3280 1479 devota:
3309 1420 3573 1493 conjugi,

1924 1513 2279 1569 omnimodis
2293 1512 2735 1570 accelerandum
2753 1514 2927 1587 coepit
2946 1513 3186 1569 hortari.
3203 1511 3351 1579 Quid
3364 1509 3573 1584 plura?
3677 1578 3685 1585 .

1924 1601 2234 1674 Sagmarii,
2267 1607 2333 1657 ut
2365 1602 2605 1673 jussum
2656 1603 2865 1671 fuerat,
2916 1602 3077 1658 abire
3124 1600 3421 1674 permissi,
3469 1615 3574 1673 per

159 1689 475 1761 percussit.
507 1689 653 1746 Nam
685 1689 1007 1762 primatum
1039 1689 1272 1746 illorum
1300 1689 1425 1747 dies
1462 1689 1811 1761 dimidiavit,
1922 1691 2136 1746 inviam
2168 1707 2452 1759 eremum,
2486 1692 2625 1747 recti
2655 1691 2881 1747 itineris
2907 1690 3061 1747 linea
3088 1688 3570 1762 pervenerunt‘ad

148 1794 376 1851 eosque
406 1779 479 1834 ab
511 1778 619 1834 hac
648 1778 777 1835 luce
802 1779 863 1834 in
887 1779 1249 1835 dulcioribus
1271 1779 1381 1835 sibi
1403 1779 1574 1834 annis
1595 1779 1808 1850 rapuit.
1841 1816 1887 1881 Β
1924 1778 2261 1851 speluncam
2296 1780 2482 1835 sancti
2509 1798 2522 1835 :
2555 1796 2807 1851 quorum
2836 1779 2927 1835 via
2956 1782 3159 1834 notata
3183 1778 3258 1833 ab
3304 1776 3419 1844 his,
3469 1774 3571 1875 qui

149 1868 319 1933 Quod
349 1884 507 1924 nunc
536 1884 725 1939 usque
756 1868 813 1923 in
842 1869 1181 1941 posteritate
1212 1883 1414 1923 eorum
1443 1867 1699 1924 exercuit
1746 1868 1806 1923 in
1844 1863 1887 1881 ”
1917 1884 2063 1939 pene
2094 1869 2448 1941 pedetentim
2480 1869 2714 1924 fuerant
2742 1885 2841 1925 eos
2870 1867 3009 1923 illuc
3039 1863 3567 1939 usque'presecuti,

143 1961 387 2013 tantum
407 1961 472 2013 ut
489 1956 804 2028 aliquoties
819 1957 1017 2013 eximii
1034 1974 1300 2030 proceres
1319 1974 1385 2012 ac
1408 1964 1526 2013 tres
1546 1956 1806 2012 illustres

145 2050 576 2111 matronae,tam
592 2045 902 2102 dolendam
917 2046 1309 2102 conditionem
1324 2063 1440 2102 suae
1455 2045 1804 2118 genealogis:

146 2138 482 2191 metuentes
511 2135 646 2200 sibi,
681 2135 874 2208 capita
902 2151 1010 2190 sua
1058 2152 1123 2190 ac
1169 2136 1382 2189 fundos
1432 2134 1807 2190 multaverint

141 2228 353 2279 sancto
384 2222 504 2291 isti,
538 2239 612 2279 ne
633 2240 735 2295 pro
756 2222 1067 2296 iniquitate
1098 2228 1331 2297 patrum
1359 2240 1601 2279 suorum
1626 2240 1807 2280 mere-

140 2316 354 2369 rentur
382 2329 418 2367 a
445 2313 561 2368 Deo
593 2313 852 2368 multari.
879 2314 1172 2384 Quotquot
1196 2316 1391 2367 autem
1416 2312 1802 2367 ruricolarum

139 2400 202 2455 in
263 2402 474 2457 eadem
523 2399 662 2456 villa
705 2402 912 2471 (donec
960 2401 1201 2473 mansit)
1252 2401 1371 2456 nati
1430 2401 1608 2469 fuere,
1667 2418 1800 2457 cum

138 2494 443 2547 strumoso
474 2494 712 2563 gutture
738 2491 962 2562 jugiter
990 2489 1179 2546 vixere
1206 2491 1335 2563 (38),
1368 2507 1483 2562 quo
1523 2491 1801 2545 dedecore

140 2594 389 2650 prorsus
422 2595 662 2635 caruere
692 2582 979 2651 quotquot
1004 2579 1062 2633 in
1095 2578 1355 2633 ulteriori
1386 2578 1581 2635 littore
1626 2580 1802 2635 inter-

142 2666 388 2723 ﬂuentis
416 2667 691 2723 torrentis
724 2668 883 2723 nasci
917 2671 1175 2739 potuere.
1218 2668 1380 2732 Quod
1430 2668 1798 2722 animadver-

139 2761 334 2812 tentes
365 2760 621 2811 enixura
655 2756 904 2823 feminae,
953 2760 1267 2812 torrentem
1317 2754 1486 2810 illum
1536 2755 1803 2812 solebant

140 2844 424 2901 transire.

811 2959 1043 3015 CAPUT
1078 2960 1147 3015 ll.

142 3069 427 3123 Discessus
448 3068 507 3121 in
530 3067 730 3122 Vallem
743 3066 1051 3123 Galilaeam.
1072 3066 1315 3122 Ecclesia
1329 3076 1380 3122 et
1405 3069 1797 3125 monasterium

393 3142 779 3206 constructum,
809 3154 873 3192 ac
907 3138 1218 3209 privilegiis
1244 3141 1541 3193 munit-um.

205 3271 268 3327 9.
301 3272 468 3328 Tunc
500 3270 668 3329 miles
698 3270 931 3339 Christi,
962 3271 1309 3343 infatigabili
1338 3271 1577 3342 quidem
1600 3273 1793 3341 corde,

140 3362 244 3416 sed
277 3359 531 3416 nimium
559 3360 797 3433 fatigato
814 3376 1075 3432 corpore,
1095 3376 1199 3432 per
1220 3360 1528 3432 scopulosa
1538 3362 1685 3432 juga
1707 3378 1796 3416 ar-

142 3449 399 3505 duorum
413 3449 727 3514 montium,
742 3465 1110 3521 perconcava
1130 3447 1534 3519 squalidarum
1557 3448 1796 3504 vallium

142 3538 574 3609 reptabundus,
597 3538 835 3593 tandem
852 3535 1074 3592 Vallem
1088 3541 1485 3608 nuncupatam
1501 3536 1796 3593 Galilaam

140 3627 281 3697 (39),
312 3642 468 3683 anno
496 3627 568 3681 ab
594 3626 895 3682 incarnato
925 3625 1112 3681 Verbo
1163 3625 1585 3682 sexcentesimo
1636 3642 1797 3682 sexa-

142 3714 370 3788 gesimo
402 3732 556 3770 nono
588 3714 724 3787 (40),
760 3715 943 3770 subiit
993 3713 1259 3783 anhelus,
1312 3731 1490 3787 quam
1537 3714 1799 3771 interluit

144 3809 203 3859 et
227 3802 437 3876 irrigat
464 3802 692 3859 Motha
719 3803 990 3875 piscosus
1038 3807 1094 3859 et
1138 3808 1338 3860 vastus
1386 3803 1599 3859 fluvius
1645 3804 1794 3875 (lii);

145 3908 330 3963 penes
357 3908 538 3964 quem
568 3892 626 3947 in
645 3892 902 3948 Australi
923 3893 1053 3962 ejus
1074 3892 1201 3963 ripa
1224 3894 1472 3964 (reperta
1494 3891 1795 3965 spelunca,

146 3986 205 4036 et
233 3980 640 4036 amcanissimo
674 3982 851 4051 fonte)
882 3981 1184 4052 aliquanto
1213 3981 1359 4036 inibi
1390 3980 1610 4036 dilituit
1656 3986 1800 4037 tem-

148 4085 307 4140 pore,
324 4068 640 4125 herbarum
655 4072 883 4124 tantum
897 4068 1216 4142 agrestium
1230 4073 1285 4124 et
1308 4070 1680 4140 pomulorum
1694 4087 1793 4127 esu

144 4173 438 4230 corporeae
468 4174 818 4214 succurrens
840 4157 1068 4225 inediae,
1093 4162 1303 4230 optans
1334 4158 1597 4231 exemplo
1629 4176 1798 4214 sanc-

146 4250 344 4301 torum
369 4245 609 4301 Patrum
633 4246 819 4302 vivere
841 4246 937 4318 qui
962 4246 1236 4318 degentes
1258 4246 1317 4301 in
1358 4245 1795 4315 solitudinibus,

145 4334 481 4391 erraverein
514 4334 814 4390 montibus
846 4339 904 4390 et
933 4334 1226 4406 speluncis
1257 4340 1315 4390 et
1341 4336 1602 4392 cavernis
1632 4340 1798 4392 terra:

184 4530 187 4533 _
217 4458 335 4529 (38)
362 4458 491 4513 lam
522 4457 679 4513 enim
712 4457 935 4513 nullam
968 4475 1097 4533 esse
1125 4458 1557 4533 villammonet
1586 4459 1800 4533 Bigue-

1915 1957 2202 2028 reperitur
2230 1957 2489 2013 famulus
2519 1956 2641 2013 Dei.
2675 1958 2831 2023 Quas
2855 1956 3016 2029 prior
3044 1957 3438 2028 percontatus,
3462 1969 3569 2010 cur

1912 2046 2193 2112 venerint,
2227 2063 2461 2102 omnem
2492 2063 2613 2102 rem
2649 2046 2908 2103 seriatim
2947 2045 3141 2101 discit.
3189 2043 3305 2100 Nec
3359 2057 3562 2111 mora;

1912 2139 2108 2206 grates
2138 2136 2471 2191 aﬂ‘ectuosis
2509 2134 2784 2207 lacrymis
2833 2135 3099 2191 conditas
3146 2133 3264 2190 Deo
3311 2131 3567 2189 reddidit

1914 2240 2087 2294 quem
2119 2224 2209 2279 sui
2245 2242 2360 2279 non
2392 2224 2636 2280 oblitum
2671 2226 2731 2279 in
2762 2224 3110 2280 necessitate
3140 2222 3562 2295 comprobavit.

1913 2312 2053 2367 Dein
2087 2317 2203 2367 tam
2229 2329 2329 2368 eos
2351 2329 2527 2385 quam
2550 2314 2823 2384 jumenta
2843 2312 3190 2369 necessariis
3211 2309 3564 2366 refocilla‘tos

1911 2401 2170 2469 cibariis,
2228 2418 2336 2457 suo
2387 2402 2632 2458 Domino
2684 2402 2900 2475 gratias
2944 2417 3124 2475 agens
3171 2398 3420 2456 remisit.
3470 2397 3564 2453 Sic

1908 2490 2015 2543 viri
2050 2491 2145 2545 Dei
2179 2496 2409 2563 reperta
2437 2508 2593 2556 casa,
2625 2508 2741 2547 non
2775 2490 2965 2546 solum
3004 2490 3131 2563 ipse
3177 2489 3406 2558 Hunus,
3457 2486 3562 2544 aed

1911 2582 1967 2633 et
1996 2578 2222 2650 aliquot
2247 2579 2345 2634 alii
2395 2579 2653 2649 religiosi
2705 2579 3189 2635 ministraverunt
3237 2577 3289 2634 ei
3337 2580 3558 2649 postea.
3652 2576 3657 2587 “

1909 2667 2053 2723 Hinc
2085 2667 2134 2722 si
2167 2667 2496 2724 recolamus
2526 2668 2904 2741 antiquorum
2934 2664 3174 2723 Patrum
3211 2665 3417 2733 vitam,
3464 2681 3563 2721 ne-

1909 2772 2203 2829 quaquam
2234 2756 2307 2811 iis
2355 2756 2643 2828 imparem
2691 2756 2750 2811 in
2794 2754 2905 2812 hoc
2949 2756 3099 2812 facto
3146 2754 3558 2811 beatissimum

1907 2845 2267 2917 reperiemus
2298 2845 2643 2913 Deodatum;
2680 2845 2795 2913 cui,
2831 2848 2897 2900 ut
2923 2843 3334 2900 sanctissimus
3378 2843 3559 2898 Fron-

1903 2934 2083 3002 tonio,
2117 2933 2447 3001 Benedicto,
2478 2938 2650 3006 atque
2674 2932 3034 2990 Columbano
3070 2933 3203 3017 (43),
3237 2930 3556 2989 destinavit

1904 3022 2190 3078 Dominus
2212 3022 2607 3078 necessarium
2637 3024 2875 3079 victum.

1975 3112 2063 3166 40.
2097 3111 2213 3167 Hac
2243 3128 2379 3184 ergo
2409 3111 2768 3183 benignitate
2798 3112 3050 3177 Domini,
3081 3114 3203 3167 tam
3251 3112 3400 3167 bene
3444 3126 3550 3183 pro

1825 3184 1868 3249 C
1907 3214 1968 3254 se
1991 3199 2246 3269 solliciti,
2262 3199 2351 3254 vir
2373 3199 2933 3271 perspicacissimus,
2956 3198 3289 3271 intelligens
3310 3214 3551 3271 gressus

1906 3305 2044 3343 suos
2073 3286 2212 3343 illuc
2244 3293 2490 3344 retortos
2521 3288 2821 3353 divinitus,
2855 3290 2924 3344 ad
2972 3286 3393 3343 instituendam
3438 3287 3553 3343 sibi

1906 3375 2172 3431 cellulam
2205 3383 2295 3432 est
2326 3378 2644 3433 animatus.
2681 3379 2805 3444 Qua
2853 3377 3069 3433 ibidem
3121 3380 3332 3445 erecta,
3382 3379 3439 3431 et
3486 3375 3549 3432 B;

1908 3465 2139 3520 Martini
2172 3467 2284 3537 (44)
2317 3466 2599 3521 antistitis
2627 3465 2985 3523 venerationi
3028 3465 3244 3535 dicata,
3296 3462 3557 3538 reposuit

1906 3552 2024 3607 illic
2047 3558 2102 3608 et
2122 3553 2236 3609 alia
2256 3553 2682 3625 pretiosissima
2705 3556 3044 3611 sanctorum
3066 3554 3332 3627 pignora,
3355 3568 3557 3611 secum

1907 3659 1939 3696 a
1970 3641 2154 3714 patrio
2180 3641 2302 3698 solo
2333 3641 2542 3698 delata.
2566 3643 2827 3716 Cumque
2848 3643 3045 3717 opinio
3068 3642 3398 3700 sanctitatis
3427 3643 3558 3716 ejus

1907 3731 2136 3799 diatim,
2154 3749 2269 3787 non
2284 3731 2475 3788 solum
2495 3732 2629 3789 huic
2647 3736 2857 3789 nostrae
2875 3732 3098 3789 viciniae
3121 3732 3553 3806 commigraret,

1905 3836 2106 3875 verum
2137 3825 2194 3876 et
2224 3820 2530 3877 ulteriores
2560 3825 2748 3878 terras
2784 3822 2948 3878 avide
2978 3825 3335 3894 peragraret,
3376 3821 3557 3878 ﬁebat

1908 3912 1972 3962 ut
1992 3908 2189 3963 ﬁdeles
2203 3909 2273 3963 ad
2287 3926 2422 3965 eum
2444 3910 2780 3966 catervatim
2805 3910 3194 3981 undecunque
3214 3908 3553 3969 attraheret.

1906 3996 1987 4050 Ex
2017 3996 2232 4067 quibus
2264 3996 2531 4052 nonnulli
2579 3998 2848 4054 hilariter
2894 3997 3267 4053 conferebant
3312 3995 3550 4068 praedia,

1906 4084 2143 4157 plurimi
2162 4086 2232 4141 ad
2257 4085 2679 4141 monasterium
2698 4085 3155 4145 construendum
3176 4084 3476 4159 pecunias,
3497 4088 3555 4140 et

1908 4190 2272 4245 quaecunque
2303 4173 2417 4229 alia
2446 4178 2715 4246 poterant
2735 4174 3055 4247 impendia,
3083 4174 3399 4247 aliquando
3418 4190 3554 4230 vero

1907 4279 2023 4318 non
2045 4266 2275 4317 tantum
2298 4278 2424 4329 sua,
2449 4262 2548 4318 sed
2568 4263 2812 4336 insuper
2832 4263 3059 4320 accensi
3082 4264 3154 4319 ad
3172 4262 3552 4333 imitandum,

1908 4351 2240 4406 subdebant
2256 4350 2335 4406 sei
2345 4368 2480 4423 psos
2496 4352 2624 4424 ejus
2644 4352 3021 4425 discipulatui
3046 4352 3229 4409 nimia
3247 4350 3553 4421 instantia;

1905 4475 2090 4532 fuisse
2109 4476 2533 4532 monasterium
2553 4482 2685 4533 ante
2703 4493 2925 4534 annum
2944 4479 3069 4533 664.
3094 4477 3425 4534 Abundavit
3446 4478 3560 4534 for-

146 4530 561 4622 Ψξξηξθιὲρξ,
599 4533 939 4622 eatena“?
975 4529 1383 4622 -εῆδυέοείξξίίε
1424 4529 1796 4622 siluis}?-

1920 4529 2084 4622 gessis
2113 4529 2396 4622 astans
2413 4529 2681 4604 tangi;
2698 4529 2943 4622 53313;}.
2955 4529 3556 4622 ’Ῑίῐέἑιῖᾶιῖῖθῖἶένὸξοίῇξο

146 4599 564 4694 {Ei-893913219
604 4601 931 4694 aisais:
947 4601 1072 4694 ,είξε
1087 4599 1594 4694 Issaeans-
1608 4606 1796 4694 saetae
1827 4599 1871 4613 ν
1906 4599 3558 4694 έιῑίιξέιῖιςέάβέέέᾱεξέιῑιῖιδῑιέξιῑιῖι·τῖίῑειδῑίέξίίέιςδέίῑξέτιῖῖ

148 4688 217 4727 ex
252 4671 566 4796 1frequenti
606 4670 973 4729 invocatione
1015 4672 1202 4728 sancti
1259 4678 1456 4727 contra
1504 4673 1797 4744 ejusmodi

148 4759 250 4796 ma
277 4758 402 4796 um.

148 4758 380 4798 malum
390 4783 402 4797 .

220 4812 674 4886 (39)_Describit
722 4831 851 4870 eam
907 4813 1129 4869 Vallem
1184 4813 1516 4881 Richerius,
1569 4831 1694 4886 cap.
1744 4816 1798 4883 6,

150 4883 534 4966 «speciosam
562 4891 619 4966 et
644 4886 999 4966 spatiosam,
1020 4886 1366 4966 nemoribus.
1395 4883 1657 4957 undique
1672 4902 1804 4941 con-

151 4956 555 5028 sitam,gaquis
587 4956 822 5028 irriguis
852 4960 909 5011 et
946 4956 1195 5028 piscosis
1242 4956 1572 5028 copiosam;
1623 4974 1801 5027 quam

151 5042 292 5099 cum
324 5025 411 5081 vir
439 5025 539 5081 Dei
574 5025 883 5099 diligenter
912 5025 1332 5099 conspicienda
1364 5025 1798 5099 perlustras~et,

150 5097 395 5171 tandem
421 5098 477 5152 in
498 5097 751 5171 quodam
770 5097 914 5171 loco,
925 5097 1096 5169 juxta
1121 5097 1380 5171 montem
1398 5100 1495 5171 qui
1520 5099 1804 5171 Comberg

152 5168 396 5241 dicitur,
422 5168 640 5241 resedit
668 5188 681 5238 ;
714 5169 913 5241 ibique
932 5168 1260 5225 oratorium
1304 5170 1362 5224 in
1413 5168 1695 5226 honorem
1742 5168 1800 5224 8'.

152 5240 416 5313 Martini,
448 5240 604 5313 quod
637 5240 1194 5313 usque’hodieperd
1208 5245 1357 5313 urat,
1392 5242 1643 5297 erexitet
1673 5258 1804 5297 con-

150 5311 424 5386 secravit.
455 5311 484 5363 ἡ
519 5311 803 5386 Biguetus
833 5311 1130 5386 ait,_prius
1148 5311 1379 5386 venisse
1400 5313 1473 5386 ad
1493 5313 1685 5386 locum
1708 5313 1803 5386 cui

150 5400 185 5437 a
216 5384 355 5443 bona
384 5382 845 5441 homine'nomen
878 5382 1055 5439 etiam
1100 5400 1257 5439 nunc
1308 5383 1404 5449 sit,
1450 5384 1683 5440 fortassi
1729 5385 1801 5440 ab

149 5453 412 5527 ipsemet
438 5460 642 5509 sancto
674 5457 753 5527 ibi
787 5460 1033 5511 morato.

223 5524 339 5599 (40)
373 5524 647 5599 Eri-orem
672 5526 736 5599 in_
763 5541 1006 5599 numero
1055 5542 1182 5599 esse
1220 5529 1431 5599 monet
1477 5525 1799 5599 Riguetus;

150 5594 287 5666 cum
319 5594 392 5656 ex
422 5594 776 5654 chartulario
807 5594 913 5653 loci
966 5596 1154 5675 possit
1203 5597 1436 5657 decerni
1480 5594 1803 5657 stabilitum

477 5723 742 5793 PATBOL.
787 5721 931 5790 CLI.

1908 4689 2049 4745 teris
2074 4689 2378 4745 legebatur
2403 4690 2528 4744 649.

1982 4761 2094 4831 (41)
2144 4761 2370 4834 Paucos
2423 4761 2629 4834 fluvios
2673 4762 2920 4834 vidisse,
2950 4768 3247 4834 auctorem
3307 4764 3553 4834 oportet,

1914 4831 2195 4914 Biguetus
2225 4832 2346 4914 ait,
2362 4832 2514 4914 «g‘qui
2538 4836 2767 4887 vastum
2791 4833 3033 4914 fluvium
3054 4830 3558 4914 Morthamiapp‘el;

1914 4901 2011 4974 letl
2048 4924 2074 4951 ››
2098 4902 2355 4974 Perdidit
2377 4901 2472 4957 ille
2495 4917 2709 4974 nomen
2726 4920 2926 4974 suum,
2950 4905 3180 4959 duabus
3204 4904 3385 4959 leucis
3403 4901 3557 4957 infra

1912 4973 2228 5028 Nanceium
2261 4972 2508 5028 illabens
2539 4972 2808 5028 Mosellae.

1983 5045 2096 5115 (42)
2128 5045 2437 5115 Impressa,
2470 5046 2797 5115 sagz'narz’os;
2831 5044 2932 5100 sed
2961 5062 2996 5099 a
3040 5046 3243 5115 sagmis
3290 5058 3559 5115 sermone

1913 5114 2128 5170 rustico
2179 5114 2419 5183 suumrs,
2480 5114 2544 5170 id
2594 5120 2685 5172 est
2742 5115 3002 5180 clitellis,
3058 5114 3358 5185 sagmaria:
3419 5114 3558 5185 dici,

1913 5203 2116 5311 cqitios,
2152 5185 2362 5311 ωιέὶοε,
2398 5188 2613 5255 asinos,
2639 5187 2916 5243 oneribus
2938 5185 3193 5243 ferendis
3214 5186 3556 5257 destinatos,

1913 5275 1988 5311 no
2019 5274 2119 5311 um
2151 5273 2214 5311 es
2246 5299 2259 5311 .

1913 5273 2119 5312 natum
2151 5273 2259 5312 88B.

1985 5329 2192 5401 (43)__In
2223 5328 2356 5383 Vita
2386 5332 2441 5383 S.
2472 5329 2779 5401 Frontonis
2812 5330 2879 5383 14
2902 5328 3119 5401 Aprilis
3140 5328 3261 5401 hinc
3283 5328 3564 5401 leguntur

1913 5416 1971 5455 n.
2003 5402 2057 5455 6.
2091 5399 2218 5454 Noti
2252 5404 2392 5455 sunt
2424 5400 2601 5455 etiam
2642 5399 2991 5456 Benedictus
3038 5405 3095 5456 et
3140 5399 3561 5458 Columbanus.

1986 5471 2096 5553 (44)
2128 5471 2293 5527 Nunc
2325 5470 2658 5556 appellatur
2682 5473 2891 5556 Clivus,
2914 5489 3017 5530 seu
3042 5474 3215 5532 Collis
3234 5474 3291 5535 S.
3320 5475 3566 5545 Martini,

1914 5540 2133 5601 Gallice
2164 5544 2220 5602 la
2248 5545 2378 5607 Gdte
2406 5542 2823 5602 Sami-Marha.

2199 5656 2221 5681 Ι

3054 5726 3136 5802 20
