4000 6168
136 390 285 458 6’25-

1267 396 1685 461 VALCA'NDI‘
1719 396 1919 462 VITA‘
1953 398 2017 461 S.
2062 397 2436 464 DEODATI.

3437 402 3555 468 626

134 526 379 602 gaudio,
410 529 469 586 et
493 528 623 586 tum
654 526 894 586 demum
927 528 1306 589 sociabantur
1335 531 1444 589 sibi
1477 531 1537 588 in
1591 537 1794 589 sancto
1825 536 1887 602 Αρ
1910 532 2054 613 istos
2083 531 2333 606 gallinas
2362 551 2491 591 esse
2516 531 2960 606 intellectuales,
2993 539 3049 595 et
3079 533 3351 611 parvulos
3364 536 3558 611 pullos

135 617 380 677 illibatae
428 618 590 692 pacis
621 618 841 689 osculo,
874 624 932 677 et
962 620 1021 677 in
1055 620 1281 695 reliquo
1313 621 1617 679 charitosae
1650 621 1790 679 aﬁ‘e-

134 708 354 766 ctionis
376 708 591 765 ofﬁcio.

208 841 303 898 46.
338 841 494 898 Idem
521 840 826 915 piissimus
875 843 1043 899 Pater
1072 843 1367 900 Deodatus
1418 844 1793 901 devotissime

133 931 393 988 faciebat
423 930 771 989 charissimo
802 949 911 989 suo
932 932 1246 1006 Hidulpho,
1279 934 1371 989 cui
1395 942 1529 990 cum
1553 935 1677 990 suis
1697 951 1791 989 oc-

135 1021 414 1077 currebat
443 1020 674 1077 Mortha
700 1023 970 1090 transito,
993 1038 1152 1089 nam,
1187 1023 1375 1095 quoad
1393 1023 1553 1092 vixit,
1587 1023 1792 1080 cellam

136 1108 396 1183 priorem
427 1111 582 1183 apud
614 1111 672 1166 S.
707 1110 942 1166 Martini
975 1110 1350 1168 oratoriolum
1376 1129 1491 1168 non
1513 1111 1789 1169 deseruit.

134 1196 242 1253 Vir
291 1199 508 1272 quippe
564 1201 690 1255 erat
736 1199 1094 1273 grandavus,
1154 1201 1525 1273 emeritzeque
1572 1200 1792 1257 militiae

135 1287 357 1345 Christi
371 1289 498 1360 jam
518 1293 962 1354 veteranus,nec
984 1293 1207 1362 poterat
1228 1308 1292 1346 su
1304 1291 1469 1347 ﬁ‘erre
1488 1291 1795 1365 populares

135 1377 1127 1450 coneursus,i‘ratrumqueinterese
1141 1380 1355 1435 studiis
1369 1381 1755 1438 exterioribus
1780 1400 1793 1450 ;

132 1468 395 1523 maxime
427 1467 528 1539 qui
557 1465 641 1523 nil
671 1466 839 1524 dulce
871 1468 1140 1537 habebat,
1175 1468 1287 1525 nisi
1305 1486 1510 1527 vacare
1530 1473 1586 1527 et
1604 1470 1798 1528 videre

132 1557 421 1630 quoniam
448 1555 732 1613 Dominus
764 1557 891 1630 ipse
922 1561 1009 1613 est
1040 1558 1194 1614 Deus
1221 1559 1392 1630 (Psal.
1415 1576 1543 1623 va,
1577 1560 1708 1627 11)),
1742 1563 1799 1616 et

134 1650 381 1717 gustare
412 1650 468 1700 et
512 1645 732 1713 videre,
787 1648 1068 1718 quoniam
1117 1647 1315 1704 suavis
1369 1640 1469 1704 est'
1512 1648 1798 1706 Dominus

137 1735 316 1806 (Psal.
347 1750 548 1802 χχχιιι,
580 1736 657 1806 9).
690 1735 925 1790 Statura
955 1735 1215 1808 quidem,
1251 1742 1316 1792 ut
1363 1738 1566 1803 fertur,
1600 1755 1799 1810 proce-

138 1822 441 1891 rissimus,
465 1824 655 1880 forma
684 1822 1179 1897 elegantissimus,
1214 1827 1502 1899 cordeque
1545 1827 1797 1884 clemen-

136 1912 439 1980 tissimus,
473 1912 575 1968 sed
596 1913 717 1982 jam
750 1913 933 1969 nimio
964 1913 1161 1970 labore
1192 1921 1249 1971 et
1279 1914 1448 1971 annis
1499 1917 1799 1973 confectus
1829 1907 1889 1973 B‘

136 2006 263 2057 erat
288 1992 351 2057 et
372 2001 650 2058 incurvus
681 2003 816 2073 (6h).
851 2002 959 2066 Qui
991 2003 1285 2059 interdum
1319 2003 1391 2059 ad
1423 2004 1633 2061 fratres
1667 2022 1800 2078 ope-

139 2094 344 2147 rantes
378 2090 705 2157 transibat;
757 2096 933 2164 atque
984 2092 1353 2149 considerato
1411 2109 1478 2148 ac
1516 2093 1801 2166 disposito

140 2195 319 2251 opere
350 2178 743 2252 singulorum,
778 2180 848 2236 ad
880 2179 1087 2236 cellam
1131 2185 1307 2237 noctu
1341 2182 1584 2238 redibat.
1641 2183 1803 2238 Unde

138 2269 323 2325 etiam
355 2267 529 2325 hodie
559 2269 993 2324 demonstratur
1021 2270 1232 2325 semita
1264 2271 1396 2342 (65).
1432 2288 1550 2343 qua
1578 2269 1804 2327 solebat

140 2357 573 2415 monasterium
633 2357 793 2413 adire
846 2358 998 2431 apud
1058 2359 1398 2415 Juncturas.
1452 2361 1525 2416 At
1582 2364 1800 2428 contra,

145 2446 489 2520 Hidulphus
519 2451 745 2503 statura
774 2445 1027 2514 medius,
1061 2448 1204 2504 facie
1257 2447 1576 2521 angelicus,
1608 2452 1803 2504 mente

145 2535 735 2607 compunctissimus,
767 2535 1109 2591 voluntariae
1132 2537 1494 2614 paupertatis
1516 2536 1804 2593 amicissi-

143 2642 315 2693 mus;
348 2640 524 2696 quem
558 2630 892 2701 promptum
924 2629 981 2681 et
1010 2624 1267 2681 alacrem
1327 2627 1398 2681 ad
1431 2643 1601 2681 omne
1657 2643 1807 2699 opus

142 2715 367 2770 bonum
401 2712 678 2770 reddebat
707 2712 899 2769 adhuc
930 2714 1134 2769 viridis
1169 2719 1458 2783 senectus,
1491 2721 1547 2772 et
1600 2717 1657 2771 in
1691 2716 1806 2772 Deo

142 2816 481 2877 suspensus
513 2802 780 2869 animus;
816 2816 951 2858 nam
972 2803 1146 2858 etiam
1166 2803 1225 2858 in
1248 2804 1521 2860 extremis
1539 2804 1665 2860 vitae
1688 2821 1806 2860 suae

144 2891 342 2961 annis,
376 2891 577 2948 labore
608 2906 893 2947 manuum
927 2908 1168 2947 suarum
1197 2893 1355 2947 vixit.
1390 2892 1653 2949 Moribus
1682 2893 1809 2965 qui-

143 2984 278 3038 dem
309 2978 487 3037 ambo
528 2995 718 3053 pares,
752 2982 853 3035 sed
888 2985 1054 3036 aetate
1084 2981 1361 3054 impares,
1396 2982 1539 3037 alter
1559 2981 1805 3039 alterum

149 3070 266 3127 sibi
300 3069 547 3125 invicem
572 3069 931 3141 praeferebat,
966 3073 1024 3125 et
1054 3069 1425 3127 humillimus
1457 3070 1694 3144 quidem
1716 3071 1809 3127 Hi-

147 3159 413 3233 dulphus
443 3158 888 3215 sanctissimum
920 3174 1120 3215 senem
1157 3161 1498 3229 Deodatum,
1530 3178 1597 3217 ex
1619 3161 1806 3216 famu-

152 3250 277 3323 latu
314 3246 528 3304 Christi
559 3250 617 3303 et
645 3247 886 3303 emerito
904 3247 1066 3304 senio
1089 3247 1342 3320 priorem
1371 3250 1681 3317 censebat;
1708 3250 1806 3305 sed
1839 3272 1883 3340 ρ

153 3335 574 3393 devotissimus
602 3335 985 3409 omnipotenti
1010 3336 1320 3405 Deodatus,
1350 3338 1409 3392 in
1434 3338 1669 3409 juniore
1700 3338 1803 3393 Hi-

151 3426 376 3499 dulpho
406 3425 751 3503 dignitatem
782 3425 1120 3498 patriarehii
1153 3430 1327 3498 atque
1357 3444 1588 3483 morum
1620 3429 1807 3483 matu-

148 3515 385 3571 ritatem
415 3515 751 3571 attendebat
780 3515 912 3585 (66).

222 3650 309 3705 17.
343 3650 532 3714 Quam
564 3647 732 3703 dulce
762 3650 887 3703 erat
916 3651 973 3703 et
1002 3646 1342 3703 delectabile
1366 3647 1481 3720 piis
1498 3648 1808 3706 animabus

141 3737 370 3812 jugiter
396 3737 694 3793 attendere
724 3737 870 3793 duas
899 3734 1149 3793 caelestis
1176 3736 1410 3793 fabricae
1442 3737 1748 3795 columnas
1776 3756 1810 3795 a

153 3833 265 3884 Deo
290 3826 567 3882 decenter
596 3829 838 3894 erectas,
880 3829 938 3881 et
985 3840 1100 3881 non
1127 3828 1332 3881 contra
1363 3826 1568 3894 Deum,
1602 3827 1703 3883 sed
1737 3828 1808 3883 ad

151 3916 468 3975 Dominum
528 3914 622 3986 pie
669 3914 944 3983 elevatae,
990 3930 1118 3986 quae
1172 3913 1358 3970 solido
1398 3917 1455 3971 et
1510 3914 1812 3972 inflexibili

152 4006 362 4062 robore
388 4008 588 4059 mente
646 4003 730 4059 sic
786 4003 1143 4060 assistebant
1200 4012 1434 4061 summo
1491 4004 1694 4076 Opiﬁci
1746 4008 1839 4069 ut,

156 4097 427 4167 optarent
440 4091 735 4161 maxillam
749 4091 1084 4165 lapillorum
1098 4092 1429 4164 congeriem
1444 4092 1552 4148 sibi
1570 4094 1812 4166 imponi,

158 4199 265 4257 pro
294 4185 461 4255 parte
491 4181 549 4237 in
582 4197 701 4253 qua
751 4195 1017 4236 meruere
1068 4179 1266 4237 locari.
1325 4181 1588 4253 Denique
1644 4182 1815 4254 quasi

158 4271 431 4328 certatim
482 4268 865 4326 multitudine
917 4269 1298 4326 minimarum
1338 4270 1577 4343 Christi,
1610 4275 1728 4327 tam
1761 4275 1818 4327 et

159 4360 540 4435 praesentium
573 4374 752 4430 quam
774 4363 831 4415 et
852 4358 1534 4429 futurorum,gaudentes
1564 4360 1819 4431 epistilia

160 4466 290 4519 sua,
323 4450 382 4505 id
404 4453 494 4506 est
524 4447 793 4521 capitella
812 4448 1035 4521 gravari
1061 4448 1405 4519 (dummodo
1428 4448 1545 4502 sint
1567 4449 1664 4518 qui
1689 4465 1819 4520 pos-

162 4538 283 4593 sint
316 4535 567 4592 Domino
595 4534 835 4603 lucrari)
896 4534 1283 4607 pusillitatem
1314 4533 1514 4590 aliena:
1551 4536 1703 4606 ﬁdei,
1764 4541 1821 4592 et

1902 620 2012 678 alis
2042 623 2387 680 meritorum
2446 628 2503 681 et
2532 626 2738 683 rostris
2792 625 3124 685 orationum
3185 640 3432 685 suarum
3487 628 3560 684 ab

1899 710 2286 769 invisibilium
2300 713 2613 771 milvorum
2627 716 2941 790 rapacitate
2954 717 3558 786 defensare,manibus

1902 818 1968 858 ac
1999 803 2248 874 pedibus
2282 803 2623 861 alimoniam
2660 807 2745 861 eis
2769 807 3095 879 providere,
3128 807 3559 880 atq'uefrigidos

1901 891 2018 947 Deo
2035 890 2307 964 plurimis
2320 893 2721 965 exemplorum
2738 895 2981 952 fovendo
2998 895 3329 953 calefacere.
3356 897 3562 953 Praete-

1902 998 1999 1037 rea
2028 986 2084 1037 et
2109 986 2271 1039 extra
2296 983 2568 1041 nidulum
2601 986 2901 1057 proprium
2945 988 3223 1044 amabant
3261 988 3559 1043 interdum

1901 1086 2124 1143 pennas
2137 1072 2465 1146 extendere,
2482 1073 2620 1131 dum
2632 1074 2892 1130 vicissim
2905 1076 3248 1148 satagebant
3265 1076 3410 1132 alter
3421 1077 3562 1131 alte-

1903 1157 1948 1214 ri
1958 1176 2025 1215 us
2037 1159 2213 1232 pullis
2226 1161 2701 1234 prodesse,exDei
2714 1167 2771 1218 et
2782 1163 3032 1235 proximi
3046 1164 3100 1219 di
3111 1162 3563 1220 lectione.Muta-

1904 1252 1964 1304 ta
1974 1254 2193 1317 voee,et
2206 1250 2492 1323 dissipata
2505 1250 2595 1306 sui
2611 1251 2870 1323 corporis
2884 1253 3560 1324 specie,inﬁrmabantur

1906 1337 1964 1394 in
1996 1338 2267 1408 infirmis,
2302 1342 2368 1394 ut
2398 1339 2578 1395 habes
2608 1340 2666 1394 in
2689 1340 2953 1412 Apostoli
2979 1342 3170 1398 verbis
3199 1359 3213 1398 :
3240 1344 3369 1411 Quis
3398 1344 3562 1414 infir-

1904 1435 2087 1484 matur
2117 1436 2168 1483 et
2195 1444 2299 1500 ego
2327 1444 2434 1483 non
2457 1429 2752 1498 inﬁrmor?
2774 1430 2847 1497 (Il
2863 1431 2983 1486 Cor.
3018 1446 3080 1498 ιι,
3111 1431 3230 1499 29.)
3252 1431 3349 1487 Sic
3363 1432 3565 1488 Patres

1908 1518 2093 1572 nostri
2124 1518 2195 1572 ad
2226 1522 2460 1589 tempus
2490 1518 2681 1575 vixere
2712 1518 2947 1575 solliciti
2983 1524 3047 1575 ut
3078 1519 3180 1575 ﬁlii
3213 1534 3417 1577 eorum
3437 1524 3562 1578 tam

1908 1609 2224 1677 praesentes
2254 1622 2432 1677 quam
2467 1606 2646 1661 futuri
2704 1607 2897 1663 forent
2949 1610 3299 1681 quandoque
3347 1609 3560 1666 securi.

1910 1695 2024 1754 Nec
2056 1694 2246 1768 piguit
2275 1711 2374 1751 eos
2404 1694 2621 1751 laboris
2644 1700 2701 1751 et
2730 1696 2964 1753 sudoris
3012 1697 3103 1753 sui
3151 1698 3292 1752 dum
3335 1702 3564 1754 tantum

1909 1800 2279 1841 successores
2310 1783 2399 1840 sui
2417 1785 2864 1841 remanerentin
2894 1784 3356 1842 tutolocati.Hoc
3381 1787 3567 1859 exige-

1909 1873 2052 1929 bant
2079 1888 2279 1929 eorum
2303 1877 2630 1943 structurae,
2650 1873 2759 1930 hoc
2774 1874 3115 1946 quaerebant
3140 1873 3379 1931 illorum
3395 1875 3565 1948 fugae,

1912 1961 2061 2019 beati
2096 1961 2336 2017 Deodati
2366 1961 2556 2018 Patris
2589 1962 2775 2019 nostri
2814 1962 3122 2035 praecipue,
3174 1964 3277 2035 qui
3325 1968 3411 2020 tot
3438 1963 3567 2021 loca

1911 2051 2020 2108 sibi
2055 2066 2268 2123 magno
2300 2052 2514 2107 sudore
2545 2055 2887 2108 constructa
2913 2052 3183 2120 mutavit,
3218 2054 3401 2109 donec
3426 2052 3566 2111 ﬁliis

1911 2138 2317 2212 Spiritualibus
2349 2139 2547 2195 sedem
2599 2139 2856 2210 quietam
2904 2140 3145 2196 invenit.
3197 2142 3344 2197 Nam
3378 2142 3427 2199 si
3459 2160 3571 2198 sua

1912 2231 2141 2283 tantum
2176 2228 2545 2300 quasissent,
2573 2227 2848 2285 facillime
2869 2229 3292 2301 requievissent
3317 2229 3568 2298 ;victum

1912 2317 2069 2373 enim
2101 2320 2158 2372 et
2184 2316 2462 2372 vestitum
2493 2316 2603 2371 sibi
2632 2317 2939 2386 habentes,
2962 2317 3058 2374 his
3087 2319 3343 2375 contenti
3367 2323 3568 2376 essent

1912 2406 1962 2475 (1
1992 2407 2127 2461 Tim.
2161 2422 2260 2473 vn,
2292 2407 2368 2476 8),
2404 2406 2653 2461 maxime
2683 2406 2782 2478 qui
2817 2406 3286 2463 abrenuntiando
3319 2407 3560 2477 divitiis,

1913 2496 1986 2550 ad
2018 2499 2417 2567 paupertatem
2437 2510 2816 2551 summocum
2828 2496 3118 2552 desiderio
3141 2496 3564 2569 pervolassent.

1912 2583 2130 2638 Verum
2161 2582 2281 2638 haec
2310 2582 2477 2639 alias.
2512 2583 2695 2655 Igitur
2732 2584 2848 2640 Deo
2880 2584 3214 2657 dignissimi
3245 2585 3562 2655 antistites,

1915 2673 2124 2746 spiritu
2133 2671 2206 2727 ali
2220 2672 2561 2728 insistentes
2576 2672 2807 2744 negotio
2818 2717 2832 2741 ,
2845 2673 3184 2730 nullatenus
3199 2674 3269 2729 ab
3292 2674 3565 2747 inemptis

1916 2762 2281 2830 deﬁciebant,
2337 2767 2440 2817 aut
2500 2762 2813 2818 deviabant
2841 2779 2877 2818 a
2906 2764 3204 2835 proposito
3263 2764 3335 2819 de
3383 2764 3476 2819 die
3505 2763 3567 2819 in

1917 2852 2073 2908 diem
2105 2851 2440 2923 semetipsis
2473 2850 2743 2907 meliores
2774 2851 3097 2908 existendo.
3146 2852 3374 2908 Etenim
3404 2855 3567 2909 tanto

1917 2939 2313 2995 reddebantur
2342 2940 2603 3011 quotidie
2623 2939 2933 2997 alacriores
2948 2941 3020 2996 ad
3051 2939 3333 3008 laborem,
3349 2946 3569 3013 quanto

1915 3029 2224 3085 viciniores
2255 3030 2326 3084 ad
2385 3028 2671 3099 requiem,
2705 3043 2811 3084 nec
2866 3028 3199 3084 sentiebant
3239 3028 3300 3084 in
3356 3029 3573 3086 Christi

1915 3119 2085 3174 vinea
2116 3118 2347 3191 pondus
2377 3116 2491 3173 diei
2523 3122 2580 3172 et
2613 3122 2813 3185 aestus,
2842 3117 3058 3189 quibus
3081 3118 3208 3188 jam
3240 3135 3419 3191 prope
3450 3121 3577 3176 erat
3628 3172 3635 3181 ε

1921 3212 1985 3263 ut
2011 3208 2356 3263 redderetur
2388 3218 2686 3261 nummUS.

1999 3297 2085 3351 18.
2125 3296 2383 3352 Tandem
2411 3294 2509 3351 ubi
2543 3294 2601 3349 in
2633 3294 2744 3350 hac
2773 3294 3003 3366 Vosago
3035 3294 3253 3366 pariter
3305 3294 3364 3349 in
3409 3296 3583 3353 corde

1917 3398 2034 3442 uno
2066 3389 2122 3442 et
2152 3384 2352 3441 anima
2382 3400 2519 3451 una,
2570 3386 2791 3455 septem
2843 3383 3153 3438 continuos
3199 3382 3573 3455 expleverunt

1918 3490 2103 3530 annos
2133 3490 2268 3529 cum
2286 3489 2388 3529 sex
2419 3472 2749 3541 mensibus,
2773 3472 2973 3545 largus
3004 3476 3409 3529 remunerator
3422 3472 3578 3529 Deus

1915 3562 2258 3620 beatissimo
2287 3562 2541 3618 Deodato
2571 3561 2826 3617 decrevit
2855 3560 3122 3617 laborum
3143 3574 3388 3618 suorum
3431 3563 3569 3619 red-

1922 3654 2057 3709 dere
2084 3652 2332 3707 fructus.
2367 3651 2645 3707 Percurso
2670 3650 2829 3707 enim
2861 3649 3166 3723 praesentis
3192 3651 3323 3708 vita)
3354 3652 3572 3722 stadio,

1911 3742 2039 3813 jam
2071 3745 2350 3797 strenuus
2382 3739 2603 3795 athleta
2632 3739 2901 3796 inhiabat
2930 3755 3178 3806 coronae,
3206 3745 3264 3797 et
3303 3757 3576 3815 supernae

1922 3829 2412 3887 remunerationis
2471 3828 2687 3885 bravio.
2743 3828 2909 3884 Unde
2953 3834 3190 3886 vocatus
3224 3846 3258 3885 a
3308 3830 3573 3899 Domino,

1922 3935 2159 3975 accessu
2190 3916 2491 3989 languoris
2505 3917 3141 3989 correptus,detinetur
3170 3916 3576 3981 lectulo.0uod

1922 4025 2055 4065 cum
2089 4007 2430 4063 absentibus
2478 4006 2785 4077 discipulis
2837 4006 3027 4062 tristis
3084 4004 3281 4062 attulit
3309 4006 3577 4075 nuntius,

1922 4096 2212 4169 extemplo
2244 4096 2436 4152 moesti
2468 4094 2915 4150 eoneurruntad
2938 4093 3142 4149 cellam
3158 4095 3320 4164 ejus;
3350 4098 3579 4151 mentes

1923 4185 2079 4242 enim
2113 4200 2386 4257 prmeagze
2420 4183 2614 4238 luctus
2637 4182 3576 4254 iuturi,audita‘ejusinﬁrmitate,

1925 4293 2041 4331 non
2074 4277 2344 4348 poterant
2393 4290 2510 4329 non
2567 4271 2816 4328 turbari.
2851 4270 3089 4329 Flentes
3136 4282 3274 4345 ergo
3326 4272 3580 4345 jacentis

1927 4363 2190 4436 magistri
2224 4362 2467 4435 grabato
2498 4361 2875 4429 assistebant,
2909 4377 2983 4417 ne
3012 4364 3133 4418 tam
3184 4361 3375 4419 dulcis
3414 4362 3585 4418 Pater

1928 4452 2078 4509 ﬁlios
2110 4453 2422 4518 desereret,
2441 4450 2741 4507 communi
2759 4450 2811 4506 ei
2831 4449 3061 4507 ululatu
3074 4454 3133 4507 et
3158 4451 3384 4523 gemitu
3398 4450 3584 4507 accla-

1928 4542 2349 4605 mabant.Quos
2377 4539 2720 4595 sanctusille
2734 4540 2907 4596 verbo
2939 4539 3183 4595 salutari
3201 4556 3584 4597 commonens

162 4624 540 4699 gravedinem
557 4623 880 4680 alienorum
897 4623 1367 4696 peccaminumin
1383 4623 1820 4682 suaacharitatis
1853 4645 1895 4710 ι)
1928 4631 2351 4701 compescebat,
2384 4633 2441 4683 et
2470 4631 2541 4684 ad
2580 4628 2791 4701 regulce
2825 4634 3039 4685 sanctae
3071 4628 3502 4685 observantiam
3527 4633 3584 4686 et

160 4712 477 4771 latitudine
492 4711 1819 4784 suscipientestolerant,utviribusmeritorum
1930 4718 2021 4774 sui
2056 4718 2421 4781 memoriam,
2456 4722 2977 4789 quantumcunque
2993 4722 3241 4791 poterat,
3257 4718 3584 4785 animabat,

163 4806 498 4869 suorum,et
527 4818 646 4858 suae
677 4800 1142 4875 longanimitatis
1163 4801 1361 4857 labore
1389 4800 1723 4858 sublevatos
1743 4802 1816 4858 ad

163 4886 479 4948 aediﬁcium
532 4889 760 4947 caeleste
792 4891 996 4946 ferant.
1052 4891 1295 4947 Putares
1334 4894 1568 4947 sanctos
1620 4890 1819 4948 Patres

94 5095 99 5098 ο
166 5046 566 5126 suetudinem,
600 5068 718 5126 qua
763 5052 901 5108 hinc
949 5049 1417 5126 canonici‘inde‘
1448 5051 1718 5107 monachi
1750 5053 1821 5109 ad

169 5124 516 5198 praedictum
546 5121 829 5198 sacellum
862 5122 1179 5194 quotannis
1210 5121 1547 5178 deterebant
1579 5138 1824 5198 suorum

170 5194 515 5263 sanctorum
561 5194 942 5251 fundatorum
998 5211 1262 5266 corpora,
1320 5211 1503 5266 eaque
1562 5194 1823 5253 vicissim

170 5266 620 5341 commutabant
632 5283 735 5321 nec
743 5264 1135 5341 restitueban't
1156 5264 1265 5321 nisi
1290 5264 1535 5321 sub'redi
1544 5268 1604 5321 tu
1615 5273 1827 5341 m'post

167 5338 693 5410 multasgutrinque
725 5338 1319 5410 decantataspreees.
1358 5359 1384 5386 η

244 5407 615 5483 (ϐιηωροιεί
647 5427 717 5465 ex
772 5414 971 5483 nostro
1004 5407 1227 5463 calculo
1252 5408 1369 5464 fere
1390 5412 1823 5483 nonagenarius

173 5479 502 5553 cumobiit,
532 5498 640 5553 nec
699 5481 951 5553 multum
983 5498 1017 5537 a
1066 5479 1514 5553 septuagenario
1557 5479 1822 5552 distans,

174 5553 411 5625 quando
434 5551 493 5607 in
518 5551 1089 5625 Vallem~Gpallilream
1122 5551 1301 5625 venit,
1323 5551 1826 5625 quadragenarius

90 5684 95 5687 _
174 5621 405 5681 circiter
431 5627 709 5701 egressus
737 5642 767 5682 e
800 5621 1134 5689 Francia,ut
1157 5621 1245 5679 vel
1278 5621 1480 5696 paucis
1501 5621 1672 5681 annis
1703 5626 1824 5701 epi-

176 5713 392 5770 scopus
423 5697 618 5754 tuerit.

1927 4824 1993 4863 ac
2026 4824 2203 4878 super
2230 4804 2431 4861 omnia
2458 4804 2689 4861 Christo
2721 4806 2874 4862 bono
2908 4806 3131 4862 Pastori
3164 4806 3257 4877 pie
3285 4821 3582 4862 commen-

1933 4896 2131 4953 dabat.

2006 5055 2119 5124 (65)
2152 5052 2289 5107 Post
2318 5054 2719 5124 constructum
2749 5053 2809 5107 S.
2842 5050 3091 5124 Deodati
3114 5048 3419 5121 oppidum,
3466 5066 3583 5105 non

1935 5121 2190 5198 amplius
2220 5126 2448 5198 exstare
2477 5121 2630 5198 hanc
2659 5124 2941 5198 semitam,
2962 5123 3044 5177 ait
3064 5122 3315 5198 Ruyrus.

2006 5190 2114 5269 (ῧῦ)
2142 5192 3043 5269 OmninoegistimatBiguetus,
3076 5190 3390 5265 postquam
3419 5190 3583 5269 Apri-

1935 5263 2352 5325 Monasterium
2367 5264 2535 5331 vidit,
2565 5263 2741 5320 etloci
2758 5263 3101 5320 traditiones
3116 5279 3180 5318 ac
3203 5263 3587 5319 monumenta

1936 5340 2215 5396 attentius
2245 5337 2786 5397 consideravit,vere
2817 5337 2875 5392 S.
2902 5337 3217 5392 Deodatum
3232 5334 3366 5391 istic
3379 5336 3586 5392 multis

1935 5412 2105 5467 annis
2134 5410 2371 5481 vixisse,
2403 5425 2469 5463 ac
2514 5409 2749 5464 tandem
2800 5407 3215 5481 cognominem
3266 5407 3584 5481 s_ibi_disci-

1937 5480 2771 5559 pulumibicolloc_asse,cujus
2795 5478 3017 5559 ibidem
3035 5478 3297 5536 defuncti
3326 5478 3584 5551 reliquiae

1936 5550 2302 5625 occasionem
2332 5551 2596 5625 dederint
2625 5550 3018 5625 confundendi
3042 5568 3399 5625 synonymos
3422 5550 3588 5608 sanc-

1937 5634 2045 5684 tos.
2079 5627 2159 5682 De
2191 5623 2321 5680 aliis
2352 5623 2494 5681 locis
2525 5622 2794 5697 superius
2826 5627 3021 5681 actum
3053 5622 3161 5680 est.
