4000 6168
131 337 258 404 629

1267 344 1666 412 VALCANDI
1709 349 1887 412 VITA
1936 349 1999 413 S.
2050 347 2430 431 DEODA'PI.!

3427 339 3548 406 630

133 491 260 533 sum
277 472 1509 555 congregationiprmfecerit(quiadesiderio
1521 497 1788 555 supernas
1819 485 1875 554 Α
1905 481 2316 542 dulcissimum
2340 481 2555 558 pignus
2584 482 2756 541 amici
2788 480 3151 551 exosculans,
3177 477 3547 555 amplexaba«

133 566 655 640 contemplationis
683 585 986 637 accensus,
1012 571 1394 628 exterioribus
1427 572 1676 645 negotiis
1705 589 1797 629 oc-

133 655 344 729 cupari
378 657 677 730 refugerit)
714 662 914 715 tamen
969 660 1193 716 Vallem
1239 660 1534 717 Galilaeam
1593 680 1628 718 a
1656 679 1798 718 cura

134 763 252 802 sua
282 762 399 802 non
429 746 728 818 expunxit,
761 749 1022 819 quandiu
1045 749 1103 804 in
1126 749 1235 805 hac
1262 749 1390 806 luce
1419 751 1636 806 mansit
1658 752 1791 822 (74).

134 835 244 891 Vis
269 835 424 890 enim
449 834 687 907 perfecti
711 835 928 892 amoris
950 853 1088 910 erga
1108 838 1550 895 sanctissimum
1580 840 1797 897 Deoda-

133 928 270 980 tum
286 923 534 979 faciebat
544 923 595 979 ei
610 923 982 982 tolerantiam
1002 926 1426 984 taborum.Non
1443 927 1799 985 lassescebat

139 1013 216 1069 ad
247 1013 578 1070 curandum
609 1012 822 1080 aliena,
845 1015 944 1087 qui
968 1032 1083 1086 pra:
1101 1014 1454 1094 lassitudine
1489 1017 1586 1072 alii
1609 1018 1796 1090 impo-

138 1104 346 1158 suerat
369 1118 495 1170 sua,
530 1102 668 1173 quia
700 1103 856 1175 quod
887 1105 1196 1160 recusabat
1217 1107 1457 1162 suﬁ‘erre
1487 1106 1797 1164 imbecillis

139 1195 440 1255 senectus,
473 1195 530 1246 et
560 1189 666 1247 soli
700 1191 814 1248 Deo
845 1209 1048 1249 vacare
1077 1194 1319 1266 cupiens
1357 1194 1610 1264 animus,
1643 1197 1799 1253 desi-

138 1278 480 1337 derabiliter
509 1279 953 1352 amplexabatur
982 1281 1248 1338 fraternae
1281 1283 1610 1340 dilectionis
1659 1285 1799 1340 affe-

139 1374 297 1436 ctus,
321 1373 379 1425 et
407 1373 622 1424 sanctae
648 1369 991 1426 obedientiaa
1024 1371 1228 1439 virtus,
1274 1377 1554 1444 tanquam
1578 1373 1801 1445 jugiter

140 1459 227 1517 sic
250 1459 514 1531 seipsum
547 1457 956 1515 adhortaretur
981 1477 994 1515 :
1028 1460 1173 1524 Quia
1205 1461 1390 1517 fronte
1420 1461 1533 1518 ibis
1563 1463 1634 1517 ad
1657 1462 1800 1518 ami-

140 1565 303 1614 cum,
336 1547 385 1604 si
416 1547 544 1618 ejus
574 1547 850 1604 ultimum
891 1549 1234 1606 refutaveris
1276 1551 1662 1607 mandatum?
1691 1552 1799 1607 Pro

141 1639 322 1710 cujus
350 1636 591 1708 perenni
613 1637 809 1693 vitain
835 1637 994 1693 caelis
1026 1642 1082 1694 et
1106 1637 1310 1712 gloria,
1344 1638 1533 1712 primo
1565 1640 1800 1712 deposi-

139 1725 501 1782 tionisillius
514 1742 666 1780 anno
686 1727 1014 1782 coenobium
1029 1727 1487 1784 VallisGallilaeae
1501 1729 1798 1786 multoties

142 1815 309 1872 adire
331 1813 560 1881 solitus,
587 1815 997 1887 frequentabat
1028 1817 1099 1872 ad
1133 1823 1404 1873 sanctum
1431 1835 1642 1891 corpus
1664 1818 1800 1875 mis-

142 1920 346 1960 sarum
381 1902 706 1964 solemnia:
753 1903 971 1960 sciebat
1027 1906 1184 1961 enim
1246 1907 1571 1978 scriptum:
1625 1908 1801 1963 Nescit

142 1993 304 2050 homo
343 2000 532 2048 utrum
579 2009 764 2049 amore
807 2010 881 2049 an
926 1993 1046 2050 odio
1094 1995 1290 2066 dignus
1335 1998 1427 2063 sit,
1477 1997 1568 2052 sed
1614 1999 1801 2052 omnia

142 2085 199 2138 in
235 2085 422 2154 futuro
464 2086 814 2138 reservantur
847 2085 1058 2139 incerta
1077 2086 1264 2153 (Eccli.
1291 2102 1366 2148 xx,
1394 2091 1440 2150 ι,
1462 2086 1542 2156 2.)
1567 2086 1633 2140 Et
1653 2083 1797 2140 illud

143 2170 474 2226 acutissimi
502 2170 688 2227 Patris
725 2173 1036 2245 Augustini
1061 2174 1314 2229 dictum:
1347 2197 1366 2223 α
1397 2173 1486 2228 Va:
1518 2173 1799 2230 laudabili

142 2259 274 2314 vitae
309 2259 641 2325 hominum,
694 2259 743 2314 si
791 2265 1015 2316 remota
1058 2262 1270 2333 pietate
1295 2263 1617 2333 judicatur.
1651 2262 1798 2318 Nam

145 2349 281 2421 quis
303 2347 612 2404 hominum
641 2349 878 2404 audebit
898 2351 1089 2406 dicere
1113 2367 1124 2404 :
1158 2353 1313 2407 Venit
1333 2353 1585 2424 princeps
1606 2352 1800 2408 mundi

143 2437 330 2509 hujus,
362 2445 415 2493 et
441 2440 503 2492 in
531 2455 616 2494 me
647 2454 758 2494 non
791 2439 947 2494 habet
978 2440 1274 2510 quidquam
1307 2441 1482 2511 (Joa'n.
1515 2458 1629 2508 xw,
1660 2441 1730 2496 30
1759 2443 1797 2512 ;)

139 2526 248 2582 nisi
294 2525 450 2581 inter
497 2531 762 2583 mortuos
810 2527 1004 2583 liber?
1035 2529 1202 2600 (Psal.
1239 2547 1486 2589 Lxxxvn.
1536 2531 1615 2601 6.)
1646 2531 1796 2594 Qua-

139 2620 399 2688 propter,
433 2616 585 2688 quod
615 2614 806 2672 solum
826 2621 884 2671 et
903 2616 1198 2689 singulare
1219 2618 1572 2674 beneﬁcium
1595 2620 1799 2674 defun-

137 2703 246 2760 ctis
269 2704 394 2759 fore
413 2709 666 2772 noverat,
693 2710 824 2776 post
841 2704 1097 2762 amicum
1123 2707 1274 2761 viam
1293 2707 1578 2762 universis
1602 2707 1796 2764 carnis

136 2795 476 2866 ingressum
504 2793 896 2850 transmittere
919 2811 1032 2850 non
1057 2796 1514 2861 cessabat.Quod
1531 2797 1796 2868 quamvis

136 2883 234 2955 pia
265 2885 457 2937 mater
498 2881 750 2938 Ecclesia
781 2888 914 2954 post
943 2883 1094 2940 ﬁlios
1118 2902 1256 2940 suos
1296 2890 1538 2941 cunctos
1569 2885 1795 2942 indiffe-

141 2973 338 3026 renter
369 2969 585 3035 mittat,
619 2970 757 3041 quia
788 2970 1254 3043 occultajudicia
1283 2975 1378 3028 Dei
1405 2974 1665 3029 nondum
1698 2991 1795 3046 pe-

136 3062 353 3125 netrat,
385 3059 582 3128 justus
602 3063 798 3114 tamen
813 3060 996 3130 judex
1013 3061 1097 3116 sic
1123 3078 1362 3117 suorum
1386 3066 1516 3118 vcta
1537 3067 1798 3134 acceptat

140 3163 212 3203 ne
242 3145 487 3202 omnino
512 3145 790 3202 frustrata
821 3147 1055 3204 doleant
1080 3167 1091 3216 ;
1118 3167 1248 3205 cum
1267 3151 1435 3221 juxta
1460 3158 1797 3207 sanctorum

141 3236 382 3290 Patrum
409 3234 780 3302 sententiam,
817 3253 918 3308 pro
942 3237 1112 3292 valde
1132 3239 1302 3294 bonis
1336 3239 1453 3293 sint
1474 3239 1796 3311 gratiarum
1827 3226 1869 3293 C

141 3323 422 3390 actiones,
457 3341 561 3395 pro
595 3342 710 3380 non
763 3325 928 3381 valde
958 3324 1132 3381 malis
1192 3327 1658 3399 propitiationes,
1695 3345 1798 3400 pro

140 3411 307 3467 valde
339 3410 512 3467 malis
551 3417 746 3467 autem
801 3413 1240 3486 qualescunque
1289 3417 1549 3472 vivorum
1600 3434 1801 3472 conso-

140 3500 414 3556 lationes.
465 3501 574 3556 Sed
635 3501 773 3573 quia
832 3502 888 3557 in
948 3503 1057 3559 hac
1115 3504 1234 3560 vita
1294 3521 1465 3561 omne
1526 3506 1801 3561 meritum

145 3592 542 3662 comparatur,
570 3604 685 3662 quo
717 3595 850 3662 post
881 3591 1033 3646 hanc
1057 3593 1234 3648 vitam
1269 3593 1679 3666 unusquisque
1703 3600 1804 3649 aut

147 3677 543 3734 releveturaut
560 3683 855 3749 gravetur,
871 3683 1099 3735 constat
1124 3681 1568 3736 devotissimum
1591 3682 1802 3737 Christi

150 3765 442 3822 famulum
476 3767 796 3822 Deodatum
831 3767 962 3824 istic
1005 3769 1099 3840 pio
1158 3786 1529 3841 comparasse
1574 3771 1801 3839 merito,

153 3860 442 3928 quatenus
479 3856 670 3911 omnis
705 3874 806 3928 pro
840 3873 904 3912 eo
939 3858 1284 3930 supplicatio
1318 3860 1478 3915 ﬁeret
1523 3859 1641 3915 illic
1673 3876 1803 3932 gra-

153 3946 368 4001 tiarum
403 3945 574 4000 actio.

793 4035 1023 4090 CAPUT
1065 4036 1158 4090 IV.

153 4123 435 4196 Veneratio
469 4121 563 4177 SS.
613 4123 861 4196 Deodati,
885 4131 935 4178 et
979 4125 1240 4196 Ilidulphi
1281 4127 1339 4180 in
1382 4128 1581 4182 tunicis
1611 4130 1659 4180 et
1690 4143 1806 4182 cor-

273 4195 518 4264 poribus.
561 4194 800 4249 Elevatio
832 4194 1162 4250 earumdem}
1205 4197 1318 4252 Vita
1347 4199 1662 4269 approbata.

229 4303 320 4354 22.
354 4299 567 4372 Elapso
597 4301 832 4356 tandem
865 4319 1017 4357 anno
1049 4321 1083 4357 a
1113 4302 1364 4375 glorioso
1397 4305 1556 4359 obitu
1591 4305 1812 4360 domini

158 4388 490 4457 Deodati,in
516 4405 629 4459 quo
644 4389 850 4445 beatus
875 4391 1209 4462 patriarcha
1223 4393 1554 4463 Hidulphus
1577 4393 1818 4448 assidua

156 4477 493 4534 visitatione
514 4482 570 4534 et
586 4477 871 4549 frequenti
896 4478 1299 4537 immolatione
1321 4480 1598 4537 salutaris
1611 4480 1817 4535 hostia:

1903 577 2083 644 tur,et
2099 574 2159 630 in
2181 577 2339 630 veste
2360 590 2575 630 nomen
2593 575 2777 631 sancti
2791 574 2949 630 illius
2962 572 3306 629 dulcissime
3320 585 3554 626 venera-

1903 665 2355 736 batur,eumque
2372 663 2429 719 in
2449 680 2519 720 ea
2548 663 2659 718 sibi
2677 663 2869 719 videre
2884 663 3154 718 videbatu
3164 661 3333 717 r.Hoc
3354 659 3550 732 ipsum

1905 753 2172 822 faciebat,
2207 753 2439 825 quando
2496 752 2709 824 placito
2764 755 3026 823 tempore
3055 768 3122 807 ea
3161 768 3195 805 a
3243 747 3552 820 discipulis

1906 842 2091 898 sancti
2147 841 2218 895 ad
2280 841 2538 896 Medium
2595 839 3012 896 Monasterium
3066 838 3442 893 referebatur.
3485 836 3555 890 Et

1906 931 2191 1004 quidquid
2216 929 2606 985 venerationis
2636 929 3013 1002 impendebat
3035 925 3363 982 insensibili
3390 924 3554 980 tuni-

1908 1018 2360 1089 ca3,charissimo
2383 1019 2749 1074 suoDeodato
2768 1035 2828 1074 se
2851 1018 3186 1089 impendere
3207 1015 3514 1070 laetabatur
3539 1030 3553 1080 ;
3623 1092 3626 1094 γ

1907 1124 2082 1180 quem
2102 1109 2316 1164 sentire
2338 1109 2604 1163 devotam
2632 1106 2744 1163 sibi
2768 1106 3114 1162 charitatem
3137 1104 3552 1168 arbitrabatur,

1907 1198 2193 1268 cujusque
2207 1197 2542 1253 efﬁcacibus
2556 1196 2780 1252 meritis
2794 1194 3273 1268 seipsum,adbuc
3287 1193 3344 1247 in
3365 1192 3552 1248 stadio

1907 1287 2088 1358 hujus
2116 1287 2242 1341 vitae
2274 1286 2688 1354 decertantem,
2736 1290 2910 1357 atque
2962 1283 3251 1357 spirituali
3286 1281 3554 1357 palaestra
3617 1330 3624 1336 .

1907 1376 2315 1444 desudantem,
2351 1375 2665 1432 sustentari
2696 1376 2848 1430 inter
2877 1373 3070 1429 dulcia
3086 1373 3341 1445 suSpiria
3362 1388 3557 1444 preca-

1907 1466 2098 1521 batur.
2133 1465 2471 1520 Conﬁdebat
2501 1465 2654 1520 enim
2690 1464 2876 1531 illum,
2902 1465 3027 1535 jam
3059 1468 3351 1536 prostrato
3377 1467 3555 1534 atque
3610 1506 3612 1508 τ

1909 1553 2242 1627 proculcato
2273 1553 2625 1621 adversario,
2678 1553 2874 1626 palma
2903 1558 2960 1609 et
3001 1569 3213 1609 corona
3243 1569 3276 1607 a
3307 1552 3562 1625 Domino,
3622 1600 3624 1602 ,

1909 1643 2190 1699 donatum
2217 1661 2230 1710 ;
2265 1648 2322 1698 et
2350 1644 2504 1714 apud
2535 1660 2669 1699 eum
2696 1659 2865 1714 posse
2890 1642 3231 1714 plurimum,
3267 1643 3465 1712 utpote
3494 1639 3556 1694 in

1909 1732 2114 1788 ordine
2138 1731 2392 1788 cmlestis
2424 1731 2596 1787 curiae
2635 1731 3025 1786 indelebiliter
3068 1730 3410 1802 ascriptum.
3443 1729 3557 1784 Sed
3609 1771 3614 1774 .

1911 1810 2044 1878 cum
2071 1821 2178 1878 viri
2207 1821 2393 1878 sancti
2417 1820 2754 1893 temporalis
2774 1821 2892 1876 vita
2915 1820 2971 1874 in
2990 1819 3208 1875 multos
3230 1818 3557 1890 annos(Deo

1909 1911 2279 1983 disponente)
2310 1910 2664 1977 tenderetur,
2702 1914 2994 1982 quatenus
3023 1910 3152 1979 ejus
3182 1907 3445 1979 exemplo
3485 1908 3558 1962 ad
3611 1949 3616 1956 .

1909 2004 2185 2055 aeternam
2209 1998 2389 2054 vitam
2420 1997 2659 2070 plurimi
2689 1998 3162 2066 accenderentur,
3206 1998 3425 2052 factum
3472 1999 3571 2051 est.

1909 2092 1975 2142 ut
2002 2088 2158 2144 circa
2185 2087 2425 2143 ultimos
2456 2105 2664 2158 annos,
2698 2087 2859 2144 senio
2890 2088 3018 2159 jam
3078 2091 3473 2159 prazgravatus
3502 2089 3559 2140 et

1912 2177 2129 2232 fractus
2174 2177 2628 2248 coutinuatoque
2674 2176 2872 2232 labore
2930 2175 3294 2243 debilitatus,
3349 2175 3557 2230 cellam

1910 2281 2102 2333 suam,
2135 2282 2240 2321 nec
2272 2265 2451 2320 solitae
2481 2265 2832 2321 visitationis
2886 2264 3094 2337 gratia,
3136 2264 3508 2336 egrederetur
3541 2281 3554 2330 ;

1909 2371 2023 2410 non
2055 2359 2252 2410 tamen
2276 2355 2404 2410 ideo
2427 2354 2696 2426 discipuli
2725 2353 3046 2410 beatissimi
3068 2353 3303 2410 Deodati
3325 2357 3560 2426 praeter-
3607 2421 3614 2425 .

1910 2443 2192 2499 miserant
2220 2445 2292 2499 ad
2343 2460 2476 2500 eum
2511 2443 2656 2498 ferre
2712 2444 2994 2499 tumicam
3055 2442 3343 2515 magistri,
3405 2442 3558 2497 sicut

1906 2537 2072 2588 erant
2101 2532 2277 2588 soliti.

1975 2622 2064 2676 23.
2098 2621 2363 2692 Cumque
2395 2621 2592 2677 divina
2622 2621 2921 2677 miseratio
2962 2619 3274 2676 emeritum
3307 2619 3556 2675 militem
3602 2687 3604 2689 p

1907 2727 2082 2766 suum
2141 2709 2504 2783 Hidulphum
2537 2710 2783 2766 animio
2835 2709 3030 2765 labore
3087 2709 3439 2765 decrevisset
3494 2709 3555 2764 in
3609 2771 3613 2774 ,

1907 2803 2186 2855 aeternum
2217 2799 2713 2872 requiescere,per
2732 2799 3184 2855 dilectissimum
3209 2797 3320 2853 sibi
3340 2798 3557 2853 Deoda-

1907 2893 2031 2944 tum
2046 2888 2320 2962 dignatus
2339 2892 2428 2944 est
2446 2889 2632 2945 eidem
2651 2887 2937 2945 transitus
2960 2887 3050 2943 sui
3074 2887 3229 2943 diem
3247 2887 3555 2943 denuntia-

1907 2981 2049 3042 re,et
2070 2982 2134 3032 ut
2156 2981 2445 3049 satageret
2465 2978 2670 3032 ambas
2692 2994 2895 3033 eorum
2926 2976 3289 3047 cellas(sicut
3305 2993 3398 3032 res
3421 2993 3555 3048 pos-

1907 3057 2592 3136 cebat)disponere.Unde
2613 3064 2700 3120 vir
2717 3069 2954 3121 sanctus
2976 3065 3228 3120 multum
3247 3064 3555 3121 inDomino

1907 3158 1996 3208 est
2025 3154 2272 3220 lzetatus,
2307 3153 2443 3225 quia
2474 3171 2542 3209 ex
2573 3153 2908 3209 turbulento
2940 3153 3212 3209 conﬂictu
3246 3153 3450 3209 mundi
3482 3154 3554 3208 ad

1910 3246 2197 3314 perpetuas
2220 3243 2379 3315 pacis
2403 3241 2888 3313 tranquillitatem
2914 3257 3045 3296 mox
3064 3245 3190 3296 erat
3212 3241 3421 3307 iturus,
3457 3241 3556 3295 ubi

1909 3332 2068 3386 omni
2109 3330 2368 3404 lacryma
2410 3332 2482 3385 ab
2527 3329 2713 3386 oculis
2743 3331 2871 3402 ejus
2911 3330 3179 3386 abstersa
3209 3329 3390 3400 (Apoc.
3442 3347 3559 3400 XXI,

1909 3421 2023 3487 44.)
2055 3421 2338 3492 perpetim
2399 3419 2820 3476 consolaretur.
2855 3420 3061 3491 Itaque
3106 3418 3386 3474 fratribus
3440 3435 3560 3473 SUtB

1909 3509 2064 3565 cellas
2112 3510 2416 3581 designato
2473 3509 2685 3564 abbate
2743 3496 2977 3564 domno
3013 3508 3370 3577 Raimberto,
3398 3506 3554 3561 Valli

1911 3603 2105 3654 autem
2138 3597 2383 3653 Galilzea:
2407 3600 2620 3654 domno
2656 3597 3053 3664 Marcinanno,
3090 3597 3330 3654 emicuit
3362 3597 3433 3653 ab
3458 3596 3567 3652 hoc

1911 3687 2134 3752 exsilio,
2150 3689 2220 3742 ab
2246 3688 2651 3743 Incarnatione
2665 3687 2803 3744 Jesu
2823 3686 3036 3743 Christi
3059 3703 3212 3742 anno
3238 3687 3569 3759 septingen-

1913 3778 2120 3832 tesimo
2151 3777 2417 3848 septimo.
2443 3777 2621 3847 Cujus
2655 3777 2894 3849 quidem
2918 3781 3181 3832 sanctam
3210 3776 3566 3832 mentionem

1915 3865 2043 3919 istis
2076 3871 2272 3920 tenore
2301 3865 2654 3921 narrationis
2686 3865 2867 3930 ducti,
2898 3865 2993 3920 vix
3024 3864 3368 3920 summatim
3402 3863 3572 3918 attin-

1915 3969 2048 4026 gere
2071 3954 2502 4022 curavimus,ne
2528 3953 2847 4009 fastidiosis
2869 3953 3110 4009 auribus
3131 3969 3295 4007 escas
3312 3951 3576 4023 collegis-

1919 4058 1980 4096 se
2002 4046 2058 4096 et
2079 4040 2405 4096 inculcasse
2427 4058 2770 4113 arguamur;
2797 4041 3034 4096 avidum
3077 4045 3272 4095 tamen
3299 4039 3574 4096 lectorem

1922 4131 1989 4184 ad
2027 4129 2220 4184 Vitam
2280 4129 2466 4184 sancti
2521 4129 2889 4184 destinamus
2930 4130 3062 4199 (75).
3092 4129 3266 4184 Porro
3321 4129 3575 4183 domnus

1924 4217 2548 4289 Marcinannus,quem
2566 4217 2866 4288 praelatum
2882 4217 3208 4274 beatissimi
3225 4216 3465 4274 Deodati
3478 4234 3582 4272 ca:-

1927 4308 2098 4363 nobio
2133 4324 2312 4380 supra
2345 4305 2821 4376 memoravimus,
2857 4307 2914 4361 in
2948 4306 3279 4379 provisione
3330 4305 3577 4361 cmnobii

1927 4396 2061 4453 talis
2093 4395 2362 4452 utilitatis
2393 4397 2502 4451 luit
2551 4394 3047 4452 studiosissimus.
3082 4397 3136 4452 Is
3167 4397 3382 4469 quippe
3408 4394 3581 4467 longo

1930 4485 2218 4558 superfuit
2268 4489 2527 4555 tempore
2583 4485 2694 4539 sub
2742 4483 2978 4557 regibus
3013 4484 3368 4540 Theoderico
3407 4488 3583 4555 atque

161 4567 407 4623 curabat
438 4567 714 4638 prodesse
747 4568 874 4640 ejus
909 4568 1162 4640 spiritui,
1196 4569 1470 4641 deinceps
1511 4569 1820 4642 pristinam
1852 4590 1897 4654 ι)
1929 4573 2255 4629 Childerico
2286 4573 2546 4636 Juniore,
2579 4589 2610 4625 a
2642 4588 2758 4642 quo
2781 4572 2956 4628 etiam
2988 4573 3584 4645 Aquisgraniprome—

155 4655 591 4712 institutionem
608 4671 976 4729 resumpsere
999 4659 1209 4714 fratres
1231 4659 1542 4730 utriusque
1569 4657 1700 4714 loci.
1721 4658 1820 4715 De-

158 4743 336 4816 nique
359 4747 424 4799 ut
443 4743 606 4816 prius
629 4745 810 4802 semel
837 4747 897 4801 in
925 4765 1076 4803 anno
1095 4747 1360 4803 solebant
1383 4747 1570 4803 sancti
1599 4747 1823 4802 antisti-

151 4837 242 4892 tes
255 4849 395 4889 suas
407 4832 846 4891 cellasinvicem
870 4835 1212 4901 visitare,sic
1235 4840 1436 4908 postea
1459 4837 1814 4892 studuerunt

153 4923 362 4978 facere.
422 4923 530 4978 Sed
589 4924 711 4978 viro
762 4923 862 4979 Dei
923 4924 1217 4996 Hidulpho
1277 4924 1549 4980 invisenti
1589 4923 1815 4980 Vallem

155 5009 459 5067 Galilaeam
512 5011 636 5066 vice
680 5011 879 5066 domni
936 5012 1197 5080 Deodati,
1246 5013 1632 5068 occurrebant
1689 5014 1818 5083 ejus

157 5097 455 5169 discipuli,
475 5099 849 5172 pra-ferentes
867 5101 1014 5156 tanti
1038 5101 1304 5173 magistri
1327 5101 1613 5156 tunicam.
1632 5101 1818 5164 Quam

157 5192 485 5244 reverenter
539 5192 849 5259 susceptan
897 5195 1136 5244 sanctus
1191 5189 1472 5260 pontifex,
1530 5194 1819 5260 tanquam

231 5347 349 5420 (74)
383 5346 732 5420 Hicdesinit
763 5364 875 5404 ms.
910 5347 1354 5420 Ultrajectinum
1383 5352 1439 5403 et
1469 5348 1604 5404 Vita
1635 5366 1668 5404 a
1703 5349 1824 5404 Mo-

161 5418 384 5474 sandro
419 5418 595 5474 edita.

233 5489 350 5559 (75)
384 5488 1043 5564 ltiguetussuspicatur
1075 5492 1394 5564 ipsummet
1423 5493 1828 5564 composuisse

161 5558 361 5634 Vitam
385 5558 692 5634 Hildulphi
727 5579 761 5618 a
783 5558 1326 5634 Mosandro'cditam
1352 5582 1365 5631 ;
1391 5567 1543 5620 certe
1558 5558 1649 5620 vel
1669 5563 1825 5621 idem

162 5631 480 5705 utriusque
511 5631 610 5692 est
638 5633 1045 5706 interpolator,
1085 5633 1173 5693 vel
1205 5639 1405 5694 auctor
1431 5636 1582 5694 Vitae
1613 5637 1670 5694 S.
1706 5636 1828 5698 Hil-

1929 4663 2045 4718 ruit
2067 4662 2518 4734 descriptionem
2546 4659 2722 4717 totius
2743 4659 2987 4716 abbatis:
3011 4677 3127 4716 suae
3149 4661 3408 4717 roborari
3427 4661 3586 4734 regia

1931 4751 2300 4807 auctoritate.

1999 4841 2091 4894 24.
2128 4839 2349 4896 Deinde
2398 4846 2517 4897 tam
2571 4845 2909 4896 sanctorum
2968 4839 3342 4894 decessorum
3396 4836 3589 4892 idonei

1931 4944 2305 4983 successores
2337 4929 2708 4985 Raimbertus
2738 4933 2794 4984 et
2825 4928 3259 4992 Marcinannus,
3292 4925 3588 4982 charitati-
3665 4961 3668 4963 λ

1929 5033 2060 5072 vam
2083 5016 2441 5083 societatem,
2462 5035 2496 5072 a
2511 5018 2904 5074 sanctissimis
2927 5015 3228 5091 magistris
3251 5019 3586 5087 susceptam

1931 5110 1988 5159 et
2013 5104 2125 5158 sibi
2159 5103 2326 5174 quasi
2358 5103 2485 5176 lege
2517 5104 2885 5162 hazreditaria
2922 5106 3210 5173 relictam,
3243 5122 3359 5161 non
3391 5104 3590 5158 immi-

1935 5197 2417 5257 nuerunt,verum
2441 5193 2635 5264 potius
2651 5195 3361 5267 augmentaverunt.Quod
3385 5193 3589 5266 utique

1935 5352 2164 5425 dulphi.
2197 5353 2337 5425 dum
2364 5350 2576 5425 Miloni
2598 5370 2731 5410 eum
2776 5357 3130 5411 successisse
3164 5357 3321 5424 facit,
3356 5354 3588 5425 aliaque

1936 5422 2121 5498 multa
2151 5425 2223 5498 in_
2244 5422 2682 5494 chronologiam
2717 5430 2932 5498 peccat,
2957 5426 3133 5498 hujus
3162 5422 3588 5498 Vitaa'interpo-

1933 5496 2177 5551 latorem
2210 5495 2275 5568 in,
2302 5511 2526 5551 errores
2557 5496 2857 5567 pertraxit,
2892 5495 3107 5568 quibus
3137 5499 3418 5554 confundi
3444 5495 3587 5552 vidi-

1938 5583 2072 5624 mus
2103 5567 2319 5624 saacula
2353 5569 2489 5624 duo.
