4000 6168
342 340 456 409 631

1083 340 1269 405 SIEC.
1317 340 1398 403 XI
1442 338 1670 402 AUCT.
1718 331 2037 398 INCERTI
2079 331 2268 397 ANNI
2313 336 2418 399 ET
2461 337 2758 406 SCRIPT.
2807 349 3030 404 ἈΔΕΣΠ.

3630 336 3769 401 632

342 497 413 539 ex
436 473 835 536 breviariisvel
850 475 1197 551 syngraphis
1223 474 1378 528 illius
1404 472 1684 545 temporis
1706 471 1990 527 hactenus
2021 467 2075 535 Α
2105 486 2295 528 sorem
2328 473 2648 532 Deodatum
2681 476 2935 533 vindicat
2962 474 3093 542 sibi,
3131 473 3223 532 cui
3256 474 3530 531 dommus
3546 472 3764 531 Hidul-

328 570 806 633 monstrabatur,
832 567 893 623 in
919 565 1135 640 quibus
1156 565 1395 619 nomina
1421 563 1665 617 fratrum
1687 561 1996 632 utriusque

352 656 716 731 monasterii,
751 662 873 711 tam
904 656 1313 712 defunctorum
1360 668 1534 723 quam
1594 655 1652 705 et
1706 651 1993 718 vivorum,

345 745 794 820 diligentissime
851 745 1125 802 adnotata
1174 747 1231 799 et
1297 742 1577 797 altaribus
1629 740 2000 813 superposita

344 838 839 895 conservabantur
861 853 873 902 ;
899 851 1003 907 pro
1028 832 1327 907 quibusin
1351 833 1666 886 missarum
1696 829 1998 885 sulemniis

346 926 648 985 verissime
680 924 999 989 dicebatur,
1025 922 1181 995 quod
1208 922 1292 979 sic
1325 921 1381 977 in
1412 921 1578 976 libris
1604 924 1997 975 sacramento-

349 1008 480 1073 rum
514 1012 734 1087 passim
768 1011 1072 1086 reperitur.
1108 1013 1177 1068 Et
1223 1028 1473 1085 quorum
1533 1010 1771 1064 nomina
1825 1025 2000 1079 super

348 1109 617 1162 sanctum
648 1103 829 1161 altare
860 1106 1030 1157 tuum
1062 1101 1281 1173 scripta
1312 1101 1514 1155 adesse
1535 1099 1824 1153 videntur.
1850 1099 1998 1152 Inte-

349 1206 448 1252 rea
472 1211 506 1249 ε.
540 1190 933 1249 devotissimis
964 1189 1313 1262 (discipulis)
1336 1187 1746 1244 inviolabiliter
1767 1185 1877 1241 fuit
1898 1186 2001 1239 ob-

348 1286 665 1349 servatum,
687 1281 842 1353 quod
869 1298 902 1336 a
922 1279 1207 1352 piissimis
1229 1276 1527 1351 magistris
1552 1275 2004 1331 recolebanttra-

353 1371 567 1437 ditum,
599 1367 887 1435 videlicet,
912 1373 975 1424 ut
995 1367 1173 1423 semel
1204 1366 1262 1421 in
1286 1384 1459 1433 anno,
1485 1370 1541 1420 et
1558 1365 1651 1420 isti
1688 1362 2003 1419 inviserent

355 1458 530 1517 cellas
560 1475 784 1526 eorum,
817 1462 873 1514 et
894 1457 976 1512 illi
999 1458 1269 1522 istorum,
1294 1460 1575 1526 tanquam
1599 1453 1901 1525 praecipuae
1924 1452 2006 1523 pi-

353 1548 905 1622 gnorapraeferendo
926 1547 1156 1601 tunicas
1178 1546 1593 1617 magistrorum
1615 1540 1927 1612 (siquidem
1949 1543 2005 1595 et

357 1635 629 1717 discipuli
648 1634 1136 1712 domniHidulphi
1156 1633 1344 1709 ipsius
1362 1630 1620 1687 tunicam
1645 1630 2006 1685 retinuerant

359 1724 495 1795 sibi)
526 1724 742 1796 quibus
772 1740 906 1778 cum
940 1726 1101 1777 tanta
1138 1722 1441 1776 devotione
1486 1720 1916 1783 occurrebatur,
1950 1720 2008 1772 et

2105 563 2260 635 phus
2292 563 2635 622 attribuerat
2660 566 2985 640 prioratum
3020 565 3109 622 sui
3141 564 3273 631 loci,
3307 562 3452 620 inibi
3502 581 3635 621 eum
3664 565 3767 620 di-

2105 653 2391 725 gnissime
2423 655 2817 728 suscipiendo,
2851 657 2991 711 dum
3019 653 3254 723 advixit,
3279 657 3337 709 et
3368 652 3775 711 nihilominus

2106 743 2367 798 tunicam
2401 745 2548 816 ejus,
2588 749 2896 817 postquam
2930 745 3094 800 obiit.
3124 745 3312 816 Super
3330 742 3647 799 haecetiam
3670 760 3771 800 ac-

2107 832 2411 887 cumulant
2430 850 2629 888 eorum
2659 833 3007 889 charitatem
3031 837 3318 899 mutuam,
3344 848 3462 904 qua
3488 831 3765 888 effectum

2107 925 2197 976 est
2222 925 2285 975 ut
2315 922 2511 977 omnia
2542 922 2660 978 illis
2692 924 2877 978 forent
2910 923 3265 1000 communia.
3300 921 3462 977 Sicut
3500 920 3764 994 philoso-

2108 1010 2280 1081 phica
2301 1010 2560 1066 insinuat
2580 1012 2902 1069 sententia:
2928 1033 2955 1061 «
2969 1011 3304 1066 Vicinorum
3330 1010 3605 1083 pleraque
3622 1016 3781 1067 sunt:

2108 1099 2461 1162 communia,
2497 1099 2816 1156 amicorum
2850 1116 2982 1156 vero
3002 1098 3494 1168 omnia(Amsro‘r.
3528 1099 3631 1155 lib.
3658 1116 3766 1156 vm

2108 1189 2263 1243 Etim.
2299 1206 2422 1261 cap.
2455 1188 2531 1260 9).
2556 1211 2583 1237 ››
2608 1190 2890 1253 Quocirca
2919 1189 3072 1244 sicut
3091 1194 3233 1244 tunc
3260 1189 3523 1245 solebant
3553 1194 3769 1246 mutuo

2110 1276 2404 1350 suscipere
2434 1277 2644 1332 horum
2679 1282 3016 1333 sanctorum
3046 1276 3297 1345 tunicas,
3319 1277 3537 1334 scilicet
3557 1274 3759 1351 corpus

2110 1382 2240 1421 rum
2274 1367 2546 1433 exuvias;
2581 1367 2665 1422 sic
2696 1384 2851 1422 nunc
2891 1383 3123 1439 quoque
3178 1365 3511 1440 suscipiunt
3556 1383 3761 1424 eorum

2111 1470 2373 1525 corpora,
2413 1455 2746 1510 animarum
2809 1456 3008 1527 utique
3056 1455 3311 1512 exuvias.
3347 1456 3599 1520 Quorum
3653 1472 3763 1528 per

2112 1543 2390 1599 meritum
2425 1561 2536 1616 pax
2566 1545 2734 1600 nobis
2760 1561 2916 1600 nunc
2948 1549 3004 1601 et
3042 1545 3100 1600 in
3156 1561 3362 1600 aevum.
3409 1545 3588 1617 Igitur
3635 1545 3761 1601 h'aze

2106 1633 2232 1704 jam
2265 1633 2563 1687 sufficiant
2611 1632 2900 1706 religiosis
2954 1633 3191 1700 animis,
3227 1650 3351 1705 quae
3409 1633 3763 1707 paupercula

2115 1737 2381 1777 sermone
2413 1721 2631 1778 cursim
2649 1722 3038 1794 explicuimus
3063 1723 3131 1779 de
3155 1723 3407 1795 piissimi
3426 1724 3614 1780 Patris
3637 1741 3769 1781 nos-

360 1817 527 1871 tanta
556 1813 851 1868 veneratio
900 1811 1281 1867 exhibebatur
1312 1814 1377 1864 ut
1431 1807 1757 1863 dulcissimi
1808 1808 2006 1860 Patres
2039 1843 2085 1908 B
2114 1810 2741 1882 trineodatigestis,vix
2759 1812 3113 1885 attingentcs
3137 1813 3764 1885 paucadeinnumeris,

363 1903 437 1960 ad
468 1901 621 1958 filios
649 1901 870 1958 redisse
903 1904 1035 1974 post
1072 1899 1247 1972 longa
1302 1897 1649 1954 saeculorum
1708 1894 2010 1951 volumina

363 1992 754 2049 crederentur.

432 2081 524 2136 25.
557 2080 719 2144 Quod
747 2078 794 2133 si
829 2078 1082 2149 peccatis
1116 2076 1483 2141 facientibus,
1517 2073 1766 2130 cmlestis
1814 2073 1901 2127 ira
1952 2072 2009 2125 in

362 2168 645 2242 populum
664 2170 1112 2241 grassaretur,et
1133 2165 1389 2222 siccitate
1410 2180 1512 2221 seu
1526 2164 1708 2219 nimia
1730 2162 2009 2217 imbrium

363 2257 679 2323 refusione,
721 2259 823 2311 aut
880 2255 1204 2328 pestilentia
1251 2254 1338 2309 vel
1388 2254 1783 2326 qualicunque
1841 2251 2013 2324 plaga

363 2345 655 2413 feriretur,
685 2361 820 2401 mox
848 2343 986 2400 hinc
1027 2344 1162 2399 inde
1211 2342 1597 2416 conglobatus
1646 2342 2011 2411 (conventus)

363 2433 595 2491 tunicas
616 2437 996 2507 patronorum
1012 2449 1254 2489 suorum
1277 2449 1410 2487 cum
1434 2431 1718 2487 luctuosis
1740 2430 2012 2502 precibus

365 2523 644 2582 offerebat
670 2528 727 2579 et
769 2523 1070 2595 ingerebat
1124 2521 1337 2577 divinis
1381 2521 1702 2583 obtutibus,
1764 2535 2014 2589 moxque

368 2612 704 2670 removebat
728 2611 914 2683 pietas
946 2610 1100 2682 quod
1129 2613 1529 2681 promeruerat
1550 2607 1838 2679 impietas.
1866 2607 2010 2661 Nam

368 2704 572 2759 contra
586 2699 948 2755 desavientis
963 2697 1174 2772 ﬂagelli
1196 2698 1481 2770 impetum
1497 2699 1727 2751 tantum
1750 2694 2015 2750 valebant

368 2793 705 2847 sanctorum
734 2787 944 2844 merita
972 2791 1029 2842 et
1060 2785 1245 2859 plebis
1276 2787 1418 2841 fides
1440 2789 1505 2840 ut
1532 2802 1635 2839 nec
1666 2801 1827 2839 mora
1845 2785 2017 2839 misce

366 2877 803 2935 ricordissimus
833 2876 1109 2933 Conditor
1132 2875 1280 2945 justi
1296 2873 1503 2946 judicii
1533 2873 1623 2929 sui
1651 2874 2015 2929 severitatem

366 2984 403 3024 a
430 2966 644 3040 populo
674 2966 991 3032 cohiberet,
1019 2969 1193 3037 atque
1222 2967 1429 3035 optata:
1455 2963 1867 3018 misericordiae
1888 2979 2018 3017 con-

369 3055 715 3113 solationem
745 3055 829 3111 eis
868 3054 1197 3111 distillaret.
1233 3054 1326 3109 Sic
1383 3052 1633 3123 denique
1680 3051 2019 3124 temporalis

372 3148 431 3204 et
460 3160 636 3217 parva
660 3143 979 3200 consolatio
1013 3143 1145 3200 ﬁdei
1178 3143 1356 3198 ﬁebat
1399 3142 1655 3197 maxima
1704 3141 2015 3212 provectio,

2119 1897 2364 1954 minima
2402 1899 2472 1954 de
2533 1900 2845 1955 maximis:
2880 1900 3104 1965 Quibus
3164 1904 3367 1957 sancta
3421 1901 3676 1958 Trinitas
3708 1904 3769 1958 in

2117 1988 2289 2043 terris
2319 1987 2663 2060 glorificavit
2691 1988 2969 2044 dilectum
3005 2007 3178 2045 suum
3221 2007 3323 2061 pro
3375 1995 3587 2046 sanctm
3637 1990 3769 2047 vitm

2120 2075 2364 2132 meritis.
2399 2080 2680 2132 Caeterum
2710 2082 2795 2132 tot
2827 2081 2883 2132 et
2922 2077 3099 2134 tantis
3158 2077 3413 2151 quotidie
3466 2079 3773 2136 miraculis

2118 2165 2446 2221 venerabile
2477 2183 2688 2239 corpus
2724 2167 2851 2237 ejus
2882 2167 3240 2235 nobilitatur,
3291 2172 3433 2239 quot
3462 2172 3520 2223 et
3549 2173 3773 2240 quanta

2119 2254 2233 2321 vix,
2257 2258 2320 2309 ut
2351 2255 2846 2327 putatur,sufficit
2871 2255 3086 2327 aliquis
3111 2256 3771 2329 facundissimus(enar-

2123 2344 2270 2413 rare)
2301 2346 2437 2413 (76).
3567 2408 3580 2417 _

2192 2433 2280 2487 27.
2316 2432 2417 2487 His
2448 2433 2590 2487 adeo
2621 2432 2959 2488 diffamatus
2992 2434 3211 2489 mundo
3241 2433 3497 2490 innotuit
3546 2439 3612 2491 ut
3662 2436 3775 2492 hac

2123 2525 2323 2575 nostra
2346 2521 2554 2590 jejuna
2584 2525 2639 2576 et
2692 2521 2872 2577 sterili
2928 2521 3258 2579 narratione
3299 2524 3601 2596 praedicari
3653 2538 3772 2580 non

2122 2609 2465 2681 indigucrit.
2488 2610 2597 2664 Sed
2622 2610 2900 2681 quoniam
2921 2610 3260 2667 Christianae
3288 2612 3651 2685 perspicacize
3683 2617 3779 2670 est

2125 2698 2314 2770 magis
2348 2698 2642 2769 requirere
2674 2703 2848 2771 atque
2875 2701 3174 2756 attendere
3204 2717 3378 2773 opera
3408 2718 3535 2774 quae
3565 2718 3779 2758 unum-

2124 2803 2416 2859 quemque
2483 2794 2753 2843 sanctum
2796 2789 3035 2859 faciunt,
3083 2807 3261 2862 quam
3322 2808 3448 2864 quae
3505 2795 3777 2848 sanctum

2126 2878 2464 2942 ostendunt,
2489 2876 2812 2933 delectatur
2832 2877 3068 2950 quidem
3088 2877 3419 2935 visibilihus
3438 2883 3779 2936 sanctorum

2129 2965 2421 3029 factis.sed
2441 2974 2637 3022 tamen
2656 2968 2728 3023 ad
2754 2966 3069 3022 invisibilia
3086 2984 3285 3022 eorum
3309 2968 3463 3023 facta
3479 2969 3782 3040 pervenire

2128 3054 2483 3110 omnimodis
2514 3054 2751 3128 appetit,
2785 3058 2842 3111 et
2871 3054 3173 3111 sitibunda
3232 3056 3453 3113 mavult
3501 3073 3568 3112 ex
3623 3057 3781 3114 fonte

2133 3161 2313 3215 quam
2345 3161 2413 3199 ex
2444 3144 2564 3200 rivo
2597 3161 2765 3200 suam
2798 3144 3155 3216 restinguere
3185 3144 3347 3200 sitim
3373 3163 3387 3213 ;
3418 3144 3573 3202 unde
3620 3145 3779 3202 enim

375 3208 503 3309 qua:
516 3248 997 3307 unumquemque
1017 3250 1120 3305 pro
1138 3230 1375 3288 modulo
1392 3247 1497 3287 suo
1518 3231 1589 3287 ad
1606 3208 2021 3286 correctionem
2054 3208 2096 3274 (ἶ
2134 3208 2507 3304 gaudendum
2534 3233 2629 3300 sit,
2654 3251 2686 3288 a
2716 3234 2958 3289 Domino
2979 3208 3116 3289 jesu
3150 3208 3383 3303 didicit;
3408 3235 3505 3307 qui
3538 3236 3665 3291 suis
3699 3236 3787 3290 ait

360 3323 679 3397 ‘pravitatis
706 3338 826 3379 suae
846 3327 903 3377 et
928 3322 1316 3378 imitationem
1349 3325 1708 3386 sanctorum,
1745 3324 1930 3391 atque
1948 3318 2019 3373 ad

378 3412 636 3469 debitam
668 3412 1097 3468 venerationem
1135 3410 1480 3466 hortabatur
1516 3425 1841 3481 assurgere,
1875 3425 2023 3480 quos

377 3500 784 3573 intelligebant
811 3503 1039 3555 tantum
1055 3499 1126 3554 de
1143 3500 1257 3554 Deo
1287 3498 1573 3553 meruisse
1600 3516 1613 3564 ;
1649 3514 1763 3569 quo
1787 3500 2026 3569 possent

378 3589 529 3644 iram
560 3588 689 3658 ejus
709 3604 744 3642 a
764 3587 1081 3658 peccatrice
1101 3591 1273 3660 gente
1295 3591 1567 3649 avertere,
1584 3590 1640 3641 et
1662 3585 1806 3641 tales
1828 3585 2026 3658 cupie-

378 3676 523 3732 bant
543 3690 672 3731 esse
692 3674 895 3747 quales
913 3674 1109 3731 divina
1128 3674 1457 3746 benignitas
1477 3675 1753 3746 dignatur
1774 3673 2023 3729 clemen-

379 3770 472 3823 ter
500 3765 806 3839 respicere.
824 3764 955 3820 Jam
978 3763 1497 3837 perpendamus,si
1521 3780 1855 3834 possumus,
1882 3763 2022 3835 quid

379 3854 571 3913 meriti
591 3854 678 3911 vel
701 3853 934 3910 virtutis
955 3852 1270 3908 habuerint
1289 3851 1497 3907 horum
1529 3852 1763 3907 Patrum
1798 3857 2025 3909 nostro-

376 3962 508 4004 rum
539 3948 753 4002 sanctae
784 3944 991 3999 anima:
1025 3941 1549 4014 interius,quorum
1582 3940 1897 3997 villissimm
1936 3945 2024 3995 tu-

376 4035 541 4103 nicae,
571 4034 755 4091 oculis
785 4032 885 4089 Dei
944 4034 1365 4105 repraesentatas
1412 4031 1683 4097 exterius,
1742 4048 1775 4086 a
1813 4029 2025 4103 populo

377 4123 549 4198 pleno
573 4123 827 4197 peccatis
857 4122 1283 4193 suspenderent
1308 4120 1454 4176 iram
1482 4122 1630 4191 ejus.

446 4215 535 4269 26.
571 4214 716 4286 Ergo
750 4213 870 4267 haec
926 4211 1288 4267 consuetudo
1340 4214 1461 4265 tam
1519 4210 1615 4281 pia
1646 4212 1701 4263 et
1753 4207 2027 4279 religiosa

377 4301 752 4374 integerrime
783 4304 1123 4356 conservata
1152 4302 1242 4355 est
1270 4299 1421 4355 inter
1450 4299 1570 4353 hec
1593 4299 1707 4353 duo
1740 4296 2022 4363 coenobia,

378 4391 562 4447 donec
592 4392 797 4445 sancta
820 4404 1063 4460 corpora
1084 4386 1356 4459 plurimis
1388 4386 1688 4442 miraculis
1735 4385 2026 4441 declarata

378 4477 824 4535 sublevarentur
853 4477 925 4532 de
955 4479 1120 4530 terrze
1161 4475 1404 4547 gremio,
1438 4474 1632 4529 divina
1681 4474 2024 4546 disponente

2131 3321 2437 3394 discipulis
2462 3338 2475 3376 :
2520 3322 2579 3376 In
2609 3324 2706 3377 hoc
2732 3324 2906 3378 nolite
2934 3323 3168 3393 gaudere
3212 3325 3342 3394 quia
3379 3326 3603 3397 spiritus
3631 3325 3784 3380 vobis

2130 3411 2539 3481 subjiciuntur;
2597 3411 2824 3481 gaudete
2887 3420 3069 3467 autem
3121 3412 3261 3483 quod
3314 3416 3537 3468 nomine
3601 3416 3785 3468 vestra

2132 3500 2329 3569 scripta
2359 3501 2567 3555 suntin
2602 3501 2755 3555 caelis
2796 3500 2948 3573 (Luc.
2984 3499 3039 3564 it,
3070 3500 3184 3573 20.)
3216 3501 3375 3565 Quod
3409 3501 3610 3574 utique
3658 3517 3786 3558 me-

2134 3603 2368 3642 reamur
2379 3588 2471 3642 ani
2481 3605 2585 3643 mze
2608 3588 2937 3656 sanctitate,
2964 3605 3079 3643 non
3105 3587 3515 3645 miraculorum
3530 3593 3790 3647 ostenta-

2133 3675 2568 3742 tionc,maxime
2593 3694 2725 3732 cum
2748 3678 2806 3732 in
2830 3677 2922 3732 die
2937 3677 3143 3749 judicii
3173 3678 3433 3734 dicturus
3457 3677 3533 3733 sit
3554 3679 3786 3748 multis,

2136 3766 2235 3837 qui
2268 3765 2322 3819 in
2357 3766 2485 3837 ejus
2515 3767 2750 3822 nomine
2774 3766 3021 3823 virtutes
3053 3766 3272 3822 multas
3299 3767 3538 3823 fecerint
3561 3785 3574 3824 :
3599 3767 3790 3825 Nescio

2132 3871 2224 3910 vos
2253 3854 2436 3922 (Math.
2470 3870 2569 3917 vn,
2597 3856 2810 3926 22-23).
2864 3855 3010 3911 Hinc
3044 3859 3133 3911 est
3184 3856 3338 3927 quod
3372 3873 3575 3912 omnes
3621 3857 3788 3913 labo-

2135 3946 2329 3999 rantes
2360 3947 2417 3998 et
2446 3948 2713 3999 oneratos
2746 3945 2815 3999 ad
2848 3962 2909 3999 se
2944 3943 3216 4011 invitans,
3261 3961 3377 4000 non
3432 3944 3514 4000 ait
3544 3963 3557 4001 :
3589 3946 3794 4002 Discite

2134 4050 2165 4087 a
2196 4049 2279 4087 me
2310 4031 2477 4104 signa
2510 4033 2717 4097 facere,
2752 4033 2851 4088 sed
2911 4037 3043 4105 quia
3099 4036 3248 4088 mitis
3302 4051 3424 4089 sum
3464 4039 3517 4091 et
3560 4033 3794 4090 humilis

2133 4121 2364 4187 corde,ct
2398 4122 2692 4176 invenietis
2729 4125 2972 4193 requiem
3020 4122 3310 4177 animabus
3362 4125 3551 4179 vestris
3582 4123 3790 4195 (Matth.

2133 4227 2211 4279 x1,
2246 4210 2359 4281 29.)
2392 4210 2507 4266 Hoc
2530 4210 2700 4283 plane
2734 4211 2887 4282 quod
2922 4211 3172 4266 dicimus
3196 4228 3230 4267 a
3263 4212 3470 4283 capite,
3506 4212 3792 4269 debemus

2134 4304 2192 4355 et
2212 4316 2277 4355 cx
2291 4299 2597 4372 praecipuis
2619 4300 2900 4355 membris
2922 4301 3051 4371 ejus
3072 4299 3464 4372 discere,quia
3485 4300 3790 4358 ardentius

2132 4388 2383 4461 exquirit
2414 4388 2560 4445 ﬁdos
2601 4387 2873 4444 Ecclesiae
2905 4388 3107 4461 quales
3129 4388 3233 4455 illi,
3276 4405 3424 4462 quos
3453 4394 3785 4457 veneratur,

2132 4477 2307 4534 fuerit
2320 4477 2791 4533 exi-nvisibilibus
2805 4477 3015 4533 animae
3032 4478 3554 4550 virtutibus,quam
3579 4477 3787 4551 quales

376 4565 751 4640 gratia.Tunc
765 4565 916 4638 quod
935 4563 1551 4620 consucvcrantfacere
1569 4563 1851 4620 intunicis
1866 4581 2023 4620 sanc-
2054 4571 2103 4637 Ι)
2132 4583 2200 4622 ex
2231 4565 2415 4639 signis
2437 4564 2785 4635 visibilihus,
2811 4581 2936 4637 quae
2954 4566 3210 4638 profecto
3227 4569 3368 4621 sunt
3392 4564 3484 4621 lac
3513 4564 3786 4639 parvulo-

376 4660 788 4727 torum,usque
808 4654 879 4710 ad
891 4654 1013 4709 haec
1030 4658 1231 4709 nostra
1250 4654 2023 4725 tempora,couservaruntin

375 4745 716 4819 corporibus
741 4759 966 4811 eorum,
991 4759 1126 4799 cum
1147 4743 1229 4799 eis
1254 4743 1500 4799 invicem
1522 4759 1583 4799 se
1603 4743 2024 4808 visitando,aut

374 4834 488 4894 sibi
510 4833 857 4908 complacito
890 4833 1016 4889 loco
1048 4832 1299 4887 dulciter
1336 4833 1711 4888 occurrendo.
1737 4832 1843 4887 Ubi
1872 4833 2023 4888 inter

375 4937 437 4983 se
492 4925 621 4998 pias
674 4923 1092 4979 commutando
1137 4921 1419 4987 sarcinas,
1476 4921 1815 4993 aliquandiu
1864 4921 2023 4977 velut

374 5014 641 5088 proprios
670 5012 943 5069 dominos
985 5013 1211 5082 gestare
1261 5012 1500 5077 amant;
1550 5026 1652 5065 nec
1703 5009 2023 5081 quemlibet

375 5118 577 5159 eorum
608 5119 641 5158 a
672 5117 735 5158 se
759 5103 1001 5156 credunt
1032 5099 1311 5164 alienum,
1345 5099 1577 5170 quando
1609 5099 1809 5154 concio
1839 5098 2021 5154 Vallis

378 5188 622 5246 Galilzea
655 5192 718 5246 B.
770 5189 1131 5262 Hidulphum
1179 5188 1543 5260 recognoscit
1591 5204 1786 5255 suum,
1823 5192 2021 5259 utpote

375 5277 581 5349 viginti
594 5282 720 5334 octo
742 5279 913 5335 annis
929 5276 1239 5335 etdimidio
1253 5276 1362 5332 sibi
1378 5275 1679 5349 praelatum
1707 5293 1719 5341 ;
1745 5292 1773 5329 e
1796 5276 2021 5331 diverso

378 5365 853 5438 plebeculaMedii
872 5366 1207 5423 monasterii
1236 5365 1525 5437 insignem
1552 5364 1763 5420 Christi
1795 5366 2020 5422 confes-

451 5543 562 5614 (76)
591 5541 977 5616 Theodericus
1034 5544 1267 5616 praefuit
1292 5543 1362 5598 ab
1421 5559 1582 5616 anno
1620 5543 1725 5616 720
1783 5543 1854 5599 ad
1894 5545 2018 5612 737,

379 5612 603 5686 etpost
650 5612 1069 5685 interregnum,
1124 5615 1484 5672 Childericus
1528 5612 1772 5670 ultimus
1832 5616 2021 5672 Mero-

2136 4673 2289 4721 rum,
2320 4672 2434 4709 non
2468 4653 2691 4710 solidus
2732 4654 2899 4709 cibus
2957 4655 3351 4710 robustorum.
3395 4655 3506 4710 Sed
3568 4654 3722 4711 sicut
3751 4672 3788 4711 a

2130 4743 2278 4800 lacte
2311 4744 2380 4799 ad
2416 4743 2667 4799 solidum
2728 4742 2924 4798 cibum
2976 4742 3327 4814 pervenitur,
3390 4743 3473 4800 sic
3506 4760 3538 4799 a
3596 4743 3786 4817 signis

2131 4832 2490 4905 imperfectio
2521 4832 2651 4887 fidei
2678 4836 2888 4887 nostra:
2915 4835 3197 4904 vegetata,
3225 4832 3297 4887 ad
3330 4831 3551 4889 solidas
3574 4831 3783 4888 animae

2129 4920 2374 4977 virtutes
2432 4920 2783 4992 quandoque
2841 4920 3217 4993 perducitur;
3251 4925 3316 4977 ut
3360 4922 3486 4993 jam
3548 4936 3785 4979 necesse

2132 5027 2244 5065 non
2278 5010 2491 5065 habeat
2533 5025 2800 5082 suggere,
2844 5010 2945 5065 sed
3003 5013 3234 5065 tantum
3287 5010 3606 5069 ruminare.
3638 5010 3785 5068 Hinc

2131 5100 2288 5155 istud
2321 5104 2429 5167 est,
2453 5097 2809 5167 charissimi,
2846 5098 3000 5170 quod
3035 5114 3168 5154 cum
3201 5099 3588 5171 pasceremini
3630 5115 3781 5172 quo-

2128 5188 2369 5242 tidianis
2400 5192 2455 5241 et
2484 5186 2713 5241 eximiis
2745 5186 3045 5242 miraculis
3078 5187 3409 5260 dignissimi
3433 5187 3784 5244 confessoris

2130 5277 2343 5332 Christi
2377 5277 2634 5343 Deodati,
2661 5276 2733 5330 ad
2771 5280 3002 5331 tantum
3026 5277 3205 5332 robur
3226 5277 3440 5333 mentis
3476 5275 3619 5333 estis
3650 5292 3781 5349 per-

2130 5366 2290 5421 ducti
2322 5370 2385 5420 ut
2417 5365 2505 5421 his
2538 5364 2910 5422 solummodo
2935 5366 3062 5437 jam
3094 5383 3209 5422 non
3249 5364 3459 5422 essetis
3498 5365 3780 5434 contenti,

2129 5544 2436 5672 Xi5qgorum
2469 5548 2813 5617 assumptus
2842 5547 2929 5601 est
2959 5561 3110 5601 anno
3138 5546 3264 5617 743,
3293 5545 3597 5604 abdicatus
3626 5560 3784 5601 anno

2141 5634 2157 5670 Ι
2243 5658 2255 5671 .

2141 5634 2255 5671 ID].
