4000 6168
316 362 436 423 635

1049 360 1241 423 SfEC.
1284 359 1368 423 XI
1410 359 1640 423 AUGT.
1685 358 2004 421 INCERTI
2051 359 2239 421 ANNI
2282 359 2382 421 ΕΤ
2425 345 2728 422 SCRIPT.
2772 363 2996 416 ’AAExll.

3606 353 3728 420 636
3795 382 3802 386 -

322 520 3726 552 W

1030 643 1779 751 GUDINUS
1880 643 3014 750 LUXOVIENSIS

1864 852 2153 862 ———————-

1003 970 1439 1063 GUDINI
1511 967 2154 1060 PLANCTUS
2215 966 3034 1060 RHYTHMICUS

1271 1147 1466 1228 Super
1493 1155 1676 1207 morte
1713 1145 2050 1207 Constantii
2073 1145 2351 1207 monachi
2372 1145 2774 1206 Luxavzbnsis.

1347 1373 1358 1384 ο
1448 1306 1711 1378 (ΜΑΒιιι.
1747 1305 1984 1361 Analect.
2017 1322 2148 1360 nov.
2182 1305 2318 1361 edit.
2354 1322 2410 1376 p.
2439 1305 2593 1376 217.)

385 1465 529 1519 Tam
560 1462 575 1517 i
620 1465 794 1518 notus
825 1463 912 1516 est
941 1460 1230 1526 Gudinus,
1265 1459 1435 1515 istius
1467 1457 1780 1530 rhythmici
1850 1457 2082 1513 lanctus
2113 1457 2377 1529 scriptor,
2456 1472 2590 1513 nam
2645 1456 2947 1530 ignoratus
2997 1453 3394 1521 Constantius,
3427 1453 3594 1525 cujus
3630 1450 3730 1508 hic

385 1540 563 1588 artem
579 1478 769 1588 ﬁnget.
804 1532 1056 1588 Uterque
1087 1531 1211 1586 sine
1243 1531 1418 1586 dubio
1451 1530 1776 1585 monachus
1807 1475 1915 1583 Fuit
1947 1528 2319 1584 Luxoviensis
2350 1475 2598 1584 Πελοπιίο
2625 1544 2780 1588 rege.
2813 1527 2922 1584 sub
2955 1525 3167 1582 Milone
3219 1526 3448 1588 abbate,
3482 1529 3539 1581 et
3579 1523 3730 1580 Con-

313 1540 563 1591 mortem

617 1537 769 1615 liget.
804 1531 1430 1615 Uterquesine‘dubio‘
1451 1528 1776 1615 monachus
1807 1528 1915 1615 fuit
1947 1528 2319 1615 Luxoviemsi‘s

2477 1533 2598 1584 erto
2625 1523 2780 1595 re'ge,
2813 1527 2922 1584 sub
2955 1525 3167 1582 Milone
3219 1526 3448 1594 abbate,
3482 1523 3539 1581 et
3579 1523 3730 1580 Con-

313 1607 566 1663 stantius
596 1597 833 1677 quidem
865 1597 1322 1660 Luxoviensibus
1351 1601 1566 1659 scholis
1598 1602 1922 1673 praefectus,
1957 1616 2131 1672 quem
2163 1599 2446 1656 celebrem
2481 1600 2661 1656 fuisse
2689 1597 2825 1654 hinc
2848 1597 3214 1670 intelligitur.

385 1926 530 1998 Ergo
562 1924 772 1998 plange
794 1923 958 1996 pium
981 1927 1185 1979 cantor
1214 1922 1568 1979 modulando
1591 1922 1964 1995 magistrum,
1996 1925 2051 1992 Α
2080 1922 2374 1996 Plangunt
2404 1924 2578 1980 urbes
2605 1926 2661 1978 et
2692 1919 2934 1978 castella
2964 1937 3066 1994 pro
3098 1919 3194 1993 pio
3225 1917 3560 1976 Constantio
3596 1934 3609 1973 :

314 2016 608 2072 Hactenus
636 2013 857 2070 tetendi
888 2013 1075 2086 lyram
1105 2012 1342 2069 musicae
1371 2029 1473 2084 per
1493 2012 1734 2068 semitas
1769 2031 1781 2068 :

303 2105 482 2181 \Nunc
504 2120 698 2160 meum
721 2103 1025 2158 extendam
1048 2118 1287 2158 cursum
1313 2101 1520 2157 charas
1546 2102 1618 2156 ad
1635 2100 1964 2172 exsequias,

313 2196 468 2260 Quas
498 2190 773 2264 deprimit
801 2190 1179 2246 lamentando
1211 2190 1402 2246 mmsti
1435 2189 1628 2246 cordis
1650 2189 1926 2245 Charitas.

385 2281 613 2337 Grande
645 2279 899 2352 pondus,
928 2296 1209 2353 magnum
1241 2278 1435 2334 luctus
1454 2279 1571 2335 vim
1621 2277 1972 2351 constringit

1539 2367 1896 2440 [pristinam,

313 2461 497 2525 Quam
531 2476 646 2516 non
677 2457 837 2514 valeo
869 2457 1320 2530 supplere,quod
1358 2457 1518 2530 prius
1550 2458 1915 2513 decreveram
1953 2476 1965 2514 :

313 2549 499 2605 Nudis
528 2551 723 2604 tamen
758 2547 948 2602 dicam
983 2547 1174 2602 verbis
1206 2546 1457 2618 pectoris
1490 2546 1845 2618 angustiam.

385 2638 628 2703 leum,
665 2635 870 2705 stellae,
905 2642 1078 2706 terra,
1109 2653 1289 2701 mare,
1324 2634 1591 2691 homines
1621 2651 1689 2691 ac
1744 2636 1966 2702 bestias,

316 2727 403 2782 Ad
433 2726 757 2781 lamentum
788 2725 966 2796 hujus
1000 2724 1216 2797 rhytmi
1249 2724 1515 2779 auditum
1549 2724 1858 2790 cxtendite,

315 2816 382 2870 Et
412 2812 756 2870 Constantio
789 2811 1062 2884 sophistae
1095 2812 1244 2868 {ideo
1274 2811 1545 2884 planctus
1576 2813 1822 2868 reddite.

386 2903 569 2975 Cujus
600 2917 816 2957 nomen
848 2917 1148 2973 nunquam
1184 2900 1312 2956 dico
1337 2901 1462 2956 sine
1485 2905 1678 2957 mente
1707 2901 1964 2974 lugubri,

314 2993 497 3065 Cujus
529 2989 674 3046 mihi
704 2990 929 3046 vultum
957 2991 1112 3062 fingo
1146 2990 1331 3046 forma
1357 3006 1472 3045 non
1505 2989 1802 3046 dissimili.

316 3082 498 3147 Quem
527 3079 865 3151 amplector,
901 3079 995 3134 cui
1018 3080 1239 3152 jungor
1269 3080 1439 3136 corde
1470 3096 1701 3152 semper
1730 3079 1909 3154 vigili.

385 3171 566 3242 Cujus
598 3169 790 3225 exitus
819 3169 1122 3225 deﬂendus
1154 3168 1336 3242 cingit
1367 3170 1524 3225 orbis
1558 3170 1814 3242 spatium
1854 3189 1866 3226 :

314 3258 690 3332 Sapientibus
723 3274 1036 3330 regnorum
1070 3257 1394 3314 immittens
1417 3258 1741 3330 justitiam,

317 3351 441 3418 Quo
471 3348 752 3422 primates
779 3351 836 3403 et
867 3346 1054 3403 coloni
1087 3349 1508 3420 perturbantur
1533 3347 1804 3404 nimium.

383 3438 700 3510 Nunquam
738 3435 880 3504 vidi,
913 3453 1016 3491 nec
1065 3436 1272 3492 videbo
1315 3441 1435 3492 tam
1489 3437 1653 3509 pium
1704 3436 1968 3509 philoso-

1665 3527 1893 3599 limum,

319 3614 427 3680 Qui
460 3613 627 3668 cibus
653 3612 1077 3684 discipulorum
1110 3613 1367 3670 existens
1401 3618 1533 3688 post
1563 3615 1903 3682 Dominum,

317 3701 762 3767 Blandimentis,
800 3717 911 3756 non
944 3706 1184 3768 terrore,
1209 3703 1580 3760 ministrabat
1610 3705 1893 3760 studium.

391 3791 518 3846 Hac
548 3791 688 3846 dum
719 3791 835 3846 duo
867 3789 1033 3845 valde
1065 3807 1254 3863 gemo,
1290 3790 1574 3864 laerymas
1601 3797 1659 3848 et
1699 3809 1965 3866 provoco,

320 3879 516 3939 Insisti
549 3878 758 3952 plenus
791 3879 1056 3935 mmroris
1087 3878 1369 3952 languore
1399 3880 1627 3948 deficio,

319 3973 462 4027 Tam
495 3968 771 4043 praeclaro
803 3969 1122 4025 destitutus
1151 3987 1216 4024 ac
1250 3969 1352 4025 tali
1383 3969 1644 4027 consilio.

390 4061 809 4132 Lacrymentur
838 4075 974 4130 ergo
1008 4075 1238 4114 mecum
1270 4059 1498 4116 codices
1529 4059 1747 4131 eximii,

259 4202 262 4204 γ
318 4151 473 4216 Quos
505 4148 819 4220 descripsit
851 4147 1096 4220 pulchra
1127 4165 1340 4205 manus
1381 4148 1579 4222 inclyti
1623 4150 1966 4218 Constantii,

318 4238 392 4293 Se
423 4236 765 4308 plangentes
788 4235 1167 4309 negligendos
1198 4237 1434 4293 doctore
1457 4237 1766 4293 consimili.

389 4324 432 4379 Ο
462 4324 600 4380 Jesu
635 4324 988 4396 Redemptor
1019 4325 1248 4391 mundi,
1282 4324 1421 4397 quid
1463 4326 1760 4381 commisit
1791 4343 1969 4382 saecu-

1726 4413 1896 4485 [lum,

323 4505 468 4555 Dum
501 4499 560 4554 in
595 4499 765 4554 terris
799 4498 984 4555 tulisti
1015 4517 1318 4557 summum
1348 4502 1477 4557 vitae
1510 4502 1886 4571 desiderium,

318 4589 511 4645 Neene
541 4604 704 4660 spem
736 4589 1010 4645 doctrinae
1043 4607 1222 4662 purae,
1257 4589 1637 4665 philosophias
1671 4591 1898 4648 ﬁlium?

390 4677 719 4734 Corruisset
744 4677 915 4751 plaga
948 4680 1151 4736 mundi
1179 4698 1391 4754 magno
1422 4682 1531 4738 sub
1563 4681 1824 4754 interitu,

319 4766 565 4826 Claritas
594 4772 650 4823 et
679 4765 817 4824 clari
851 4769 991 4825 solis
1021 4769 1325 4842 palluisset
1354 4770 1584 4838 habitu,

317 4859 646 4930 Antequam
679 4857 812 4929 pius
845 4859 1128 4931 magister
1157 4867 1360 4932 raptus
1392 4863 1548 4917 esset
1578 4860 1762 4916 obitu.

393 4946 832 5002 Permutassent
864 4963 975 5003 nox
1004 4952 1060 5003 et
1089 4947 1214 5006 dies
1245 4949 1556 5021 qualitates
1577 4952 1934 5024 temporum,

323 5035 698 5107 Repulissent
721 5037 890 5091 unda:
917 5036 1098 5093 maris
1122 5036 1246 5094 vela
1276 5036 1701 5111 navigantium,

321 5121 403 5178 Ne
431 5122 698 5180 Gudinus
731 5125 1081 5196 perdidisset
1111 5126 1416 5182 dominum
1443 5126 1868 5183 Constantium.

394 5209 578 5268 Credo
608 5213 818 5269 ccelum
852 5215 1111 5271 doluisse
1142 5219 1373 5271 tantum
1409 5216 1480 5270 ad
1514 5215 1778 5282 exitium,

325 5297 476 5353 Dum
509 5297 754 5355 lucentis
785 5301 940 5373 globi
972 5301 1122 5357 luna:
1147 5307 1384 5358 mutans
1407 5302 1631 5358 vultum
1655 5305 1972 5375 pristinum

327 5385 524 5440 Innuit
557 5389 773 5444 mundo
804 5394 1113 5447 venturum
1145 5396 1264 5447 tam
1297 5407 1468 5465 grave
1497 5391 1888 5466 naufragium.

398 5472 628 5547 Plangit
657 5475 860 5535 Oriens
890 5484 946 5536 et
975 5484 1204 5552 Auster,
1239 5481 1520 5539 Occidens
1548 5484 1605 5538 et
1634 5482 1864 5554 Aquilo.

403 5625 478 5698 (1)
511 5627 830 5698 Besancon.

2077 2013 2262 2068 Instat
2295 2012 2516 2085 passim
2549 2010 2856 2067 coenobitis
2886 2007 3094 2066 flebilis
3125 2007 3475 2082 compassio.

2148 2103 2354 2156 Moeret
2380 2100 2544 2173 plebs
2576 2099 2956 2156 Luxoviensis
2985 2096 3260 2170 lacrymis
3291 2094 3606 2164 continuis,

2077 2190 2307 2262 Plangit
2338 2190 2475 2245 Milo
2506 2189 2640 2263 pius
2665 2189 2846 2244 abbas
2878 2186 3212 2260 planctibus
3244 2185 3551 2260 piissimis,

2078 2279 2347 2352 Amplius
2379 2296 2494 2334 non
2524 2279 2834 2334 habiturus
2868 2280 3041 2332 tanta
3067 2276 3243 2346 jubar
3273 2274 3585 2347 lampadis.

2148 2370 2280 2425 Jam
2313 2384 2559 2424 mmrore
2589 2367 2830 2440 fatigata
2857 2366 3019 2439 luget
3054 2365 3194 2420 urbs
3224 2362 3597 2437 Chrysopolis
3629 2363 3736 2433 (1),

2077 2458 2273 2514 Firma
2304 2453 2583 2530 Stephani
2617 2455 2953 2528 triumphis,
2988 2455 3136 2511 vallo
3176 2453 3368 2509 cincta
3415 2451 3680 2508 ﬂuminis
3713 2470 3728 2508 :

2075 2547 2275 2619 Tangu
2287 2550 2348 2601 nt
2369 2545 2578 2601 coelum
2603 2546 3090 2618 Strasburgenses
3113 2541 3420 2615 questibus
3447 2540 3730 2597 diutinis:

2148 2634 2522 2707 Obstupescit
2547 2639 2603 2690 et
2636 2634 3011 2707 Lugdunum,
3063 2632 3195 2688 laus
3242 2647 3591 2706 magnarum
3625 2647 3735 2685 ur-

3423 2719 3610 2792 [bium
3643 2737 3655 2774 :

2077 2813 2313 2870 Cabilon
2344 2829 2409 2869 ac
2440 2811 2805 2869 Matiscensis
2836 2810 3204 2868 admirantur
3230 2809 3575 2884 plurimum,

2079 2904 2208 2958 Pias
2240 2919 2411 2959 aures
2442 2901 2792 2958 inclinantes
2822 2901 2892 2957 ad
2924 2906 3047 2957 tam
3076 2901 3293 2957 durum
3326 2898 3623 2955 nuntium.

2084 3010 2085 3013 ‘
2150 2992 2344 3049 Gloria
2374 3009 2578 3064 regum
2614 2991 2900 3048 Robertus
2930 2995 2988 3046 et
3017 3005 3230 3045 corona
3261 2986 3480 3044 sreculi.

2079 3081 2326 3155 Regium
2357 3080 2597 3154 deponit
2628 3081 2850 3136 vultum
2885 3080 3085 3134 funere
3116 3077 3465 3134 Constantii.

2078 3173 2262 3237 Quem
2296 3172 2643 3242 prudentem
2674 3169 3064 3241 cognoscebat
3087 3165 3371 3223 famulatu
3403 3163 3655 3221 Domini.

2152 3259 2414 3328 Francia,
2452 3275 2763 3331 regnorum
2795 3258 2997 3324 decus,
3029 3255 3165 3312 felix
3196 3261 3283 3311 est
3314 3258 3372 3310 et
3396 3253 3621 3317 ﬂorida,

2078 3349 2216 3406 Plus
2247 3348 2585 3406 Constantio
2617 3346 2934 3419 refulgens,
2969 3362 3146 3419 quam
3177 3343 3379 3401 valens
3409 3341 3690 3416 potentia,

2075 3439 2216 3510 Ejus
2248 3442 2403 3492 sorte
2434 3434 2746 3508 sepulcrali
2778 3433 3102 3507 permansit
3131 3431 3546 3506 pulcherrirna.

2146 3525 2464 3593 Amisistis,
2499 3525 2918 3598 Lingonenses,
2951 3522 3166 3580 sociale
3191 3522 3498 3596 gaudium,

2077 3617 2504 3689 Cognoscentes
2525 3615 2648 3685 jam
2683 3613 2875 3670 obisse
2903 3611 3246 3686 praeclarum
3289 3608 3731 3683 philosophum,

2079 3705 2495 3761 Monaehorum
2523 3702 2922 3776 margaritam,
2951 3701 3294 3757 clericorum
3319 3697 3591 3772 pretium.

2147 3795 2332 3849 .Edua
2364 3810 2477 3849 non
2511 3793 2701 3865 impar
2729 3791 2832 3848 ulli
2863 3791 3096 3864 pietatis
3131 3806 3393 3845 munere.

2077 3884 2225 3938 Veto
2257 3882 2407 3938 facili
2441 3880 2692 3938 dissolve
2722 3880 2945 3937 viscera
2976 3877 3321 3949 clementiae,

2079 3974 2148 4028 Et
2173 3971 2511 4027 Constantio
2543 3971 2861 4026 clementer
2881 3971 3005 4041 jam
3041 3969 3314 4025 defuncto
3347 3967 3607 4023 consule.

2150 4061 2433 4117 Henricus
2465 4059 2524 4115 in
2558 4060 2817 4115 Romano
2842 4058 3106 4115 residens
3137 4057 3373 4130 palatio,

2078 4152 2147 4206 Et
2173 4167 2386 4206 arcana
2416 4149 2749 4221 sapientum
2781 4149 3165 4221 comprobant
3193 4146 3445 4220 ingenio,

2082 4238 2243 4294 Dolet
2273 4254 2567 4309 nusquam
2600 4236 2848 4292 inveniri
2875 4236 3130 4292 similem
3163 4233 3518 4290 Constantio.

2153 4328 2322 4383 Stant
2347 4325 2404 4381 in
2427 4325 2588 4382 luctu
2608 4330 2666 4382 et
2684 4325 2742 4380 in
2760 4325 2995 4398 planetu
3026 4324 3316 4398 principes
3345 4320 3730 4394 Burgundias:

2082 4415 2285 4472 Mundi
2310 4414 2601 4489 plangunt
2620 4415 3037 4471 detrimentum
3070 4413 3348 4486 praesules
3368 4409 3692 4467 Germaniae
3719 4427 3732 4466 :

2077 4505 2428 4573 Allemanni,
2466 4504 2827 4577 Longobardi
2857 4504 3051 4560 locum
3072 4505 3214 4560 dant
3243 4501 3513 4573 tristitiae.

2151 4593 2366 4666 Ecquis
2397 4593 2596 4650 fanam
2629 4594 2773 4650 tanti
2804 4592 2932 4662 viri,
2963 4593 3095 4667 quis
3125 4608 3340 4650 nomen
3370 4593 3428 4647 et
3455 4587 3675 4655 audiet,

2001 4665 2044 4732 (ἶ
2084 4682 2191 4749 Qui
2226 4665 2342 4739 non
2374 4682 2457 4737 illi
2489 4681 2816 4749 benedicat,
2848 4685 2905 4738 et
2933 4665 3144 4740 affectu
3165 4681 3405 4738 visitet?

2081 4772 2310 4839 Nullus,
2336 4773 2533 4840 credo,
2560 4775 2768 4844 praeter
2798 4772 3116 4844 ipsum,cui
3146 4770 3412 4827 Christus
3442 4767 3734 4840 displicet.

2153 4861 2295 4926 Quis
2326 4865 2414 4917 est
2443 4861 2618 4916 homo
2645 4865 2703 4916 et
2734 4877 2849 4916 non
2880 4861 3056 4916 homo
3086 4858 3324 4916 disserit
3369 4855 3738 4929 joeundius?

2082 4949 2305 5007 Clarior
2333 4949 2464 5021 quis
2495 4950 2606 5004 erit
2637 4949 2834 5005 rhetor
2861 4950 3012 5006 caris
3043 4950 3151 5005 sub
3184 4945 3604 5004 sermonibus?

2084 5038 2410 5094 Matheseos
2441 5037 2499 5093 in
2533 5038 2799 5095 doctrina
2829 5038 2963 5112 quis
2992 5037 3205 5095 valebit
3233 5035 3486 5094 melius?

2155 5128 2197 5183 Ο
2226 5126 2527 5183 Constanti
2558 5127 2659 5195 mi,
2693 5127 2928 5194 diserte,
2964 5144 3198 5185 summa
3224 5143 3359 5200 pars
3389 5129 3447 5182 et
3471 5123 3676 5192 animi,

2084 5217 2438 5273 lnexhausta
2475 5233 2614 5272 cura
2646 5216 2761 5272 mei
2791 5218 3043 5290 pectoris
3074 5234 3140 5274 ac
3172 5214 3377 5283 studii,

2084 5309 2272 5372 Quare
2293 5300 2456 5376 jaces
2489 5305 2682 5377 praeda
2713 5305 2918 5363 mortis
2949 5305 3060 5362 sub
3093 5302 3652 5362 clausura'tumuli?

2155 5396 2396 5468 Semper
2422 5394 2564 5451 mihi
2597 5395 3185 5468 promittebas,qucm
3216 5394 3427 5468 lugens
3447 5392 3739 5462 desidere,

2082 5484 2251 5542 Modo
2284 5483 2462 5541 miser
2492 5488 2548 5541 et
2579 5482 2797 5557 infelix,
2831 5489 2887 5542 te
2915 5484 3002 5542 vel
3037 5485 3181 5558 ipsis
3211 5499 3401 5541 careo.
