  <div class='ocr_page' id='page_1' title='image "/cluster/home/n/w/nwhite01/storage/ocr_20150623/151/hvd.32044054760095/324.png"; bbox 0 0 4000 6168; ppageno 0'>
   <div class='ocr_carea' id='block_1_1' title="bbox 224 392 346 456">
    <p class='ocr_par' dir='ltr' id='par_1_1' title="bbox 224 392 346 456">
     <span class='ocr_line' id='line_1_1' title="bbox 224 392 346 456; baseline -0.016 0"><span class='ocrx_word' id='word_1_1' title='bbox 224 392 346 456; x_wconf 81' lang='lat'><strong>637</strong></span> 
     </span>
    </p>
   </div>
   <div class='ocr_carea' id='block_1_2' title="bbox 224 525 1799 586">
    <p class='ocr_par' dir='ltr' id='par_1_2' title="bbox 224 525 1799 586">
     <span class='ocr_line' id='line_1_2' title="bbox 224 525 1799 586; baseline -0.003 0"><span class='ocrx_word' id='word_1_2' title='bbox 224 527 379 586; x_wconf 94' lang='lat' dir='ltr'>Proh</span> <span class='ocrx_word' id='word_1_3' title='bbox 410 526 613 585; x_wconf 85' lang='lat' dir='ltr'>dolor!</span> <span class='ocrx_word' id='word_1_4' title='bbox 648 544 754 585; x_wconf 92' lang='lat' dir='ltr'>cur</span> <span class='ocrx_word' id='word_1_5' title='bbox 781 545 876 585; x_wconf 92' lang='lat' dir='ltr'>me</span> <span class='ocrx_word' id='word_1_6' title='bbox 904 527 1127 586; x_wconf 81' lang='lat' dir='ltr'>vivente</span> <span class='ocrx_word' id='word_1_7' title='bbox 1150 531 1212 585; x_wconf 88' lang='lat' dir='ltr'>tu</span> <span class='ocrx_word' id='word_1_8' title='bbox 1236 545 1351 584; x_wconf 91' lang='lat' dir='ltr'>non</span> <span class='ocrx_word' id='word_1_9' title='bbox 1381 526 1527 584; x_wconf 85' lang='lat' dir='ltr'>vivis</span> <span class='ocrx_word' id='word_1_10' title='bbox 1548 525 1760 583; x_wconf 64' lang='lat' dir='ltr'>saeculo</span> <span class='ocrx_word' id='word_1_11' title='bbox 1786 526 1799 581; x_wconf 90' lang='lat' dir='ltr'>l</span> 
     </span>
    </p>
   </div>
   <div class='ocr_carea' id='block_1_3' title="bbox 298 615 1873 691">
    <p class='ocr_par' dir='ltr' id='par_1_3' title="bbox 298 615 1873 691">
     <span class='ocr_line' id='line_1_3' title="bbox 298 615 1873 691; baseline 0.001 -19"><span class='ocrx_word' id='word_1_12' title='bbox 298 621 383 674; x_wconf 90' lang='lat' dir='ltr'>Tu</span> <span class='ocrx_word' id='word_1_13' title='bbox 410 617 697 685; x_wconf 78' lang='lat' dir='ltr'>magister</span> <span class='ocrx_word' id='word_1_14' title='bbox 724 618 1163 691; x_wconf 88' lang='lat' dir='ltr'>magistrorum,</span> <span class='ocrx_word' id='word_1_15' title='bbox 1198 617 1440 684; x_wconf 79' lang='lat' dir='ltr'>doctior,</span> <span class='ocrx_word' id='word_1_16' title='bbox 1472 615 1873 684; x_wconf 88' lang='lat' dir='ltr'>doctissimus,</span> 
     </span>
    </p>
   </div>
   <div class='ocr_carea' id='block_1_4' title="bbox 224 704 1580 779">
    <p class='ocr_par' dir='ltr' id='par_1_4' title="bbox 224 704 1580 779">
     <span class='ocr_line' id='line_1_4' title="bbox 224 704 1580 779; baseline -0.001 -16"><span class='ocrx_word' id='word_1_17' title='bbox 224 707 309 764; x_wconf 90' lang='lat' dir='ltr'><strong>De</strong></span> <span class='ocrx_word' id='word_1_18' title='bbox 340 706 553 764; x_wconf 75' lang='lat' dir='ltr'>vii-tute</span> <span class='ocrx_word' id='word_1_19' title='bbox 581 706 641 762; x_wconf 91' lang='lat' dir='ltr'>in</span> <span class='ocrx_word' id='word_1_20' title='bbox 671 706 947 763; x_wconf 79' lang='lat' dir='ltr'><strong>virtutem</strong></span> <span class='ocrx_word' id='word_1_21' title='bbox 977 706 1184 764; x_wconf 85' lang='lat' dir='ltr'>melior</span> <span class='ocrx_word' id='word_1_22' title='bbox 1213 710 1270 763; x_wconf 86' lang='lat' dir='ltr'>to</span> <span class='ocrx_word' id='word_1_23' title='bbox 1299 704 1580 779; x_wconf 85' lang='lat' dir='ltr'>Optimus,</span> 
     </span>
    </p>
   </div>
   <div class='ocr_carea' id='block_1_5' title="bbox 221 794 1714 854">
    <p class='ocr_par' dir='ltr' id='par_1_5' title="bbox 221 794 1714 854">
     <span class='ocr_line' id='line_1_5' title="bbox 221 794 1714 854; baseline -0.003 0"><span class='ocrx_word' id='word_1_24' title='bbox 221 798 367 854; x_wconf 83' lang='lat' dir='ltr'>Jure</span> <span class='ocrx_word' id='word_1_25' title='bbox 397 812 461 853; x_wconf 89' lang='lat' dir='ltr'><strong>es</strong></span> <span class='ocrx_word' id='word_1_26' title='bbox 491 812 561 852; x_wconf 81' lang='lat' dir='ltr'><strong>ex</strong></span> <span class='ocrx_word' id='word_1_27' title='bbox 585 796 927 853; x_wconf 84' lang='lat' dir='ltr'>meritorum</span> <span class='ocrx_word' id='word_1_28' title='bbox 951 796 1143 852; x_wconf 88' lang='lat' dir='ltr'>factus</span> <span class='ocrx_word' id='word_1_29' title='bbox 1167 794 1714 852; x_wconf 84' lang='lat' dir='ltr'>Constantissimus.</span> 
     </span>
    </p>
   </div>
   <div class='ocr_carea' id='block_1_6' title="bbox 299 883 1873 957">
    <p class='ocr_par' dir='ltr' id='par_1_6' title="bbox 299 883 1873 957">
     <span class='ocr_line' id='line_1_6' title="bbox 299 883 1873 957; baseline -0.002 -16"><span class='ocrx_word' id='word_1_30' title='bbox 299 885 518 941; x_wconf 89' lang='lat' dir='ltr'>Omnes</span> <span class='ocrx_word' id='word_1_31' title='bbox 547 884 721 941; x_wconf 90' lang='lat' dir='ltr'>laudo</span> <span class='ocrx_word' id='word_1_32' title='bbox 752 884 1066 957; x_wconf 81' lang='lat' dir='ltr'>sapientes,</span> <span class='ocrx_word' id='word_1_33' title='bbox 1099 889 1156 940; x_wconf 90' lang='lat' dir='ltr'>te</span> <span class='ocrx_word' id='word_1_34' title='bbox 1187 884 1284 941; x_wconf 92' lang='lat' dir='ltr'><strong>sed</strong></span> <span class='ocrx_word' id='word_1_35' title='bbox 1314 883 1545 940; x_wconf 88' lang='lat' dir='ltr'>cunctis</span> <span class='ocrx_word' id='word_1_36' title='bbox 1595 883 1834 955; x_wconf 64' lang='lat' dir='ltr'>praefero</span> <span class='ocrx_word' id='word_1_37' title='bbox 1860 900 1873 938; x_wconf 88' lang='lat'><strong>:</strong></span> 
     </span>
    </p>
   </div>
   <div class='ocr_carea' id='block_1_7' title="bbox 225 972 1691 1031">
    <p class='ocr_par' dir='ltr' id='par_1_7' title="bbox 225 972 1691 1031">
     <span class='ocr_line' id='line_1_7' title="bbox 225 972 1691 1031; baseline -0.002 -1"><span class='ocrx_word' id='word_1_38' title='bbox 225 974 340 1031; x_wconf 87' lang='lat' dir='ltr'>Tui</span> <span class='ocrx_word' id='word_1_39' title='bbox 370 973 629 1030; x_wconf 87' lang='lat' dir='ltr'>animam</span> <span class='ocrx_word' id='word_1_40' title='bbox 661 974 1006 1030; x_wconf 91' lang='lat' dir='ltr'>commendo</span> <span class='ocrx_word' id='word_1_41' title='bbox 1038 973 1288 1030; x_wconf 79' lang='lat' dir='ltr'>Flamini</span> <span class='ocrx_word' id='word_1_42' title='bbox 1314 972 1691 1030; x_wconf 88' lang='lat' dir='ltr'>sanctissimo</span> 
     </span>
    </p>
   </div>
   <div class='ocr_carea' id='block_1_8' title="bbox 224 1060 1684 1136">
    <p class='ocr_par' dir='ltr' id='par_1_8' title="bbox 224 1060 1684 1136">
     <span class='ocr_line' id='line_1_8' title="bbox 224 1060 1684 1136; baseline -0.003 -16"><span class='ocrx_word' id='word_1_43' title='bbox 224 1065 352 1129; x_wconf 86' lang='lat' dir='ltr'>Quo</span> <span class='ocrx_word' id='word_1_44' title='bbox 381 1064 621 1120; x_wconf 90' lang='lat' dir='ltr'>ductore</span> <span class='ocrx_word' id='word_1_45' title='bbox 649 1060 969 1136; x_wconf 85' lang='lat' dir='ltr'>perfruaris</span> <span class='ocrx_word' id='word_1_46' title='bbox 1000 1065 1337 1118; x_wconf 86' lang='lat' dir='ltr'>sanctorum</span> <span class='ocrx_word' id='word_1_47' title='bbox 1370 1062 1684 1117; x_wconf 90' lang='lat' dir='ltr'>consortio.</span> 
     </span>
    </p>
   </div>
   <div class='ocr_carea' id='block_1_9' title="bbox 300 1149 1628 1219">
    <p class='ocr_par' dir='ltr' id='par_1_9' title="bbox 300 1149 1628 1219">
     <span class='ocr_line' id='line_1_9' title="bbox 300 1149 1628 1219; baseline -0.002 -10"><span class='ocrx_word' id='word_1_48' title='bbox 300 1151 393 1210; x_wconf 92' lang='lat' dir='ltr'>Sis</span> <span class='ocrx_word' id='word_1_49' title='bbox 423 1152 649 1219; x_wconf 88' lang='lat' dir='ltr'>beatus,</span> <span class='ocrx_word' id='word_1_50' title='bbox 678 1152 762 1208; x_wconf 91' lang='lat' dir='ltr'>sis</span> <span class='ocrx_word' id='word_1_51' title='bbox 788 1155 845 1207; x_wconf 89' lang='lat' dir='ltr'>et</span> <span class='ocrx_word' id='word_1_52' title='bbox 872 1150 1009 1208; x_wconf 81' lang='lat' dir='ltr'>felix</span> <span class='ocrx_word' id='word_1_53' title='bbox 1032 1150 1250 1207; x_wconf 89' lang='lat' dir='ltr'>centies</span> <span class='ocrx_word' id='word_1_54' title='bbox 1280 1166 1346 1206; x_wconf 92' lang='lat' dir='ltr'>ac</span> <span class='ocrx_word' id='word_1_55' title='bbox 1379 1149 1591 1206; x_wconf 85' lang='lat' dir='ltr'>millies</span> <span class='ocrx_word' id='word_1_56' title='bbox 1615 1169 1628 1217; x_wconf 89' lang='lat'><strong>;</strong></span> 
     </span>
    </p>
   </div>
   <div class='ocr_carea' id='block_1_10' title="bbox 1188 388 2621 457">
    <p class='ocr_par' dir='ltr' id='par_1_10' title="bbox 1188 388 2621 457">
     <span class='ocr_line' id='line_1_10' title="bbox 1188 388 2621 457; baseline -0.001 -2"><span class='ocrx_word' id='word_1_57' title='bbox 1188 388 1195 395; x_wconf 73' lang='grc'><em>’</em></span> <span class='ocrx_word' id='word_1_58' title='bbox 1247 390 1588 457; x_wconf 81' lang='lat' dir='ltr'>WIDONIS</span> <span class='ocrx_word' id='word_1_59' title='bbox 1631 388 1885 455; x_wconf 80' lang='lat' dir='ltr'>EPIST.</span> <span class='ocrx_word' id='word_1_60' title='bbox 1931 388 2034 455; x_wconf 84' lang='lat' dir='ltr'>AD</span> <span class='ocrx_word' id='word_1_61' title='bbox 2078 390 2621 457; x_wconf 77' lang='lat' dir='ltr'>HERIBERTUM.</span> 
     </span>
    </p>
   </div>
   <div class='ocr_carea' id='block_1_11' title="bbox 1902 524 3238 601">
    <p class='ocr_par' dir='ltr' id='par_1_11' title="bbox 1902 524 3238 601">
     <span class='ocr_line' id='line_1_11' title="bbox 1902 524 3238 601; baseline 0 -19"><span class='ocrx_word' id='word_1_62' title='bbox 1902 530 1956 598; x_wconf 84' lang='grc' dir='ltr'><strong>Α</strong></span> <span class='ocrx_word' id='word_1_63' title='bbox 1985 524 2134 582; x_wconf 91' lang='lat' dir='ltr'>Aula</span> <span class='ocrx_word' id='word_1_64' title='bbox 2162 525 2390 600; x_wconf 83' lang='lat' dir='ltr'>pulchri</span> <span class='ocrx_word' id='word_1_65' title='bbox 2414 526 2668 600; x_wconf 85' lang='lat' dir='ltr'>paradisi</span> <span class='ocrx_word' id='word_1_66' title='bbox 2700 527 2802 597; x_wconf 84' lang='lat' dir='ltr'>ﬂat</span> <span class='ocrx_word' id='word_1_67' title='bbox 2832 525 2939 583; x_wconf 89' lang='lat' dir='ltr'>tibi</span> <span class='ocrx_word' id='word_1_68' title='bbox 2969 525 3200 601; x_wconf 84' lang='lat' dir='ltr'><strong>requies</strong></span> <span class='ocrx_word' id='word_1_69' title='bbox 3224 544 3238 582; x_wconf 90' lang='lat'><strong>:</strong></span> 
     </span>
    </p>
   </div>
   <div class='ocr_carea' id='block_1_12' title="bbox 3513 395 3635 459">
    <p class='ocr_par' dir='ltr' id='par_1_12' title="bbox 3513 395 3635 459">
     <span class='ocr_line' id='line_1_12' title="bbox 3513 395 3635 459; baseline -0.016 0"><span class='ocrx_word' id='word_1_70' title='bbox 3513 395 3635 459; x_wconf 81' lang='lat'><strong>638</strong></span> 
     </span>
    </p>
   </div>
   <div class='ocr_carea' id='block_1_13' title="bbox 1989 614 3471 690">
    <p class='ocr_par' dir='ltr' id='par_1_13' title="bbox 1989 614 3471 690">
     <span class='ocr_line' id='line_1_13' title="bbox 1989 614 3471 690; baseline 0.001 -18"><span class='ocrx_word' id='word_1_71' title='bbox 1989 617 2196 672; x_wconf 84' lang='lat' dir='ltr'>Dextra</span> <span class='ocrx_word' id='word_1_72' title='bbox 2221 614 2437 673; x_wconf 87' lang='lat' dir='ltr'>Christi</span> <span class='ocrx_word' id='word_1_73' title='bbox 2469 616 2552 673; x_wconf 92' lang='lat' dir='ltr'><strong>sis</strong></span> <span class='ocrx_word' id='word_1_74' title='bbox 2582 619 2878 690; x_wconf 89' lang='lat' dir='ltr'>protectus</span> <span class='ocrx_word' id='word_1_75' title='bbox 2911 614 3124 673; x_wconf 86' lang='lat' dir='ltr'>millies</span> <span class='ocrx_word' id='word_1_76' title='bbox 3149 634 3216 673; x_wconf 91' lang='lat' dir='ltr'>ac</span> <span class='ocrx_word' id='word_1_77' title='bbox 3236 616 3471 675; x_wconf 87' lang='lat' dir='ltr'>millies.</span> 
     </span>
    </p>
   </div>
   <div class='ocr_carea' id='block_1_14' title="bbox 2060 703 3635 779">
    <p class='ocr_par' dir='ltr' id='par_1_14' title="bbox 2060 703 3635 779">
     <span class='ocr_line' id='line_1_14' title="bbox 2060 703 3635 779; baseline 0.004 -19"><span class='ocrx_word' id='word_1_78' title='bbox 2060 705 2202 760; x_wconf 87' lang='lat' dir='ltr'>Ecce</span> <span class='ocrx_word' id='word_1_79' title='bbox 2235 703 2360 777; x_wconf 86' lang='lat' dir='ltr'>lyra</span> <span class='ocrx_word' id='word_1_80' title='bbox 2390 704 2694 778; x_wconf 73' lang='lat' dir='ltr'>planctum</span> <span class='ocrx_word' id='word_1_81' title='bbox 2720 706 2855 762; x_wconf 87' lang='lat' dir='ltr'>dedi</span> <span class='ocrx_word' id='word_1_82' title='bbox 2887 710 3231 763; x_wconf 90' lang='lat' dir='ltr'>cunctorum</span> <span class='ocrx_word' id='word_1_83' title='bbox 3263 707 3635 779; x_wconf 90' lang='lat' dir='ltr'>charissimo,</span> 
     </span>
    </p>
   </div>
   <div class='ocr_carea' id='block_1_15' title="bbox 1984 792 3563 867">
    <p class='ocr_par' dir='ltr' id='par_1_15' title="bbox 1984 792 3563 867">
     <span class='ocr_line' id='line_1_15' title="bbox 1984 792 3563 867; baseline 0.003 -18"><span class='ocrx_word' id='word_1_84' title='bbox 1984 792 2301 849; x_wconf 86' lang='lat' dir='ltr'>Audientes</span> <span class='ocrx_word' id='word_1_85' title='bbox 2331 810 2487 849; x_wconf 88' lang='lat' dir='ltr'>nunc</span> <span class='ocrx_word' id='word_1_86' title='bbox 2517 794 2766 867; x_wconf 88' lang='lat' dir='ltr'>imploro</span> <span class='ocrx_word' id='word_1_87' title='bbox 2798 794 2939 851; x_wconf 91' lang='lat' dir='ltr'>dent</span> <span class='ocrx_word' id='word_1_88' title='bbox 2967 797 3033 850; x_wconf 92' lang='lat' dir='ltr'>ut</span> <span class='ocrx_word' id='word_1_89' title='bbox 3061 811 3261 867; x_wconf 88' lang='lat' dir='ltr'><strong>preces</strong></span> <span class='ocrx_word' id='word_1_90' title='bbox 3292 796 3563 865; x_wconf 90' lang='lat' dir='ltr'>Domino,</span> 
     </span>
    </p>
   </div>
   <div class='ocr_carea' id='block_1_16' title="bbox 1985 881 3375 955">
    <p class='ocr_par' dir='ltr' id='par_1_16' title="bbox 1985 881 3375 955">
     <span class='ocr_line' id='line_1_16' title="bbox 1985 881 3375 955; baseline 0.003 -19"><span class='ocrx_word' id='word_1_91' title='bbox 1985 881 2232 937; x_wconf 89' lang='lat' dir='ltr'>Veniam</span> <span class='ocrx_word' id='word_1_92' title='bbox 2260 882 2360 955; x_wconf 89' lang='lat' dir='ltr'>qui</span> <span class='ocrx_word' id='word_1_93' title='bbox 2392 881 2741 939; x_wconf 84' lang='lat' dir='ltr'>delictorum</span> <span class='ocrx_word' id='word_1_94' title='bbox 2773 884 2994 939; x_wconf 88' lang='lat' dir='ltr'>tribuat</span> <span class='ocrx_word' id='word_1_95' title='bbox 3018 883 3375 941; x_wconf 89' lang='lat' dir='ltr'>Constantio.</span> 
     </span>
    </p>
   </div>
   <div class='ocr_carea' id='block_1_17' title="bbox 1988 970 3639 1040">
    <p class='ocr_par' dir='ltr' id='par_1_17' title="bbox 1988 970 3639 1040">
     <span class='ocr_line' id='line_1_17' title="bbox 1988 970 3639 1040; baseline 0.005 -15"><span class='ocrx_word' id='word_1_96' title='bbox 1988 970 2304 1027; x_wconf 70' lang='lat' dir='ltr'>Praestante</span> <span class='ocrx_word' id='word_1_97' title='bbox 2335 971 2581 1027; x_wconf 89' lang='lat' dir='ltr'>Domino</span> <span class='ocrx_word' id='word_1_98' title='bbox 2625 972 2765 1028; x_wconf 90' lang='lat' dir='ltr'>Jesu</span> <span class='ocrx_word' id='word_1_99' title='bbox 2818 972 3068 1040; x_wconf 85' lang='lat' dir='ltr'>Christo,</span> <span class='ocrx_word' id='word_1_100' title='bbox 3130 972 3223 1028; x_wconf 92' lang='lat' dir='ltr'>cui</span> <span class='ocrx_word' id='word_1_101' title='bbox 3252 977 3341 1029; x_wconf 91' lang='lat' dir='ltr'>est</span> <span class='ocrx_word' id='word_1_102' title='bbox 3368 974 3554 1033; x_wconf 89' lang='lat' dir='ltr'><strong>honor</strong></span> <span class='ocrx_word' id='word_1_103' title='bbox 3581 980 3639 1033; x_wconf 91' lang='lat' dir='ltr'>et</span> 
     </span>
    </p>
   </div>
   <div class='ocr_carea' id='block_1_18' title="bbox 2275 1058 3455 1132">
    <p class='ocr_par' dir='ltr' id='par_1_18' title="bbox 2275 1058 3455 1132">
     <span class='ocr_line' id='line_1_18' title="bbox 2275 1058 3455 1132; baseline 0.005 -19"><span class='ocrx_word' id='word_1_104' title='bbox 2275 1058 2485 1132; x_wconf 81' lang='lat' dir='ltr'>[gloria</span> <span class='ocrx_word' id='word_1_105' title='bbox 2515 1059 2574 1116; x_wconf 92' lang='lat' dir='ltr'>in</span> <span class='ocrx_word' id='word_1_106' title='bbox 2608 1060 2822 1118; x_wconf 73' lang='lat' dir='ltr'>szecula</span> <span class='ocrx_word' id='word_1_107' title='bbox 2852 1060 3222 1120; x_wconf 77' lang='lat' dir='ltr'>saeculorum.</span> <span class='ocrx_word' id='word_1_108' title='bbox 3249 1064 3455 1120; x_wconf 90' lang='lat' dir='ltr'>Amen.</span> 
     </span>
    </p>
   </div>
   <div class='ocr_carea' id='block_1_19' title="bbox 1713 1398 2154 1443">
    <p class='ocr_par' dir='ltr' id='par_1_19' title="bbox 1713 1398 2154 1443">
     <span class='ocr_line' id='line_1_19' title="bbox 1713 1398 2154 1443; baseline 0 0"><span class='ocrx_word' id='word_1_109' title='bbox 1713 1398 1887 1443; x_wconf 77' lang='lat' dir='ltr'><strong>CIRCA</strong></span> <span class='ocrx_word' id='word_1_110' title='bbox 1931 1398 2037 1443; x_wconf 76' lang='lat' dir='ltr'>AN.</span> <span class='ocrx_word' id='word_1_111' title='bbox 2084 1399 2154 1443; x_wconf 71' lang='grc' dir='ltr'>Π.</span> 
     </span>
    </p>
   </div>
   <div class='ocr_carea' id='block_1_20' title="bbox 1180 1505 2677 1611">
    <p class='ocr_par' dir='ltr' id='par_1_20' title="bbox 1180 1505 2677 1611">
     <span class='ocr_line' id='line_1_20' title="bbox 1180 1505 2677 1611; baseline 0.003 -5"><span class='ocrx_word' id='word_1_112' title='bbox 1180 1505 1646 1608; x_wconf 69' lang='grc' dir='ltr'><strong>πιυο</strong></span> <span class='ocrx_word' id='word_1_113' title='bbox 1734 1505 2677 1611; x_wconf 74' lang='lat' dir='ltr'>MONAGEUS</span> 
     </span>
    </p>
   </div>
   <div class='ocr_carea' id='block_1_21' title="bbox 756 1781 3116 1882">
    <p class='ocr_par' dir='ltr' id='par_1_21' title="bbox 756 1781 3116 1882">
     <span class='ocr_line' id='line_1_21' title="bbox 756 1781 3116 1882; baseline 0.002 -5"><span class='ocrx_word' id='word_1_114' title='bbox 756 1783 1304 1879; x_wconf 88' lang='lat' dir='ltr'>WIDONIS</span> <span class='ocrx_word' id='word_1_115' title='bbox 1373 1781 1989 1878; x_wconf 88' lang='lat' dir='ltr'>EPISTOLA</span> <span class='ocrx_word' id='word_1_116' title='bbox 2055 1785 2220 1877; x_wconf 87' lang='lat' dir='ltr'><strong>AD</strong></span> <span class='ocrx_word' id='word_1_117' title='bbox 2291 1784 3116 1882; x_wconf 83' lang='lat' dir='ltr'>HEBIBERTUM</span> 
     </span>
    </p>
   </div>
   <div class='ocr_carea' id='block_1_22' title="bbox 1648 1933 2259 1991">
    <p class='ocr_par' dir='ltr' id='par_1_22' title="bbox 1648 1933 2259 1991">
     <span class='ocr_line' id='line_1_22' title="bbox 1648 1933 2259 1991; baseline 0 0"><span class='ocrx_word' id='word_1_118' title='bbox 1648 1933 1875 1991; x_wconf 86' lang='lat' dir='ltr'><strong>COLON</strong></span> <span class='ocrx_word' id='word_1_119' title='bbox 1885 1976 1898 1989; x_wconf 94' lang='lat'>.</span> <span class='ocrx_word' id='word_1_120' title='bbox 1931 1935 2259 1991; x_wconf 80' lang='lat' dir='ltr'>ARCHIEP.</span> 
     </span>
    </p>
   </div>
   <div class='ocr_carea' id='block_1_23' title="bbox 1123 2051 2752 2127">
    <p class='ocr_par' dir='ltr' id='par_1_23' title="bbox 1123 2051 2752 2127">
     <span class='ocr_line' id='line_1_23' title="bbox 1123 2051 2752 2127; baseline 0.001 -19"><span class='ocrx_word' id='word_1_121' title='bbox 1123 2054 1379 2124; x_wconf 79' lang='lat' dir='ltr'>(BALUZ.,</span> <span class='ocrx_word' id='word_1_122' title='bbox 1412 2052 1757 2107; x_wconf 84' lang='lat' dir='ltr'>Miscellanea</span> <span class='ocrx_word' id='word_1_123' title='bbox 1788 2051 1927 2107; x_wconf 85' lang='lat' dir='ltr'><strong>edit.</strong></span> <span class='ocrx_word' id='word_1_124' title='bbox 1964 2052 2127 2118; x_wconf 92' lang='lat' dir='ltr'>Luc.,</span> <span class='ocrx_word' id='word_1_125' title='bbox 2154 2055 2297 2108; x_wconf 90' lang='lat' dir='ltr'>tom.</span> <span class='ocrx_word' id='word_1_126' title='bbox 2333 2052 2401 2123; x_wconf 89' lang='lat' dir='ltr'>II,</span> <span class='ocrx_word' id='word_1_127' title='bbox 2440 2070 2570 2125; x_wconf 87' lang='lat' dir='ltr'>pag.</span> <span class='ocrx_word' id='word_1_128' title='bbox 2605 2053 2752 2127; x_wconf 81' lang='grc'>114.)</span> 
     </span>
    </p>
   </div>
   <div class='ocr_carea' id='block_1_24' title="bbox 297 2175 3643 2301">
    <p class='ocr_par' dir='ltr' id='par_1_24' title="bbox 297 2175 3643 2301">
     <span class='ocr_line' id='line_1_24' title="bbox 297 2175 3643 2301; baseline 0 -61"><span class='ocrx_word' id='word_1_129' title='bbox 297 2182 437 2240; x_wconf 88' lang='lat' dir='ltr'>Tria</span> <span class='ocrx_word' id='word_1_130' title='bbox 465 2180 710 2252; x_wconf 87' lang='lat' dir='ltr'>antiqua</span> <span class='ocrx_word' id='word_1_131' title='bbox 734 2177 989 2251; x_wconf 69' lang='lat' dir='ltr'>OpiStOltB</span> <span class='ocrx_word' id='word_1_132' title='bbox 1020 2178 1341 2250; x_wconf 87' lang='lat' dir='ltr'><strong>sequentis,</strong></span> <span class='ocrx_word' id='word_1_133' title='bbox 1376 2194 1503 2258; x_wconf 70' lang='lat' dir='ltr'>quas</span> <span class='ocrx_word' id='word_1_134' title='bbox 1538 2176 1608 2231; x_wconf 88' lang='lat' dir='ltr'>ab</span> <span class='ocrx_word' id='word_1_135' title='bbox 1641 2175 1811 2257; x_wconf 82' lang='lat' dir='ltr'>lvone</span> <span class='ocrx_word' id='word_1_136' title='bbox 1856 2192 2089 2257; x_wconf 79' lang='lat' dir='ltr'>quoque</span> <span class='ocrx_word' id='word_1_137' title='bbox 2120 2176 2179 2230; x_wconf 90' lang='lat' dir='ltr'>in</span> <span class='ocrx_word' id='word_1_138' title='bbox 2239 2181 2404 2301; x_wconf 67' lang='lat' dir='ltr'>parte</span> <span class='ocrx_word' id='word_1_139' title='bbox 2435 2179 2691 2235; x_wconf 90' lang='lat' dir='ltr'>secunda</span> <span class='ocrx_word' id='word_1_140' title='bbox 2746 2179 2992 2249; x_wconf 88' lang='lat' dir='ltr'>Decreti,</span> <span class='ocrx_word' id='word_1_141' title='bbox 3027 2197 3154 2253; x_wconf 89' lang='lat' dir='ltr'>cap.</span> <span class='ocrx_word' id='word_1_142' title='bbox 3187 2183 3278 2247; x_wconf 73' lang='lat' dir='ltr'>8i,</span> <span class='ocrx_word' id='word_1_143' title='bbox 3346 2183 3503 2240; x_wconf 90' lang='lat' dir='ltr'>edita</span> <span class='ocrx_word' id='word_1_144' title='bbox 3533 2188 3643 2254; x_wconf 91' lang='lat' dir='ltr'>est,</span> 
     </span>
     <span class='ocr_line' id='line_1_25' title="bbox 297 2247 3633 2301; baseline 0 0"><span class='ocrx_word' id='word_1_145' title='bbox 297 2252 579 2301; x_wconf 75' lang='lat' dir='ltr'>amnlaria</span> <span class='ocrx_word' id='word_1_146' title='bbox 599 2250 1129 2301; x_wconf 83' lang='lat' dir='ltr'>habuimus.unum</span> <span class='ocrx_word' id='word_1_147' title='bbox 1160 2265 1227 2301; x_wconf 83' lang='lat' dir='ltr'>ex</span> <span class='ocrx_word' id='word_1_148' title='bbox 1259 2248 1612 2301; x_wconf 78' lang='lat' dir='ltr'>bibliotheca</span> <span class='ocrx_word' id='word_1_149' title='bbox 1636 2247 2065 2301; x_wconf 66' lang='lat' dir='ltr'>Regiamelioua</span> <span class='ocrx_word' id='word_1_150' title='bbox 2086 2265 2153 2301; x_wconf 82' lang='lat' dir='ltr'>ex</span> <span class='ocrx_word' id='word_1_151' title='bbox 2175 2248 2249 2301; x_wconf 87' lang='lat' dir='ltr'>Co</span> <span class='ocrx_word' id='word_1_152' title='bbox 2279 2248 2522 2301; x_wconf 82' lang='lat' dir='ltr'>bertina.</span> <span class='ocrx_word' id='word_1_153' title='bbox 2544 2250 2603 2301; x_wconf 89' lang='lat' dir='ltr'>In</span> <span class='ocrx_word' id='word_1_154' title='bbox 2630 2268 2745 2301; x_wconf 90' lang='lat' dir='ltr'>uno</span> <span class='ocrx_word' id='word_1_155' title='bbox 2776 2251 3024 2301; x_wconf 81' lang='lat' dir='ltr'>istorum</span> <span class='ocrx_word' id='word_1_156' title='bbox 3049 2269 3116 2301; x_wconf 80' lang='lat' dir='ltr'>ea</span> <span class='ocrx_word' id='word_1_157' title='bbox 3139 2252 3364 2301; x_wconf 81' lang='lat' dir='ltr'>nullum</span> <span class='ocrx_word' id='word_1_158' title='bbox 3392 2254 3633 2301; x_wconf 81' lang='lat' dir='ltr'>titulum</span> 
     </span>
    </p>
   </div>
   <div class='ocr_carea' id='block_1_25' title="bbox 221 2247 2214 2333">
    <p class='ocr_par' dir='ltr' id='par_1_25' title="bbox 221 2247 2214 2333">
     <span class='ocr_line' id='line_1_26' title="bbox 221 2247 2214 2333; baseline -0.006 -21"><span class='ocrx_word' id='word_1_159' title='bbox 221 2247 1227 2333; x_wconf 41' lang='lat' dir='ltr'>exemplaria‘habui&#39;musmnuales</span> <span class='ocrx_word' id='word_1_160' title='bbox 1245 2247 1612 2333; x_wconf 69' lang='lat' dir='ltr'>bibliotheca</span> <span class='ocrx_word' id='word_1_161' title='bbox 1632 2247 2065 2333; x_wconf 41' lang='lat' dir='ltr'>ﬂegi’axeliqua</span> <span class='ocrx_word' id='word_1_162' title='bbox 2086 2265 2153 2301; x_wconf 82' lang='lat' dir='ltr'>ex</span> 
     </span>
    </p>
   </div>
   <div class='ocr_carea' id='block_1_26' title="bbox 224 2318 1902 2392">
    <p class='ocr_par' dir='ltr' id='par_1_26' title="bbox 224 2318 1902 2392">
     <span class='ocr_line' id='line_1_27' title="bbox 224 2318 1902 2392; baseline -0.006 -10"><span class='ocrx_word' id='word_1_163' title='bbox 224 2318 423 2391; x_wconf 70' lang='lat' dir='ltr'>habet,</span> <span class='ocrx_word' id='word_1_164' title='bbox 455 2325 515 2380; x_wconf 92' lang='lat' dir='ltr'>in</span> <span class='ocrx_word' id='word_1_165' title='bbox 549 2322 660 2378; x_wconf 89' lang='lat' dir='ltr'>alio</span> <span class='ocrx_word' id='word_1_166' title='bbox 689 2338 824 2379; x_wconf 90' lang='lat' dir='ltr'>vero</span> <span class='ocrx_word' id='word_1_167' title='bbox 855 2320 1049 2377; x_wconf 90' lang='lat' dir='ltr'>hunc:</span> <span class='ocrx_word' id='word_1_168' title='bbox 1110 2321 1351 2392; x_wconf 87' lang='lat' dir='ltr'>Epistola</span> <span class='ocrx_word' id='word_1_169' title='bbox 1398 2320 1598 2392; x_wconf 76' lang='lat' dir='ltr'>sancti</span> <span class='ocrx_word' id='word_1_170' title='bbox 1624 2318 1902 2392; x_wconf 79' lang='lat' dir='ltr'>Paschasii</span> 
     </span>
    </p>
   </div>
   <div class='ocr_carea' id='block_1_27' title="bbox 2279 2248 3636 2312">
    <p class='ocr_par' dir='ltr' id='par_1_27' title="bbox 2279 2248 3636 2312">
     <span class='ocr_line' id='line_1_28' title="bbox 2279 2248 3636 2312; baseline 0.007 -10"><span class='ocrx_word' id='word_1_171' title='bbox 2279 2248 2522 2305; x_wconf 84' lang='lat' dir='ltr'>bertina.</span> <span class='ocrx_word' id='word_1_172' title='bbox 2544 2250 2603 2305; x_wconf 90' lang='lat' dir='ltr'>In</span> <span class='ocrx_word' id='word_1_173' title='bbox 2630 2268 2745 2306; x_wconf 91' lang='lat' dir='ltr'>uno</span> <span class='ocrx_word' id='word_1_174' title='bbox 2776 2248 3024 2308; x_wconf 87' lang='lat' dir='ltr'>istorum</span> <span class='ocrx_word' id='word_1_175' title='bbox 3049 2248 3116 2308; x_wconf 78' lang='lat' dir='ltr'>ea</span> <span class='ocrx_word' id='word_1_176' title='bbox 3139 2252 3367 2309; x_wconf 89' lang='lat' dir='ltr'>nullum</span> <span class='ocrx_word' id='word_1_177' title='bbox 3392 2248 3636 2312; x_wconf 79' lang='lat' dir='ltr'>titulum</span> 
     </span>
    </p>
   </div>
   <div class='ocr_carea' id='block_1_28' title="bbox 1953 2318 3638 2395">
    <p class='ocr_par' dir='ltr' id='par_1_28' title="bbox 1953 2318 3638 2395">
     <span class='ocr_line' id='line_1_29' title="bbox 1953 2318 3638 2395; baseline 0.004 -20"><span class='ocrx_word' id='word_1_178' title='bbox 1953 2318 2213 2395; x_wconf 58' lang='lat' dir='ltr'>papc&#39;eagt</span> <span class='ocrx_word' id='word_1_179' title='bbox 2271 2320 2737 2395; x_wconf 73' lang='lat' dir='ltr'>Mediolanenscm</span> <span class='ocrx_word' id='word_1_180' title='bbox 2795 2323 3263 2395; x_wconf 78' lang='lat' dir='ltr'>archiepiscopum</span> <span class='ocrx_word' id='word_1_181' title='bbox 3323 2325 3638 2382; x_wconf 83' lang='lat' dir='ltr'>Simoniaca</span> 
     </span>
    </p>
   </div>
   <div class='ocr_carea' id='block_1_29' title="bbox 228 2389 3650 2465">
    <p class='ocr_par' dir='ltr' id='par_1_29' title="bbox 228 2389 3650 2465">
     <span class='ocr_line' id='line_1_30' title="bbox 228 2389 3650 2465; baseline 0 -12"><span class='ocrx_word' id='word_1_182' title='bbox 228 2389 430 2456; x_wconf 52' lang='lat' dir='ltr'>haesi</span> <span class='ocrx_word' id='word_1_183' title='bbox 458 2397 814 2451; x_wconf 74' lang='lat' dir='ltr'>laborantem.</span> <span class='ocrx_word' id='word_1_184' title='bbox 846 2396 1085 2465; x_wconf 84' lang='lat' dir='ltr'><strong>Constat</strong></span> <span class='ocrx_word' id='word_1_185' title='bbox 1113 2389 1254 2448; x_wconf 85' lang='lat' dir='ltr'><strong>sane</strong></span> <span class='ocrx_word' id='word_1_186' title='bbox 1284 2408 1406 2448; x_wconf 70' lang='grc' dir='ltr'>ωνο</span> <span class='ocrx_word' id='word_1_187' title='bbox 1441 2390 1737 2465; x_wconf 69' lang='lat' dir='ltr'>Paschalis</span> <span class='ocrx_word' id='word_1_188' title='bbox 1768 2389 2142 2462; x_wconf 87' lang='lat' dir='ltr'>secundi,qui</span> <span class='ocrx_word' id='word_1_189' title='bbox 2174 2389 2521 2465; x_wconf 82' lang='lat' dir='ltr'>Paschasius</span> <span class='ocrx_word' id='word_1_190' title='bbox 2552 2410 2785 2465; x_wconf 89' lang='lat' dir='ltr'>quoque</span> <span class='ocrx_word' id='word_1_191' title='bbox 2815 2389 3010 2450; x_wconf 84' lang='lat' dir='ltr'>dictus</span> <span class='ocrx_word' id='word_1_192' title='bbox 3039 2389 3195 2451; x_wconf 53' lang='lat' dir='ltr'>est&#39;a</span> <span class='ocrx_word' id='word_1_193' title='bbox 3215 2396 3650 2465; x_wconf 82' lang='lat' dir='ltr'>nonnullis,Pe-</span> 
     </span>
    </p>
   </div>
   <div class='ocr_carea' id='block_1_30' title="bbox 225 2461 3645 2547">
    <p class='ocr_par' dir='ltr' id='par_1_30' title="bbox 225 2461 3645 2547">
     <span class='ocr_line' id='line_1_31' title="bbox 225 2461 3645 2547; baseline 0 -21"><span class='ocrx_word' id='word_1_194' title='bbox 225 2476 388 2547; x_wconf 74' lang='lat' dir='ltr'>trum</span> <span class='ocrx_word' id='word_1_195' title='bbox 419 2465 813 2547; x_wconf 71' lang='lat' dir='ltr'>Grosulanum</span> <span class='ocrx_word' id='word_1_196' title='bbox 840 2463 1335 2547; x_wconf 64' lang='lat' dir='ltr'>Mediolanensem</span> <span class='ocrx_word' id='word_1_197' title='bbox 1366 2461 1870 2547; x_wconf 67' lang='lat' dir='ltr'>archiepiscopum</span> <span class='ocrx_word' id='word_1_198' title='bbox 1885 2461 2240 2547; x_wconf 55' lang='lat' dir='ltr'>accusatum</span> <span class='ocrx_word' id='word_1_199' title='bbox 2275 2463 2455 2547; x_wconf 80' lang='lat' dir='ltr'>fuisse</span> <span class='ocrx_word' id='word_1_200' title='bbox 2487 2461 3237 2547; x_wconf 43' lang='lat' dir='ltr'>qupd‘archiepiscopalem</span> <span class='ocrx_word' id='word_1_201' title='bbox 3296 2461 3645 2547; x_wconf 77' lang='lat' dir='ltr'>dignitatem</span> 
     </span>
    </p>
   </div>
   <div class='ocr_carea' id='block_1_31' title="bbox 274 2532 3703 2620">
    <p class='ocr_par' dir='ltr' id='par_1_31' title="bbox 274 2532 3703 2620">
     <span class='ocr_line' id='line_1_32' title="bbox 274 2532 3703 2620; baseline -0.001 -23"><span class='ocrx_word' id='word_1_202' title='bbox 274 2539 419 2597; x_wconf 85' lang='lat' dir='ltr'><strong>retio</strong></span> <span class='ocrx_word' id='word_1_203' title='bbox 448 2541 741 2620; x_wconf 71' lang='lat' dir='ltr'>mercatus</span> <span class='ocrx_word' id='word_1_204' title='bbox 773 2534 1000 2617; x_wconf 79' lang='lat' dir='ltr'>fuisset.</span> <span class='ocrx_word' id='word_1_205' title='bbox 1033 2534 1249 2617; x_wconf 55' lang='lat' dir='ltr'>Verum</span> <span class='ocrx_word' id='word_1_206' title='bbox 1269 2552 1402 2620; x_wconf 77' lang='lat' dir='ltr'>cum</span> <span class='ocrx_word' id='word_1_207' title='bbox 1429 2535 1501 2620; x_wconf 75' lang='lat' dir='ltr'>de</span> <span class='ocrx_word' id='word_1_208' title='bbox 1530 2532 1863 2620; x_wconf 69' lang='lat' dir='ltr'>istiusmodi</span> <span class='ocrx_word' id='word_1_209' title='bbox 1885 2532 2148 2620; x_wconf 72' lang='lat' dir='ltr'>Simonia</span> <span class='ocrx_word' id='word_1_210' title='bbox 2180 2549 2294 2587; x_wconf 91' lang='lat' dir='ltr'>non</span> <span class='ocrx_word' id='word_1_211' title='bbox 2327 2532 2628 2620; x_wconf 51' lang='lat' dir='ltr'>agatur‘in</span> <span class='ocrx_word' id='word_1_212' title='bbox 2655 2535 2767 2620; x_wconf 67' lang='lat' dir='ltr'>haq</span> <span class='ocrx_word' id='word_1_213' title='bbox 2794 2532 3062 2620; x_wconf 63' lang='lat' dir='ltr'>epistola;</span> <span class='ocrx_word' id='word_1_214' title='bbox 3094 2555 3279 2610; x_wconf 88' lang='lat' dir='ltr'>eaque</span> <span class='ocrx_word' id='word_1_215' title='bbox 3309 2532 3529 2620; x_wconf 49' lang='lat' dir='ltr'>scripta</span> <span class='ocrx_word' id='word_1_216' title='bbox 3557 2540 3644 2595; x_wconf 87' lang='lat' dir='ltr'>vi-</span> <span class='ocrx_word' id='word_1_217' title='bbox 3695 2567 3703 2578; x_wconf 74' lang='grc' dir='ltr'><em>ι</em></span> 
     </span>
    </p>
   </div>
   <div class='ocr_carea' id='block_1_32' title="bbox 233 2559 3645 2678">
    <p class='ocr_par' dir='ltr' id='par_1_32' title="bbox 233 2559 3645 2678">
     <span class='ocr_line' id='line_1_33' title="bbox 274 2559 3644 2620; baseline -0.001 -23"><span class='ocrx_word' id='word_1_218' title='bbox 274 2559 419 2597; x_wconf 75' lang='lat' dir='ltr'><strong>ratio</strong></span> <span class='ocrx_word' id='word_1_219' title='bbox 449 2559 741 2593; x_wconf 73' lang='lat' dir='ltr'>mercatus</span> <span class='ocrx_word' id='word_1_220' title='bbox 773 2559 1000 2617; x_wconf 59' lang='lat' dir='ltr'>Iun-istst.</span> <span class='ocrx_word' id='word_1_221' title='bbox 1038 2559 1070 2617; x_wconf 47' lang='grc' dir='ltr'>,ν</span> <span class='ocrx_word' id='word_1_222' title='bbox 1084 2559 1249 2617; x_wconf 55' lang='lat' dir='ltr'>enim</span> <span class='ocrx_word' id='word_1_223' title='bbox 1269 2559 1402 2590; x_wconf 75' lang='lat' dir='ltr'>cum</span> <span class='ocrx_word' id='word_1_224' title='bbox 1429 2559 1501 2615; x_wconf 59' lang='grc' dir='ltr'>υς)</span> <span class='ocrx_word' id='word_1_225' title='bbox 1530 2559 1863 2615; x_wconf 51' lang='lat' dir='ltr'>istiusuiuui</span> <span class='ocrx_word' id='word_1_226' title='bbox 1886 2559 2148 2617; x_wconf 49' lang='lat' dir='ltr'>cuticula</span> <span class='ocrx_word' id='word_1_227' title='bbox 2180 2559 2294 2587; x_wconf 88' lang='lat' dir='ltr'>uuu</span> <span class='ocrx_word' id='word_1_228' title='bbox 2327 2559 2535 2617; x_wconf 61' lang='lat' dir='ltr'>agatur</span> <span class='ocrx_word' id='word_1_229' title='bbox 2567 2559 2624 2591; x_wconf 81' lang='lat' dir='ltr'>Ill</span> <span class='ocrx_word' id='word_1_230' title='bbox 2655 2559 2762 2592; x_wconf 79' lang='lat' dir='ltr'>Hac</span> <span class='ocrx_word' id='word_1_231' title='bbox 2794 2559 3060 2620; x_wconf 75' lang='lat' dir='ltr'>BPISLOIa,</span> <span class='ocrx_word' id='word_1_232' title='bbox 3094 2559 3279 2610; x_wconf 84' lang='lat' dir='ltr'>eaque</span> <span class='ocrx_word' id='word_1_233' title='bbox 3309 2559 3529 2611; x_wconf 80' lang='lat' dir='ltr'>scripta</span> <span class='ocrx_word' id='word_1_234' title='bbox 3557 2559 3644 2595; x_wconf 86' lang='lat' dir='ltr'>Vl-</span> 
     </span>
     <span class='ocr_line' id='line_1_34' title="bbox 233 2559 3645 2678; baseline -0.001 -9"><span class='ocrx_word' id='word_1_235' title='bbox 233 2559 441 2669; x_wconf 60' lang='lat' dir='ltr'>geatur</span> <span class='ocrx_word' id='word_1_236' title='bbox 469 2610 541 2665; x_wconf 89' lang='lat' dir='ltr'>ab</span> <span class='ocrx_word' id='word_1_237' title='bbox 570 2608 809 2664; x_wconf 89' lang='lat' dir='ltr'>homine</span> <span class='ocrx_word' id='word_1_238' title='bbox 839 2624 940 2678; x_wconf 87' lang='lat' dir='ltr'>qui</span> <span class='ocrx_word' id='word_1_239' title='bbox 971 2623 1219 2662; x_wconf 87' lang='lat' dir='ltr'><strong>minoris</strong></span> <span class='ocrx_word' id='word_1_240' title='bbox 1249 2609 1406 2661; x_wconf 86' lang='lat' dir='ltr'><strong>esset</strong></span> <span class='ocrx_word' id='word_1_241' title='bbox 1436 2606 1739 2678; x_wconf 74' lang='lat' dir='ltr'><strong>dignitatis</strong></span> <span class='ocrx_word' id='word_1_242' title='bbox 1773 2604 2107 2678; x_wconf 77' lang='lat' dir='ltr'>quamisad</span> <span class='ocrx_word' id='word_1_243' title='bbox 2142 2620 2315 2678; x_wconf 83' lang='lat' dir='ltr'>quem</span> <span class='ocrx_word' id='word_1_244' title='bbox 2345 2607 2906 2678; x_wconf 83' lang='lat' dir='ltr'>scribebatur,facile</span> <span class='ocrx_word' id='word_1_245' title='bbox 2932 2609 3194 2664; x_wconf 89' lang='lat' dir='ltr'>adducor</span> <span class='ocrx_word' id='word_1_246' title='bbox 3209 2614 3274 2664; x_wconf 91' lang='lat' dir='ltr'>ut</span> <span class='ocrx_word' id='word_1_247' title='bbox 3293 2611 3523 2666; x_wconf 87' lang='lat' dir='ltr'>credam</span> <span class='ocrx_word' id='word_1_248' title='bbox 3550 2626 3645 2667; x_wconf 89' lang='lat' dir='ltr'>ve-</span> 
     </span>
    </p>
   </div>
   <div class='ocr_carea' id='block_1_33' title="bbox 231 2674 3649 2759">
    <p class='ocr_par' dir='ltr' id='par_1_33' title="bbox 231 2674 3649 2759">
     <span class='ocr_line' id='line_1_35' title="bbox 231 2674 3649 2759; baseline -0.001 -20"><span class='ocrx_word' id='word_1_249' title='bbox 231 2684 445 2759; x_wconf 82' lang='lat' dir='ltr'><strong>riorem</strong></span> <span class='ocrx_word' id='word_1_250' title='bbox 478 2674 1277 2759; x_wconf 55' lang='lat' dir='ltr'>esseinscriptionqmquam</span> <span class='ocrx_word' id='word_1_251' title='bbox 1308 2674 1746 2759; x_wconf 63' lang='lat' dir='ltr'>praeter&#39;tcodex</span> <span class='ocrx_word' id='word_1_252' title='bbox 1775 2674 1989 2747; x_wconf 81' lang='lat' dir='ltr'>regius,</span> <span class='ocrx_word' id='word_1_253' title='bbox 2024 2674 2232 2756; x_wconf 51' lang='lat' dir='ltr'>inuquo</span> <span class='ocrx_word' id='word_1_254' title='bbox 2252 2676 2347 2759; x_wconf 43' lang='grc' dir='ltr'>ἐἰσ</span> <span class='ocrx_word' id='word_1_255' title='bbox 2380 2677 2631 2759; x_wconf 82' lang='lat' dir='ltr'>legitur:</span> <span class='ocrx_word' id='word_1_256' title='bbox 2666 2680 2907 2759; x_wconf 69' lang='lat' dir='ltr'>Epistola</span> <span class='ocrx_word' id='word_1_257' title='bbox 2947 2681 3473 2759; x_wconf 35' lang='lat' dir='ltr'>IWidimonachi</span> <span class='ocrx_word' id='word_1_258' title='bbox 3496 2684 3649 2759; x_wconf 79' lang='lat' dir='ltr'>Heri-</span> 
     </span>
    </p>
   </div>
   <div class='ocr_carea' id='block_1_34' title="bbox 236 2745 3648 2827">
    <p class='ocr_par' dir='ltr' id='par_1_34' title="bbox 236 2745 3648 2827">
     <span class='ocr_line' id='line_1_36' title="bbox 236 2745 3648 2827; baseline -0.001 -16"><span class='ocrx_word' id='word_1_259' title='bbox 236 2756 446 2812; x_wconf 82' lang='lat' dir='ltr'>bertum</span> <span class='ocrx_word' id='word_1_260' title='bbox 475 2745 958 2827; x_wconf 59' lang='lat' dir='ltr'>archiepiscopum,</span> <span class='ocrx_word' id='word_1_261' title='bbox 992 2745 1397 2827; x_wconf 70' lang='lat' dir='ltr'>coloniensém</span> <span class='ocrx_word' id='word_1_262' title='bbox 1428 2746 1729 2810; x_wconf 87' lang='lat' dir='ltr'>nimirum,</span> <span class='ocrx_word' id='word_1_263' title='bbox 1764 2745 1940 2827; x_wconf 81' lang='lat' dir='ltr'>quem</span> <span class='ocrx_word' id='word_1_264' title='bbox 1969 2746 2148 2827; x_wconf 77' lang='lat' dir='ltr'>variis</span> <span class='ocrx_word' id='word_1_265' title='bbox 2179 2745 2495 2827; x_wconf 64' lang='lat' dir='ltr'>calumniis</span> <span class='ocrx_word' id='word_1_266' title='bbox 2520 2745 2853 2827; x_wconf 78' lang='lat' dir='ltr'>iinpetitum</span> <span class='ocrx_word' id='word_1_267' title='bbox 2877 2751 3060 2806; x_wconf 78' lang='lat' dir='ltr'>fuisse</span> <span class='ocrx_word' id='word_1_268' title='bbox 3083 2752 3250 2827; x_wconf 81' lang='lat' dir='ltr'><strong>docet</strong></span> <span class='ocrx_word' id='word_1_269' title='bbox 3275 2753 3333 2807; x_wconf 93' lang='lat' dir='ltr'>in</span> <span class='ocrx_word' id='word_1_270' title='bbox 3355 2752 3492 2809; x_wconf 87' lang='lat' dir='ltr'>Vita</span> <span class='ocrx_word' id='word_1_271' title='bbox 3518 2755 3648 2825; x_wconf 85' lang='lat' dir='ltr'>ejus</span> 
     </span>
    </p>
   </div>
   <div class='ocr_carea' id='block_1_35' title="bbox 235 2816 3646 2899">
    <p class='ocr_par' dir='ltr' id='par_1_35' title="bbox 235 2816 3646 2899">
     <span class='ocr_line' id='line_1_37' title="bbox 235 2816 3646 2899; baseline -0.001 -16"><span class='ocrx_word' id='word_1_272' title='bbox 235 2828 532 2899; x_wconf 80' lang='lat' dir='ltr'>Rupertus</span> <span class='ocrx_word' id='word_1_273' title='bbox 561 2816 744 2899; x_wconf 80' lang='lat' dir='ltr'>abbas</span> <span class='ocrx_word' id='word_1_274' title='bbox 773 2816 1108 2899; x_wconf 76' lang='lat' dir='ltr'>Tuitiensis.</span> <span class='ocrx_word' id='word_1_275' title='bbox 1142 2820 1226 2876; x_wconf 92' lang='lat' dir='ltr'>Ob</span> <span class='ocrx_word' id='word_1_276' title='bbox 1257 2837 1385 2876; x_wconf 88' lang='lat' dir='ltr'>eam</span> <span class='ocrx_word' id='word_1_277' title='bbox 1406 2835 1540 2875; x_wconf 88' lang='lat' dir='ltr'>vero</span> <span class='ocrx_word' id='word_1_278' title='bbox 1563 2816 1801 2875; x_wconf 78' lang='lat' dir='ltr'>causam</span> <span class='ocrx_word' id='word_1_279' title='bbox 1828 2817 1883 2872; x_wconf 92' lang='lat' dir='ltr'>in</span> <span class='ocrx_word' id='word_1_280' title='bbox 1906 2816 2114 2891; x_wconf 88' lang='lat' dir='ltr'>primis</span> <span class='ocrx_word' id='word_1_281' title='bbox 2149 2834 2253 2874; x_wconf 91' lang='lat' dir='ltr'>nos</span> <span class='ocrx_word' id='word_1_282' title='bbox 2284 2818 2443 2875; x_wconf 88' lang='lat' dir='ltr'>illam</span> <span class='ocrx_word' id='word_1_283' title='bbox 2476 2820 2570 2877; x_wconf 90' lang='lat' dir='ltr'>hic</span> <span class='ocrx_word' id='word_1_284' title='bbox 2602 2816 3017 2895; x_wconf 65' lang='lat' dir='ltr'>repraesentare</span> <span class='ocrx_word' id='word_1_285' title='bbox 3050 2822 3374 2891; x_wconf 87' lang='lat' dir='ltr'>voluimus,</span> <span class='ocrx_word' id='word_1_286' title='bbox 3409 2828 3474 2880; x_wconf 92' lang='lat' dir='ltr'>ut</span> <span class='ocrx_word' id='word_1_287' title='bbox 3517 2816 3646 2881; x_wconf 70' lang='lat' dir='ltr'>eam</span> 
     </span>
    </p>
   </div>
   <div class='ocr_carea' id='block_1_36' title="bbox 236 2892 1407 2967">
    <p class='ocr_par' dir='ltr' id='par_1_36' title="bbox 236 2892 1407 2967">
     <span class='ocr_line' id='line_1_38' title="bbox 236 2892 1407 2967; baseline -0.008 -12"><span class='ocrx_word' id='word_1_288' title='bbox 236 2892 460 2955; x_wconf 77' lang='lat' dir='ltr'>auctori</span> <span class='ocrx_word' id='word_1_289' title='bbox 493 2910 599 2951; x_wconf 90' lang='lat' dir='ltr'>suo</span> <span class='ocrx_word' id='word_1_290' title='bbox 620 2893 908 2967; x_wconf 83' lang='lat' dir='ltr'>integram</span> <span class='ocrx_word' id='word_1_291' title='bbox 943 2892 1407 2948; x_wconf 88' lang='lat' dir='ltr'>restitueremus.</span> 
     </span>
    </p>
   </div>
   <div class='ocr_carea' id='block_1_37' title="bbox 308 3108 3649 3184">
    <p class='ocr_par' dir='ltr' id='par_1_37' title="bbox 308 3108 3649 3184">
     <span class='ocr_line' id='line_1_39' title="bbox 308 3108 3649 3184; baseline -0.001 -12"><span class='ocrx_word' id='word_1_292' title='bbox 308 3116 599 3173; x_wconf 72' lang='lat' dir='ltr'>Fraternas</span> <span class='ocrx_word' id='word_1_293' title='bbox 648 3111 856 3169; x_wconf 89' lang='lat' dir='ltr'>mortis</span> <span class='ocrx_word' id='word_1_294' title='bbox 887 3111 1106 3166; x_wconf 90' lang='lat' dir='ltr'>crimen</span> <span class='ocrx_word' id='word_1_295' title='bbox 1138 3108 1385 3166; x_wconf 88' lang='lat' dir='ltr'><strong>incurrit</strong></span> <span class='ocrx_word' id='word_1_296' title='bbox 1426 3111 1717 3183; x_wconf 89' lang='lat' dir='ltr'>quisquis,</span> <span class='ocrx_word' id='word_1_297' title='bbox 1753 3128 1884 3167; x_wconf 87' lang='lat' dir='ltr'>cum</span> <span class='ocrx_word' id='word_1_298' title='bbox 1918 3116 1966 3181; x_wconf 87' lang='lat' dir='ltr'><strong>B</strong></span> <span class='ocrx_word' id='word_1_299' title='bbox 1996 3111 2162 3167; x_wconf 87' lang='lat' dir='ltr'>niaca</span> <span class='ocrx_word' id='word_1_300' title='bbox 2197 3114 2254 3167; x_wconf 91' lang='lat' dir='ltr'>et</span> <span class='ocrx_word' id='word_1_301' title='bbox 2283 3109 2708 3183; x_wconf 82' lang='lat' dir='ltr'>neophytorum</span> <span class='ocrx_word' id='word_1_302' title='bbox 2757 3110 2998 3166; x_wconf 67' lang='lat' dir='ltr'>hEBPBSlS</span> <span class='ocrx_word' id='word_1_303' title='bbox 3049 3111 3428 3184; x_wconf 83' lang='lat' dir='ltr'>exprimatur,</span> <span class='ocrx_word' id='word_1_304' title='bbox 3491 3112 3649 3184; x_wconf 90' lang='lat' dir='ltr'>quod</span> 
     </span>
    </p>
   </div>
   <div class='ocr_carea' id='block_1_38' title="bbox 236 3198 1890 3278">
    <p class='ocr_par' dir='ltr' id='par_1_38' title="bbox 236 3198 1890 3278">
     <span class='ocr_line' id='line_1_40' title="bbox 236 3198 1890 3278; baseline -0.005 -16"><span class='ocrx_word' id='word_1_305' title='bbox 236 3207 448 3278; x_wconf 84' lang='lat' dir='ltr'>potest,</span> <span class='ocrx_word' id='word_1_306' title='bbox 483 3203 719 3258; x_wconf 80' lang='lat' dir='ltr'>fratrem</span> <span class='ocrx_word' id='word_1_307' title='bbox 751 3218 785 3257; x_wconf 86' lang='lat' dir='ltr'>a</span> <span class='ocrx_word' id='word_1_308' title='bbox 816 3203 1001 3256; x_wconf 90' lang='lat' dir='ltr'>morte</span> <span class='ocrx_word' id='word_1_309' title='bbox 1032 3198 1274 3255; x_wconf 89' lang='lat' dir='ltr'>minime</span> <span class='ocrx_word' id='word_1_310' title='bbox 1300 3199 1578 3255; x_wconf 81' lang='lat' dir='ltr'><strong>defendit.</strong></span> <span class='ocrx_word' id='word_1_311' title='bbox 1608 3200 1724 3256; x_wconf 92' lang='lat' dir='ltr'>Nos</span> <span class='ocrx_word' id='word_1_312' title='bbox 1746 3217 1890 3272; x_wconf 89' lang='lat' dir='ltr'>quo-</span> 
     </span>
    </p>
   </div>
   <div class='ocr_carea' id='block_1_39' title="bbox 239 3286 1889 3366">
    <p class='ocr_par' dir='ltr' id='par_1_39' title="bbox 239 3286 1889 3366">
     <span class='ocr_line' id='line_1_41' title="bbox 239 3286 1889 3366; baseline -0.004 -17"><span class='ocrx_word' id='word_1_313' title='bbox 239 3309 375 3366; x_wconf 89' lang='lat' dir='ltr'>que,</span> <span class='ocrx_word' id='word_1_314' title='bbox 408 3291 509 3364; x_wconf 89' lang='lat' dir='ltr'>qui</span> <span class='ocrx_word' id='word_1_315' title='bbox 538 3288 887 3347; x_wconf 62' lang='lat' dir='ltr'>excellentiae</span> <span class='ocrx_word' id='word_1_316' title='bbox 948 3292 1154 3344; x_wconf 85' lang='lat' dir='ltr'>vestrae</span> <span class='ocrx_word' id='word_1_317' title='bbox 1213 3304 1514 3342; x_wconf 88' lang='lat' dir='ltr'>summum</span> <span class='ocrx_word' id='word_1_318' title='bbox 1576 3286 1889 3343; x_wconf 90' lang='lat' dir='ltr'><strong>discrimen</strong></span> 
     </span>
    </p>
   </div>
   <div class='ocr_carea' id='block_1_40' title="bbox 239 3376 1894 3450">
    <p class='ocr_par' dir='ltr' id='par_1_40' title="bbox 239 3376 1894 3450">
     <span class='ocr_line' id='line_1_42' title="bbox 239 3376 1894 3450; baseline -0.004 -13"><span class='ocrx_word' id='word_1_319' title='bbox 239 3379 597 3447; x_wconf 84' lang='lat' dir='ltr'>audivimus,</span> <span class='ocrx_word' id='word_1_320' title='bbox 631 3380 850 3435; x_wconf 89' lang='lat' dir='ltr'>summi</span> <span class='ocrx_word' id='word_1_321' title='bbox 873 3381 1072 3434; x_wconf 89' lang='lat' dir='ltr'>reatus</span> <span class='ocrx_word' id='word_1_322' title='bbox 1088 3392 1321 3450; x_wconf 66' lang='lat' dir='ltr'>postiam</span> <span class='ocrx_word' id='word_1_323' title='bbox 1353 3376 1714 3432; x_wconf 89' lang='lat' dir='ltr'>incurrimus</span> <span class='ocrx_word' id='word_1_324' title='bbox 1743 3376 1790 3431; x_wconf 89' lang='lat' dir='ltr'>si</span> <span class='ocrx_word' id='word_1_325' title='bbox 1813 3382 1894 3431; x_wconf 84' lang='lat' dir='ltr'>ta-</span> 
     </span>
    </p>
   </div>
   <div class='ocr_carea' id='block_1_41' title="bbox 240 3464 1891 3539">
    <p class='ocr_par' dir='ltr' id='par_1_41' title="bbox 240 3464 1891 3539">
     <span class='ocr_line' id='line_1_43' title="bbox 240 3464 1891 3539; baseline -0.004 -12"><span class='ocrx_word' id='word_1_326' title='bbox 240 3485 501 3537; x_wconf 88' lang='lat' dir='ltr'>ceamus,</span> <span class='ocrx_word' id='word_1_327' title='bbox 537 3467 780 3524; x_wconf 91' lang='lat' dir='ltr'>Domino</span> <span class='ocrx_word' id='word_1_328' title='bbox 830 3483 933 3539; x_wconf 89' lang='lat' dir='ltr'><strong>per</strong></span> <span class='ocrx_word' id='word_1_329' title='bbox 988 3465 1333 3538; x_wconf 88' lang='lat' dir='ltr'>prophetam</span> <span class='ocrx_word' id='word_1_330' title='bbox 1364 3464 1702 3521; x_wconf 87' lang='lat' dir='ltr'>terribiliter</span> <span class='ocrx_word' id='word_1_331' title='bbox 1746 3469 1891 3521; x_wconf 86' lang='lat' dir='ltr'>atte-</span> 
     </span>
    </p>
   </div>
   <div class='ocr_carea' id='block_1_42' title="bbox 240 3552 1890 3631">
    <p class='ocr_par' dir='ltr' id='par_1_42' title="bbox 240 3552 1890 3631">
     <span class='ocr_line' id='line_1_44' title="bbox 240 3552 1890 3631; baseline -0.005 -15"><span class='ocrx_word' id='word_1_332' title='bbox 240 3562 434 3617; x_wconf 87' lang='lat' dir='ltr'>stante</span> <span class='ocrx_word' id='word_1_333' title='bbox 464 3558 541 3631; x_wconf 83' lang='grc'>(1)</span> <span class='ocrx_word' id='word_1_334' title='bbox 573 3557 730 3630; x_wconf 90' lang='lat' dir='ltr'>quod</span> <span class='ocrx_word' id='word_1_335' title='bbox 758 3556 1015 3628; x_wconf 82' lang='lat' dir='ltr'>profecto</span> <span class='ocrx_word' id='word_1_336' title='bbox 1045 3553 1395 3626; x_wconf 88' lang='lat' dir='ltr'>sanguinem</span> <span class='ocrx_word' id='word_1_337' title='bbox 1427 3552 1620 3609; x_wconf 83' lang='lat' dir='ltr'>fundit</span> <span class='ocrx_word' id='word_1_338' title='bbox 1650 3554 1751 3625; x_wconf 89' lang='lat' dir='ltr'>qui</span> <span class='ocrx_word' id='word_1_339' title='bbox 1784 3554 1890 3608; x_wconf 90' lang='lat' dir='ltr'>im-</span> 
     </span>
    </p>
   </div>
   <div class='ocr_carea' id='block_1_43' title="bbox 239 3640 1893 3721">
    <p class='ocr_par' dir='ltr' id='par_1_43' title="bbox 239 3640 1893 3721">
     <span class='ocr_line' id='line_1_45' title="bbox 239 3640 1893 3721; baseline -0.004 -17"><span class='ocrx_word' id='word_1_340' title='bbox 239 3648 472 3721; x_wconf 89' lang='lat' dir='ltr'>piorum</span> <span class='ocrx_word' id='word_1_341' title='bbox 502 3643 872 3717; x_wconf 89' lang='lat' dir='ltr'>iniquitatem</span> <span class='ocrx_word' id='word_1_342' title='bbox 905 3643 1150 3699; x_wconf 88' lang='lat' dir='ltr'>tacendo</span> <span class='ocrx_word' id='word_1_343' title='bbox 1173 3640 1528 3698; x_wconf 85' lang='lat' dir='ltr'>dissimulat.</span> <span class='ocrx_word' id='word_1_344' title='bbox 1550 3641 1893 3698; x_wconf 88' lang='lat' dir='ltr'>Audivimus</span> 
     </span>
    </p>
   </div>
   <div class='ocr_carea' id='block_1_44' title="bbox 238 3731 1896 3808">
    <p class='ocr_par' dir='ltr' id='par_1_44' title="bbox 238 3731 1896 3808">
     <span class='ocr_line' id='line_1_46' title="bbox 238 3731 1896 3808; baseline -0.004 -15"><span class='ocrx_word' id='word_1_345' title='bbox 238 3735 581 3808; x_wconf 89' lang='lat' dir='ltr'>enim,quod</span> <span class='ocrx_word' id='word_1_346' title='bbox 612 3733 777 3790; x_wconf 86' lang='lat' dir='ltr'>valde</span> <span class='ocrx_word' id='word_1_347' title='bbox 808 3733 1113 3799; x_wconf 90' lang='lat' dir='ltr'>miramur,</span> <span class='ocrx_word' id='word_1_348' title='bbox 1147 3732 1302 3805; x_wconf 90' lang='lat' dir='ltr'>quod</span> <span class='ocrx_word' id='word_1_349' title='bbox 1334 3731 1482 3788; x_wconf 87' lang='lat' dir='ltr'>sacri</span> <span class='ocrx_word' id='word_1_350' title='bbox 1509 3732 1661 3803; x_wconf 89' lang='lat' dir='ltr'>apud</span> <span class='ocrx_word' id='word_1_351' title='bbox 1682 3748 1785 3787; x_wconf 91' lang='lat' dir='ltr'>vos</span> <span class='ocrx_word' id='word_1_352' title='bbox 1807 3749 1896 3787; x_wconf 92' lang='lat' dir='ltr'>or-</span> 
     </span>
    </p>
   </div>
   <div class='ocr_carea' id='block_1_45' title="bbox 237 3820 1892 3897">
    <p class='ocr_par' dir='ltr' id='par_1_45' title="bbox 237 3820 1892 3897">
     <span class='ocr_line' id='line_1_47' title="bbox 237 3820 1892 3897; baseline -0.002 -16"><span class='ocrx_word' id='word_1_353' title='bbox 237 3824 407 3881; x_wconf 88' lang='lat' dir='ltr'><strong>dines</strong></span> <span class='ocrx_word' id='word_1_354' title='bbox 431 3823 696 3897; x_wconf 89' lang='lat' dir='ltr'>pecuniis</span> <span class='ocrx_word' id='word_1_355' title='bbox 738 3821 1173 3887; x_wconf 86' lang='lat' dir='ltr'>distrahuntur,</span> <span class='ocrx_word' id='word_1_356' title='bbox 1215 3822 1355 3876; x_wconf 91' lang='lat' dir='ltr'>dum</span> <span class='ocrx_word' id='word_1_357' title='bbox 1411 3820 1749 3893; x_wconf 88' lang='lat' dir='ltr'>quicunque</span> <span class='ocrx_word' id='word_1_358' title='bbox 1781 3820 1892 3877; x_wconf 86' lang='lat' dir='ltr'>tale</span> 
     </span>
    </p>
   </div>
   <div class='ocr_carea' id='block_1_46' title="bbox 237 3908 1890 3986">
    <p class='ocr_par' dir='ltr' id='par_1_46' title="bbox 237 3908 1890 3986">
     <span class='ocr_line' id='line_1_48' title="bbox 237 3908 1890 3986; baseline -0.002 -16"><span class='ocrx_word' id='word_1_359' title='bbox 237 3913 459 3986; x_wconf 84' lang='lat' dir='ltr'>aliquid</span> <span class='ocrx_word' id='word_1_360' title='bbox 490 3910 921 3977; x_wconf 87' lang='lat' dir='ltr'>attentaverint,</span> <span class='ocrx_word' id='word_1_361' title='bbox 954 3909 1195 3966; x_wconf 88' lang='lat' dir='ltr'>omnino</span> <span class='ocrx_word' id='word_1_362' title='bbox 1222 3908 1477 3965; x_wconf 76' lang='lat' dir='ltr'>haeretici</span> <span class='ocrx_word' id='word_1_363' title='bbox 1509 3912 1890 3982; x_wconf 75' lang='lat' dir='ltr'>comproben-</span> 
     </span>
    </p>
   </div>
   <div class='ocr_carea' id='block_1_47' title="bbox 236 3997 1893 4073">
    <p class='ocr_par' dir='ltr' id='par_1_47' title="bbox 236 3997 1893 4073">
     <span class='ocr_line' id='line_1_49' title="bbox 236 3997 1893 4073; baseline -0.004 -14"><span class='ocrx_word' id='word_1_364' title='bbox 236 4007 355 4069; x_wconf 89' lang='lat' dir='ltr'>tur,</span> <span class='ocrx_word' id='word_1_365' title='bbox 387 4004 589 4058; x_wconf 86' lang='lat' dir='ltr'>sancto</span> <span class='ocrx_word' id='word_1_366' title='bbox 622 3998 847 4073; x_wconf 83' lang='lat' dir='ltr'>Spiritu</span> <span class='ocrx_word' id='word_1_367' title='bbox 878 4016 980 4072; x_wconf 91' lang='lat' dir='ltr'>per</span> <span class='ocrx_word' id='word_1_368' title='bbox 1031 3997 1372 4071; x_wconf 77' lang='lat' dir='ltr'>Gregorium</span> <span class='ocrx_word' id='word_1_369' title='bbox 1404 3997 1708 4055; x_wconf 89' lang='lat' dir='ltr'>intonante</span> <span class='ocrx_word' id='word_1_370' title='bbox 1754 4000 1893 4070; x_wconf 89' lang='lat' dir='ltr'>quia</span> 
     </span>
    </p>
   </div>
   <div class='ocr_carea' id='block_1_48' title="bbox 237 4087 1892 4165">
    <p class='ocr_par' dir='ltr' id='par_1_48' title="bbox 237 4087 1892 4165">
     <span class='ocr_line' id='line_1_50' title="bbox 237 4087 1892 4165; baseline -0.003 -16"><span class='ocrx_word' id='word_1_371' title='bbox 237 4090 511 4165; x_wconf 85' lang='lat' dir='ltr'>quisquis</span> <span class='ocrx_word' id='word_1_372' title='bbox 539 4106 643 4164; x_wconf 90' lang='lat' dir='ltr'>per</span> <span class='ocrx_word' id='word_1_373' title='bbox 666 4088 947 4162; x_wconf 88' lang='lat' dir='ltr'>pecunias</span> <span class='ocrx_word' id='word_1_374' title='bbox 977 4088 1380 4156; x_wconf 90' lang='lat' dir='ltr'>ordinatur,ad</span> <span class='ocrx_word' id='word_1_375' title='bbox 1411 4087 1519 4144; x_wconf 93' lang='lat' dir='ltr'>hoc</span> <span class='ocrx_word' id='word_1_376' title='bbox 1551 4093 1617 4144; x_wconf 93' lang='lat' dir='ltr'>ut</span> <span class='ocrx_word' id='word_1_377' title='bbox 1646 4088 1747 4144; x_wconf 84' lang='lat' dir='ltr'>fiat</span> <span class='ocrx_word' id='word_1_378' title='bbox 1775 4089 1892 4144; x_wconf 76' lang='lat' dir='ltr'>hae-</span> 
     </span>
    </p>
   </div>
   <div class='ocr_carea' id='block_1_49' title="bbox 237 4176 1891 4251">
    <p class='ocr_par' dir='ltr' id='par_1_49' title="bbox 237 4176 1891 4251">
     <span class='ocr_line' id='line_1_51' title="bbox 237 4176 1891 4251; baseline -0.003 -15"><span class='ocrx_word' id='word_1_379' title='bbox 237 4181 456 4237; x_wconf 87' lang='lat' dir='ltr'>reticus</span> <span class='ocrx_word' id='word_1_380' title='bbox 485 4181 876 4251; x_wconf 81' lang='lat' dir='ltr'>promovetur.</span> <span class='ocrx_word' id='word_1_381' title='bbox 932 4178 1004 4233; x_wconf 91' lang='lat' dir='ltr'><strong>Et</strong></span> <span class='ocrx_word' id='word_1_382' title='bbox 1029 4180 1094 4232; x_wconf 88' lang='lat' dir='ltr'>ut</span> <span class='ocrx_word' id='word_1_383' title='bbox 1121 4176 1303 4248; x_wconf 91' lang='lat' dir='ltr'>hujus</span> <span class='ocrx_word' id='word_1_384' title='bbox 1347 4181 1560 4232; x_wconf 71' lang='lat' dir='ltr'>nostris</span> <span class='ocrx_word' id='word_1_385' title='bbox 1600 4176 1891 4249; x_wconf 60' lang='lat' dir='ltr'>paginulas</span> 
     </span>
    </p>
   </div>
   <div class='ocr_carea' id='block_1_50' title="bbox 238 4265 1891 4342">
    <p class='ocr_par' dir='ltr' id='par_1_50' title="bbox 238 4265 1891 4342">
     <span class='ocr_line' id='line_1_52' title="bbox 238 4265 1891 4342; baseline -0.002 -17"><span class='ocrx_word' id='word_1_386' title='bbox 238 4286 355 4326; x_wconf 89' lang='lat' dir='ltr'>non</span> <span class='ocrx_word' id='word_1_387' title='bbox 383 4266 905 4342; x_wconf 68' lang='lat' dir='ltr'>praesumptionem</span> <span class='ocrx_word' id='word_1_388' title='bbox 966 4266 1069 4322; x_wconf 90' lang='lat' dir='ltr'>sed</span> <span class='ocrx_word' id='word_1_389' title='bbox 1124 4265 1352 4321; x_wconf 88' lang='lat' dir='ltr'>timoris</span> <span class='ocrx_word' id='word_1_390' title='bbox 1409 4281 1650 4321; x_wconf 88' lang='lat' dir='ltr'>causam</span> <span class='ocrx_word' id='word_1_391' title='bbox 1708 4265 1891 4322; x_wconf 80' lang='lat' dir='ltr'>fuisse</span> 
     </span>
    </p>
   </div>
   <div class='ocr_carea' id='block_1_51' title="bbox 237 4352 1889 4428">
    <p class='ocr_par' dir='ltr' id='par_1_51' title="bbox 237 4352 1889 4428">
     <span class='ocr_line' id='line_1_53' title="bbox 237 4352 1889 4428; baseline -0.003 -13"><span class='ocrx_word' id='word_1_392' title='bbox 237 4356 879 4428; x_wconf 87' lang='lat' dir='ltr'>monstremus,beatus</span> <span class='ocrx_word' id='word_1_393' title='bbox 900 4355 1057 4411; x_wconf 88' lang='lat' dir='ltr'>idem</span> <span class='ocrx_word' id='word_1_394' title='bbox 1088 4352 1464 4427; x_wconf 85' lang='lat' dir='ltr'>prosequitur</span> <span class='ocrx_word' id='word_1_395' title='bbox 1494 4354 1575 4426; x_wconf 87' lang='lat' dir='ltr'>(S.</span> <span class='ocrx_word' id='word_1_396' title='bbox 1610 4354 1889 4421; x_wconf 73' lang='lat' dir='ltr'>Gnecoa.,</span> 
     </span>
    </p>
   </div>
   <div class='ocr_carea' id='block_1_52' title="bbox 239 4442 1888 4519">
    <p class='ocr_par' dir='ltr' id='par_1_52' title="bbox 239 4442 1888 4519">
     <span class='ocr_line' id='line_1_54' title="bbox 239 4442 1888 4519; baseline -0.004 -16"><span class='ocrx_word' id='word_1_397' title='bbox 239 4446 343 4503; x_wconf 86' lang='lat' dir='ltr'>lib.</span> <span class='ocrx_word' id='word_1_398' title='bbox 380 4463 460 4514; x_wconf 80' lang='lat' dir='ltr'>iv,</span> <span class='ocrx_word' id='word_1_399' title='bbox 492 4445 664 4519; x_wconf 90' lang='lat' dir='ltr'>epist.</span> <span class='ocrx_word' id='word_1_400' title='bbox 697 4445 789 4514; x_wconf 84' lang='grc'>51,</span> <span class='ocrx_word' id='word_1_401' title='bbox 816 4447 909 4512; x_wconf 90' lang='grc'>55,</span> <span class='ocrx_word' id='word_1_402' title='bbox 939 4446 1034 4512; x_wconf 87' lang='lat'>56,</span> <span class='ocrx_word' id='word_1_403' title='bbox 1064 4448 1121 4500; x_wconf 91' lang='lat' dir='ltr'><strong>et</strong></span> <span class='ocrx_word' id='word_1_404' title='bbox 1148 4443 1250 4499; x_wconf 90' lang='lat' dir='ltr'>lib.</span> <span class='ocrx_word' id='word_1_405' title='bbox 1289 4459 1387 4510; x_wconf 85' lang='lat' dir='ltr'>vn,</span> <span class='ocrx_word' id='word_1_406' title='bbox 1419 4442 1540 4498; x_wconf 93' lang='lat' dir='ltr'>ind.</span> <span class='ocrx_word' id='word_1_407' title='bbox 1603 4460 1661 4509; x_wconf 86' lang='lat' dir='ltr'>II,</span> <span class='ocrx_word' id='word_1_408' title='bbox 1717 4444 1888 4515; x_wconf 90' lang='lat' dir='ltr'>epist.</span> 
     </span>
    </p>
   </div>
   <div class='ocr_carea' id='block_1_53' title="bbox 237 4532 1891 4607">
    <p class='ocr_par' dir='ltr' id='par_1_53' title="bbox 237 4532 1891 4607">
     <span class='ocr_line' id='line_1_55' title="bbox 237 4532 1891 4607; baseline -0.002 -16"><span class='ocrx_word' id='word_1_409' title='bbox 237 4536 380 4605; x_wconf 76' lang='lat'>810;</span> <span class='ocrx_word' id='word_1_410' title='bbox 413 4552 454 4592; x_wconf 83' lang='grc' dir='ltr'>ι.</span> <span class='ocrx_word' id='word_1_411' title='bbox 489 4550 546 4607; x_wconf 89' lang='lat' dir='ltr'>q.</span> <span class='ocrx_word' id='word_1_412' title='bbox 579 4535 632 4603; x_wconf 88' lang='grc'>1,</span> <span class='ocrx_word' id='word_1_413' title='bbox 666 4550 714 4590; x_wconf 92' lang='lat' dir='ltr'>c.</span> <span class='ocrx_word' id='word_1_414' title='bbox 747 4533 803 4600; x_wconf 87' lang='lat'><strong>5,</strong></span> <span class='ocrx_word' id='word_1_415' title='bbox 838 4534 1152 4605; x_wconf 74' lang='lat' dir='ltr'>Quisquis);</span> <span class='ocrx_word' id='word_1_416' title='bbox 1189 4532 1442 4603; x_wconf 81' lang='lat' dir='ltr'>Quisquis</span> <span class='ocrx_word' id='word_1_417' title='bbox 1472 4532 1548 4603; x_wconf 89' lang='lat'>(2)</span> <span class='ocrx_word' id='word_1_418' title='bbox 1590 4540 1780 4587; x_wconf 86' lang='lat' dir='ltr'>contra</span> <span class='ocrx_word' id='word_1_419' title='bbox 1803 4532 1891 4588; x_wconf 86' lang='lat' dir='ltr'>Si-</span> 
     </span>
    </p>
   </div>
   <div class='ocr_carea' id='block_1_54' title="bbox 237 4620 1892 4695">
    <p class='ocr_par' dir='ltr' id='par_1_54' title="bbox 237 4620 1892 4695">
     <span class='ocr_line' id='line_1_56' title="bbox 237 4620 1892 4695; baseline -0.003 -15"><span class='ocrx_word' id='word_1_420' title='bbox 237 4626 554 4682; x_wconf 87' lang='lat' dir='ltr'>moniacam</span> <span class='ocrx_word' id='word_1_421' title='bbox 582 4631 634 4681; x_wconf 90' lang='lat' dir='ltr'>et</span> <span class='ocrx_word' id='word_1_422' title='bbox 656 4624 1053 4695; x_wconf 85' lang='lat' dir='ltr'>neophytorum</span> <span class='ocrx_word' id='word_1_423' title='bbox 1073 4623 1325 4677; x_wconf 72' lang='lat' dir='ltr'>haeresim</span> <span class='ocrx_word' id='word_1_424' title='bbox 1341 4635 1441 4691; x_wconf 84' lang='lat' dir='ltr'>pro</span> <span class='ocrx_word' id='word_1_425' title='bbox 1472 4620 1645 4691; x_wconf 81' lang='lat' dir='ltr'>ofﬁcii</span> <span class='ocrx_word' id='word_1_426' title='bbox 1661 4621 1752 4675; x_wconf 85' lang='lat' dir='ltr'>sui</span> <span class='ocrx_word' id='word_1_427' title='bbox 1782 4622 1892 4676; x_wconf 89' lang='lat' dir='ltr'>loco</span> 
     </span>
    </p>
   </div>
   <div class='ocr_carea' id='block_1_55' title="bbox 240 4709 1894 4778">
    <p class='ocr_par' dir='ltr' id='par_1_55' title="bbox 240 4709 1894 4778">
     <span class='ocr_line' id='line_1_57' title="bbox 240 4709 1894 4778; baseline -0.004 -6"><span class='ocrx_word' id='word_1_428' title='bbox 240 4714 588 4772; x_wconf 77' lang='lat' dir='ltr'>vehementer</span> <span class='ocrx_word' id='word_1_429' title='bbox 628 4729 741 4769; x_wconf 89' lang='lat' dir='ltr'>non</span> <span class='ocrx_word' id='word_1_430' title='bbox 770 4714 986 4778; x_wconf 80' lang='lat' dir='ltr'>arserit,</span> <span class='ocrx_word' id='word_1_431' title='bbox 1019 4727 1145 4767; x_wconf 85' lang='lat' dir='ltr'>cum</span> <span class='ocrx_word' id='word_1_432' title='bbox 1172 4727 1231 4767; x_wconf 89' lang='lat' dir='ltr'>eo</span> <span class='ocrx_word' id='word_1_433' title='bbox 1276 4726 1331 4765; x_wconf 87' lang='lat' dir='ltr'>se</span> <span class='ocrx_word' id='word_1_434' title='bbox 1358 4725 1470 4765; x_wconf 86' lang='lat' dir='ltr'>non</span> <span class='ocrx_word' id='word_1_435' title='bbox 1498 4709 1709 4765; x_wconf 84' lang='lat' dir='ltr'>dubitet</span> <span class='ocrx_word' id='word_1_436' title='bbox 1738 4709 1894 4765; x_wconf 86' lang='lat' dir='ltr'>habi-</span> 
     </span>
    </p>
   </div>
   <div class='ocr_carea' id='block_1_56' title="bbox 236 4797 1897 4874">
    <p class='ocr_par' dir='ltr' id='par_1_56' title="bbox 236 4797 1897 4874">
     <span class='ocr_line' id='line_1_58' title="bbox 236 4797 1897 4874; baseline -0.004 -16"><span class='ocrx_word' id='word_1_437' title='bbox 236 4808 428 4858; x_wconf 69' lang='lat' dir='ltr'>turum</span> <span class='ocrx_word' id='word_1_438' title='bbox 452 4804 765 4874; x_wconf 81' lang='lat' dir='ltr'>portionem</span> <span class='ocrx_word' id='word_1_439' title='bbox 781 4802 857 4873; x_wconf 91' lang='lat'>(3)</span> <span class='ocrx_word' id='word_1_440' title='bbox 879 4801 977 4872; x_wconf 89' lang='lat' dir='ltr'>qui</span> <span class='ocrx_word' id='word_1_441' title='bbox 994 4802 1150 4871; x_wconf 86' lang='lat' dir='ltr'>prius</span> <span class='ocrx_word' id='word_1_442' title='bbox 1170 4800 1441 4855; x_wconf 82' lang='lat' dir='ltr'>commisit</span> <span class='ocrx_word' id='word_1_443' title='bbox 1491 4797 1588 4853; x_wconf 89' lang='lat' dir='ltr'>hoc</span> <span class='ocrx_word' id='word_1_444' title='bbox 1600 4798 1897 4869; x_wconf 85' lang='lat' dir='ltr'>piaculare</span> 
     </span>
    </p>
   </div>
   <div class='ocr_carea' id='block_1_57' title="bbox 237 4886 1894 4964">
    <p class='ocr_par' dir='ltr' id='par_1_57' title="bbox 237 4886 1894 4964">
     <span class='ocr_line' id='line_1_59' title="bbox 237 4886 1894 4964; baseline -0.006 -13"><span class='ocrx_word' id='word_1_445' title='bbox 237 4890 769 4964; x_wconf 77' lang='lat' dir='ltr'>ﬂagitium.Quibus</span> <span class='ocrx_word' id='word_1_446' title='bbox 808 4889 870 4944; x_wconf 93' lang='lat' dir='ltr'>in</span> <span class='ocrx_word' id='word_1_447' title='bbox 901 4888 1092 4945; x_wconf 87' lang='lat' dir='ltr'>verbis</span> <span class='ocrx_word' id='word_1_448' title='bbox 1122 4904 1256 4944; x_wconf 88' lang='lat' dir='ltr'>cum</span> <span class='ocrx_word' id='word_1_449' title='bbox 1289 4886 1559 4942; x_wconf 67' lang='lat' dir='ltr'>haeretica</span> <span class='ocrx_word' id='word_1_450' title='bbox 1616 4890 1674 4942; x_wconf 90' lang='lat' dir='ltr'>et</span> <span class='ocrx_word' id='word_1_451' title='bbox 1702 4887 1894 4942; x_wconf 88' lang='lat' dir='ltr'>Simo-</span> 
     </span>
    </p>
   </div>
   <div class='ocr_carea' id='block_1_58' title="bbox 313 5029 1894 5107">
    <p class='ocr_par' dir='ltr' id='par_1_58' title="bbox 313 5029 1894 5107">
     <span class='ocr_line' id='line_1_60' title="bbox 313 5029 1894 5107; baseline -0.003 -17"><span class='ocrx_word' id='word_1_452' title='bbox 313 5033 389 5107; x_wconf 82' lang='grc' dir='ltr'>(Ι)</span> <span class='ocrx_word' id='word_1_453' title='bbox 422 5032 1038 5107; x_wconf 73' lang='lat' dir='ltr'>TerribiliterattestJn</span> <span class='ocrx_word' id='word_1_454' title='bbox 1074 5048 1190 5086; x_wconf 92' lang='lat' dir='ltr'>uno</span> <span class='ocrx_word' id='word_1_455' title='bbox 1230 5029 1427 5107; x_wconf 71' lang='lat' dir='ltr'>codice</span> <span class='ocrx_word' id='word_1_456' title='bbox 1455 5029 1786 5107; x_wconf 71' lang='lat' dir='ltr'>Colbertino</span> <span class='ocrx_word' id='word_1_457' title='bbox 1814 5029 1894 5086; x_wconf 82' lang='lat' dir='ltr'>lo-</span> 
     </span>
    </p>
   </div>
   <div class='ocr_carea' id='block_1_59' title="bbox 283 5101 1891 5175">
    <p class='ocr_par' dir='ltr' id='par_1_59' title="bbox 283 5101 1891 5175">
     <span class='ocr_line' id='line_1_61' title="bbox 283 5101 1891 5175; baseline -0.002 -15"><span class='ocrx_word' id='word_1_458' title='bbox 283 5101 402 5161; x_wconf 82' lang='lat' dir='ltr'>itur</span> <span class='ocrx_word' id='word_1_459' title='bbox 429 5106 741 5175; x_wconf 82' lang='lat' dir='ltr'>intestante,</span> <span class='ocrx_word' id='word_1_460' title='bbox 774 5104 835 5159; x_wconf 91' lang='lat' dir='ltr'><strong>in</strong></span> <span class='ocrx_word' id='word_1_461' title='bbox 863 5103 977 5160; x_wconf 90' lang='lat' dir='ltr'>alio</span> <span class='ocrx_word' id='word_1_462' title='bbox 1008 5101 1390 5159; x_wconf 83' lang='lat' dir='ltr'>intonantc.ln</span> <span class='ocrx_word' id='word_1_463' title='bbox 1420 5105 1669 5173; x_wconf 89' lang='lat' dir='ltr'>utroque</span> <span class='ocrx_word' id='word_1_464' title='bbox 1695 5104 1891 5157; x_wconf 86' lang='lat' dir='ltr'>autem</span> 
     </span>
    </p>
   </div>
   <div class='ocr_carea' id='block_1_60' title="bbox 260 5176 913 5234">
    <p class='ocr_par' dir='ltr' id='par_1_60' title="bbox 260 5176 913 5234">
     <span class='ocr_line' id='line_1_62' title="bbox 260 5176 913 5234; baseline -0.003 -1"><span class='ocrx_word' id='word_1_465' title='bbox 260 5176 408 5234; x_wconf 83' lang='lat' dir='ltr'>leest</span> <span class='ocrx_word' id='word_1_466' title='bbox 427 5192 537 5234; x_wconf 83' lang='lat' dir='ltr'>vox</span> <span class='ocrx_word' id='word_1_467' title='bbox 565 5176 913 5232; x_wconf 67' lang='lat' dir='ltr'>terribiliter.</span> 
     </span>
    </p>
   </div>
   <div class='ocr_carea' id='block_1_61' title="bbox 314 5244 1895 5320">
    <p class='ocr_par' dir='ltr' id='par_1_61' title="bbox 314 5244 1895 5320">
     <span class='ocr_line' id='line_1_63' title="bbox 314 5244 1895 5320; baseline -0.003 -16"><span class='ocrx_word' id='word_1_468' title='bbox 314 5248 392 5320; x_wconf 84' lang='lat'><strong>(2)</strong></span> <span class='ocrx_word' id='word_1_469' title='bbox 424 5248 700 5318; x_wconf 60' lang='grc' dir='ltr'>ρηΐὲᾷίιέε.</span> <span class='ocrx_word' id='word_1_470' title='bbox 736 5246 801 5303; x_wconf 89' lang='lat' dir='ltr'>In</span> <span class='ocrx_word' id='word_1_471' title='bbox 858 5245 1208 5302; x_wconf 87' lang='lat' dir='ltr'>Colbertinis</span> <span class='ocrx_word' id='word_1_472' title='bbox 1247 5244 1534 5315; x_wconf 88' lang='lat' dir='ltr'>scriptum</span> <span class='ocrx_word' id='word_1_473' title='bbox 1566 5249 1689 5299; x_wconf 86' lang='lat' dir='ltr'>est:</span> <span class='ocrx_word' id='word_1_474' title='bbox 1753 5245 1895 5312; x_wconf 84' lang='lat' dir='ltr'>Quia</span> 
     </span>
    </p>
   </div>
   <div class='ocr_carea' id='block_1_62' title="bbox 242 5336 1897 5463">
    <p class='ocr_par' dir='ltr' id='par_1_62' title="bbox 242 5336 1897 5463">
     <span class='ocr_line' id='line_1_64' title="bbox 242 5336 1897 5463; baseline -0.004 -14"><span class='ocrx_word' id='word_1_475' title='bbox 242 5336 394 5463; x_wconf 51' lang='lat' dir='ltr'>qua)</span> <span class='ocrx_word' id='word_1_476' title='bbox 426 5389 761 5463; x_wconf 76' lang='lat' dir='ltr'>Habith</span> <span class='ocrx_word' id='word_1_477' title='bbox 804 5393 944 5462; x_wconf 86' lang='lat' dir='ltr'>part.</span> <span class='ocrx_word' id='word_1_478' title='bbox 1004 5387 1219 5444; x_wconf 87' lang='lat' dir='ltr'>Eadem</span> <span class='ocrx_word' id='word_1_479' title='bbox 1269 5384 1623 5459; x_wconf 81' lang='lat' dir='ltr'>exemplaria</span> <span class='ocrx_word' id='word_1_480' title='bbox 1680 5384 1897 5442; x_wconf 86' lang='lat' dir='ltr'>habent</span> 
     </span>
    </p>
   </div>
   <div class='ocr_carea' id='block_1_63' title="bbox 237 5461 809 5535">
    <p class='ocr_par' dir='ltr' id='par_1_63' title="bbox 237 5461 809 5535">
     <span class='ocr_line' id='line_1_65' title="bbox 237 5461 809 5535; baseline -0.003 -18"><span class='ocrx_word' id='word_1_481' title='bbox 237 5461 551 5535; x_wconf 78' lang='lat' dir='ltr'>portionem</span> <span class='ocrx_word' id='word_1_482' title='bbox 593 5461 809 5535; x_wconf 73' lang='lat' dir='ltr'>habere.</span> 
     </span>
    </p>
   </div>
   <div class='ocr_carea' id='block_1_64' title="bbox 317 5532 1897 5605">
    <p class='ocr_par' dir='ltr' id='par_1_64' title="bbox 317 5532 1897 5605">
     <span class='ocr_line' id='line_1_66' title="bbox 317 5532 1897 5605; baseline -0.001 -17"><span class='ocrx_word' id='word_1_483' title='bbox 317 5534 395 5605; x_wconf 78' lang='grc'>(4)</span> <span class='ocrx_word' id='word_1_484' title='bbox 429 5534 747 5589; x_wconf 74' lang='lat' dir='ltr'>Damnavit.</span> <span class='ocrx_word' id='word_1_485' title='bbox 781 5532 911 5588; x_wconf 59' lang='lat' dir='ltr'>Haec</span> <span class='ocrx_word' id='word_1_486' title='bbox 939 5548 1047 5588; x_wconf 86' lang='lat' dir='ltr'>vox</span> <span class='ocrx_word' id='word_1_487' title='bbox 1073 5536 1131 5587; x_wconf 89' lang='lat' dir='ltr'>et</span> <span class='ocrx_word' id='word_1_488' title='bbox 1160 5547 1286 5596; x_wconf 53' lang='lat' dir='ltr'>quas</span> <span class='ocrx_word' id='word_1_489' title='bbox 1346 5533 1677 5605; x_wconf 81' lang='lat' dir='ltr'>sequuntur</span> <span class='ocrx_word' id='word_1_490' title='bbox 1707 5546 1897 5603; x_wconf 91' lang='lat' dir='ltr'>usque</span> 
     </span>
    </p>
   </div>
   <div class='ocr_carea' id='block_1_65' title="bbox 243 5600 1899 5662">
    <p class='ocr_par' dir='ltr' id='par_1_65' title="bbox 243 5600 1899 5662">
     <span class='ocr_line' id='line_1_67' title="bbox 243 5600 1899 5662; baseline -0.002 0"><span class='ocrx_word' id='word_1_491' title='bbox 243 5600 547 5662; x_wconf 42' lang='lat' dir='ltr'>ad‘v’ocem</span> <span class='ocrx_word' id='word_1_492' title='bbox 577 5604 957 5660; x_wconf 77' lang='lat' dir='ltr'>condemnavit</span> <span class='ocrx_word' id='word_1_493' title='bbox 984 5620 1099 5659; x_wconf 93' lang='lat' dir='ltr'><strong>non</strong></span> <span class='ocrx_word' id='word_1_494' title='bbox 1130 5606 1358 5659; x_wconf 82' lang='lat' dir='ltr'>exstant</span> <span class='ocrx_word' id='word_1_495' title='bbox 1384 5600 1446 5659; x_wconf 85' lang='lat' dir='ltr'>in</span> <span class='ocrx_word' id='word_1_496' title='bbox 1467 5601 1685 5659; x_wconf 90' lang='lat' dir='ltr'>eisdem</span> <span class='ocrx_word' id='word_1_497' title='bbox 1708 5600 1899 5659; x_wconf 83' lang='lat' dir='ltr'><strong>exem-</strong></span> 
     </span>
    </p>
   </div>
   <div class='ocr_carea' id='block_1_66' title="bbox 243 5675 1251 5750">
    <p class='ocr_par' dir='ltr' id='par_1_66' title="bbox 243 5675 1251 5750">
     <span class='ocr_line' id='line_1_68' title="bbox 243 5675 1251 5750; baseline -0.001 -18"><span class='ocrx_word' id='word_1_498' title='bbox 243 5676 537 5750; x_wconf 75' lang='lat' dir='ltr'>pluribus,</span> <span class='ocrx_word' id='word_1_499' title='bbox 559 5679 618 5733; x_wconf 90' lang='lat' dir='ltr'>et</span> <span class='ocrx_word' id='word_1_500' title='bbox 646 5675 917 5734; x_wconf 88' lang='lat' dir='ltr'>videntur</span> <span class='ocrx_word' id='word_1_501' title='bbox 939 5675 1251 5749; x_wconf 86' lang='lat' dir='ltr'>superﬂua.</span> 
     </span>
    </p>
   </div>
   <div class='ocr_carea' id='block_1_67' title="bbox 2000 3197 3651 3272">
    <p class='ocr_par' dir='ltr' id='par_1_67' title="bbox 2000 3197 3651 3272">
     <span class='ocr_line' id='line_1_69' title="bbox 2000 3197 3651 3272; baseline 0 -16"><span class='ocrx_word' id='word_1_502' title='bbox 2000 3205 2216 3256; x_wconf 76' lang='lat' dir='ltr'>aeterna</span> <span class='ocrx_word' id='word_1_503' title='bbox 2246 3203 2433 3255; x_wconf 89' lang='lat' dir='ltr'>morte</span> <span class='ocrx_word' id='word_1_504' title='bbox 2464 3197 2883 3271; x_wconf 86' lang='lat' dir='ltr'>dignissimum</span> <span class='ocrx_word' id='word_1_505' title='bbox 2915 3199 3134 3254; x_wconf 89' lang='lat' dir='ltr'>crimen</span> <span class='ocrx_word' id='word_1_506' title='bbox 3168 3199 3242 3256; x_wconf 89' lang='lat' dir='ltr'>sit</span> <span class='ocrx_word' id='word_1_507' title='bbox 3282 3199 3651 3272; x_wconf 87' lang='lat' dir='ltr'>apertissime</span> 
     </span>
    </p>
   </div>
   <div class='ocr_carea' id='block_1_68' title="bbox 2002 3286 3649 3359">
    <p class='ocr_par' dir='ltr' id='par_1_68' title="bbox 2002 3286 3649 3359">
     <span class='ocr_line' id='line_1_70' title="bbox 2002 3286 3649 3359; baseline -0.001 -15"><span class='ocrx_word' id='word_1_508' title='bbox 2002 3288 2716 3359; x_wconf 79' lang='lat' dir='ltr'>declaratur,protestante</span> <span class='ocrx_word' id='word_1_509' title='bbox 2736 3303 2839 3358; x_wconf 92' lang='lat' dir='ltr'><strong>per</strong></span> <span class='ocrx_word' id='word_1_510' title='bbox 2866 3286 3264 3358; x_wconf 89' lang='lat' dir='ltr'>Augustinum</span> <span class='ocrx_word' id='word_1_511' title='bbox 3295 3287 3489 3343; x_wconf 90' lang='lat' dir='ltr'>divino</span> <span class='ocrx_word' id='word_1_512' title='bbox 3520 3304 3649 3343; x_wconf 87' lang='lat' dir='ltr'>ora-</span> 
     </span>
    </p>
   </div>
   <div class='ocr_carea' id='block_1_69' title="bbox 2002 3374 3648 3446">
    <p class='ocr_par' dir='ltr' id='par_1_69' title="bbox 2002 3374 3648 3446">
     <span class='ocr_line' id='line_1_71' title="bbox 2002 3374 3648 3446; baseline -0.001 -13"><span class='ocrx_word' id='word_1_513' title='bbox 2002 3376 2133 3433; x_wconf 91' lang='lat' dir='ltr'>culo</span> <span class='ocrx_word' id='word_1_514' title='bbox 2165 3393 2231 3432; x_wconf 94' lang='lat' dir='ltr'>ac</span> <span class='ocrx_word' id='word_1_515' title='bbox 2262 3377 2492 3432; x_wconf 91' lang='lat' dir='ltr'>dicente</span> <span class='ocrx_word' id='word_1_516' title='bbox 2524 3376 2833 3444; x_wconf 81' lang='lat' dir='ltr'>(FULGENT.</span> <span class='ocrx_word' id='word_1_517' title='bbox 2869 3376 2942 3430; x_wconf 92' lang='lat' dir='ltr'>De</span> <span class='ocrx_word' id='word_1_518' title='bbox 2970 3374 3077 3446; x_wconf 80' lang='lat' dir='ltr'>ﬁde</span> <span class='ocrx_word' id='word_1_519' title='bbox 3102 3375 3172 3430; x_wconf 87' lang='lat' dir='ltr'>ad</span> <span class='ocrx_word' id='word_1_520' title='bbox 3199 3377 3345 3432; x_wconf 84' lang='lat' dir='ltr'>Petr.</span> <span class='ocrx_word' id='word_1_521' title='bbox 3377 3392 3428 3432; x_wconf 94' lang='lat' dir='ltr'>c.</span> <span class='ocrx_word' id='word_1_522' title='bbox 3484 3377 3648 3445; x_wconf 79' lang='lat'><strong>391):</strong></span> 
     </span>
    </p>
   </div>
   <div class='ocr_carea' id='block_1_70' title="bbox 2000 3464 3650 3523">
    <p class='ocr_par' dir='ltr' id='par_1_70' title="bbox 2000 3464 3650 3523">
     <span class='ocr_line' id='line_1_72' title="bbox 2000 3464 3650 3523; baseline 0.001 -2"><span class='ocrx_word' id='word_1_523' title='bbox 2000 3467 2342 3522; x_wconf 81' lang='lat' dir='ltr'>Firmissime</span> <span class='ocrx_word' id='word_1_524' title='bbox 2374 3469 2495 3521; x_wconf 88' lang='lat' dir='ltr'>tene</span> <span class='ocrx_word' id='word_1_525' title='bbox 2522 3473 2574 3521; x_wconf 88' lang='lat' dir='ltr'>et</span> <span class='ocrx_word' id='word_1_526' title='bbox 2627 3466 2947 3520; x_wconf 83' lang='lat' dir='ltr'>nullatenus</span> <span class='ocrx_word' id='word_1_527' title='bbox 2975 3464 3189 3520; x_wconf 82' lang='lat' dir='ltr'>dubites</span> <span class='ocrx_word' id='word_1_528' title='bbox 3226 3480 3443 3521; x_wconf 87' lang='lat' dir='ltr'>omnem</span> <span class='ocrx_word' id='word_1_529' title='bbox 3474 3464 3650 3523; x_wconf 69' lang='lat' dir='ltr'>haere-</span> 
     </span>
    </p>
   </div>
   <div class='ocr_carea' id='block_1_71' title="bbox 2001 3554 3652 3628">
    <p class='ocr_par' dir='ltr' id='par_1_71' title="bbox 2001 3554 3652 3628">
     <span class='ocr_line' id='line_1_73' title="bbox 2001 3554 3652 3628; baseline -0.001 -17"><span class='ocrx_word' id='word_1_530' title='bbox 2001 3557 2171 3611; x_wconf 86' lang='lat' dir='ltr'>ticum</span> <span class='ocrx_word' id='word_1_531' title='bbox 2202 3557 2282 3611; x_wconf 78' lang='lat' dir='ltr'>vel</span> <span class='ocrx_word' id='word_1_532' title='bbox 2311 3555 2740 3621; x_wconf 88' lang='lat' dir='ltr'>schismaticum,</span> <span class='ocrx_word' id='word_1_533' title='bbox 2772 3556 3021 3626; x_wconf 84' lang='lat' dir='ltr'>quamvis</span> <span class='ocrx_word' id='word_1_534' title='bbox 3050 3555 3252 3611; x_wconf 83' lang='lat' dir='ltr'>multas</span> <span class='ocrx_word' id='word_1_535' title='bbox 3283 3554 3652 3628; x_wconf 86' lang='lat' dir='ltr'>eleemosynas</span> 
     </span>
    </p>
   </div>
   <div class='ocr_carea' id='block_1_72' title="bbox 1998 3643 3654 3717">
    <p class='ocr_par' dir='ltr' id='par_1_72' title="bbox 1998 3643 3654 3717">
     <span class='ocr_line' id='line_1_74' title="bbox 1998 3643 3654 3717; baseline 0.001 -17"><span class='ocrx_word' id='word_1_536' title='bbox 1998 3647 2189 3717; x_wconf 80' lang='lat' dir='ltr'>faciat,</span> <span class='ocrx_word' id='word_1_537' title='bbox 2219 3645 2303 3700; x_wconf 87' lang='lat' dir='ltr'>vel</span> <span class='ocrx_word' id='word_1_538' title='bbox 2330 3646 2497 3701; x_wconf 81' lang='lat' dir='ltr'>etiam</span> <span class='ocrx_word' id='word_1_539' title='bbox 2520 3660 2623 3717; x_wconf 87' lang='lat' dir='ltr'>pro</span> <span class='ocrx_word' id='word_1_540' title='bbox 2677 3643 2885 3699; x_wconf 86' lang='lat' dir='ltr'>Christo</span> <span class='ocrx_word' id='word_1_541' title='bbox 2912 3644 3239 3715; x_wconf 87' lang='lat' dir='ltr'>sanguinem</span> <span class='ocrx_word' id='word_1_542' title='bbox 3276 3644 3496 3717; x_wconf 84' lang='lat' dir='ltr'>fundat,</span> <span class='ocrx_word' id='word_1_543' title='bbox 3530 3661 3654 3701; x_wconf 87' lang='lat' dir='ltr'>cum</span> 
     </span>
    </p>
   </div>
   <div class='ocr_carea' id='block_1_73' title="bbox 2000 3733 3653 3804">
    <p class='ocr_par' dir='ltr' id='par_1_73' title="bbox 2000 3733 3653 3804">
     <span class='ocr_line' id='line_1_75' title="bbox 2000 3733 3653 3804; baseline 0.001 -15"><span class='ocrx_word' id='word_1_544' title='bbox 2000 3734 2216 3789; x_wconf 83' lang='lat' dir='ltr'>diabolo</span> <span class='ocrx_word' id='word_1_545' title='bbox 2247 3739 2299 3789; x_wconf 89' lang='lat' dir='ltr'>et</span> <span class='ocrx_word' id='word_1_546' title='bbox 2329 3734 2542 3801; x_wconf 83' lang='lat' dir='ltr'>angelis</span> <span class='ocrx_word' id='word_1_547' title='bbox 2594 3733 2711 3803; x_wconf 82' lang='lat' dir='ltr'>ejus</span> <span class='ocrx_word' id='word_1_548' title='bbox 2740 3736 2939 3790; x_wconf 58' lang='grc' dir='ltr'>«τίθνηί</span> <span class='ocrx_word' id='word_1_549' title='bbox 2972 3734 3115 3804; x_wconf 88' lang='lat' dir='ltr'>ignis</span> <span class='ocrx_word' id='word_1_550' title='bbox 3146 3734 3396 3790; x_wconf 82' lang='lat' dir='ltr'>incendio</span> <span class='ocrx_word' id='word_1_551' title='bbox 3441 3736 3653 3790; x_wconf 82' lang='lat' dir='ltr'>manci-</span> 
     </span>
    </p>
   </div>
   <div class='ocr_carea' id='block_1_74' title="bbox 1996 3822 3657 3896">
    <p class='ocr_par' dir='ltr' id='par_1_74' title="bbox 1996 3822 3657 3896">
     <span class='ocr_line' id='line_1_76' title="bbox 1996 3822 3657 3896; baseline 0.001 -18"><span class='ocrx_word' id='word_1_552' title='bbox 1996 3823 2262 3896; x_wconf 79' lang='lat' dir='ltr'>pandam,</span> <span class='ocrx_word' id='word_1_553' title='bbox 2317 3823 2431 3877; x_wconf 86' lang='lat' dir='ltr'>nisi</span> <span class='ocrx_word' id='word_1_554' title='bbox 2459 3825 2585 3878; x_wconf 86' lang='lat' dir='ltr'>ante</span> <span class='ocrx_word' id='word_1_555' title='bbox 2614 3823 2779 3892; x_wconf 79' lang='lat' dir='ltr'>ﬁnem</span> <span class='ocrx_word' id='word_1_556' title='bbox 2809 3822 2972 3894; x_wconf 83' lang='lat' dir='ltr'>hujus</span> <span class='ocrx_word' id='word_1_557' title='bbox 3002 3824 3135 3878; x_wconf 69' lang='lat' dir='ltr'>vitae</span> <span class='ocrx_word' id='word_1_558' title='bbox 3179 3823 3457 3878; x_wconf 57' lang='lat' dir='ltr'>catholica</span> <span class='ocrx_word' id='word_1_559' title='bbox 3484 3825 3657 3894; x_wconf 80' lang='lat' dir='ltr'>fuerit</span> 
     </span>
    </p>
   </div>
   <div class='ocr_carea' id='block_1_75' title="bbox 2004 3910 3656 3983">
    <p class='ocr_par' dir='ltr' id='par_1_75' title="bbox 2004 3910 3656 3983">
     <span class='ocr_line' id='line_1_77' title="bbox 2004 3910 3656 3983; baseline 0 -16"><span class='ocrx_word' id='word_1_560' title='bbox 2004 3915 2384 3983; x_wconf 81' lang='lat' dir='ltr'>incarporatus</span> <span class='ocrx_word' id='word_1_561' title='bbox 2442 3918 2496 3966; x_wconf 88' lang='lat' dir='ltr'>et</span> <span class='ocrx_word' id='word_1_562' title='bbox 2546 3911 2947 3981; x_wconf 72' lang='lat' dir='ltr'>redintegratus</span> <span class='ocrx_word' id='word_1_563' title='bbox 3021 3910 3287 3966; x_wconf 70' lang='lat' dir='ltr'>Ecclesiae.</span> <span class='ocrx_word' id='word_1_564' title='bbox 3364 3910 3509 3967; x_wconf 90' lang='lat' dir='ltr'><strong>Hinc</strong></span> <span class='ocrx_word' id='word_1_565' title='bbox 3566 3915 3656 3967; x_wconf 90' lang='lat' dir='ltr'>est</span> 
     </span>
    </p>
   </div>
   <div class='ocr_carea' id='block_1_76' title="bbox 2001 3998 3653 4073">
    <p class='ocr_par' dir='ltr' id='par_1_76' title="bbox 2001 3998 3653 4073">
     <span class='ocr_line' id='line_1_78' title="bbox 2001 3998 3653 4073; baseline 0.001 -19"><span class='ocrx_word' id='word_1_566' title='bbox 2001 4001 2156 4073; x_wconf 90' lang='lat' dir='ltr'>quod</span> <span class='ocrx_word' id='word_1_567' title='bbox 2189 3998 2475 4056; x_wconf 88' lang='lat' dir='ltr'>Dominus</span> <span class='ocrx_word' id='word_1_568' title='bbox 2532 4000 2849 4056; x_wconf 89' lang='lat' dir='ltr'>vendentes</span> <span class='ocrx_word' id='word_1_569' title='bbox 2906 4003 2964 4054; x_wconf 89' lang='lat' dir='ltr'>et</span> <span class='ocrx_word' id='word_1_570' title='bbox 3003 4002 3262 4054; x_wconf 88' lang='lat' dir='ltr'>ementes</span> <span class='ocrx_word' id='word_1_571' title='bbox 3310 4000 3384 4055; x_wconf 88' lang='lat' dir='ltr'>de</span> <span class='ocrx_word' id='word_1_572' title='bbox 3434 3998 3653 4072; x_wconf 89' lang='lat' dir='ltr'>templo</span> 
     </span>
    </p>
   </div>
   <div class='ocr_carea' id='block_1_77' title="bbox 2002 4087 3649 4161">
    <p class='ocr_par' dir='ltr' id='par_1_77' title="bbox 2002 4087 3649 4161">
     <span class='ocr_line' id='line_1_79' title="bbox 2002 4087 3649 4161; baseline -0.001 -16"><span class='ocrx_word' id='word_1_573' title='bbox 2002 4090 2191 4161; x_wconf 90' lang='lat' dir='ltr'>ejccit,</span> <span class='ocrx_word' id='word_1_574' title='bbox 2225 4088 2453 4144; x_wconf 87' lang='lat' dir='ltr'>Dathan</span> <span class='ocrx_word' id='word_1_575' title='bbox 2482 4092 2540 4144; x_wconf 91' lang='lat' dir='ltr'>et</span> <span class='ocrx_word' id='word_1_576' title='bbox 2568 4088 2785 4144; x_wconf 90' lang='lat' dir='ltr'>Abiron</span> <span class='ocrx_word' id='word_1_577' title='bbox 2818 4087 3142 4143; x_wconf 89' lang='lat' dir='ltr'>ambientes</span> <span class='ocrx_word' id='word_1_578' title='bbox 3194 4092 3351 4144; x_wconf 88' lang='lat' dir='ltr'>terra</span> <span class='ocrx_word' id='word_1_579' title='bbox 3398 4087 3649 4161; x_wconf 82' lang='lat' dir='ltr'>glutivit,</span> 
     </span>
    </p>
   </div>
   <div class='ocr_carea' id='block_1_78' title="bbox 2002 4177 3653 4250">
    <p class='ocr_par' dir='ltr' id='par_1_78' title="bbox 2002 4177 3653 4250">
     <span class='ocr_line' id='line_1_80' title="bbox 2002 4177 3653 4250; baseline -0.002 -14"><span class='ocrx_word' id='word_1_580' title='bbox 2002 4179 2417 4250; x_wconf 90' lang='lat' dir='ltr'>Simonemque</span> <span class='ocrx_word' id='word_1_581' title='bbox 2449 4180 2773 4233; x_wconf 87' lang='lat' dir='ltr'>tentantem</span> <span class='ocrx_word' id='word_1_582' title='bbox 2795 4177 3000 4233; x_wconf 90' lang='lat' dir='ltr'>Petrus</span> <span class='ocrx_word' id='word_1_583' title='bbox 3021 4177 3653 4246; x_wconf 73' lang='lat' dir='ltr'>damnavit(li),omnes-</span> 
     </span>
    </p>
   </div>
   <div class='ocr_carea' id='block_1_79' title="bbox 2001 4265 3654 4341">
    <p class='ocr_par' dir='ltr' id='par_1_79' title="bbox 2001 4265 3654 4341">
     <span class='ocr_line' id='line_1_81' title="bbox 2001 4265 3654 4341; baseline -0.001 -17"><span class='ocrx_word' id='word_1_584' title='bbox 2001 4285 2116 4341; x_wconf 91' lang='lat' dir='ltr'>que</span> <span class='ocrx_word' id='word_1_585' title='bbox 2148 4268 2207 4323; x_wconf 93' lang='lat' dir='ltr'>in</span> <span class='ocrx_word' id='word_1_586' title='bbox 2239 4284 2306 4324; x_wconf 92' lang='lat' dir='ltr'>eo</span> <span class='ocrx_word' id='word_1_587' title='bbox 2337 4265 2700 4323; x_wconf 89' lang='lat' dir='ltr'>Simoniacos</span> <span class='ocrx_word' id='word_1_588' title='bbox 2730 4265 3138 4322; x_wconf 86' lang='lat' dir='ltr'>ecclesiasticis</span> <span class='ocrx_word' id='word_1_589' title='bbox 3175 4266 3393 4338; x_wconf 88' lang='lat' dir='ltr'>jaculis</span> <span class='ocrx_word' id='word_1_590' title='bbox 3450 4266 3654 4323; x_wconf 86' lang='lat' dir='ltr'>Petrus</span> 
     </span>
    </p>
   </div>
   <div class='ocr_carea' id='block_1_80' title="bbox 2002 4354 3651 4430">
    <p class='ocr_par' dir='ltr' id='par_1_80' title="bbox 2002 4354 3651 4430">
     <span class='ocr_line' id='line_1_82' title="bbox 2002 4354 3651 4430; baseline 0 -18"><span class='ocrx_word' id='word_1_591' title='bbox 2002 4361 2283 4430; x_wconf 90' lang='lat' dir='ltr'>perpetuo</span> <span class='ocrx_word' id='word_1_592' title='bbox 2302 4356 2673 4413; x_wconf 90' lang='lat' dir='ltr'>anathemate</span> <span class='ocrx_word' id='word_1_593' title='bbox 2688 4354 3116 4412; x_wconf 88' lang='lat' dir='ltr'>condemnavit.</span> <span class='ocrx_word' id='word_1_594' title='bbox 3137 4357 3204 4411; x_wconf 88' lang='lat' dir='ltr'>Et</span> <span class='ocrx_word' id='word_1_595' title='bbox 3215 4361 3385 4429; x_wconf 90' lang='lat' dir='ltr'>turpe</span> <span class='ocrx_word' id='word_1_596' title='bbox 3401 4355 3651 4412; x_wconf 88' lang='lat' dir='ltr'>nimium</span> 
     </span>
    </p>
   </div>
   <div class='ocr_carea' id='block_1_81' title="bbox 2002 4441 3653 4519">
    <p class='ocr_par' dir='ltr' id='par_1_81' title="bbox 2002 4441 3653 4519">
     <span class='ocr_line' id='line_1_83' title="bbox 2002 4441 3653 4519; baseline -0.001 -16"><span class='ocrx_word' id='word_1_597' title='bbox 2002 4451 2092 4503; x_wconf 92' lang='lat' dir='ltr'>est</span> <span class='ocrx_word' id='word_1_598' title='bbox 2122 4452 2188 4503; x_wconf 91' lang='lat' dir='ltr'>ut</span> <span class='ocrx_word' id='word_1_599' title='bbox 2216 4445 2276 4502; x_wconf 89' lang='lat' dir='ltr'>in</span> <span class='ocrx_word' id='word_1_600' title='bbox 2307 4445 2793 4518; x_wconf 82' lang='lat' dir='ltr'>plenissimojam</span> <span class='ocrx_word' id='word_1_601' title='bbox 2824 4445 3019 4519; x_wconf 85' lang='lat' dir='ltr'>vigore</span> <span class='ocrx_word' id='word_1_602' title='bbox 3051 4447 3130 4518; x_wconf 87' lang='lat'><strong>(5)</strong></span> <span class='ocrx_word' id='word_1_603' title='bbox 3152 4441 3509 4503; x_wconf 85' lang='lat' dir='ltr'>conﬁrmata</span> <span class='ocrx_word' id='word_1_604' title='bbox 3550 4449 3653 4502; x_wconf 89' lang='lat' dir='ltr'>Ec-</span> 
     </span>
    </p>
   </div>
   <div class='ocr_carea' id='block_1_82' title="bbox 2005 4533 3664 4607">
    <p class='ocr_par' dir='ltr' id='par_1_82' title="bbox 2005 4533 3664 4607">
     <span class='ocr_line' id='line_1_84' title="bbox 2005 4533 3664 4607; baseline -0.001 -16"><span class='ocrx_word' id='word_1_605' title='bbox 2005 4534 2182 4591; x_wconf 88' lang='lat' dir='ltr'>clesia</span> <span class='ocrx_word' id='word_1_606' title='bbox 2203 4538 2323 4591; x_wconf 88' lang='lat' dir='ltr'>tam</span> <span class='ocrx_word' id='word_1_607' title='bbox 2356 4534 2519 4591; x_wconf 88' lang='lat' dir='ltr'>ferali</span> <span class='ocrx_word' id='word_1_608' title='bbox 2553 4533 2793 4591; x_wconf 89' lang='lat' dir='ltr'>inimico</span> <span class='ocrx_word' id='word_1_609' title='bbox 2823 4535 3272 4604; x_wconf 88' lang='lat' dir='ltr'>succumbat,de</span> <span class='ocrx_word' id='word_1_610' title='bbox 3302 4551 3418 4607; x_wconf 93' lang='lat' dir='ltr'>quo</span> <span class='ocrx_word' id='word_1_611' title='bbox 3450 4534 3510 4590; x_wconf 92' lang='lat' dir='ltr'><strong>in</strong></span> <span class='ocrx_word' id='word_1_612' title='bbox 3528 4534 3664 4607; x_wconf 68' lang='lat' dir='ltr'>pri—</span> 
     </span>
    </p>
   </div>
   <div class='ocr_carea' id='block_1_83' title="bbox 2005 4622 3652 4697">
    <p class='ocr_par' dir='ltr' id='par_1_83' title="bbox 2005 4622 3652 4697">
     <span class='ocr_line' id='line_1_85' title="bbox 2005 4622 3652 4697; baseline 0.001 -20"><span class='ocrx_word' id='word_1_613' title='bbox 2005 4623 2231 4678; x_wconf 86' lang='lat' dir='ltr'>mordio</span> <span class='ocrx_word' id='word_1_614' title='bbox 2249 4640 2366 4679; x_wconf 73' lang='lat' dir='ltr'>suae</span> <span class='ocrx_word' id='word_1_615' title='bbox 2381 4622 2639 4678; x_wconf 61' lang='lat' dir='ltr'>in’antiee</span> <span class='ocrx_word' id='word_1_616' title='bbox 2662 4623 3051 4680; x_wconf 89' lang='lat' dir='ltr'>tantavirtute</span> <span class='ocrx_word' id='word_1_617' title='bbox 3072 4623 3418 4696; x_wconf 87' lang='lat' dir='ltr'>triumphat.</span> <span class='ocrx_word' id='word_1_618' title='bbox 3436 4623 3496 4680; x_wconf 93' lang='lat' dir='ltr'>Si</span> <span class='ocrx_word' id='word_1_619' title='bbox 3520 4623 3652 4697; x_wconf 92' lang='lat' dir='ltr'>quis</span> 
     </span>
    </p>
   </div>
   <div class='ocr_carea' id='block_1_84' title="bbox 2005 4711 3653 4784">
    <p class='ocr_par' dir='ltr' id='par_1_84' title="bbox 2005 4711 3653 4784">
     <span class='ocr_line' id='line_1_86' title="bbox 2005 4711 3653 4784; baseline 0.001 -18"><span class='ocrx_word' id='word_1_620' title='bbox 2005 4714 2080 4782; x_wconf 88' lang='grc'>(1,</span> <span class='ocrx_word' id='word_1_621' title='bbox 2111 4728 2168 4782; x_wconf 91' lang='lat' dir='ltr'>q.</span> <span class='ocrx_word' id='word_1_622' title='bbox 2204 4712 2259 4779; x_wconf 90' lang='lat'>3,</span> <span class='ocrx_word' id='word_1_623' title='bbox 2290 4728 2340 4765; x_wconf 94' lang='lat' dir='ltr'>c.</span> <span class='ocrx_word' id='word_1_624' title='bbox 2371 4713 2429 4776; x_wconf 95' lang='lat'>7,</span> <span class='ocrx_word' id='word_1_625' title='bbox 2459 4711 2521 4766; x_wconf 91' lang='lat' dir='ltr'>Si</span> <span class='ocrx_word' id='word_1_626' title='bbox 2548 4712 2670 4782; x_wconf 86' lang='lat' dir='ltr'>quis</span> <span class='ocrx_word' id='word_1_627' title='bbox 2701 4712 2978 4784; x_wconf 82' lang='lat' dir='ltr'>objecerit)</span> <span class='ocrx_word' id='word_1_628' title='bbox 3009 4716 3206 4769; x_wconf 88' lang='lat' dir='ltr'>autem</span> <span class='ocrx_word' id='word_1_629' title='bbox 3239 4712 3515 4783; x_wconf 86' lang='lat' dir='ltr'>objccerit</span> <span class='ocrx_word' id='word_1_630' title='bbox 3536 4729 3653 4768; x_wconf 89' lang='lat' dir='ltr'><strong>non</strong></span> 
     </span>
    </p>
   </div>
   <div class='ocr_carea' id='block_1_85' title="bbox 2005 4800 3654 4872">
    <p class='ocr_par' dir='ltr' id='par_1_85' title="bbox 2005 4800 3654 4872">
     <span class='ocr_line' id='line_1_87' title="bbox 2005 4800 3654 4872; baseline 0.001 -17"><span class='ocrx_word' id='word_1_631' title='bbox 2005 4800 2471 4856; x_wconf 87' lang='lat' dir='ltr'>consecrationes</span> <span class='ocrx_word' id='word_1_632' title='bbox 2502 4800 2604 4855; x_wconf 90' lang='lat' dir='ltr'>sed</span> <span class='ocrx_word' id='word_1_633' title='bbox 2646 4816 2737 4855; x_wconf 93' lang='lat' dir='ltr'>res</span> <span class='ocrx_word' id='word_1_634' title='bbox 2769 4800 2930 4871; x_wconf 89' lang='lat' dir='ltr'>ipsas</span> <span class='ocrx_word' id='word_1_635' title='bbox 2982 4817 3112 4872; x_wconf 79' lang='lat' dir='ltr'>quas</span> <span class='ocrx_word' id='word_1_636' title='bbox 3168 4817 3238 4856; x_wconf 82' lang='lat' dir='ltr'>ex</span> <span class='ocrx_word' id='word_1_637' title='bbox 3267 4800 3654 4857; x_wconf 82' lang='lat' dir='ltr'>consecratio-</span> 
     </span>
    </p>
   </div>
   <div class='ocr_carea' id='block_1_86' title="bbox 2005 4886 3653 4961">
    <p class='ocr_par' dir='ltr' id='par_1_86' title="bbox 2005 4886 3653 4961">
     <span class='ocr_line' id='line_1_88' title="bbox 2005 4886 3653 4961; baseline -0.001 -18"><span class='ocrx_word' id='word_1_638' title='bbox 2005 4905 2077 4945; x_wconf 90' lang='lat' dir='ltr'>ne</span> <span class='ocrx_word' id='word_1_639' title='bbox 2127 4886 2475 4961; x_wconf 82' lang='lat' dir='ltr'>proveniunt</span> <span class='ocrx_word' id='word_1_640' title='bbox 2514 4887 2708 4955; x_wconf 90' lang='lat' dir='ltr'>vendi,</span> <span class='ocrx_word' id='word_1_641' title='bbox 2738 4888 2970 4944; x_wconf 91' lang='lat' dir='ltr'>videtur</span> <span class='ocrx_word' id='word_1_642' title='bbox 2998 4891 3070 4961; x_wconf 87' lang='lat'><strong>(6)</strong></span> <span class='ocrx_word' id='word_1_643' title='bbox 3130 4888 3370 4960; x_wconf 90' lang='lat' dir='ltr'>quidem</span> <span class='ocrx_word' id='word_1_644' title='bbox 3402 4886 3653 4959; x_wconf 84' lang='lat' dir='ltr'>aliquid</span> 
     </span>
    </p>
   </div>
   <div class='ocr_carea' id='block_1_87' title="bbox 2076 5028 3652 5104">
    <p class='ocr_par' dir='ltr' id='par_1_87' title="bbox 2076 5028 3652 5104">
     <span class='ocr_line' id='line_1_89' title="bbox 2076 5028 3652 5104; baseline -0.001 -19"><span class='ocrx_word' id='word_1_645' title='bbox 2076 5032 2152 5104; x_wconf 79' lang='grc'>(5)</span> <span class='ocrx_word' id='word_1_646' title='bbox 2182 5030 2509 5104; x_wconf 78' lang='lat' dir='ltr'>Plenissimo</span> <span class='ocrx_word' id='word_1_647' title='bbox 2530 5030 2652 5104; x_wconf 78' lang='lat' dir='ltr'>jam</span> <span class='ocrx_word' id='word_1_648' title='bbox 2680 5030 2885 5104; x_wconf 67' lang='lat' dir='ltr'>uigore.</span> <span class='ocrx_word' id='word_1_649' title='bbox 2920 5033 3008 5104; x_wconf 80' lang='lat' dir='ltr'>Ita</span> <span class='ocrx_word' id='word_1_650' title='bbox 3030 5028 3260 5104; x_wconf 87' lang='lat' dir='ltr'>codices</span> <span class='ocrx_word' id='word_1_651' title='bbox 3303 5028 3478 5085; x_wconf 87' lang='lat' dir='ltr'>Colbe</span> <span class='ocrx_word' id='word_1_652' title='bbox 3492 5028 3652 5085; x_wconf 87' lang='lat' dir='ltr'>rtini.</span> 
     </span>
    </p>
   </div>
   <div class='ocr_carea' id='block_1_88' title="bbox 2003 5100 3376 5173">
    <p class='ocr_par' dir='ltr' id='par_1_88' title="bbox 2003 5100 3376 5173">
     <span class='ocr_line' id='line_1_90' title="bbox 2003 5100 3376 5173; baseline -0.003 -15"><span class='ocrx_word' id='word_1_653' title='bbox 2003 5100 2239 5173; x_wconf 54' lang='lat' dir='ltr'>At&#39;Regi</span> <span class='ocrx_word' id='word_1_654' title='bbox 2250 5117 2321 5157; x_wconf 92' lang='lat' dir='ltr'>us</span> <span class='ocrx_word' id='word_1_655' title='bbox 2350 5100 2539 5173; x_wconf 81' lang='lat' dir='ltr'>habet</span> <span class='ocrx_word' id='word_1_656' title='bbox 2558 5101 2943 5173; x_wconf 81' lang='lat' dir='ltr'>plenissimum</span> <span class='ocrx_word' id='word_1_657' title='bbox 2964 5101 3376 5173; x_wconf 82' lang='lat' dir='ltr'>jamvigorem.</span> 
     </span>
    </p>
   </div>
   <div class='ocr_carea' id='block_1_89' title="bbox 2077 5170 3655 5255">
    <p class='ocr_par' dir='ltr' id='par_1_89' title="bbox 2077 5170 3655 5255">
     <span class='ocr_line' id='line_1_91' title="bbox 2077 5170 3655 5255; baseline -0.001 -27"><span class='ocrx_word' id='word_1_658' title='bbox 2188 5170 2370 5255; x_wconf 56' lang='lat' dir='ltr'>lfendi,</span> <span class='ocrx_word' id='word_1_659' title='bbox 2398 5170 3065 5255; x_wconf 23' lang='lat' dir='ltr'>valletursﬂetinuimus</span> <span class='ocrx_word' id='word_1_660' title='bbox 3097 5170 3655 5255; x_wconf 67' lang='lat' dir='ltr'>lectionemcodicis</span> 
     </span>
    </p>
   </div>
   <div class='ocr_carea' id='block_1_90' title="bbox 2005 5242 3658 5329">
    <p class='ocr_par' dir='ltr' id='par_1_90' title="bbox 2005 5242 3658 5329">
     <span class='ocr_line' id='line_1_92' title="bbox 2005 5242 3658 5329; baseline -0.001 -29"><span class='ocrx_word' id='word_1_661' title='bbox 2005 5242 2170 5329; x_wconf 69' lang='lat' dir='ltr'>regii.</span> <span class='ocrx_word' id='word_1_662' title='bbox 2208 5247 2267 5329; x_wconf 77' lang='lat' dir='ltr'>l_n</span> <span class='ocrx_word' id='word_1_663' title='bbox 2298 5260 2412 5329; x_wconf 79' lang='lat' dir='ltr'>uno</span> <span class='ocrx_word' id='word_1_664' title='bbox 2440 5242 2770 5329; x_wconf 61' lang='lat' dir='ltr'>golbertino</span> <span class='ocrx_word' id='word_1_665' title='bbox 2802 5244 3090 5329; x_wconf 80' lang='lat' dir='ltr'>scriptum</span> <span class='ocrx_word' id='word_1_666' title='bbox 3101 5248 3229 5329; x_wconf 35' lang='lat' dir='ltr'>.est,</span> <span class='ocrx_word' id='word_1_667' title='bbox 3252 5242 3424 5329; x_wconf 50' lang='lat' dir='ltr'>pendi</span> <span class='ocrx_word' id='word_1_668' title='bbox 3442 5243 3658 5329; x_wconf 71' lang='lat' dir='ltr'>videtur</span> 
     </span>
    </p>
   </div>
   <div class='ocr_carea' id='block_1_91' title="bbox 2003 5314 3655 5389">
    <p class='ocr_par' dir='ltr' id='par_1_91' title="bbox 2003 5314 3655 5389">
     <span class='ocr_line' id='line_1_93' title="bbox 2003 5314 3655 5389; baseline -0.001 -17"><span class='ocrx_word' id='word_1_669' title='bbox 2003 5314 2136 5389; x_wconf 74' lang='lat' dir='ltr'>quid</span> <span class='ocrx_word' id='word_1_670' title='bbox 2165 5315 2484 5389; x_wconf 75' lang='lat' dir='ltr'>estaliquid</span> <span class='ocrx_word' id='word_1_671' title='bbox 2503 5316 2679 5389; x_wconf 74' lang='lat' dir='ltr'>dicere</span> <span class='ocrx_word' id='word_1_672' title='bbox 2706 5314 2816 5370; x_wconf 85' lang='lat' dir='ltr'>nisi</span> <span class='ocrx_word' id='word_1_673' title='bbox 2836 5314 2939 5370; x_wconf 76' lang='lat' dir='ltr'>aut</span> <span class='ocrx_word' id='word_1_674' title='bbox 2957 5316 3177 5389; x_wconf 77' lang='lat' dir='ltr'>penitus</span> <span class='ocrx_word' id='word_1_675' title='bbox 3198 5315 3342 5389; x_wconf 85' lang='lat' dir='ltr'>nihil</span> <span class='ocrx_word' id='word_1_676' title='bbox 3366 5331 3572 5389; x_wconf 75' lang='lat' dir='ltr'>sapere.</span> <span class='ocrx_word' id='word_1_677' title='bbox 3591 5315 3655 5371; x_wconf 91' lang='lat' dir='ltr'><strong>In</strong></span> 
     </span>
    </p>
   </div>
   <div class='ocr_carea' id='block_1_92' title="bbox 2006 5386 3654 5459">
    <p class='ocr_par' dir='ltr' id='par_1_92' title="bbox 2006 5386 3654 5459">
     <span class='ocr_line' id='line_1_94' title="bbox 2006 5386 3654 5459; baseline 0 -16"><span class='ocrx_word' id='word_1_678' title='bbox 2006 5386 2142 5454; x_wconf 82' lang='lat' dir='ltr'>alio,</span> <span class='ocrx_word' id='word_1_679' title='bbox 2176 5388 2276 5445; x_wconf 89' lang='lat' dir='ltr'>ubi</span> <span class='ocrx_word' id='word_1_680' title='bbox 2307 5386 2415 5444; x_wconf 82' lang='lat' dir='ltr'>vox</span> <span class='ocrx_word' id='word_1_681' title='bbox 2444 5387 2607 5443; x_wconf 84' lang='lat' dir='ltr'>vendi</span> <span class='ocrx_word' id='word_1_682' title='bbox 2636 5402 2749 5459; x_wconf 89' lang='lat' dir='ltr'>non</span> <span class='ocrx_word' id='word_1_683' title='bbox 2773 5386 2978 5455; x_wconf 82' lang='lat' dir='ltr'>exstat,</span> <span class='ocrx_word' id='word_1_684' title='bbox 3015 5387 3097 5441; x_wconf 88' lang='lat' dir='ltr'><strong>ita</strong></span> <span class='ocrx_word' id='word_1_685' title='bbox 3122 5386 3336 5459; x_wconf 87' lang='lat' dir='ltr'>legitur</span> <span class='ocrx_word' id='word_1_686' title='bbox 3366 5386 3461 5442; x_wconf 83' lang='lat' dir='ltr'>hic</span> <span class='ocrx_word' id='word_1_687' title='bbox 3488 5387 3654 5443; x_wconf 88' lang='lat' dir='ltr'>locus</span> 
     </span>
    </p>
   </div>
   <div class='ocr_carea' id='block_1_93' title="bbox 2004 5458 3652 5537">
    <p class='ocr_par' dir='ltr' id='par_1_93' title="bbox 2004 5458 3652 5537">
     <span class='ocr_line' id='line_1_95' title="bbox 2004 5458 3652 5537; baseline -0.001 -22"><span class='ocrx_word' id='word_1_688' title='bbox 2004 5460 2136 5533; x_wconf 83' lang='lat' dir='ltr'>quid</span> <span class='ocrx_word' id='word_1_689' title='bbox 2156 5464 2216 5515; x_wconf 88' lang='lat' dir='ltr'>ut</span> <span class='ocrx_word' id='word_1_690' title='bbox 2244 5461 2448 5533; x_wconf 85' lang='lat' dir='ltr'>aliquis</span> <span class='ocrx_word' id='word_1_691' title='bbox 2478 5459 2634 5516; x_wconf 82' lang='lat' dir='ltr'>aliud</span> <span class='ocrx_word' id='word_1_692' title='bbox 2661 5458 2857 5527; x_wconf 83' lang='lat' dir='ltr'>dicere,</span> <span class='ocrx_word' id='word_1_693' title='bbox 2916 5460 3028 5515; x_wconf 88' lang='lat' dir='ltr'>nisi</span> <span class='ocrx_word' id='word_1_694' title='bbox 3051 5458 3237 5516; x_wconf 86' lang='lat' dir='ltr'>autem</span> <span class='ocrx_word' id='word_1_695' title='bbox 3261 5461 3480 5532; x_wconf 82' lang='lat' dir='ltr'>penitus</span> <span class='ocrx_word' id='word_1_696' title='bbox 3506 5459 3652 5537; x_wconf 85' lang='lat' dir='ltr'>nihil</span> 
     </span>
    </p>
   </div>
   <div class='ocr_carea' id='block_1_94' title="bbox 2004 5548 2216 5605">
    <p class='ocr_par' dir='ltr' id='par_1_94' title="bbox 2004 5548 2216 5605">
     <span class='ocr_line' id='line_1_96' title="bbox 2004 5548 2216 5605; baseline -0.009 -17"><span class='ocrx_word' id='word_1_697' title='bbox 2004 5548 2216 5605; x_wconf 88' lang='lat' dir='ltr'>sapere.</span> 
     </span>
    </p>
   </div>
  </div>
