3984 6166
350 201 471 264 643
1090 199 1283 261 ΞᾹΞΟ.
1328 200 1406 261 ΧΙ
1450 199 1680 262 AUCT.
1728 198 1923 262 INCEI

2230 198 2280 259 ll
2328 198 2426 260 ET
2471 198 2767 261 SCRIPT.
2812 208 3038 255 ἈΔΕΣΠ.
3657 198 3803 258 644

1163 331 1206 386 Ι.
2044 336 2091 399 Α
2124 347 2239 403 que
2269 333 2397 402 ejus
2429 331 2861 404 congregationi
2893 331 3207 405 episcopus
3229 333 3496 403 peccator
3525 330 3588 386 L.
3624 330 3805 387 salu-
3954 330 3955 335 “

529 438 801 477 EPISTOLA
848 436 1186 476 ALWALONIS
1235 436 1308 475 AD
1361 437 1410 476 L.
1465 438 1825 478 PONTIFICEM.
2117 426 2231 475 tem
2264 425 2323 477 et
2344 420 2681 478 sanitatem.
3852 426 3860 431 '

347 513 491 567 Petit
536 510 745 566 absolvi
790 498 1455 583 abpexcomamnicatione
1479 511 1691 582 inﬂicta
1720 511 1784 566 ob
1816 512 2006 568 illatas
2185 509 2417 566 Gratias
2456 510 2636 566 reddo
2686 509 2873 583 vobis,
2934 510 3142 566 fratres
3192 508 3552 577 cbarissimi,
3618 510 3797 582 quod

634 581 1022 654 praepositum:
1070 579 1178 653 Cap
1186 581 1417 637 uleiensi
1460 579 1719 654 injurias.
2115 614 2207 654 ea;

2227 604 2331 654 ctaa
2346 598 2711 656 auctoritatis
2749 579 2946 655 amore
2963 598 3270 667 ferventes,
3304 614 3339 655 a
3358 579 3795 667 communione

414 686 1063 756 ALWALo,lnl88PrthS
1091 686 1223 758 plus
1244 686 1469 744 cantet-is
1486 687 2002 761 mortalibus,pec-
2114 691 2326 743 sanctae
2368 686 2640 743 Ecclesia)
2696 686 2991 760 privatum
3048 684 3412 743 Alwalonem
3469 686 3796 760 suscipere

345 781 609 833 catorum
628 791 803 831 onere
818 791 1081 849 pressus,
1116 776 1177 831 L.
1210 792 1445 832 summo
1472 776 1752 849 pontiﬁci,
1783 778 2003 835 nostris
2112 774 2385 832 noluistis
2429 775 2486 831 in
2521 775 2886 849 sepulturam
2918 791 2931 830 :
2966 776 3068 832 sed
3099 774 3258 832 hunc
3287 791 3404 849 quo
3433 779 3640 833 tenore
3671 775 3791 832 ab-

342 864 709 939 temporibus
721 861 896 919 unico
914 879 1059 937 pene
1082 864 1396 921 Dominicis
1411 864 1593 921 vineae
1617 866 1996 939 procuratori,
2111 863 2380 921 solverim
2409 869 2614 921 notum
2637 864 2848 921 faciam
2871 864 3057 920 vobis.
3075 863 3235 921 Misit
3254 879 3511 936 namque
3541 864 3615 922 ad
3628 880 3787 941 gra-

344 953 635 1027 quidquid
655 951 807 1026 patri
824 951 982 1010 [ilius
1003 952 1312 1010 dominove
1332 970 1556 1010 servus.
2109 953 2253 1010 tiam
2273 958 2486 1011 nostra)
2510 953 2839 1025 majestatis
2852 970 2998 1010 uxor
3024 969 3159 1010 cum
3182 952 3321 1009 ﬁliis
3339 953 3490 1010 duos
3517 952 3683 1010 viros
3698 953 3786 1009 fe-

413 1043 728 1101 Dominieae
761 1041 1310 1110 animadversionis,
1344 1042 1598 1116 propriis
1629 1042 2002 1116 exigentibus
2106 1041 2961 1115 renteslitteraspromittentes
2999 1058 3237 1099 omnem
3259 1041 3772 1112 emendationem,

341 1130 613 1205 peccatis,
646 1130 870 1186 ultione
898 1147 1238 1202 percussus,
1270 1131 1481 1189 mortis
1501 1131 1711 1188 timore
1734 1132 1999 1200 territus,
2106 1135 2165 1186 et
2192 1134 2455 1203 petentes
2485 1130 2609 1187 ﬁeri
2651 1129 3106 1188 absolutionem.
3138 1131 3403 1196 Quorum
3430 1145 3539 1204 ego
3566 1130 3768 1189 verbis

341 1221 551 1277 animas
582 1223 811 1276 tantum
843 1218 1053 1276 salutis
1078 1219 1356 1293 cupidus,
1382 1221 1455 1277 ad
1487 1237 1588 1277 vos
1628 1237 1731 1277 seu
1762 1220 1837 1277 ad
1868 1220 1998 1277 uni-
2106 1235 2223 1275 non
2254 1219 2518 1289 credens,
2543 1218 2700 1275 nolui
2729 1218 3023 1287 assentiri,
3051 1219 3236 1276 donec
3250 1217 3367 1291 ipsi
3396 1222 3771 1277 sacramento

342 1326 477 1366 cum
508 1309 839 1366 animarum
871 1307 1166 1365 medicum
1224 1308 1520 1383 confugio,
1579 1313 1636 1366 et
1678 1327 1806 1382 qua
1851 1309 1999 1367 meis
2095 1307 2445 1380 juraverunt
2473 1308 2629 1381 quod
2652 1325 2798 1364 uxor
2828 1324 2960 1364 cum
2994 1307 3134 1365 filiis
3164 1323 3356 1381 usque
3383 1306 3443 1364 in
3482 1307 3775 1364 festivita-

340 1398 638 1455 ulceribus
662 1397 995 1454 adhibenda
1011 1397 1131 1453 sint
1156 1397 1549 1455 medicamina
1573 1397 1890 1456 salubriter
1915 1399 2000 1455 in-
2103 1398 2298 1455 temS.
2326 1397 2579 1462 Martini,
2612 1396 2722 1469 ipsi
2741 1398 2908 1453 beato
2939 1397 3190 1454 Martiae
3202 1396 3452 1469 ejusque
3465 1396 3773 1454 canonicis

341 1487 535 1543 timeri
559 1503 830 1560 exposco.
854 1485 1050 1542 Nostis
1075 1502 1330 1559 namque
1352 1486 1478 1559 ipse
1499 1490 1719 1559 quanto
1763 1502 1994 1542 excom-
2103 1490 2259 1543 recta
2303 1486 2419 1543 ﬁde
2441 1486 2818 1543 emendarent
2840 1485 3127 1558 quidquid
3150 1485 3483 1559 principum
3510 1501 3768 1544 censura

342 1575 761 1633 municationis
785 1574 1062 1631 astrictus
1092 1579 1292 1632 teneor
1311 1576 1683 1632 anathemate
1699 1577 1772 1632 ob
1800 1577 1994 1648 Capu-
2092 1574 2390 1645 judicaret
2401 1591 2503 1633 eos
2523 1575 2734 1631 debere
2762 1575 3158 1641 emendarc,et
3177 1574 3505 1633 secundum
3532 1591 3764 1633 morem

341 1664 467 1767 ξειίαῖ
488 1664 935 1767 prmposituram
993 1664 1319 1767 S._Martini
1352 1664 1577 1767 scilicet
1619 1668 1988 1765 potestatem.
2020 1701 2068 1767 Β
2099 1662 2246 1764 legis
2270 1663 2705 1763 persolverent:
2728 1664 2886 1767 quod
2907 1663 3177 1767 si.
3201 1662 3625 1767 noluerint,isti
3641 1664 3769 1721 duo

342 1753 506 1810 Unde
522 1751 873 1809 simihivita:
892 1752 1159 1825 protelati
1176 1753 1394 1809 fuerint
1412 1754 1559 1819 dies,
1575 1754 1992 1810 canonicorum
2022 1751 2068 1767 ⁵¹
2100 1751 2208 1807 viri
2231 1752 2332 1824 qui
2354 1752 2785 1825 petitores‘sunt
2814 1751 3223 1821 absolutionis,
3246 1751 3306 1808 in
3329 1751 3636 1810 obsidione
3667 1769 3769 1810 ca-

342 1841 532 1914 ipsius
558 1840 750 1898 sancti
779 1857 873 1897 me
914 1842 1138 1898 decrevi
1196 1858 1440 1899 examen
1493 1842 1906 1915 expetiturum,
1940 1846 1998 1899 et
2103 1840 2448 1898 nonicorum
2470 1845 2528 1897 et
2554 1840 2613 1897 in
2646 1845 2933 1914 potestate
2961 1858 3027 1899 se
3054 1841 3289 1899 tradent
3311 1841 3406 1898 die
3425 1840 3767 1901 festivitatis

334 1931 507 2003 juxta
525 1929 754 1986 concilii
775 1930 952 1985 vestri
969 1930 1267 1987 decretum
1288 1930 1347 1986 in
1386 1930 1667 1988 omnibus
1689 1948 1785 1987 me
1816 1948 1997 2004 spon-
2106 1929 2444 1987 S.Andrea3.
2476 1930 2594 1986 Hoc
2615 1945 2752 2003 ergo
2778 1934 2976 1987 tenore
3001 1928 3362 1989 absolvimus
3390 1929 3765 2001 Alwalonem

343 2021 451 2077 deo
468 2022 755 2082 acturum.
791 2018 1075 2075 Ceterum
1102 2018 1151 2075 si
1182 2036 1286 2092 spe
1312 2020 1440 2075 vitae
1476 2020 1789 2077 frustratus
1818 2021 1997 2076 exsti-
2104 2017 2451 2075 auctoritate
2463 2018 2673 2087 Patris,
2695 2022 2753 2074 et
2768 2018 2917 2087 Filii,
2940 2018 3263 2092 etSpiritus
3278 2018 3551 2093 sancti,“
3574 2018 3771 2076 sancti

342 2114 486 2178 tero,
518 2108 683 2165 uxori
703 2112 760 2164 et
806 2108 963 2165 natis
1009 2108 1156 2164 meis
1177 2110 1290 2164 sub
1340 2108 1553 2165 Christi
1578 2109 1914 2187 testimonio
1934 2108 1993 2164 in
2108 2107 2753 2180 Martini,omniumque
2782 2112 3124 2165 sanctorum
3155 2112 3212 2165 et
3244 2112 3529 2175 nostra.et
3548 2109 3769 2167 damus

341 2214 544 2255 eorum
568 2198 679 2253 fide
696 2197 816 2252 haec
829 2200 1054 2270 agenda
1073 2198 1378 2253 committo
1403 2215 1417 2266 ;
1444 2214 1509 2253 eo
1541 2202 1739 2253 tamen
1771 2202 1992 2267 tenore,
2102 2194 2268 2252 vobis
2282 2195 2576 2252 licentiam
2600 2195 2658 2251 in
2681 2195 2983 2269 sepultura
3003 2195 3341 2269 recipiendi.
3359 2196 3543 2254 Vobis
3562 2201 3772 2269 autem

342 2285 839 2360 utobsequiaquze
860 2284 1210 2342 Christianis
1229 2285 1558 2341 exhibenda
1587 2290 1727 2342 sunt
1747 2286 1996 2342 morien-
2105 2284 2459 2340 mandamus
2491 2288 2561 2340 ut
2583 2288 2641 2340 et
2671 2301 2770 2340 vos
2797 2301 2933 2341 eum
2987 2284 3325 2354 absolvatis,
3370 2285 3573 2358 sicque
3602 2284 3769 2343 Deus

344 2375 675 2445 tibus,mibi
711 2375 998 2449 abuegare
1030 2390 1144 2430 non
1176 2373 1551 2447 permittatis.
2105 2373 2411 2429 benedicat
2439 2373 2620 2429 vobis.
2656 2373 2905 2430 Uxorem
2936 2390 3069 2431 vero
3112 2378 3170 2431 et
3218 2372 3371 2431 ﬁlios
3408 2373 3609 2431 sciatis
3640 2391 3765 2431 non

1140 2480 1206 2534 ιι.
2103 2478 2232 2519 esse
2245 2461 2757 2530 absolutos,donec
2769 2463 3099 2520 emendatio
3110 2462 3189 2520 sit
3201 2464 3352 2520 facta
3362 2469 3419 2521 et
3434 2462 3737 2537 persoluta
3749 2506 3769 2533 ,

451 2586 717 2627 EPISTULA
744 2586 794 2624 [ι.
837 2584 1092 2623 EPISCOPI
1132 2584 1204 2623 AD
1243 2583 1575 2623 HELDRICUM
1602 2583 1883 2623 ABBATEM.

2188 2550 2306 2607 sine
2319 2551 2449 2622 ejus
2470 2551 2779 2624 praesentia
2798 2551 3124 2608 etﬁliorum
3136 2552 3419 2624 jubemus
3439 2568 3579 2609 eum
3597 2552 3761 2609 mitti

346 2658 636 2729 Signiﬁcat
708 2674 819 2729 qua
906 2658 1121 2712 ratione
1176 2656 1518 2712 Alwalonem
1578 2656 1871 2711 absolverit

877 2727 1459 2781 excommunicatione.

2106 2639 2162 2693 in
2194 2643 2369 2708 terra,
2404 2643 2469 2696 ut
2495 2656 2597 2713 per
2626 2640 2734 2697 hoc
2759 2641 2951 2698 sciant
2970 2657 3032 2698 se
3055 2639 3611 2699 excommunicatos.

877 2741 1459 2783 excommumcatzone.

416 2815 735 2873 Dilectione
763 2814 981 2871 Christi
998 2813 1241 2870 ferventi
1263 2814 1459 2871 abbati
1488 2814 1775 2871 stmco
1805 2815 1993 2871 omni-
2084 2870 2087 2873 ,

342 2957 3756 2991 W

341 2976 661 2987 _.__.———

734 3106 1770 3271 ANSELLUS
1869 3106 3368 3280 SCHOLASTICUS
3436 3216 3441 3219 Α

1850 3494 2244 3569 ΝΟΤΙΤΙΑ

1092 3643 1320 3714 (ΜΑΝει,
1352 3643 1507 3716 apud
1538 3642 1762 3700 Fabric.
1795 3644 2056 3701 Biblioth.
2076 3646 2217 3701 med.
2251 3650 2306 3702 et
2328 3648 2436 3718 inf.
2458 3647 2579 3715 lat,
2603 3650 2645 3704 t.

1428 3643 1507 3700 ud
1538 3642 1762 3700 Fabric.
1795 3644 2056 3701 Biblioth.
2076 3646 2217 3701 med.
2251 3650 2306 3702 et
2328 3648 2436 3718 inf.
2458 3647 2579 3715 lat.,
2603 3650 2645 3704 t.
2680 3647 2723 3715 Ι,
2757 3664 2815 3721 p.
2851 3648 2998 3720 111.)

406 3876 570 3951 Hune
598 3872 1103 3951 Ansellumcredo
1136 3872 1745 3951 monachumiAHujps
1766 3880 1855 3932 est
1915 3876 2279 3951 opusculum
2328 3876 2387 3951 in
2440 3877 2567 3933 cod.
2604 3878 2695 3951 7577
2723 3877 2779 3933 S.
2806 3876 3003 3951 rlllidii
3033 3877 3552 3951 Claromontensis,
3585 3853 3744 3951 apud

248 3956 257 3963 ‘
334 3947 395 4004 P.
428 3946 822 4014 Montfaucon,
856 3945 1005 4002 Bibl.
1040 3962 1208 4013 mss.,
1245 3961 1377 4073 pag.
1432 3945 1591 4003 1233.
1638 3945 1755 4002 'Est
1813 3945 1971 4005 vero'
2004 3949 2197 4021 operis
2240 3947 2451 4003 titulus
2498 3965 2510 4003 :
2552 3950 2693 4005 Visio
2721 3948 3007 4020 cujusdam
3034 3949 3293 4006 monachi
3322 3952 3381 4005 in
3410 3945 3742 4007 manust-crio

331 4019 386 4073 8.
420 4020 675 4073 Remiaii.
704 4017 974 4073 descripta
1003 4019 1072 4073 ab
1103 4019 1244 4073 Anse
1268 4017 1340 4073 ιο.
1367 4016 1634 4073 discivqu
1664 4018 1722 4073 8.
1756 4019 2016 4073 Abbonis.
2044 4021 2258 4073 abbatis
2284 4020 2669 4073 Floriaoensis.
2702 4021 2854 4073 iussu
2884 4019 3117 4073 Oddom's
3143 4021 3371 4073 abbatis.

331 4019 386 4076 8.
420 4020 675 4091 Remigii,
704 4017 974 4091 descripta
1003 4019 1072 4075 ab
1103 4016 1347 4087 Ansello,
1367 4016 1634 4090 discipulo
1664 4018 1722 4075 8.
1756 4019 2016 4089 Abbonis,
2041 4016 2258 4076 abbatis
2284 4020 2669 4087 Floriaoensis,
2692 4016 2854 4092 jussu
2884 4019 3117 4077 Oddom's
3143 4021 3371 4077 abbatis.

1848 4168 2220 4181 *—

1106 4283 1443 4377 VISIO
1511 4284 2051 4379 ANSELLI
2145 4285 2967 4381 SCHOLASTICI

901 4475 1116 4549 (Edidit
1144 4477 1210 4534 D.
1244 4476 1589 4535 Edelestand
1613 4495 1691 4536 nu
1723 4479 1935 4547 Manu,
1964 4480 2155 4537 Poésie
2183 4481 2382 4538 latine:
2406 4482 2738 4555 populaires,
2771 4485 2812 4538 t.
2848 4482 2890 4538 Ι.
2923 4499 2979 4556 p.
3011 4482 3162 4556 200.)

399 4743 464 4801 In
495 4743 824 4802 Salomonis
855 4744 1095 4810 ferculo,
1502 4744 1774 4820 Spiritale
1803 4748 2133 4808 convivium
2668 4750 2739 4806 Et
2768 4749 3120 4807 convallium
3148 4748 3275 4806 lilia

326 4834 489 4901 Quod
522 4834 847 4892 construxit
878 4834 949 4891 de
979 4835 1196 4891 Libano
1508 4835 1784 4908 Reperias
1806 4854 1984 4910 quam
2004 4837 2346 4912 plurimum.
2672 4837 2830 4896 Inter
2858 4839 3031 4896 ﬂores
3059 4837 3438 4897 dulcissimos

323 4924 407 4979 Ex
436 4922 616 4997 lignis
638 4921 1035 4990 mirabilibus,
1501 4923 1587 4979 lbi
1616 4941 1751 4980 cum
1784 4926 1955 4996 pleno
1975 4928 2154 5000 copia
2669 4927 2748 4982 Ac
2779 4926 2973 4985 mellis
2991 4931 3204 5003 gustus
3229 4927 3489 5002 sapidos,

324 5011 572 5084 Mystica
600 5011 843 5086 signans
869 5012 1069 5083 altius,
1501 5012 1692 5068 Cornu
1723 5013 1901 5070 infert
1928 5014 2150 5072 cibaria
2676 5014 2869 5073 Unum
2891 5017 3173 5090 quiddam
3202 5014 3455 5091 reperies

323 5098 432 5155 Ubi
466 5099 902 5158 reclinatorium
1496 5100 1569 5156 Ut
1598 5104 1831 5159 nostras
1861 5103 2132 5175 querelas
2160 5103 2328 5172 levet,
2667 5104 2831 5169 Quod
2861 5106 3129 5180 gustabis
3159 5105 3433 5164 suaviter.

324 5185 407 5241 Ex
437 5204 580 5244 auro
604 5188 821 5246 struxit
848 5189 1140 5264 optimum
1498 5188 1755 5247 Diversis
1784 5190 1931 5248 cibis
1961 5193 2152 5260 satiet,

323 5273 702 5349 Ascensuque
719 5294 1103 5351 purpureum,
1493 5279 1616 5343 Quo
1647 5283 1836 5336 cesset
1864 5279 2191 5339 humanum
2222 5296 2408 5355 genus
2662 5280 2762 5338 Est
2785 5281 2990 5341 civitas
3016 5283 3375 5360 metropolis,

324 5360 410 5457 9b
443 5361 804 5457 Hierusalem
824 5366 1000 5457 filias,
1040 5455 1048 5457 Δ
1425 5425 1431 5431 ,
1501 5364 1664 5457 Flere
1693 5366 1937 5426 miseros
1967 5371 2177 5428 exitus.
2673 5370 2875 5427 Remis
2905 5371 3061 5430 dicta
3088 5372 3431 5457 perpobilis,

324 5452 461 5523 Quae
492 5452 805 5529 designant
836 5454 1177 5529 Ecclesiam,
1497 5455 1608 5517 Sed
1634 5471 1880 5535 carpens
1909 5475 2085 5540 poma
2112 5458 2309 5521 dulcia
2666 5460 2853 5529 Quam
2885 5461 3104 5525 Remus
3135 5452 3379 5543 quidam
3404 5460 3669 5524 condidit
