4000 6168
263 238 269 244 ·
299 220 421 282 645

301 353 409 416 Qui
440 354 616 408 frater
647 354 757 409 fuit
789 354 1042 423 Romuli,

301 441 474 498 Urbis
505 442 776 498 Romana:
806 443 1110 517 principis.

298 530 491 608 Hujus
521 533 684 590 urbis
713 533 1013 607 praecipua!

295 621 369 677 Et
401 622 699 694 quondam
729 639 953 696 magna:
986 623 1184 698 gloriae

296 709 516 766 Praesul
547 710 658 768 fuit
689 712 957 785 egregius

295 799 547 874 Magnus
577 800 714 856 olim
749 802 1049 875 Remigius
1076 821 1090 871 ;

296 889 404 955 Qui
437 889 580 945 dum
612 891 868 963 pontifex
895 891 1106 964 legitur

294 979 373 1032 Ac
403 977 579 1051 digne
610 979 992 1049 benedicitur,

295 1065 451 1123 Dum
483 1067 648 1124 deest
675 1067 871 1142 liquor
900 1068 1010 1125 olei

295 1155 419 1219 Quo
451 1159 708 1229 ungatur
736 1157 1029 1230 pontiﬁcis

294 1243 542 1301 Sacrum
575 1251 749 1318 caput
780 1263 814 1302 a
842 1245 1110 1319 praesule,

293 1332 580 1390 Columba
605 1334 809 1392 volans
839 1351 990 1403 aere,

295 1420 510 1479 Rostro
540 1423 724 1480 defert
755 1423 1036 1480 citissime

291 1517 399 1571 Am
408 1511 628 1584 pullam
661 1512 892 1586 plenam
928 1511 1072 1581 oleo,

294 1602 405 1657 Ore
440 1604 631 1674 portat
660 1601 975 1657 mitissimo

293 1655 416 1755 Quo
440 1655 1070 1763 pontifexperungitur
1100 1691 1176 1763 (1)
1198 1655 1200 1658 ’

294 1779 521 1852 Dignus
554 1795 787 1852 semper
819 1778 1140 1852 Remigius.

295 1867 486 1939 Hujus
517 1868 731 1923 festum
762 1868 901 1923 dum
933 1867 1206 1940 populus,

296 1956 357 2013 In
391 1954 668 2012 Kalendis
698 1955 1064 2025 Octobribus,

296 2045 382 2102 Du
396 2063 452 2102 m
487 2045 731 2101 devotus
762 2045 1125 2101 concelebrat

294 2134 768 2207 Tripudiausque
797 2133 1043 2202 advolat,

295 2225 453 2279 Inter
485 2223 684 2279 ﬁdeles
710 2228 948 2278 casteros

291 2313 364 2368 Et
395 2313 453 2368 iu
481 2312 710 2368 Christo
735 2311 1050 2369 catholicos

293 2402 542 2469 Quidam
577 2401 743 2458 atl‘uit
770 2401 1113 2467 monachus,

293 2490 536 2547 Oratam
568 2490 724 2546 venit
752 2488 1013 2557 sedulus,

293 2579 367 2637 Ut
397 2580 710 2652 deplorans
746 2579 1018 2645 facinora,

292 2671 413 2726 Sua
440 2669 652 2725 deﬂeat
679 2667 944 2724 crimina.

292 2757 401 2814 Hic
427 2758 585 2814 intra
613 2756 1036 2812 monasterium

291 2846 446 2903 Dum
478 2845 741 2918 possidet
769 2844 1089 2917 hospitium

291 2936 361 2991 Et
381 2932 688 3008 copulatur
719 2933 1000 2989 fratribus

290 3025 362 3082 Et
389 3023 670 3081 charitate
692 3023 988 3096 jungitur,

292 3114 440 3170 Dum
475 3113 741 3169 membra
769 3111 920 3167 locat
949 3109 1159 3167 lectulo

291 3204 369 3259 Ac
401 3201 618 3258 dormit
646 3200 1008 3266 dormitorio,

303 3293 371 3348 In
392 3291 615 3348 visione
645 3289 872 3362 placida

295 3381 412 3436 Hoc
444 3381 598 3453 quod
633 3378 777 3434 vidit
807 3379 890 3434 sic
915 3377 1164 3432 intimat.

287 3471 503 3526 Adesto
533 3484 691 3524 nunc
722 3466 886 3534 mihi,
917 3467 1091 3530 Deus,

287 3559 395 3624 Qui
423 3575 486 3613 es
515 3573 672 3612 unus
701 3559 876 3628 atque
910 3556 1120 3618 trinus,

284 3645 356 3700 Et
383 3645 637 3701 visiones
667 3643 934 3718 gravidas

283 3732 600 3790 Ezechielis
627 3732 839 3805 aperis,

281 3825 360 3878 Ac
389 3820 648 3878 Danielis
673 3820 904 3875 abditas

285 3910 556 3966 Visiones
586 3907 845 3964 elucidas
867 3909 878 3962 !

355 3999 552 4054 Pande
582 3997 899 4054 salutarem
931 3997 1084 4051 viam

286 4087 359 4144 Ut
388 4087 593 4143 laudes
624 4091 756 4142 tuas
786 4085 1073 4152 nuntiem,

282 4176 547 4242 Qualiter
576 4176 768 4249 ruptis
794 4174 995 4230 inferis

279 4266 524 4321 Animas
551 4265 686 4320 inde
716 4263 942 4328 tuleris,

281 4352 346 4409 In
380 4353 678 4426 passionis
708 4356 989 4423 tempore,

280 4440 349 4496 Et
377 4441 436 4497 in
467 4440 701 4498 Pascha
732 4456 894 4496 sacro
927 4441 1041 4507 die,

278 4529 343 4586 In
373 4547 493 4602 qua
521 4534 678 4586 totus
708 4527 991 4602 tripudiat

277 4618 450 4676 Orbis
479 4617 659 4675 simul
689 4621 745 4674 et
775 4618 1090 4673 consonat!

348 4707 500 4764 Dum
529 4723 704 4780 sopor
732 4707 945 4779 premit
973 4703 1173 4762 oculos

277 4795 349 4851 Et
379 4811 591 4868 corpus
622 4795 797 4851 cubat
825 4793 1039 4850 lectulo

278 4882 343 4938 In
375 4883 602 4956 pulpito
633 4881 900 4956 Remigii,

279 4971 577 5029 Pontiﬁcis
602 4973 838 5047 egregii,

279 5061 370 5117 Me
401 5063 598 5120 subito
625 5061 1054 5136 transpositum

1431 225 1760 289 ANSELLI
1807 226 2314 293 SCHOLASTICI
2358 228 2590 294 VISIO.

1479 359 1712 414 Diaconi
1748 361 2006 416 ofﬁcium

1474 449 1808 504 Ministrarc
1841 465 1931 506 me
1964 451 2126 505 video

1469 542 1670 592 Coram
1707 542 2008 610 spectante
2039 539 2273 612 populo.

1470 627 1608 681 Erat
1637 625 1760 683 dies
1792 626 2094 684 Dominica

1472 717 1595 780 Qua
1622 715 1958 774 Judzrorum
1993 716 2252 789 plurima

1469 805 1666 860 Turba
1697 806 1980 877 processit
2009 806 2181 861 obvia

1479 893 1730 961 Christo,
1768 893 1909 950 Filio
1940 894 2216 962 hominis,

1473 981 1542 1037 Et
1569 998 1700 1038 vere
1730 982 1872 1038 Filio
1903 983 2006 1039 Dei

1474 1069 1600 1126 Non
1634 1073 1831 1126 narrat
1859 1070 2254 1143 Evangelium,

1470 1159 1785 1232 Postquam
1815 1160 1972 1215 venit
2000 1159 2059 1214 in
2095 1159 2396 1226 saeculum,

1471 1247 1630 1310 Quod
1665 1252 1862 1304 tantus
1887 1247 2074 1304 honor
2101 1248 2273 1303 fuerit

1469 1336 1554 1391 Illi
1589 1337 1762 1392 datus
1793 1355 1826 1393 a
1857 1337 2088 1410 populis

1475 1425 1738 1488 Quantus
1769 1425 1895 1498 ipso
1927 1426 2020 1482 die
2047 1425 2174 1480 fuit.

1470 1513 1777 1570 Hosanna!
1814 1514 2071 1570 clamant
2100 1515 2289 1586 pueri,

1473 1601 1824 1659 Benedictus
1853 1607 1910 1658 et
1938 1602 2036 1674 qui
2067 1602 2223 1658 venit

1471 1691 1533 1745 In
1567 1690 1804 1746 nomine
1835 1707 1991 1746 nunc
2013 1690 2245 1746 Domini
2272 1689 2285 1744 Ι

1469 1780 1658 1851 Hujus
1688 1779 1929 1835 honoris
1961 1779 2169 1852 gratia,

1469 1867 1636 1924 Plebs
1671 1868 1866 1924 invida
1893 1868 2157 1936 Judaica,

1472 1957 1766 2012 Christum
1799 1957 1952 2012 cruci
1989 1958 2353 2027 adjudicans,

1476 2045 1735 2100 Passieni
1771 2046 2108 2116 subjiciens,

1471 2135 1648 2188 Latus
1679 2134 1879 2189 lancea
1913 2135 2214 2206 pungitur,
2249 2136 2470 2191 duntur
2487 2136 2568 2206 ‘3];

1467 2221 1718 2294 Sanguis
1749 2227 1805 2277 et
1835 2239 1988 2294 aqua
2019 2223 2287 2278 funditur
2318 2225 2377 2293 [ί.
2429 2225 2552 2279 fun-

1471 2311 1681 2366 Anima
1702 2329 1912 2384 corpus
1944 2313 2176 2369 deserit.

1465 2400 1523 2455 lu
1552 2417 1762 2456 manus
1795 2402 1982 2456 Patris
2011 2403 2168 2457 abiit.

1466 2489 1623 2544 Hanc
1650 2489 1985 2562 passionem
2018 2489 2264 2544 timidus

1469 2578 1618 2633 Dum
1652 2578 1865 2650 replico
1897 2579 2182 2646 devotius,

1466 2666 1834 2739 Finitamque
1865 2667 2005 2723 dum
2041 2667 2245 2734 defleo,

1468 2755 1537 2808 Et
1567 2754 1855 2810 descendo
1887 2755 1958 2810 de
1988 2755 2236 2828 pulpito,

1467 2842 1716 2898 Sinistra
1745 2844 2124 2916 Evangelium

1471 2931 1530 2986 In
1565 2931 1722 2987 ulnis
1751 2936 1986 3004 gestans
2018 2932 2289 3005 propriis,

1463 3020 1672 3076 Videre
1703 3019 1848 3076 mihi
1880 3021 2080 3077 videor

1467 3109 1824 3167 Descendere
1855 3109 2174 3182 imaginem

1467 3197 1680 3254 Christi
1713 3197 1782 3253 de
1812 3213 1985 3254 cruce
2016 3198 2332 3269 propriam,

1476 3289 1662 3358 Atque
1693 3286 1929 3358 signum
1961 3285 2212 3342 victoria:

1471 3375 1631 3439 Quod
1665 3391 1808 3430 crux
1845 3379 2086 3431 vocatur
2116 3375 2288 3430 hodie

1464 3464 1524 3518 In
1560 3463 1691 3519 forti
1722 3468 1950 3536 gestare
1979 3480 2158 3520 manu

1462 3552 1668 3625 Meque
1698 3551 1790 3607 his
1820 3552 2012 3608 verbis
2036 3552 2281 3624 alloqui:

1457 3664 1484 3690 «
1518 3639 1575 3694 Si
1609 3639 1796 3696 credis
1827 3641 1982 3712 quod
2015 3639 2266 3696 fideliter

1457 3730 1566 3794 Tu,
1601 3728 1800 3794 frater,
1829 3728 2023 3802 legisti
2054 3729 2283 3801 nuper?
2318 3751 2344 3779 ››

1456 3817 1572 3890 Ego
1609 3817 1855 3890 supplex
1886 3833 1949 3872 ac
1980 3817 2224 3872 humilis

1455 3905 1672 3961 Verum
1708 3922 2057 3979 responsum
2086 3906 2308 3960 reddidi
2334 3907 2361 3959 ?

1455 4019 1480 4043 ‹‹
1515 3995 1658 4050 Cum
1693 3995 1804 4050 sim
1839 3994 2028 4066 pulvis
2060 3993 2306 4066 exiguus

1457 4085 1644 4156 Atque
1676 4084 1825 4140 cinis
1851 4083 1962 4139 sim
1988 4087 2235 4153 terrens,

1457 4172 1529 4228 Ut
1560 4190 1657 4228 ore
1690 4173 1821 4246 legi,
1856 4172 2121 4239 Domine,

1456 4260 1551 4316 Sic
1581 4262 1752 4318 corde
1782 4261 1925 4317 scito
1957 4262 2190 4317 credere
2219 4278 2232 4328 ;

1460 4349 1572 4404 Nec
1605 4353 1692 4404 est
1723 4349 1843 4404 ulla
1873 4350 2145 4407 dubietas

1457 4437 1516 4491 In
1551 4436 1742 4492 cordis
1774 4439 1888 4493 mei
1919 4439 2130 4494 intima

1456 4525 1605 4591 Quin
1637 4530 1692 4581 te
1722 4528 1956 4582 credam
1985 4543 2188 4583 verum
2222 4531 2403 4583 Deum

1454 4614 1690 4679 Natum,
1724 4631 1963 4685 passum
1996 4631 2062 4670 ac
2095 4619 2420 4685 mortuum,

1453 4706 1532 4758 Ac
1563 4701 1838 4758 revixisse
1868 4703 2040 4758 tertia

1453 4791 1574 4857 Die,
1607 4791 1777 4846 credo
1809 4807 1912 4863 per
1936 4791 2166 4847 secula.
2207 4815 2232 4838 ››

1449 4878 1551 4936 Ille
1582 4881 1665 4934 sic
1697 4879 1895 4936 statim
1927 4879 2215 4952 imperat:

1452 4994 1476 5019 ‹‹
1511 4969 1644 5024 Sine
1675 4985 1840 5024 mora
1870 4986 1963 5026 me
1993 4985 2236 5041 sequere

1449 5059 1571 5126 Quo
1604 5075 1696 5114 me
1725 5059 1887 5114 vides
1921 5059 2201 5115 incedere.
2239 5081 2266 5106 »

3590 237 3710 298 646

2654 365 2713 418 In
2748 371 3042 421 momento
3073 371 3209 421 tunc
3243 369 3413 435 oculi,

2649 453 2807 516 Quod
2842 469 2946 509 nec
2977 472 3210 527 sperare
3241 458 3422 528 potui,

2647 542 2732 595 Ad
2766 542 2993 599 inferna
3025 545 3412 617 progreditur,

2646 630 2890 688 Crucem
2921 637 3158 704 gestans
3192 634 3247 689 in
3286 635 3578 692 manibus.

2646 719 2764 791 Ego
2797 737 3014 792 sequor
3046 721 3399 794 impavidus,

2642 808 2801 864 Nihil
2836 809 3058 866 habens
3092 813 3242 883 quod
3277 829 3515 884 paveam

2649 897 2818 952 Tanti
2853 899 3019 954 ducis
3049 899 3279 955 ﬁducia.
3386 910 3391 915 '

2647 986 2808 1040 Tunc
2838 988 3211 1043 tenebrarum
3247 989 3538 1062 principes

2645 1075 2720 1128 Ac
2755 1073 2985 1145 pallidas
3017 1076 3220 1132 mortis
3252 1079 3450 1146 duces,

2643 1162 3030 1234 Tortoresque
3061 1165 3385 1232 saevissimi,

2647 1249 3104 1324 Pervasoresque
3135 1254 3322 1326 rapidi

2643 1339 2965 1413 Diffugiunt
2995 1341 3296 1411 citissime,

2644 1428 2767 1484 Non
2803 1431 3083 1487 audentes
3116 1434 3436 1496 attendere.

2650 1517 2848 1589 Neque
2880 1518 3005 1574 ausi
3039 1520 3373 1593 conspicere

2652 1607 2964 1676 Aspcctum
2993 1608 3136 1661 tanti
3172 1608 3457 1682 fulminis,

2649 1695 2835 1763 Atque
2865 1698 2985 1748 tam
3019 1695 3160 1750 clari
3191 1696 3454 1755 luminis.

2640 1781 2746 1835 Per
2778 1798 3018 1854 campos
3043 1789 3098 1839 et
3130 1786 3416 1844 convallia

2647 1869 2788 1926 Saevi
2823 1878 3184 1943 sparguntur
3205 1875 3516 1948 daemones,

2645 1958 2938 2031 Nigriores
2971 1960 3232 2034 fuligine,

2649 2049 2952 2104 Teterrimi
2989 2052 3308 2123 nigredine,

2647 2137 2716 2190 Et.
2747 2137 3061 2194 discolores
3092 2141 3280 2212 specie
3305 2161 3319 2210 ;

2649 2225 3002 2298 Ululantque
3035 2245 3099 2283 ac
3132 2232 3404 2302 mugiunt

2645 2314 2781 2370 Dira
2806 2332 2940 2371 voce
2971 2333 3035 2372 ac
3068 2319 3344 2390 rugiunt;

2641 2401 2814 2458 Velut
2845 2403 3041 2460 leones
3069 2408 3332 2477 saeviunt,

2643 2491 2793 2546 Dum
2822 2493 3073 2563 perdunt
3107 2512 3245 2551 suos
3277 2498 3499 2558 catulos
3526 2520 3538 2569 ;

2642 2579 2806 2635 Flent
2837 2596 2940 2652 per
2971 2587 3196 2638 noctem
3231 2589 3404 2658 atque
3435 2590 3590 2646 diem

2635 2667 2701 2722 Et
2730 2683 2963 2723 carmen
2996 2670 3330 2730 miserabile
3361 2676 3435 2747 (2)

2640 2755 2807 2812 Tetro
2841 2757 3179 2814 diffundunt
3209 2766 3465 2834 gutture.

2641 2845 2808 2900 Tunc
2838 2852 3150 2902 occurrunt
3181 2856 3236 2904 et
3267 2853 3478 2925 angeli,

2641 2933 3023 3006 Applaudunt
3052 2936 3180 2992 laeto
3209 2938 3424 3008 Judici,

2639 3021 3001 3094 Excipientes
3032 3024 3278 3082 animas.

2643 3111 2796 3175 Quas
2829 3127 2862 3165 a
2895 3112 3152 3168 tenebris
3186 3113 3440 3174 liberans

2641 3197 2908 3253 Christus
2939 3199 3099 3254 ducit
3130 3201 3198 3256 ad
3233 3205 3482 3274 gaudia;

2643 3287 2807 3340 Tunc
2837 3285 2978 3341 coelo
3005 3286 3208 3344 laudes
3239 3300 3514 3349 resonant

2644 3375 2713 3430 Et
2742 3373 3025 3432 melodias
3052 3377 3322 3435 intonant
3346 3399 3359 3436 :

2641 3465 2802 3530 Quod
2829 3481 2944 3521 non
2977 3465 3120 3521 vidit
3150 3468 3282 3540 quis
3310 3469 3537 3541 oculus,

2636 3553 2750 3608 Nec
2777 3553 2938 3609 auris
2959 3555 3160 3611 audita
3189 3557 3362 3629 capit,

2634 3641 2748 3698 Nec
2781 3642 2838 3696 in
2871 3659 2971 3698 cor
3001 3647 3192 3716 potest
3219 3647 3423 3703 cadere

2635 3729 2868 3794 Quanta
2894 3732 3111 3787 fuerint
3140 3734 3354 3806 gaudia

2632 3817 2732 3873 Vel
2761 3835 2934 3890 quam
2960 3821 3200 3890 grandis
3228 3822 3425 3877 laetitia

2632 3907 2781 3961 Dum
2815 3908 3064 3962 redeunt
3092 3910 3162 3962 ad
3188 3927 3432 3981 superos

2633 3995 2835 4050 Mortis
2866 4002 3076 4068 erepta:
3109 3998 3357 4053 tumulo.

2628 4083 2672 4136 Ο
2702 4083 2862 4151 Jesu,
2899 4085 3046 4139 bone
3077 4084 3320 4141 Domine
3346 4085 3358 4140 ι

2629 4172 2770 4235 Quis
2799 4177 2854 4226 te
2884 4171 3123 4228 laudare
3153 4190 3409 4248 congrue

2631 4260 2890 4332 Usquam
2924 4265 3114 4333 potest
3141 4262 3228 4317 vel
3263 4263 3490 4336 poterit,

2633 4349 2739 4415 Qui
2774 4349 3071 4406 misereris
3099 4351 3356 4419 miseris,

2633 4439 2741 4504 Qui
2773 4439 3033 4512 ingratos
3065 4444 3121 4496 et
3151 4441 3408 4512 perditos

2636 4528 2897 4585 Reduces
2927 4529 3070 4586 facis
3102 4533 3392 4603 superos?

2629 4617 2712 4671 Ad
2745 4617 2986 4674 visionis
3017 4619 3316 4675 somnium

2631 4704 2857 4776 Stylum
2890 4707 3196 4764 flectamus
3232 4709 3486 4764 indicem

2629 4793 2734 4857 Qui
2766 4809 2897 4849 vere
2927 4802 3126 4851 narrat
3157 4798 3422 4853 ordinem

2625 4880 2880 4938 Visionis
2911 4883 3261 4939 mirabilem.

2621 4970 2763 5023 Cum
2797 4985 2952 5042 ergo,
2989 4971 3131 5026 dum
3155 4971 3276 5027 haec
3307 4989 3623 5029 cernerem-

2625 5057 2691 5111 Et
2722 5058 2985 5130 gaudens
3015 5060 3160 5131 pede
3185 5076 3511 5132 pergerem,

349 5203 542 5274 (I)Les
572 5203 888 5260 historiens
919 5201 1151 5275 placent
1181 5216 1244 5256 ce
1276 5199 1513 5256 miracle
1544 5217 1616 5256 au
1655 5199 1926 5326 bagtéme
2037 5206 2227 5256 rostro
2258 5199 2524 5255 deferens
2553 5198 2875 5270 ampullam
2905 5199 3154 5256 cmlestis
3185 5200 3321 5254 doni
3371 5200 3687 5256 chrismate

378 5274 566 5326 Clovis
597 5293 655 5326 ;‹‹
689 5275 1060 5326 Sanctificato
1080 5273 1334 5326 deniaue
1354 5271 1532 5326 fonte.
1569 5276 1716 5326 nutu
1773 5273 1928 5326 ivino
2040 5271 2338 5326 repletam.
2375 5293 2402 5319 ››
2461 5268 2766 5326 Flodoard.
2818 5271 3057 5326 Historia
3113 5274 3410 5326 "emensis.
3443 5271 3476 5326 Ι.
3519 5292 3556 5326 ι.
3591 5273 3682 5326 ch.

277 5273 350 5329 de
378 5271 566 5330 Clovis
597 5293 655 5329 ;‹‹
689 5271 1060 5331 Sanctificato
1080 5273 1334 5344 denique
1354 5271 1532 5338 fonte,
1569 5276 1716 5327 nutu

276 5345 540 5416 chrisma
568 5346 789 5402 defuit:
827 5349 1067 5402 sanctus
1099 5342 1294 5416 autem
1331 5343 1610 5416 pontifex,
1639 5342 1825 5416 oculis
1856 5344 1926 5398 ad

275 5415 490 5498 ccelum
522 5417 828 5501 porrectis,
860 5417 1032 5473 tacite
1064 5415 1317 5472 traditur
1331 5413 1540 5500 :orasse
1571 5431 1705 5470 cum
1738 5413 1930 5498 lacry-

275 5493 478 5547 mxs.et
504 5505 637 5547 ecce
667 5489 862 5547 subito
879 5487 1152 5547 columba
1164 5504 1268 5547 seu
1290 5503 1390 5547 nix
1419 5485 1930 5547 advolatcandida.
2041 5503 2096 5547 v.

273 5487 478 5559 mis,et
504 5485 637 5551 ecce
667 5485 862 5551 subito
879 5487 1152 5550 columba
1164 5504 1268 5548 seu
1290 5486 1390 5548 nix
1419 5485 1930 5559 advolatcandid'a,
2041 5503 2096 5548 v.
2118 5485 2254 5549 515;

1773 5273 1928 5344 ivino
2040 5271 2338 5344 repletam.
2375 5293 2402 5319 ››

2461 5268 2766 5342 Flodoard,
2818 5271 3057 5342 Historia
3113 5274 3410 5340 “emensis,
3443 5271 3476 5329 Ι.
3519 5292 3556 5342 ι,
3591 5273 3682 5329 ch.

2041 5341 2142 5410 13';
2176 5359 2344 5416 voyez
2378 5342 2535 5397 aussi
2561 5341 2854 5416 Hincmar,
2889 5341 3080 5416 Opera,
3109 5349 3150 5416 t.
3185 5344 3226 5410 Ι,
3260 5361 3328 5416 μ
3351 5345 3477 5400 744.

2134 5413 2372 5503 _2)_C"est
2397 5431 2512 5473 une
2542 5413 2960 5474 réminisceuce
2992 5415 3092 5474 des
3127 5413 3505 5503 Georgiques,
3538 5414 3575 5477 1.
3605 5433 3679 5490 ιν,
