3984 6166
405 242 522 300 647
1130 239 1319 298 ΒΕΘ.
1365 238 1446 300 XI
1491 237 1722 299 AUCT.
1770 236 1978 298 INCEI

2284 237 2315 296 fl
2363 237 2462 296 ET
2503 235 2808 296 SCRIPT.
2859 241 3082 292 'AAEZI’I.
3707 232 3857 298 648

405 372 610 428 Carnis
641 375 859 444 putans
891 385 982 426 me
1015 370 1269 442 pondere

405 462 536 516 Jam
572 460 889 515 liberatum
919 475 1157 531 corpore

407 551 621 605 Sereno
649 548 814 603 vultu
849 547 1117 620 placidus

406 638 495 693 Me
526 641 666 692 tunc
693 629 944 709 respexit
974 636 1294 693 Dominus:

403 749 430 776 «
466 726 588 790 Quo
619 731 681 781 tu
713 717 881 782 laetus
911 724 1327 798 progrederis?

403 845 470 855 ——
501 816 580 869 Te
605 831 838 887 sequor,
869 813 1144 886 splendor
1172 811 1436 882 luminis,

398 903 710 958 Admirans
743 907 962 958 tantam
997 902 1264 974 gloriam,

398 993 577 1064 Cujus
609 996 742 1062 opto
775 991 1116 1064 participem

400 1081 489 1136 Me
519 1080 643 1135 ﬁeri
675 1097 741 1135 ac
775 1081 1018 1135 socium.
1056 1101 1082 1128 ››

400 1169 498 1224 Ille
525 1170 772 1240 benigne
802 1168 1034 1222 intulit:

396 1291 463 1299 _
497 1281 524 1306 ‹‹
556 1259 706 1312 Siste
739 1258 982 1330 gradum
1017 1256 1368 1328 quantocius

396 1349 476 1403 Ne
508 1348 786 1420 procedas
821 1345 1084 1401 ulterius.
1147 1333 1152 1336 ’

402 1438 512 1492 Sed
543 1437 664 1491 redi
698 1433 1122 1490 monasterium
1147 1451 1160 1498 ;

1583 369 1723 425 Plus
1750 369 2053 424 tabescunt
2083 367 2140 421 in
2173 367 2450 423 tenebris.

1591 459 1802 514 Dentes
1834 459 2089 530 strigunt
2118 474 2250 513 cum
2283 456 2540 527 fremitu,

1580 548 1764 604 Voces
1791 552 1985 604 torvas
2017 563 2148 602 cum
2181 546 2404 619 gemitu

1580 637 1748 703 Dant,
1781 639 2204 691 tormentorum
2237 633 2426 690 socios

1578 725 1713 780 Diro
1745 725 1998 780 clamore
2021 723 2344 791 concitant,

1577 814 1835 869 Aduncis
1869 818 1932 868 ut
1963 827 2054 869 me
2085 812 2358 868 manibus

1577 903 1642 956 Et
1671 902 1905 958 uncinis
1934 901 2320 958 candentibus

1577 991 1667 1046 Me
1689 991 1920 1063 rapiant
1949 988 2250 1054 attentius,

1581 1080 1770 1134 Unum
1805 1096 1907 1150 pro
1939 1077 2139 1134 multis
2171 1082 2236 1131 ut
2265 1083 2439 1149 caput

1576 1169 1779 1222 Pcnnas
1809 1167 1933 1221 luat
1963 1184 2080 1221 non
2111 1167 2367 1220 meritas.

1573 1257 1703 1322 Sed,
1739 1257 1784 1310 si
1821 1257 2040 1310 fractus
2070 1254 2230 1310 orbis
2261 1259 2393 1309 ruat
2420 1255 2494 1325 (3)

1572 1348 1639 1398 Et
1670 1343 1879 1399 coelum
1913 1360 2045 1399 cum
2077 1348 2232 1398 terra
2261 1342 2450 1410 cadat,

1585 1433 1651 1487 Et
1681 1448 1853 1487 omne
1879 1431 2055 1487 simul
2094 1436 2290 1502 pereat

397 1526 664 1580 Nondum
697 1532 930 1595 tempus
961 1524 1116 1577 venit
1148 1527 1336 1577 tuum.
1365 1543 1392 1570 ››
1433 1551 1501 1561 —-
1576 1521 1736 1584 Quod
1771 1525 1980 1576 natura
2007 1520 2381 1576 consolidans

397 1615 513 1686 Ego
545 1613 626 1669 nil
659 1629 842 1668 ausus
871 1612 1083 1678 dicere,

397 1702 545 1766 Quid
575 1702 730 1758 enim
764 1701 1158 1757 contradicere

396 1791 494 1846 Vel
521 1791 660 1862 quid
689 1789 902 1844 mutire
934 1788 1248 1860 cuperem?

399 1877 522 1934 Uno
541 1879 714 1933 verbo
744 1877 1016 1942 conticui,

395 1969 574 2024 Totus
603 1967 663 2021 in
695 1983 788 2021 me
819 1966 1138 2021 contremui
1169 1983 1180 2020 :

396 2089 463 2099 -
495 2080 522 2106 ‹‹
557 2057 680 2120 Qua
707 2055 798 2110 via
829 2070 1089 2126 pergam,
1126 2053 1365 2109 Domine
1395 2053 1406 2106 l

394 2179 462 2189 --
493 2148 617 2211 Qua
643 2144 851 2200 venisti
882 2144 1203 2215 regredere,

394 2265 463 2275 —
490 2235 599 2290 Tot
633 2233 827 2288 hostes
859 2232 982 2286 vias
1013 2229 1301 2302 saepiunt!

393 2324 450 2377 Si
487 2321 649 2378 solus
673 2321 808 2377 hinc
841 2320 1153 2393 regredior,

395 2413 520 2467 Non
545 2415 798 2467 revertar
827 2410 898 2465 ad
933 2425 1197 2481 superos.
1226 2432 1252 2457 ››
1283 2441 1350 2448 —

396 2501 496 2557 Ille
525 2505 666 2556 tunc
695 2501 850 2554 dicto
883 2499 1078 2562 citius,

395 2591 704 2644 Sinistram
738 2593 962 2658 partem
996 2586 1250 2650 intuens,

396 2679 642 2732 Trucem
675 2674 857 2744 cernit
887 2674 1224 2743 imaginem,

398 2764 635 2836 Nigram
671 2766 722 2816 et
760 2760 1136 2826 diabolicam;

397 2851 595 2908 Innuit
621 2849 757 2905 huic
788 2849 970 2921 digito
997 2867 1010 2904 :

395 2971 463 2981 -ο
499 2962 525 2990 ‹‹
559 2940 730 2995 Serve
760 2955 1035 3010 nequam,
1069 2934 1360 2992 accedito!

395 3031 566 3086 Serve
599 3027 768 3093 male,
803 3027 909 3082 hoc
945 3025 1148 3082 facito!
1187 3047 1214 3074 ››
1248 3055 1316 3065 --

393 3115 738 3173 Potestative
769 3115 1020 3188 imperat
1041 3131 1054 3168 :

393 3237 460 3246 —
492 3229 518 3256 ‹‹
554 3206 719 3261 Hunc
751 3220 962 3262 sanum
993 3208 1051 3258 et
1080 3201 1432 3258 incolumem

392 3295 649 3350 Fratrem
682 3294 857 3349 reduc
887 3293 958 3347 ad
993 3291 1264 3364 patriam,

392 3385 459 3439 Et
488 3385 558 3439 ad
591 3387 858 3439 sanctum
891 3381 1222 3453 Remigium

393 3473 589 3528 Reduc
617 3472 733 3526 cito
764 3471 922 3526 hunc
953 3469 1327 3524 monachum.

396 3561 540 3615 Vide
572 3577 642 3614 ne
663 3559 978 3629 quisquam
1011 3561 1234 3621 noceat,

392 3649 503 3704 Sed
535 3646 863 3718 impavidus
894 3646 1110 3711 redeat,

392 3737 590 3807 Neque
614 3734 700 3790 tui
731 3732 1070 3790 consimiles

392 3824 561 3881 Illum
589 3826 835 3896 tangant
863 3821 950 3876 vel
981 3820 1199 3878 leviter.
1236 3843 1264 3870 »
1297 3852 1362 3863 —

389 3914 716 3972 Comitante
744 3910 974 3968 diabolo

389 4005 483 4061 Sic
511 4003 794 4059 dimissus
822 4019 856 4055 a
885 3999 1132 4056 Domino
1157 4017 1169 4066 ;

387 4091 772 4150 Commiserat
801 4104 966 4144 ovem
1001 4089 1160 4160 lupo,

387 4182 497 4236 Sed
530 4183 730 4236 fauces
763 4177 948 4234 malas
972 4177 1286 4233 strinxerat

386 4270 457 4324 Et
489 4268 804 4324 Leviathan
829 4267 1109 4331 vinxerat,

389 4355 569 4426 Cujus
600 4356 798 4410 fauces
827 4353 1184 4409 saevissimas

385 4447 572 4515 Atque
598 4447 804 4514 guttur
835 4440 1266 4513 nequissimum

384 4536 567 4586 Hamo
599 4529 907 4604 perforavit
933 4545 1058 4584 suo.

385 4621 549 4677 Tunc
578 4619 755 4676 simul
788 4619 965 4674 chaos
999 4616 1165 4672 Erebi

387 4711 695 4776 Intrantes,
720 4711 1034 4764 occurrunt
1066 4706 1200 4760 mali

383 4799 752 4872 Spiritusque
783 4795 1151 4870 nequissimi,

382 4889 488 4954 Qui
520 4891 830 4944 redeuntes
863 4887 1148 4959 proprias,

382 4981 559 5036 Sedes
589 4979 826 5045 habent,
857 4977 956 5031 sed
993 4991 1240 5041 vacuas;

383 5069 544 5124 Unde
572 5067 760 5140 magis
791 5071 966 5138 atque
1000 5063 1187 5137 magis

452 5185 562 5238 Flet
592 5186 819 5250 noctem,
855 5197 1112 5252 ramoque
1140 5179 1331 5236 sedens
1363 5177 1674 5252 miserabile
1703 5193 1945 5252 carmen.

452 5257 689 5324 lntegrat
715 5258 766 5309 et
795 5249 999 5310 incestis
1020 5249 1139 5308 late
1168 5253 1283 5306 loca
1304 5250 1579 5323 questibus
1610 5249 1812 5319 implet.

555 5338 1218 5431 Anscljlusnserappelle
1354 5337 1414 5393 la
1443 5341 1550 5394 str.
1583 5339 1618 5392 2
1657 5337 1731 5392 du
1767 5340 1971 5410 poéme
1997 5337 2031 5391 3

381 5411 468 5470 du'
487 5411 583 5468 liv.
617 5430 678 5468 ιιι
708 5412 810 5467 des
834 5412 982 5467 Odes
1016 5411 1330 5466 d’llorace:

529 5489 662 5567 Diue
685 5485 917 5567 inquieti
935 5482 1187 5540 turbidus
1217 5480 1458 5567 Hadriae,

449 5557 555 5623 Nec
574 5553 927 5638 fulminantis
955 5570 1161 5628 magna
1187 5569 1387 5614 manus
1415 5553 1582 5624 lavis,

1569 1609 1819 1681 Stringit
1850 1608 2202 1664 irresolubili

1568 1698 1834 1764 Vinculo,
1870 1715 2019 1754 nexu
2047 1697 2360 1770 quadrupli
2393 1699 2471 1768 (4)

1573 1788 1662 1842 Me
1695 1787 1902 1842 ferient
1929 1785 2291 1858 impavidum

1564 1874 1777 1929 Christi
1809 1874 1962 1947 regis
1993 1874 2326 1929 diaconum.

1559 1965 1722 2020 Tunc
1753 1964 1960 2019 ductor
1986 1963 2180 2018 malus
2211 1967 2414 2018 caetero

1565 2051 1832 2124 Alloquio
1865 2056 2042 2108 terret
2067 2068 2172 2107 suo
2199 2067 2210 2107 :

1565 2165 1593 2190 ‹‹
1628 2141 1687 2196 Si
1719 2158 1820 2196 vos
1851 2141 2008 2195 hunc
2035 2139 2224 2195 solum
2257 2140 2463 2196 laedere

1574 2228 1721 2283 Malo
1751 2229 1927 2285 vultis
1959 2229 2282 2296 conamine,

1567 2318 1716 2382 Quid
1750 2318 1994 2384 facietis,
2029 2316 2251 2382 miseri,

1577 2407 1725 2462 Dum
1758 2407 2026 2462 Christus
2057 2406 2170 2461 huc
2196 2406 2476 2463 redierit?

1565 2497 1645 2550 Ne
1677 2495 1930 2566 tangatis
1962 2495 2262 2567 prohibeo,

1569 2583 1682 2637 Nec
1715 2582 1938 2638 laidatis
1969 2583 2137 2639 vobis
2167 2588 2313 2639 veto.

1567 2672 1809 2726 Sinitote
1841 2671 1955 2726 huc
1985 2687 2224 2744 pergere

1568 2760 1689 2824 Quo
1714 2759 1951 2830 jussum
1983 2765 2073 2814 est
2099 2776 2133 2814 a
2154 2760 2416 2833 principe

1571 2847 1676 2913 Qui
1709 2864 1816 2903 nos
1846 2851 2022 2903 terret
2048 2864 2158 2904 sua
2186 2865 2376 2916 cruce,

1571 2935 1750 3005 Cujus
1782 2936 1968 2991 virtus
1996 2937 2273 2994 terribilis

1571 3025 1670 3078 Est
1700 3025 1868 3080 nobis
1902 3025 2307 3093 formidabilis,

1568 3113 1751 3175 Quam
1784 3114 2026 3169 sull‘erre
2049 3131 2164 3169 non
2194 3131 2513 3186 possumus

1567 3201 1681 3256 Nec
1713 3201 2016 3258 nominare
2045 3202 2337 3260 volumus.

1565 3289 1774 3345 Noster
1803 3291 2075 3363 princeps
2109 3309 2225 3348 non
2247 3293 2504 3366 sapiens,

1574 3379 1724 3436 Dum
1757 3380 1951 3435 carnis
1973 3380 2129 3436 videt
2155 3386 2430 3453 tegumen

1569 3468 1782 3523 Purum
1812 3468 2038 3540 putavit
2066 3469 2388 3535 hominem,

1571 3557 1852 3627 Ignorans
1883 3555 1985 3612 Dei
2013 3556 2222 3613 Filium

1561 3645 1746 3700 Carne
1776 3660 1903 3700 esse
1933 3645 2365 3703 absconditum.
2402 3671 2429 3696 ››

1569 3732 1671 3787 His
1700 3733 1892 3788 verbis
1923 3733 2105 3790 duros
2135 3734 2433 3808 mitigans,

1561 3821 1812 3876 Tantum
1847 3822 2076 3892 pavoris
2107 3823 2315 3878 incutit

1561 3909 1633 3973 Ut
1665 3925 1768 3982 per
1794 3910 1959 3982 ignes
1988 3911 2320 3968 teterrimos

1567 3999 1634 4054 Et
1664 4015 1766 4070 per
1797 3998 2044 4055 telorum
2073 4000 2252 4068 acies,

1560 4089 1638 4141 Ac
1660 4103 1762 4158 per
1791 4087 1988 4160 nigras
2017 4089 2342 4161 voragines,

1564 4175 1788 4231 lllaasus
1818 4180 1875 4231 et
1904 4177 2218 4232 incolumis

1564 4263 1760 4319 Sancti
1793 4264 1970 4319 sister
1999 4264 2250 4338 Remigii

1562 4351 1720 4405 Infra
1749 4356 1914 4423 septa
1947 4353 2190 4408 οωηοῦἱὶ

1565 4440 1800 4495 Tutoris
1831 4455 1937 4512 ope
1963 4441 2204 4512 pessimi

1556 4526 1664 4590 Qui
1695 4543 1788 4582 me
1817 4528 2082 4583 nondum
2113 4529 2389 4587 deseruit.

1561 4616 1748 4688 Super
1774 4615 1952 4671 altare
1983 4617 2251 4688 praesulis

1557 4709 1799 4760 Textum
1833 4706 2056 4777 depono
2088 4705 2343 4775 Domini,

1557 4794 1774 4850 Deinde
1799 4811 1950 4865 pono
1983 4795 2244 4851 casulam

1549 4883 1736 4955 Super
1762 4883 1964 4938 altaris
1995 4884 2258 4940 tabulam

1559 4977 1699 5026 Cum
1734 4971 1901 5040 stola,
1937 4971 2128 5028 albam
2164 4975 2381 5046 pariter

1555 5064 1699 5115 Tum
1733 5061 1957 5133 depono
1988 5061 2282 5132 celeriter;

2753 367 2879 422 Dux
2909 382 3001 423 me
3032 366 3228 422 malus
3247 383 3360 422 non
3394 367 3612 424 deserit

2759 457 2952 528 Usque
2977 457 3050 512 ad
3082 455 3277 512 locum
3309 456 3528 514 lectuli.

2753 547 2964 624 Statim
2996 550 3053 602 et
3082 563 3113 601 e
3141 545 3387 619 vestigio
3697 619 3699 622 p

2749 635 2972 707 Corpus
3003 634 3061 692 in
3093 637 3344 696 stratum
3376 632 3618 690 colloco.

2750 725 2916 779 Astat
2947 739 3080 778 cum
3114 722 3298 795 nigris
3329 722 3605 778 dentibus

2753 812 2822 866 Et
2853 827 2986 868 cum
3015 811 3223 868 solutis
3253 810 3535 878 crinibus,

2750 899 2892 955 Cum
2925 900 3110 955 oculis
3135 898 3493 972 sanguineis,

2749 989 2892 1044 Urso
2924 988 3068 1060 pede
3098 987 3446 1052 consimilis,

2752 1077 2988 1148 Ungues
3018 1075 3255 1132 leonum
3286 1073 3578 1145 similans,

2746 1166 2983 1238 Nigram
3015 1183 3250 1238 capram
3275 1165 3400 1236 pilo
3431 1180 3646 1236 gerens
3675 1185 3688 1221 :

2749 1287 2813 1295 —
2848 1279 2874 1302 ‹‹
2911 1255 3018 1309 Fac
3053 1271 3143 1309 me
3171 1258 3505 1310 consortem
3535 1251 3743 1310 lectuli

2751 1343 2856 1408 Qui
2892 1343 2974 1397 fui
3005 1343 3122 1397 dux
3143 1342 3368 1398 itineris
3385 1383 3401 1408 ,

2754 1432 2834 1487 Ne
2864 1433 3119 1488 verearis
3150 1431 3376 1488 socium

2754 1521 3027 1592 Recipere
3059 1522 3115 1576 in
3149 1521 3470 1593 gremium:

2743 1610 2884 1676 Quis
2915 1611 2972 1665 in
3003 1611 3096 1666 via
3127 1626 3243 1666 non
3275 1609 3474 1665 nocuit

2743 1703 2807 1753 In
2841 1698 3052 1754 lectulo
3086 1715 3200 1754 non
3229 1697 3460 1770 poterit.

2742 1789 2860 1860 Ego
2893 1788 3104 1854 audax,
3138 1804 3254 1844 non
3284 1786 3552 1856 timidus,

2738 1875 2967 1931 Christo
2989 1876 3197 1944 fidens,
3229 1892 3346 1931 non
3375 1874 3618 1942 viribus,

2739 1964 2946 2019 Vertor
2973 1963 3032 2019 in
3064 1965 3264 2020 dextro
3293 1963 3473 2020 latere
3497 1983 3512 2032 ;

2741 2053 2958 2108 Locum
2992 2054 3064 2109 do
3096 2069 3274 2125 quam
3305 2052 3628 2110 celerrime.

2743 2141 2953 2196 Pedem
2987 2141 3153 2214 ponit
3181 2141 3239 2196 in
3269 2141 3555 2197 stramine

2743 2230 2818 2284 Os
2850 2231 2934 2285 ori
2969 2247 3114 2302 pene
3134 2229 3428 2302 jungitur,

2747 2317 3003 2375 Alternis
3031 2319 3224 2374 verbis
3253 2318 3574 2390 loquimur.

2745 2409 2998 2463 Securus
3021 2409 3090 2463 de
3120 2407 3350 2463 Christo
3381 2423 3536 2474 meo,

2744 2497 2914 2551 Illum
2942 2497 3099 2552 haud
3131 2496 3278 2552 nihil
3309 2500 3545 2553 metuo:

2737 2617 2802 2624 —
2835 2609 2862 2634 «
2912 2585 3034 2654 Dic,
3083 2586 3261 2642 sodex
3309 2585 3526 2656 [sodes]
3576 2588 3632 2642 et
3682 2585 3814 2642 dux

3517 2674 3806 2745 [pessime

2737 2762 3012 2819 Veritatis
3023 2761 3582 2836 contrarieheritati
3592 2765 3810 2824 contra

3603 2849 3714 2922 lrie
3729 2849 3809 2920 ?],

2737 2942 2870 3005 Quae
2901 2957 3088 2996 causa;
3121 2956 3280 2996 nunc
3300 2938 3632 3006 exstiterint

2738 3027 2841 3084 Vel
2871 3045 2998 3100 quae
3031 3029 3176 3085 ratio
3208 3029 3386 3085 fuerit

2745 3119 2930 3182 Quare
2948 3118 3215 3174 Christus
3244 3119 3316 3174 ad
3349 3118 3567 3175 inferos

2737 3205 3129 3275 Descenderit,
3163 3223 3279 3278 quo
3311 3205 3540 3264 animas

2741 3294 2920 3350 Vobis
2950 3294 3177 3351 tolleret
3198 3295 3467 3362 miseras,

2748 3383 2815 3438 Et
2845 3385 2916 3438 de
2946 3383 3405 3456 servitutisjugo

2746 3473 2961 3528 Tantos
2993 3473 3258 3528 redderet
3275 3471 3514 3540 liberos,

2741 3560 2965 3616 Peccati
2999 3560 3150 3616 mole
3181 3561 3450 3631 gravidos

2731 3648 2932 3704 Vestro
2957 3648 3184 3704 tolleret
3205 3648 3436 3721 jugulo.

2741 3737 2918 3792 Miror
2941 3737 3212 3808 equidem
3244 3737 3493 3793 nimium

2734 3830 2874 3880 Tam
2901 3825 3164 3881 validum
3197 3825 3511 3898 imperium

2731 3915 2822 3970 Sic
2855 3915 3066 3971 fractos
3097 3919 3293 3987 postes
3325 3914 3542 3971 ferreos

2736 4004 2919 4060 Unius
2949 4004 3220 4060 Christus
3243 4003 3448 4076 digito.
3485 4025 3513 4053 ››

2735 4093 2752 4146 l
2761 4108 2862 4163 pse
2892 4092 3252 4161 infrendens,
3285 4091 3628 4157 barbarum.

2737 4179 3127 4248 Horrendum,
3152 4197 3453 4248 resonans,
3475 4183 3728 4249 tetrum,

2736 4269 2844 4325 Ore
2875 4270 3121 4326 distorto
3151 4267 3362 4342 incipit

2738 4357 3058 4430 Labrisque
3088 4358 3286 4414 fremit
3316 4355 3626 4418 tremulis:

2735 4477 2804 4488 -.
2833 4469 2860 4496 ‹‹
2896 4447 3046 4504 Audi
3080 4463 3255 4516 nunc,
3290 4445 3442 4503 male
3479 4445 3796 4515 monache,

2728 4537 2882 4590 Aure
2913 4535 3106 4590 cordis
3137 4541 3193 4591 et
3224 4535 3479 4607 percipe,

2729 4623 2878 4679 Vera
2908 4623 3125 4679 invitus
3157 4623 3364 4680 intimo

2729 4713 2890 4775 Quod
2925 4713 3044 4784 (sic)
3076 4712 3262 4769 celare
3292 4712 3393 4769 sed
3425 4727 3682 4785 nequeo:

2729 4802 2872 4857 Nam
2907 4818 3104 4857 meum
3136 4818 3252 4857 non
3284 4806 3376 4858 est
3404 4801 3594 4858 dicere

2727 4892 2888 4957 Quod
2919 4907 3122 4947 verum
3153 4895 3244 4946 est
3273 4890 3606 4964 omnimode

2728 4979 3037 5037 Pontifices
3067 4979 3357 5051 sacrilegi,

2721 5070 2976 5126 Abbates
3007 5087 3224 5126 normae
3252 5067 3453 5133 nescii,

2246 5184 2305 5238 Si
2331 5187 2544 5256 fractus
2574 5186 2838 5242 illabalur
2863 5187 3032 5255 orbis,

2245 5257 2586 5329 Impavidum
2618 5260 2821 5330 ferient
2845 5260 3041 5318 ruinae.

2213 5365 2582 5437 (/1)Peut-étre
2611 5365 2802 5421 faut-il
2836 5366 2942 5420 lirc
2967 5383 2979 5420 :

2254 5455 2454 5525 Vincla,
2485 5471 2636 5512 nexu
2656 5455 3026 5528 quadruplici.

2246 5543 2554 5622 Quadrupli
2584 5561 2840 5622 manque
2870 5544 3018 5604 dans
3049 5546 3181 5603 tous
3213 5540 3298 5602 les
3319 5540 3656 5619 glossaires.
