4000 6168
463 449 645 506 Nobis
675 447 849 505 fuerit
878 446 1147 516 aemulus,

462 539 535 595 Et
560 554 663 593 vos
694 538 860 594 nobis
892 538 1234 611 praetulerit,

464 628 536 683 Et
564 626 858 683 chariores
890 627 1104 682 fecerit.

464 716 552 772 Ad
584 715 707 771 haec
730 715 1029 787 respondit
1049 713 1390 781 monachus,

464 806 750 862 Constans
780 807 955 875 atque
983 802 1310 876 intrepidus
1343 820 1355 859 :

465 893 548 949 Tu
582 910 686 965 pro
716 896 819 948 tua
849 891 1126 964 superbia

466 983 650 1052 Atque
681 980 874 1037 cordis
900 980 1163 1049 audacia,

466 1069 744 1141 Vanaque
766 1068 1102 1125 extollantia

468 1157 777 1214 Perdidisti
807 1157 1085 1231 coelestia,

467 1251 618 1302 Dum
648 1248 861 1318 putans
892 1245 1110 1320 [putas]
1145 1246 1256 1302 Deo
1289 1244 1499 1302 similis

468 1334 576 1391 Per
598 1335 934 1406 superbiam
968 1334 1091 1391 fieri
1117 1352 1131 1403 ;

467 1428 537 1480 Et
563 1425 634 1479 de
664 1422 818 1479 claro
844 1422 1194 1497 archangelo

470 1512 679 1568 Factus
710 1529 773 1568 es
796 1512 961 1585 niger
992 1512 1273 1585 Ethiops.

470 1600 530 1657 Si
562 1601 744 1656 nostri
774 1601 871 1656 Dei
903 1601 1134 1656 bonitas

468 1690 656 1760 Atque
688 1688 1089 1746 misericordia

472 1778 653 1833 Nobis
684 1778 863 1834 donat
890 1780 1044 1851 quod
1077 1780 1342 1835 tumidus

470 1867 660 1938 Atque
691 1870 750 1921 tu
785 1867 979 1939 perdis
1004 1867 1297 1939 turgidus,

473 1955 591 2011 Nos
620 1955 875 2011 humiles
902 1956 1293 2029 acquiramus.

476 2043 624 2107 Quid
656 2046 829 2100 relert
858 2048 924 2100 ut
953 2050 1010 2101 te
1038 2044 1238 2101 doleas

476 2132 593 2189 Nos
623 2133 746 2189 ﬁeri
778 2133 933 2206 quod
966 2134 1196 2191 fueras?
1228 2157 1256 2185 »

476 2220 681 2277 Plures
711 2238 1011 2278 sermones
1040 2222 1368 2294 sparsimus
1398 2241 1416 2276 :

475 2311 555 2365 Ac
584 2309 654 2366 de
687 2309 891 2366 multis
923 2310 1112 2382 questi
1141 2328 1349 2367 sumus

476 2398 611 2464 Quae
632 2396 894 2454 tulerunt
923 2398 1218 2454 insomnia

434 2554 445 2563 ο
476 2486 547 2541 Et
575 2502 609 2541 a
637 2486 830 2543 cordis
859 2487 1143 2543 memoria

478 2573 762 2630 Oblivioni
792 2574 1025 2630 tradita.

476 2662 680 2717 Adhuc
710 2679 895 2717 unum
926 2662 1208 2733 quiddam
1239 2668 1437 2720 manet

478 2750 640 2813 Quod
666 2749 829 2805 vobis
859 2750 1046 2822 stylus
1076 2750 1297 2806 deferet

482 2836 554 2892 Ut
578 2835 833 2892 audiatis
862 2836 1071 2901 seduli,

554 3004 632 3077 (9)
665 3002 706 3059 Il
736 3003 1004 3078 vaudrait
1035 3003 1405 3078 mi‘eux‘pour
1426 3004 1478 3061 le
1505 3022 1641 3062 sens
1671 3022 1783 3078 que
1814 3005 1929 3062 l‘on
1961 3005 2135 3062 chan-

484 3075 615 3149 geat
633 3092 727 3130 ces
742 3075 1064 3149 Adeuxuvers
1093 3076 1163 3132 de
1193 3075 1356 3149 place
1390 3093 1402 3131 :

734 3146 873 3201 Dum
902 3147 1113 3202 VENITE
1139 3146 1501 3218 protrahitur,

738 3219 845 3286 Qui
867 3233 1077 3274 morose
1104 3218 1234 3273 dum
1256 3221 1500 3285 canitur,

737 3289 972 3356 Quartus
1004 3297 1053 3345 et
1076 3292 1479 3361 nonagesimus,

738 3361 880 3432 Tune
903 3362 1038 3415 satis
1063 3368 1209 3432 potes
1236 3378 1483 3430 surgere.

556 3430 703 3505 Mais
734 3430 819 3486 les
848 3431 997 3505 deux
1031 3430 1383 3505 manuscrits
1403 3432 1486 3487 les
1510 3432 1737 3504 placent
1756 3434 1827 3488 de
1857 3432 1914 3489 la
1946 3435 2135 3489 meme
2244 3430 2500 3490 in'Caéna
2551 3430 2789 3497 Domini,
2823 3432 2968 3505 Opp.
2993 3432 3051 3488 S.
3075 3432 3357 3505 Gregorii,
3390 3437 3433 3487 t.
3468 3431 3567 3500 IlI,
3599 3448 3656 3504 p.

487 3501 764 3569 maniere,
797 3506 853 3556 et
890 3500 1003 3556 l’on
1043 3502 1336 3558 s'écartait
1379 3500 1531 3559 alors
1570 3520 1709 3559 sans
1742 3521 1930 3559 aucun
1966 3522 2135 3560 scru-

486 3572 723 3644 puleide
755 3571 961 3644 l'ordre
991 3573 1394 3644 grammatical
1427 3575 1528 3630 des
1551 3579 1723 3631 mots.

558 3643 670 3713 (10)
702 3641 1148 3698 Probablefnent
1177 3644 1215 3698 il
1264 3647 1387 3700 laut
1416 3645 1522 3701 lire
1560 3646 1781 3701 auditus
1804 3664 1826 3708 ;
1854 3648 2132 3717 signierit,

358 320 369 332 ’
464 310 577 376 651
1203 314 1388 380 ΒΕΟ.
1433 312 1512 379 XI
1555 307 1787 380 AUC'l‘.
1834 308 2153 377 INCERTI
2196 310 2389 379 ANNI
2432 308 2535 377 ET
2579 308 2878 378 SCRIPT.
2924 316 3149 368 metu.

1638 447 1697 503 Si
1727 445 1891 502 vobis
1912 445 2120 519 placet,
2153 446 2395 504 domini.

1636 536 1801 590 Tunc
1831 551 2086 606 nequam
2116 534 2312 608 inquit
2339 535 2583 608 spiritus
2616 550 2629 590 :

1640 656 1708 663 —
1735 646 1761 673 «
1791 623 1922 679 Jam
1956 618 2261 680 matutinis
2291 625 2598 693 terminus,

1636 712 2083 786 Appropinquat
2106 713 2429 786 Remigius,

1641 804 1764 868 Quo
1794 800 1997 857 laudes
2027 807 2249 857 vestras
2281 802 2492 858 habeat

1645 892 1714 946 Et
1745 889 2025 945 lectiones
2054 891 2272 946 audiat.

1643 979 1753 1035 Sed
1787 983 1841 1035 te
1873 982 2072 1035 monet
2105 996 2232 1051 quae
2262 980 2484 1052 [quam]
2516 980 2711 1035 nescio

1646 1068 2017 1125 Consuetudo
2047 1068 2318 1141 improba

1642 1157 1715 1213 Ut
1745 1162 2058 1230 postquam
2088 1157 2341 1214 tinnitus
2371 1161 2503 1213 tuas

1644 1245 2004 1301 Percusserit
2030 1244 2351 1310 auriculas,

1644 1333 1854 1389 Statim
1885 1332 2033 1389 lecto
2064 1332 2287 1400 exilias,

1642 1424 1712 1478 Et
1740 1422 1968 1494 primus
2000 1422 2057 1478 in
2090 1422 2336 1478 ecclesia

1645 1512 1703 1567 Si
1737 1516 1921 1583 potes,
1951 1510 2103 1566 citus
2136 1512 2348 1578 abeas;

1643 1601 1788 1656 Nam
1820 1600 1961 1655 dum
1992 1604 2156 1673 potes
2188 1600 2513 1672 quiescere,

1648 1690 1718 1745 Et
1747 1690 2012 1745 membra
2041 1706 2248 1745 somno
2274 1689 2501 1744 tradere

1640 1781 1719 1834 Ac
1748 1778 1997 1834 dulciter
2025 1777 2346 1850 quiescere,

1647 1866 1719 1922 Ut
1747 1866 1984 1934 stultus,
2020 1866 2356 1922 monasterii

1650 1955 1884 2010 Primus
1908 1955 2057 2028 petis
2087 1954 2416 2010 introitum.

1649 2044 1801 2100 Dum
1827 2046 2008 2100 Venite
2031 2043 2410 2117 protrahitur,

1649 2134 1903 2198 Quartus
1927 2139 1984 2190 et
2013 2132 2433 2206 nonagesimus
2465 2132 2562 2204 (0).

1651 2221 1759 2285 Qui
1790 2239 2020 2279 morose
2051 2223 2191 2278 dum
2222 2221 2474 2287 canitur,

1651 2312 1814 2367 Tunc
1846 2313 1992 2368 satis
2021 2315 2187 2385 potes
2218 2325 2458 2383 surgere

1652 2399 1723 2454 Ut
1757 2415 2029 2454 occurras
2061 2398 2121 2453 in
2147 2398 2371 2454 ordine.
2403 2428 2472 2437 —

1652 2520 1719 2526 —
1750 2487 1795 2543 Ο
1826 2486 2142 2559 castigator
2170 2485 2436 2558 improbe

1658 2576 1906 2647 Imperet
1934 2575 2040 2630 tibi
2071 2574 2357 2641 Dominus

1653 2664 1955 2735 Nusquam
1982 2667 2046 2718 tu
2077 2663 2225 2718 bene
2256 2662 2493 2729 habeas,

1655 2751 1767 2807 Sed
1788 2766 2022 2823 semper
2054 2749 2222 2807 bonis
2250 2766 2471 2816 careas,

1658 2838 1765 2904 Qui
1797 2839 2012 2895 suades
2043 2842 2108 2892 ut
2135 2838 2433 2893 dormiens

3757 303 3902 368 652

2809 444 3022 500 Contra
3049 442 3313 516 regulam
3344 440 3554 498 faciam

2812 533 2947 597 Quae
2969 533 3141 605 jubet
3169 548 3277 588 nos
3307 547 3442 587 mox
3463 545 3725 603 surgere,

2819 622 2889 678 Ut
2920 620 3170 677 tinnitus
3199 619 3467 693 signierit

2816 709 3056 766 Auritus
3085 710 3197 783 (10)
3228 711 3302 766 ab
3332 707 3613 766 auriculis

2821 800 2985 855 Tunc
3014 803 3102 855 est
3131 814 3370 855 necesse
3399 797 3678 855 fratribus

2820 888 2894 945 Ut
2923 891 3233 944 occurrant
3262 903 3442 959 quam
3462 886 3636 943 citius
3662 904 3677 955 ;

2819 977 2876 1032 Si
2909 976 3049 1049 quid
3075 980 3136 1032 tu
3168 974 3343 1045 male,
3374 974 3637 1049 pervigil,

2826 1067 2977 1123 Dum
3009 1066 3309 1122 dormiunt
3328 1064 3605 1133 suaseris,

2822 1156 2942 1211 Hoc
2972 1153 3228 1211 deﬂeant
3255 1170 3391 1210 cum
3420 1153 3692 1227 lacrymis

2822 1245 2969 1299 Ante
2998 1245 3374 1315 conspectum
3405 1241 3660 1308 Domini,

2827 1330 2937 1386 Sed
2971 1330 3110 1403 quid
3143 1334 3198 1386 te
3228 1333 3495 1386 nostrum
3525 1345 3732 1386 canere

2819 1421 3071 1492 Spectat,
3098 1418 3237 1492 lupe
3269 1423 3404 1475 trux
3434 1419 3695 1491 pessime
3715 1418 3858 1491 (11).

2826 1540 2893 1547 ——
2926 1509 3042 1580 Ego
3068 1524 3238 1563 curro
3269 1523 3373 1580 per
3399 1507 3597 1563 omnia

2826 1598 2896 1652 Et
2924 1596 3053 1652 volo
3083 1595 3244 1652 velox
3274 1612 3440 1664 aera;

2822 1689 2963 1741 Sum
2996 1684 3246 1741 velocior
3268 1685 3417 1741 Euro

2828 1776 2894 1831 Et
2924 1775 3109 1830 lustro
3139 1774 3493 1831 monasteria
3519 1792 3532 1842 ;

2831 1865 2889 1919 Si
2917 1880 3090 1936 quem
3124 1878 3320 1919 meum
3354 1862 3662 1935 reperiam,

2830 1951 3123 2025 Quidquid
3157 1949 3286 2007 volo
3314 1950 3425 2007 hoc
3454 1950 3647 2007 faciat.
3681 1982 3748 1993 —

2826 2074 2892 2083 —-
2925 2041 3186 2097 Tandem
3214 2041 3454 2096 modum
3488 2040 3761 2113 nequitia:

2827 2132 2961 2187 Jam
2990 2135 3052 2185 tu
3086 2130 3354 2197 mendax,
3387 2129 3500 2203 ﬁge
3528 2133 3663 2197 tuas,

2829 2221 2897 2275 Et
2925 2217 3161 2274 desinas
3191 2217 3595 2291 blasphemiis.
3632 2241 3658 2267 ››

2828 2308 3081 2364 Alternis
3109 2323 3412 2363 cessamus
3439 2306 3621 2380 loqui,

2831 2395 3135 2451 Evanescit
3161 2411 3231 2450 ex
3257 2393 3462 2464 oculis,

2830 2484 3090 2539 Sumnus
3119 2482 3314 2555 gravis
3344 2499 3439 2539 me
3467 2482 3722 2551 deserit;

2830 2572 3148 2645 Copulatus
3178 2587 3313 2628 cum
3339 2572 3586 2638 caeteris,

2831 2662 2942 2717 Oro
2975 2662 3157 2717 Deum
3189 2660 3438 2734 Remigii

2831 2750 2903 2805 Ut
2932 2748 3140 2805 visioni
3173 2748 3470 2805 somnium

2831 2837 3027 2894 Faciat
3054 2852 3183 2893 esse
3213 2851 3562 2909 congruum.

2244 3023 2389 3063 aura
2418 3023 2621 3080 sonne,
2657 3007 2734 3062 du
2765 3004 2897 3062 vieil
2931 3004 3220 3062 allemand
3249 3007 3391 3077 sing,
3416 3004 3615 3062 clocbe
3634 3004 3737 3080 qui
3759 3006 3917 3065 s’est

2246 3079 2521 3135 conservé
2553 3078 2702 3133 dans
2724 3079 2911 3134 tocsin.

2494 3150 2590 3205 Les
2619 3150 2758 3204 clers
2787 3151 2822 3204 ὰ
2852 3148 3014 3204 haute
3042 3149 3171 3203 voia:
3189 3151 3239 3203 et
3266 3148 3409 3203 clere

2493 3222 2555 3275 Te
2585 3220 2753 3275 DEUM
2788 3235 3089 3275 LAUDAIUB
3117 3222 3435 3275 chantérent

2493 3293 2590 3346 Les
2620 3307 2781 3347 smus
2804 3298 2856 3346 et
2882 3292 2962 3346 les
2989 3289 3196 3345 cloehes
3223 3294 3515 3346 sonuerem

2315 3364 2427 3445 (lbi)
2460 3362 2617 3445 Daris
2650 3361 2905 3445 l'hxmpe
2934 3360 3670 3445 denb‘gvius,.Ad-lotiqmm
3696 3361 3913 3445 pedm?!

2244 3521 2388 3579 ya:

3772 3432 3832 3498 4,
3867 3432 3910 3487 il

2495 3577 2640 3630 Trux
2669 3576 2811 3646 lupa,
2841 3574 2982 3630 Jada
3009 3576 3261 3646 pessime.

2492 3648 2617 3702 Fers
2647 3662 2789 3716 agno
2816 3647 2944 3702 miti
2972 3646 3145 3701 basia.

1213 3938 1344 4027 DE
1406 3938 1805 4028 MUSICIS
1863 3938 2411 4030 OPUSCULIS
2473 3938 3155 4087 SEQUENTIBUS

1977 4118 2405 4192 MONITUM.

1189 4283 1358 4355 (Dom
1388 4281 1677 4349 Genesar,
1710 4282 2009 4355 Scriptores
2037 4284 2387 4341 ecclesiastici
2413 4284 2478 4341 de
2506 4286 2737 4354 musica,
2765 4288 2809 4340 t.
2843 4284 2888 4354 Ι,
2926 4283 3177 4354 Prefat.)

560 4571 903 4647 Claudimus
922 4573 1121 4647 inquit
1152 4579 1213 4630 Ι).
1247 4574 1509 4643 Gerbert,
1542 4575 1799 4647 primum
1834 4576 1941 4633 hoc
1972 4575 2341 4633 Collectionis
2372 4583 2582 4634 nostra!
2621 4577 2893 4633 volumen
2937 4577 3115 4632 variis
3163 4576 3634 4633 dimensionibus
3681 4592 3901 4633 mono-

488 4642 711 4712 chordi,
741 4645 894 4716 quod
916 4642 1387 4720 instrumentum,
1408 4642 1513 4720 suo
1535 4642 1602 4701 ex
1636 4648 1870 4720 nomine
1903 4648 2081 4704 unius
2109 4648 2338 4705 chorda:
2367 4650 2427 4704 in
2458 4650 2684 4704 theoria
2715 4650 2951 4704 musica:
2988 4649 3198 4703 veteris
3250 4652 3382 4720 post
3418 4647 3663 4720 malleos
3696 4647 3902 4720 Pitba-

485 4730 638 4791 gora:
669 4723 893 4791 certum
925 4723 983 4771 et
1029 4716 1335 4791 infallibile
1365 4718 1813 4774 fundamentum
1846 4719 1955 4775 fuit
1986 4720 2058 4776 ad
2078 4720 2473 4791 inveniendus
2500 4720 3109 4791 demonstrandasque
3140 4716 3589 4791 consonantias_
3605 4723 3679 4791 et
3703 4718 3896 4791 inter-

483 4783 634 4842 valla
662 4787 909 4843 musica.
942 4791 983 4842 A

991 4793 1130 4859 tque
1160 4788 1294 4861 inde
1324 4790 1549 4845 musica
1579 4791 1820 4845 scientia
1853 4791 1925 4846 ad
1949 4790 2357 4847 certitudinem
2387 4790 2863 4846 mathematicam
2894 4788 3174 4861 assurgit,
3209 4790 3522 4858 radiosque
3561 4788 3903 4847 Divinitatis

486 4858 657 4914 nobis
679 4862 934 4933 ostentat
965 4858 1329 4933 in’operibus
1360 4866 1603 4923 naturae,
1646 4863 1989 4933 corporibus
2024 4880 2230 4932 nempe
2257 4862 2711 4933 quibuscunque
2743 4863 2996 4924 sonoris,
3021 4858 3330 4933 inquibus
3356 4863 3573 4917 easdem
3617 4866 3900 4933 constan-

484 4934 575 4984 ter
605 4931 859 5005 rationes
891 4930 1270 5005 inveniuntur
1299 4930 1626 4986 innumeris
1658 4930 1776 4987 tam
1803 4930 2365 5005 lini-inionicisquam
2399 4930 2806 5005 arithmcticis,
2840 4939 2897 5005 et
2926 4930 3406 5005 eadem'quidemA
3439 4931 3902 4988 demonstratio-

488 5000 955 5076 numevidcntia
982 5001 1043 5076 in
1076 5002 1328 5073 pondere
1361 5011 1417 5056 et
1446 5009 1740 5066 mensura,
1765 5004 1955 5075 qualis
1987 5004 2046 5058 in
2077 5000 2396 5075 geometria
2421 5004 2670 5076 habetur
2702 5003 2975 5076 :quibus
3018 5000 3296 5059 omnibus
3341 5002 3414 5059 ad
3466 5004 3648 5059 Deum
3693 5019 3901 5059 rerum

490 5073 849 5128 conditorem
871 5072 1172 5144 erigimur,
1207 5078 1379 5147 prout
1407 5076 1589 5129 omnia
1622 5076 1680 5129 in
1712 5072 1989 5141 mensura,
2018 5072 2344 5140 et'numero,
2374 5082 2427 5131 et
2449 5074 2687 5147 pondere
2715 5072 3008 5148 disposuit
3038 5076 3190 5147 (Sap.
3222 5090 3303 5142 χι,
3334 5076 3428 5146 21)
