4000 6168
148 292 295 355 ess

1484 290 1696 356 BERN
1704 290 1915 357 ELINI
1957 290 2286 360 MUSIGA;

1398 555 2354 658 BHBNELINI

797 760 1052 849 CITA
1109 762 1255 848 ET
1314 759 1588 866 VERA
1652 762 2081 851 DIVISIO
2137 762 2939 851 MONOCHORDI

1459 938 1535 993 IN
1566 937 1947 995 DlATONICO
1977 939 2282 996 GENERE.

237 1064 485 1144 Edimus
513 1078 768 1144 sequens
795 1061 1143 1144 opusculum
1174 1079 1242 1117 ex
1272 1062 1875 1144 cod..m'embranaceo
1906 1063 2366 1144 reginaalsueeias
2416 1064 2739 1144 Christinaa,
2786 1065 2887 1144 qui
2935 1069 3288 1144 asserva-up
3314 1066 3375 1123 in
3424 1067 3571 1144 bibl.

164 1124 449 1192 Vaticana
477 1124 745 1206 sign-atus
773 1124 1069 1206 olim_480,
1104 1150 1260 1189 nunc
1297 1135 1449 1189 1661.
1484 1134 1545 1206 In
1579 1135 1765 1190 fronte
1805 1135 1925 1189 haec

218 1207 475 1263 -centiori
508 1200 779 1261 additur:
815 1204 874 1259 ϐ.
908 1204 1175 1261 Scholusu'
1202 1205 1431 1260 Abacus.
1482 1200 1764 1262 Bemelim'
1805 1207 2035 1272 Abacus,
2083 1208 2310 1261 musica.
2362 1200 2538 1261 Ariih.
2583 1211 2637 1262 et
2680 1208 2857 1264 Geom.

2016 1136 2149 1190 abet
2192 1135 2358 1192 Abaci
2408 1137 2609 1205 regula:
2658 1140 2708 1191 et
2746 1135 2862 1191 alia
2913 1136 3177 1205 quaedam.
3228 1137 3574 1196 Charactere

2952 1208 3155 1264 crberti
3198 1208 3269 1264 ad
3316 1208 3571 1267 Adalbol-

222 1296 297 1334 tm
316 1276 628 1353 nonnulla,
649 1281 758 1331 etc.
792 1274 958 1353 illum
984 1276 1263 1353 nimirum
1284 1275 1817 1353 Adelbp_l_dum,_qu_i
1837 1276 2029 1353 adhuc
2045 1276 2670 1353 sch_olasticus,_faet_us
2692 1282 2900 1353 postea
2917 1278 3227 1351 episcopus
3244 1281 3573 1353 Trajecten-

225 1368 271 1417 ς,
303 1349 584 1422 Gerberto
605 1349 730 1422 jam
759 1347 1017 1422 pontifici
1043 1347 1431 1422 _sub_nomine
1460 1347 1748 1422 Silvestri_
1776 1348 1831 1422 ΔΙΙ
1859 1348 2120 1422 vicissim
2145 1349 2445 1422 inscripsit
2465 1347 2749 1422 libellum.
2774 1347 3087 1422 Gerbe'rtus
3107 1347 3242 1406 vero
3258 1367 3321 1407 se
3345 1347 3573 1409 schola-

229 1423 383 1476 chm
414 1419 680 1495 nominat
707 1418 769 1495 in
802 1420 1001 1495 regula
1020 1419 1088 1473 de
1114 1419 1289 1495 Aeaco
1318 1421 1577 1495 cmpuli,
1609 1436 1737 1490 qum
1770 1420 1827 1495 in
1861 1419 2095 1495 laudato
2131 1418 2347 1495 codice
2374 1419 2587 1495 legitur
2634 1424 2778 1495 post,
2808 1421 2973 1495 Bedes
3019 1438 3226 1495 versus
3267 1423 3344 1478 De
3388 1425 3571 1495 confe-

241 1508 362 1559 one,
395 1497 508 1548 etc.
542 1491 823 1561 Sequitur
854 1506 907 1563 p.
950 1491 1009 1544 18
1033 1492 1289 1562 pravfatz’o
1331 1492 1517 1555 Abacz,
1568 1508 1729 1562 quem
1765 1493 1960 1563 junior
2009 1493 2335 1563 Bcrnelinus
2382 1491 2555 1547 edidit
2597 1491 2862 1547 Parisius.
2909 1493 3137 1549 Domino
3183 1494 3393 1550 Amelio
3444 1491 3571 1550 Ber-

241 1564 388 1649 ξξηαε
417 1578 547 1644 suus
565 1566 794 1649 inferum
819 1561 1099 1649 felicitatis
1125 1578 1341 1649 manus.
1376 1561 1588 1632 Mirari,
1609 1561 1781 1649 fater
1810 1571 2008 1649 sancte,
2057 1579 2165 1649 non
2214 1562 2400 1649 ἀρδίῃο
2447 1565 2749 1649 unctionis
2793 1566 2908 1621 tua?
2954 1566 3434 1649 instantiqm,_etc.
3456 1567 3572 1649 Ap-

243 1633 504 1709 tlaturjn
526 1633 737 1709 eadem
770 1632 1106 1709 prtefatione
1133 1634 1373 1709 A_me_(z'u.sj
1396 1634 1728 1709 uenerabilis
1755 1635 2001 1709 sacerdos
2022 1636 2079 1709 ret
2126 1634 2422 1690 monachus
2443 1651 2461 1709 ξ
2482 1708 2485 1709 ν
2509 1635 2864 1709 mentionem
2914 1650 3147 1709 quoque
3191 1632 3572 1709 facitoperis

244 1708 263 1762 ἰ
284 1723 380 1778 pp.
413 1704 673 1761 Gerberti.
710 1703 886 1776 p.311.
922 1703 1215 1775 Opusculo
1245 1704 1316 1759 de
1345 1705 1537 1760 Abaeo
1566 1722 1701 1760 mox
1730 1705 2108 1777 subjungitur
2138 1721 2393 1777 praesens
2426 1706 2544 1761 Cila
2571 1713 2623 1761 et
2653 1722 2778 1762 vera
2806 1703 3003 1761 divisio
3029 1703 3402 1765 ᾖιοηοσήονάὶ.

237 1937 554 1994 Dimidium
569 1916 1192 2009 proslambanomenos
1215 1941 1305 2013 est
1328 1937 1504 2003 Mese,
1522 1937 1701 2009 hujus
1718 1955 1815 1994 au-
1840 1943 1896 2008 Α
1926 1937 2108 1993 trardi
2124 1936 2286 2010 prius
2301 1942 2508 1995 tonum
2520 1944 2576 1995 et
2587 1939 2986 2007 semitonium,
3002 1940 3367 2013 posteaduos
3380 1944 3567 1999 tonos.

264 2043 283 2080 1
313 2025 630 2081 dimidium
661 2029 750 2081 est
790 2030 920 2081 nete
968 2024 1380 2098 hyperboleon,
1426 2028 1596 2097 cujus
1642 2027 1815 2082 tertia

246 2132 299 2170 ss
328 2114 443 2170 sibi
475 2114 677 2170 addita
700 2118 788 2170 est
827 2119 957 2170 nete
1007 2115 1487 2186 diezeugmenon.
1533 2116 1812 2186 Ejusdem

249 2219 296 2259 3e
324 2201 719 2275 hyperboleon
750 2203 1039 2259 medietas
1070 2202 1343 2260 similiter
1371 2204 1423 2259 ei
1454 2205 1672 2271 addita,
1724 2209 1814 2260 est

254 2297 438 2349 tacete
467 2292 924 2364 diezeugmenon
950 2310 965 2360 ;
998 2294 1167 2364 cujus
1198 2297 1405 2364 quarta
1449 2310 1582 2365 pars
1616 2294 1692 2365 (1)
1724 2299 1814 2349 est

272 2385 437 2437 anete
449 2379 865 2453 byperboleon,
881 2380 1061 2451 hujus
1074 2385 1268 2437 autem
1283 2382 1565 2438 medietas
1583 2383 1691 2439 sibi
1717 2383 1810 2437 ad-

269 2488 287 2525 ι
313 2474 404 2525 est
431 2468 566 2524 trite
603 2468 1082 2541 diezeugmenon.
1127 2468 1306 2540 hujus
1355 2475 1554 2525 autem
1603 2476 1812 2543 quarta

272 2577 297 2614 s
326 2560 403 2629 (2)
434 2562 524 2613 est
555 2557 689 2613 trite
721 2557 1131 2630 hyperboleon.
1165 2559 1304 2614 Nete
1351 2560 1810 2633 diezeugmenon

276 2664 357 2702 3m
387 2646 561 2703 tertia
590 2663 728 2718 pars
759 2646 870 2701 sibi
902 2646 1100 2702 addita
1146 2650 1235 2703 est
1286 2664 1609 2719 paramese.
1667 2650 1810 2705 Ecce

284 2752 346 2791 es
376 2740 504 2792 octo
534 2735 875 2802 divisiones,
910 2752 1158 2806 quarum
1190 2736 1505 2806 unicuique
1536 2738 1609 2792 ad
1638 2755 1808 2793 suam

283 2841 465 2892 iason,
498 2823 719 2880 scilicet
744 2840 932 2896 usque
961 2824 1611 2896 proslambanomenon,
1635 2831 1693 2881 et
1712 2826 1812 2882 ha-

156 2901 171 2961 i
281 2915 328 2970 ‘s
359 2914 695 2986 quindecim
718 2930 916 2981 sonos,
943 2913 1001 2967 in
1024 2913 1114 2969 bis
1133 2914 1413 2986 diapason
1436 2916 1807 2971 constitutos.

154 2986 175 3067 ἓ
286 3019 360 3058 na
389 3002 613 3075 species
642 3001 1004 3058 diatessaron
1037 3006 1259 3057 constat
1311 3020 1378 3057 ex
1426 3007 1584 3070 tono,
1635 3004 1809 3059 semi-

158 3098 187 3171 ξ
274 3092 324 3146 io
354 3096 413 3146 et
441 3097 577 3147 tono
604 3091 703 3163 (3).
737 3091 1007 3146 Secunda
1034 3107 1103 3146 ex
1132 3091 1363 3146 duobus
1392 3091 1546 3147 tonis
1567 3096 1623 3147 et
1643 3092 1813 3148 semi-

156 3181 185 3237 8
272 3180 344 3235 'o.
377 3180 576 3235 Tertia
604 3196 673 3234 ex
697 3178 1008 3235 semitonio
1037 3183 1096 3234 et
1126 3179 1355 3236 duobus
1394 3180 1567 3236 tonis.
1618 3180 1814 3236 Prima

284 3268 390 3324 :ies
419 3268 689 3340 diapente
727 3272 959 3324 constat
1004 3285 1073 3323 ex
1124 3268 1315 3339 prima
1360 3269 1551 3340 specie
1598 3270 1813 3324 diates-

270 3374 335 3412 -ιιι
367 3356 592 3427 adjecto
624 3362 760 3411 tono
792 3356 1084 3428 superius.
1127 3357 1399 3413 Secunda
1445 3374 1514 3413 ex
1557 3357 1815 3413 secunda

291 3462 529 3502 essaron
557 3445 784 3517 adjecto
810 3450 946 3501 tono
977 3446 1272 3518 superius.
1304 3447 1497 3502 Tertia
1527 3463 1594 3502 ex
1641 3447 1813 3502 tertia

282 3551 534 3591 .essaron
566 3534 791 3605 adjecto
824 3540 958 3591 tono
992 3535 1255 3590 inferius.
1289 3536 1504 3600 Quarta
1534 3552 1601 3591 ex
1623 3537 1813 3608 prima

285 3624 360 3679 :ie
408 3624 772 3679 diatessaron
824 3624 1048 3695 adjecto
1106 3627 1241 3679 tono
1288 3624 1554 3680 inferius.
1603 3625 1810 3682 Protus

288 3717 398 3768 atat
426 3728 495 3768 ex
522 3713 715 3785 prima
744 3712 936 3784 specie
969 3713 1260 3784 diapente,
1292 3718 1349 3769 et
1380 3713 1571 3785 prima
1621 3714 1811 3787 specie

268 3808 527 3858 ‘essaron
574 3801 883 3873 superius;
936 3801 1263 3874 subjugalis
1308 3804 1438 3872 ejus
1485 3819 1554 3858 ex
1607 3804 1809 3859 eadem

304 3891 354 3947 ie
384 3891 677 3962 diapente,
711 3894 768 3945 et
805 3890 1007 3945 eadem
1036 3889 1227 3962 specie
1256 3891 1624 3948 diatessaron
1648 3908 1809 3964 supe-

297 3981 393 4051 {5}.
416 3979 705 4036 Deuterus
718 3984 945 4034 constat
957 3998 1023 4035 cx
1038 3979 1298 4035 secunda
1311 3981 1502 4052 specie
1516 3980 1808 4053 diapente,

289 4069 496 4124 ‘eunda
527 4068 717 4140 specie
747 4067 1109 4124 diatessaron
1161 4070 1433 4140 superius
1482 4070 1810 4142 subjugalis

322 4173 391 4212 ex
419 4157 622 4212 eadem
656 4157 847 4229 specie
878 4156 1168 4228 diapente,
1204 4162 1260 4212 et
1304 4160 1465 4213 tertia
1498 4159 1577 4229 (5)
1619 4159 1810 4231 specie

306 4263 525 4303 issaron
555 4244 818 4301 inferius.
852 4244 1050 4300 Tritus
1081 4249 1309 4300 constat
1337 4262 1403 4300 ex
1431 4245 1602 4301 tertia
1622 4246 1812 4318 specie

304 4338 456 4405 ente,
479 4338 536 4389 et
565 4333 738 4388 tertia
757 4334 950 4405 specie
966 4332 1329 4389 diatessaron
1354 4352 1366 4402 ;
1387 4335 1465 4406 (6)
1484 4335 1812 4409 subjugalis

320 4440 390 4479 ex
418 4423 620 4479 eadem
675 4423 868 4495 specie
920 4421 1215 4495 diapente,
1261 4428 1318 4478 et
1366 4424 1568 4479 eadem
1621 4426 1812 4496 specie

302 4530 526 4569 sssaron
559 4512 824 4569 inferius.
857 4512 1175 4568 Tetrardus
1217 4517 1444 4569 constat
1489 4530 1558 4569 ex
1605 4519 1814 4585 quarta

305 4602 355 4657 ie
385 4602 681 4674 diapente,
714 4607 772 4657 et
803 4600 994 4673 prima
1044 4601 1239 4674 specie
1298 4601 1663 4658 diatessaron
1710 4617 1809 4656 su-

158 3314 175 3411 ἱ

162 3446 177 3514 ξ

161 3538 179 3599 t

161 3624 179 3683 ι

160 3698 184 3779 τ

160 3802 185 3895 ἓ

159 3894 181 3954 ζ

155 4001 175 4034 1

161 4058 175 4136 ἐ

164 4330 187 4405 ξε

170 4465 185 4503 εί

310 4796 365 4835 tn
398 4780 590 4852 specie
626 4780 987 4836 diatessaron
1038 4779 1304 4835 inferius.
1355 4780 1559 4835 Omnis
1612 4784 1816 4853 tropus

320 4870 495 4941 igalis
526 4870 791 4925 eamdem
827 4868 1002 4925 habet
1033 4869 1304 4941 diapente
1334 4874 1390 4924 et
1428 4870 1814 4939 diatessaron,

310 4974 343 5011 n
375 4957 746 5013 authenticus
764 4959 911 5027 ejus.
937 4957 1141 5014 Ditfert
1161 4962 1382 5028 autem,
1406 4958 1561 5030 quod
1581 4958 1819 5013 authen-

156 5046 187 5107 τι
307 5065 321 5098 ε
349 5046 711 5101 diatessaron
743 5046 919 5101 habet
947 5064 1123 5118 supra
1157 5047 1448 5119 diapente,
1491 5046 1818 5120 subjugalis

161 5136 187 5190 i:
305 5157 339 5190 t.
372 5139 582 5192 Protus
613 5140 670 5191 et
702 5136 1000 5192 tetrardus
1030 5136 1303 5191 contrarii
1333 5140 1494 5204 sunt,
1546 5152 1612 5192 eo
1662 5136 1815 5208 quod

158 5220 189 5293 «ξ
310 5227 440 5279 ente
469 5224 621 5296 proti
655 5223 832 5280 habet
875 5223 1038 5296 prius
1091 5224 1237 5279 duos
1282 5228 1471 5290 tonos,
1517 5228 1574 5280 et
1620 5229 1820 5297 postea

159 5325 197 5389 ει
301 5312 569 5383 ξιοῑιίυω,
601 5317 658 5370 et
688 5313 748 5369 in
781 5314 895 5371 {ine
940 5318 1180 5382 tonum;
1235 5313 1512 5385 Diapente
1553 5330 1686 5370 vero
1735 5318 1818 5369 te-

168 4512 179 4557 ξ

156 4700 183 4780 ἑ

157 4962 187 5029 ιέ

178 5033 183 5051 l

274 5446 536 5508 ‘lAdde:
569 5465 639 5505 ex
669 5447 859 5505 eadem
885 5447 1120 5503 sublata.

303 5534 315 5582 )
348 5518 450 5573 Hic
482 5519 672 5575 denuo
704 5519 1072 5575 addendum:
1096 5517 1270 5574 eidem
1299 5518 1541 5575 sublata.

308 5588 478 5663 illaec
507 5595 564 5663 et
592 5590 899 5663 sequentia
919 5590 1430 5663 conferendasunt
1454 5606 1587 5647 cum
1613 5589 1819 5648 Mono—

156 5676 189 5733 (ξ
252 5661 387 5735 .j’do
414 5660 720 5736 Guidonis,
750 5666 815 5722 ut
844 5661 1076 5723 facilius
1105 5660 1515 5739 intelligantur

1923 2026 2288 2083 Concordant
2325 2032 2522 2084 autem
2554 2028 2744 2099 prima
2791 2027 2983 2101 specie
3031 2028 3419 2099 diatessaron,
3467 2047 3573 2088 ex-

1921 2120 2109 2188 cepto,
2144 2116 2299 2187 quod
2331 2117 2597 2171 Tetrardi
2627 2122 2718 2173 est
2747 2119 2985 2190 inferior
3016 2118 3114 2190 (7).
3163 2117 3470 2177 Deuterius
3516 2124 3575 2178 et

1922 2204 2096 2260 tritus
2126 2205 2363 2261 omnino
2393 2204 2669 2260 contrarii
2694 2210 2865 2273 sunt;
2889 2222 3023 2261 cum
3045 2206 3317 2278 diapente
3335 2207 3568 2264 Deuteri

1920 2292 2084 2363 prius
2115 2296 2232 2347 tres
2264 2296 2432 2348 tonos
2464 2292 2698 2360 habeat,
2722 2298 2779 2349 et
2795 2299 2998 2365 postea
3018 2294 3428 2364 semitonium;
3450 2296 3571 2353 dia-

1920 2386 2091 2452 pente
2107 2398 2238 2438 vero
2261 2381 2383 2437 triti
2405 2381 2572 2454 prius
2594 2382 2994 2452 semitonium,
3018 2388 3220 2456 postea
3235 2388 3353 2440 tres
3372 2387 3563 2455 tonos;

1920 2475 1974 2523 et
2005 2469 2370 2526 diatessaron
2403 2471 2630 2527 deuteri
2660 2472 2739 2528 sit
2765 2472 3017 2529 duorum
3056 2477 3330 2529 tonorum
3369 2476 3429 2530 et
3474 2490 3565 2531 se-

1921 2558 2144 2613 mitonii
2157 2603 2171 2627 ,
2185 2559 2546 2615 diatessaron
2565 2566 2759 2616 autem
2776 2561 2899 2616 triti
2926 2560 3219 2618 semitonii
3236 2566 3295 2617 et
3313 2562 3565 2619 duorum

1916 2650 2210 2702 tonorum.
2228 2647 2285 2702 Si
2312 2647 2663 2704 converteris
2684 2648 2954 2721 diapente
2971 2649 3143 2722 preti,
3168 2649 3419 2709 efficitur
3438 2649 3561 2707 dia-

1920 2740 2089 2806 pente
2118 2736 2380 2792 tetrardi.
2416 2738 2643 2793 Rursus
2685 2738 2924 2793 tetrardi
2971 2738 3245 2810 diapente
3286 2754 3565 2795 conversa

1920 2830 2155 2881 resonat
2184 2826 2456 2898 diapente
2480 2826 2656 2898 preti.
2702 2826 3073 2883 Diatessaron
3116 2843 3251 2884 vero
3298 2827 3564 2901 ipsorum

1920 2930 2034 2968 non
2068 2915 2443 2971 convertitur.
2493 2915 2554 2971 Si
2601 2915 2954 2971 converteris
3001 2915 3274 2988 diapente
3315 2915 3561 2988 deuteri,

1919 3002 2168 3058 efﬁcitur
2178 3003 2446 3075 diapente
2458 3004 2600 3059 triti.
2616 3004 2845 3060 Rursus
2861 3003 2982 3059 triti
3000 3004 3270 3077 diapente
3287 3020 3567 3062 conversa

1919 3095 2154 3146 resonat
2169 3091 2439 3163 diapente
2459 3091 2700 3148 deuteri.
2724 3092 3008 3149 Similiter
3026 3096 3085 3148 et
3104 3093 3357 3150 converti
3377 3096 3568 3168 potest
3654 3098 3663 3101 “

1920 3178 2281 3236 diatessaron
2311 3196 2536 3236 eorum.

2153 3330 2427 3369 ΜΕΝὸοΜ
2458 3329 2822 3369 FISTULARUM
2860 3330 2928 3369 ET
2954 3329 3351 3371 MONOCHOBDI.

1993 3446 2249 3518 Rogatus
2281 3465 2314 3501 a
2332 3446 2601 3519 pluribus
2622 3464 2799 3520 quam
2824 3464 2993 3520 sepe,
3018 3463 3122 3520 pro
3143 3451 3320 3519 captu
3345 3447 3567 3523 ingenii

1919 3534 2339 3605 demonstrare,
2375 3553 2501 3608 quae
2527 3536 2677 3593 ratio
2709 3537 2787 3593 sit
2816 3542 2881 3592 ut
2911 3536 3339 3593 mensuralitati
3367 3554 3568 3595 mono-

1919 3622 2118 3678 chordi
2139 3630 2390 3696 nequeat
2405 3626 2775 3697 respondere,
2803 3629 2906 3683 aut
2926 3625 2974 3682 si
2999 3625 3155 3683 istud
3179 3626 3330 3683 inter
3344 3630 3569 3684 secreta

1920 3711 2113 3769 adhuc
2143 3712 2376 3770 latentis
2408 3718 2628 3769 naturae
2656 3715 3048 3787 interceptum
3079 3715 3329 3783 deﬁciat,
3356 3713 3565 3772 saltem

1920 3818 1992 3857 ne
2024 3801 2140 3857 alia
2169 3802 2441 3874 quaelibet
2462 3802 2794 3859 inveniendi
2814 3819 3016 3860 earum
3038 3821 3345 3862 mensuras
3365 3803 3568 3878 regula

1920 3908 1981 3946 se
2012 3892 2236 3958 oﬂ'erat,
2257 3909 2326 3946 ne
2336 3893 2360 3964 j
2370 3892 2559 3958 udicio
2578 3897 2808 3948 tantum
2827 3892 3059 3948 aurium
3076 3892 3221 3948 illud
3243 3893 3569 3949 committa-

1920 3996 2075 4047 mus,
2110 3984 2167 4034 et
2193 3980 2533 4036 Aristoxeno
2566 3981 2893 4052 proximare
2922 3980 3245 4049 videamur,
3287 3998 3323 4035 a
3368 3980 3566 4037 Boetio

1919 4073 2116 4125 autem
2142 4073 2199 4124 et
2214 4068 2613 4140 Pythagoricis
2631 4069 3109 4125 condemnemur.
3131 4067 3393 4124 Primum
3413 4068 3565 4136 dico,

1920 4157 2183 4214 Boetium
2206 4174 2321 4213 non
2341 4156 2724 4228 culpandum,
2748 4156 2916 4228 quasi
2939 4173 3054 4213 non
3075 4160 3311 4228 experta
3329 4156 3565 4227 dixisse,

1921 4246 2175 4303 maxime
2193 4263 2326 4302 eum
2350 4246 2685 4319 Pythagorae
2700 4244 2954 4301 inventis
2975 4245 3242 4301 videatur
3259 4244 3567 4313 institisse,

1921 4338 2021 4393 sed
2054 4340 2111 4392 et
2139 4335 2489 4405 Macrobius,
2513 4339 2569 4390 et
2590 4335 2943 4391 Censorinus
2966 4334 3037 4391 ad
3064 4333 3354 4391 Cerellum
3373 4334 3445 4390 de
3464 4351 3569 4390 na-

1920 4427 2022 4481 tali
2053 4443 2180 4495 suo,
2213 4425 2521 4481 videantur
2545 4424 2638 4481 his
2668 4428 3065 4481 consentanea
3093 4422 3425 4496 reliquisse,
3467 4423 3570 4480 sed

1923 4516 2069 4571 forte
2091 4515 2203 4571 alio
2227 4514 2399 4569 modo
2424 4514 2712 4570 foramina
2725 4513 3054 4571 fistularum
3073 4514 3144 4570 ad
3159 4512 3571 4587 inspirandum

1922 4604 2171 4658 formata
2195 4603 2349 4674 apud
2381 4618 2481 4658 eos
2505 4603 2707 4674 fuisse,
2733 4603 2887 4675 quod
2909 4607 2966 4659 et
2984 4620 3092 4659 nos
3113 4606 3312 4658 utrum
3332 4601 3575 4659 curiosi-

296 4708 389 4745 as:
417 4690 746 4765 subjugalis
769 4693 896 4762 ejus
918 4707 984 4745 ex
1007 4692 1209 4747 eadem
1233 4692 1421 4763 specie
1445 4691 1735 4762 diapente,
1761 4696 1817 4746 et
1848 4679 1889 4744 C
1931 4695 2047 4746 tate
2077 4691 2337 4746 adhibita
2368 4691 2717 4762 perserutati
2745 4693 3056 4761 fuerimus,
3089 4708 3195 4748 nec
3225 4707 3317 4755 ne,
3366 4708 3570 4764 super-

1926 4780 2200 4835 sedemus
2230 4778 2439 4833 dicere.
2474 4779 2582 4834 Sed
2618 4780 2757 4851 quia
2787 4779 2897 4837 hoc
2936 4781 3081 4837 forte
3121 4780 3319 4853 plures
3365 4778 3574 4836 lecturi

1926 4872 2084 4934 sunt,
2116 4870 2173 4922 et
2203 4866 2499 4937 aliquibus
2532 4867 2708 4922 etiam
2731 4867 2860 4940 ipsa
2882 4868 3261 4924 monochordi
3284 4883 3577 4924 commen-

1928 4957 2206 5013 suralitas
2240 4956 2438 5027 ignota
2468 4956 2599 5026 erit,
2633 4973 2931 5024 numeros,
2964 4958 3181 5030 quibus
3200 4960 3428 5014 constat
3448 4971 3577 5012 me-

1928 5047 2111 5101 tiendi
2146 5044 2369 5118 regula,
2401 5049 2458 5099 et
2484 5046 2776 5115 quomodo
2807 5044 3092 5116 paulatim
3118 5046 3189 5101 ad
3221 5062 3350 5101 eam
3380 5044 3583 5118 plura-

1926 5135 2151 5190 litatem
2186 5137 2532 5207 perventum
2566 5133 2661 5198 sit,
2696 5134 3108 5205 compendiose
3133 5149 3579 5206 prosequemur,

1926 5227 1993 5279 ut
2022 5226 2082 5277 et
2112 5222 2184 5277 ad
2216 5238 2316 5278 eos
2349 5219 2713 5292 quibuslibet
2743 5220 2980 5287 additis,
3022 5221 3357 5277 fistularum
3404 5220 3583 5277 etiam

1928 5310 2162 5367 numeri
2194 5314 2251 5367 et
2281 5327 2571 5366 mensura:
2597 5314 2920 5382 patescant,
2954 5313 3012 5366 et
3030 5309 3091 5365 hi
3124 5308 3462 5367 refellantur
3481 5308 3585 5383 qui

2022 5444 2077 5516 4)
2109 5444 2258 5516 Lege
2278 5461 2292 5499 :
2325 5445 2582 5516 inferius.

2019 5512 2074 5583 5)
2107 5512 2351 5573 Melius:
2382 5512 2641 5583 secunda,
2674 5528 2780 5570 seu
2812 5512 3017 5570 eadem.

2021 5588 2079 5656 6)
2107 5588 2271 5644 Adde
2296 5605 2309 5645 :
2340 5588 2611 5659 superius.

2019 5660 2075 5741 7)
2105 5659 2314 5721 Melius
2342 5676 2356 5719 :
2390 5659 2674 5735 superior.
