3984 6166
850 198 877 227 ρ

436 332 447 339 α
469 306 588 371 655

1213 267 1401 373 sic.
1446 308 1524 374 x1
1567 309 1796 375 AUCT.
1842 308 2156 377 INCERTI
2196 296 2390 379 ἉΝΝῙ
2433 313 2535 380 nr
2579 314 2876 384 sempr.
2922 324 3147 379 ’Amu.

3749 308 3883 383 656

470 427 700 517 putant,
732 442 997 499 Boetium
1020 444 1291 515 majores,
1326 462 1502 517 quam
1524 462 1761 503 necesse
1782 447 1976 515 tuerit,
2002 464 2109 503 nu-
2140 436 2381 517 Adam,
2412 437 2541 523 quae
2571 452 2803 509 duobus
2832 455 2988 511 tonis
3018 459 3077 511 et
3104 443 3483 511 semitonium
3503 444 3757 523 constat,
3776 447 3881 511 vel

470 550 662 589 meros
693 533 752 588 in
784 532 1082 590 armonica
1112 533 1315 606 regula
1347 535 1742 591 mensuranda
1761 542 2115 593 commenta-

467 624 595 678 tum
625 637 774 678 esse.
806 622 1045 678 Numeri
1077 622 1255 688 enim,
1289 623 1389 696 qui
1422 623 1796 697 interruptim
1838 626 2113 699 sympho-

468 710 601 767 nias
629 712 1020 781 ostenderent,
1054 728 1201 785 pene
1226 712 1381 769 intra
1409 713 1858 781 duodenarium,
1884 714 1969 771 vel
1998 733 2113 770 mu-

465 800 620 857 xime
650 800 805 857 intra
830 818 1012 856 xxnn.
1048 801 1293 857 inveniri
1323 806 1608 875 poterant,
1632 808 1697 859 ut
1720 804 1985 876 subjecta
2013 805 2111 861 de-

467 889 704 962 scriptio
733 891 902 947 docet
930 890 1026 962 (8).

536 980 647 1035 Sed
674 981 1089 1036 continuandis
1120 998 1192 1038 xv
1222 982 1534 1050 sonitibus,
1568 982 1657 1038 vel
1707 979 1881 1039 etiam
1930 983 2109 1039 trium

464 1086 745 1143 generum
766 1070 1150 1128 tetrachordis
1172 1072 1447 1129 omnibus
1471 1070 1655 1128 multo
1678 1074 2110 1128 numerosiores

464 1161 1532 1217 exstantnecessarii.Adinveniendos
1553 1162 1708 1217 enim
1746 1163 1892 1218 duos
1935 1162 2111 1218 conti-

463 1266 612 1306 nuos
644 1254 814 1306 tonos
846 1250 905 1307 in
937 1251 1324 1317 diatessaron,
1355 1251 1441 1307 vel
1474 1257 1592 1308 tres
1623 1251 1682 1306 in
1707 1252 1997 1325 diapente,
2020 1251 2107 1308 vel

463 1353 565 1395 sex
617 1338 692 1412 (9)
739 1344 943 1396 contra
987 1339 1419 1409 Aristoxenum,
1470 1339 1559 1395 vel
1615 1340 1906 1412 quaslibet
1962 1340 2109 1397 alias

462 1427 1020 1503 superparticulares
1070 1428 1493 1501 proportiones,
1546 1433 1793 1501 possunt
1840 1429 2107 1485 sufﬁcere

458 1516 734 1574 lectiones
764 1517 942 1573 Boetii
968 1516 1055 1573 vel
1080 1516 1139 1573 in
1171 1517 1420 1585 musica,
1453 1518 1539 1573 vel
1592 1517 1651 1572 in
1703 1517 2102 1574 Arithmetica.

460 1605 533 1662 Ut
557 1610 753 1665 autem
782 1606 1068 1679 paulatim
1098 1609 1390 1681 progressi
1421 1609 1497 1665 ad
1520 1594 1598 1665 Ti.
1648 1626 1769 1665 ccc.
1821 1624 1953 1678 1111.,
2004 1610 2105 1683 qui

458 1695 687 1767 primus
717 1699 808 1750 est
853 1694 1033 1752 trium
1077 1712 1359 1769 generum
1408 1713 1712 1767 numerus,
1763 1702 2105 1770 perventum

458 1787 568 1851 est,
601 1783 687 1839 sic
715 1788 947 1856 ceptum
995 1790 1103 1842 est.
1156 1785 1409 1855 Primus,
1463 1792 1523 1842 et
1573 1804 1687 1859 quo
1740 1787 1952 1854 minor,
2002 1787 2103 1859 qui

458 1874 786 1946 epogdoum
826 1874 1161 1944 constituat,
1217 1892 1333 1931 non
1382 1876 1728 1943 inveniatur,
1774 1876 2106 1932 octouarius

456 1967 567 2031 est,
599 1963 728 2035 ejus
752 1968 954 2020 octava
983 1963 1095 2020 sibi
1125 1964 1323 2021 addita
1351 1965 1525 2022 efﬁcit
1562 1965 1957 2035 novenarium,
2003 1965 2103 2037 qui

457 2051 654 2107 statim
689 2052 1008 2126 epogdoica
1060 2054 1282 2111 ratione
1324 2053 1683 2121 destituitur,
1736 2071 1803 2110 ac
1848 2071 1953 2127 per
1996 2054 2104 2110 hoc

453 2142 503 2196 si
525 2140 635 2215 (10)
668 2142 784 2197 duo
813 2142 1074 2199 continui
1108 2143 1228 2199 toni
1259 2143 1356 2200 hic
1387 2143 1498 2199 sibi
1549 2143 1905 2212 succedunt;
1956 2159 2105 2215 quos

454 2231 501 2288 si
533 2248 638 2304 per
666 2230 961 2305 quoslibet
990 2248 1178 2305 usque
1204 2232 1274 2287 ad
1303 2233 1664 2288 octonarium
1722 2231 2101 2305 multiplices,

452 2319 636 2377 nihilo
689 2320 824 2394 plus
877 2322 1162 2395 perﬁcies.
1211 2322 1343 2378 Jam
1392 2338 1525 2378 vero
1575 2339 1680 2395 per
1735 2321 2100 2377 octonarium

450 2409 785 2467 octonarius
826 2428 999 2466 Lxun.
1054 2413 1223 2478 ﬁunt,
1272 2428 1520 2484 quorum
1571 2415 1793 2478 octava,
1837 2427 1965 2482 quae
2015 2416 2103 2466 est

448 2518 565 2557 vni.
596 2499 815 2556 eisdem
860 2500 1078 2568 addita,
1132 2518 1300 2556 Lxxu.
1357 2500 1512 2568 facit,
1560 2500 1672 2572 (ll)
1724 2499 1824 2571 qui
1874 2503 1931 2555 et
1977 2498 2103 2570 ipse

449 2590 694 2663 epogdoi
727 2589 949 2645 ratione
970 2595 1159 2657 caret;
1184 2590 1255 2644 ad
1279 2590 1645 2645 diatessaron
1666 2605 1799 2644 vero
1822 2587 2100 2661 supplen-

520 2698 599 2769 (8)
629 2698 784 2754 Deest
812 2698 1119 2773 descriptio.
1152 2698 1317 2753 Forte
1346 2694 1481 2752 talis
1511 2712 1640 2753 esse
1670 2695 1927 2752 deberet.

1207 3060 1337 3111 VIII.
1453 3061 1600 3113 Vllll.

581 3067 583 3111 ἰ
701 3060 782 3110 γι.

581 3161 583 3206 δ
856 3177 868 3227 ε

581 3359 585 3416 τ
799 3382 868 3396 ..-

701 3060 782 3110 γι.

596 3123 2100 3143 W

1888 3059 1977 3111 XII

870 3267 884 3294 '
926 3267 1243 3331 τεεελ-Ἰ
1324 3267 1737 3331 Ι-ῙΤῖἐί
1792 3278 1829 3307 ⁸·

868 3532 902 3570 Α
1264 3528 1295 3566 1⁵
1674 3528 1703 3565 Δ

550 3730 637 3786 10)
670 3730 905 3786 Melius:
938 3746 1054 3784 nec.

545 3660 602 3731 9)
634 3658 888 3731 Supple:
922 3660 979 3714 in
1010 3659 1293 3729 diapason.

523 3662 602 3877 g9)
634 3662 888 3784 Supple:
922 3662 979 3714 in
1010 3662 1293 3729 diapason.

550 3732 616 3785 10
670 3730 905 3786 Melus:
938 3746 1054 3784 nec.

550 3731 960 3877 ttg_Numerus
990 3817 1159 3877 Lxxrt.
1194 3800 1491 3873 epogdous
1521 3817 1668 3877 cum
1688 3799 1784 3867 sit,
1826 3800 1921 3856 hic
1953 3816 2094 3872 sup-

446 3943 546 4030 ést‘
589 3945 742 4030 VIIII,
793 3944 996 4030 eisdem
1041 3943 1218 4000 denuo
1264 3943 1518 4011 addatur,
1555 3943 1815 4017 efﬁcitur
1880 3943 1962 3998 LX

446 4022 546 4092 qui
582 4022 633 4073 et
663 4022 795 4089 ipse,
827 4022 934 4072 etc.

662 4088 901 4171 Plotius:
932 4088 1161 4171 calculo.

546 4158 635 4227 13)
664 4158 875 4215 Melius
897 4176 911 4215 :
945 4166 1216 4217 tonorum.

542 4232 627 4303 14)
673 4230 759 4303 Ut
789 4247 1043 4303 sequens
1088 4230 1304 4303 tabella
1350 4231 1515 4303 ﬁeret
1544 4227 1795 4303 clarior,
1858 4227 2092 4303 eosdem

444 4298 723 4358 numeros
744 4302 804 4356 in
830 4298 1014 4358 altera
1030 4300 1306 4357 columna
1326 4302 1504 4372 cyl‘ris
1524 4300 1787 4355 Arabicis
1808 4298 2092 4371 expressi,

450 3872 595 3948 pleri
625 3874 796 3929 debet
822 3873 1063 3957 :ohorum
1102 3872 1334 3944 (nempe
1378 3874 1570 3944 Lxxu.)
1617 3874 1669 3928 si
1714 3880 1919 3956 octava,

450 3952 527 3998 est
589 3945 742 3998 VIIII.
793 3944 996 3998 eisdem
1041 3945 1218 3998 denuo
1265 3943 1518 3998 addatur.
1576 3946 1815 3998 efﬁcitur
1880 3943 1974 3998 LX.
2003 3944 2092 3998 λι.

515 4090 534 4302 ἒ

840 4467 986 4778 ἐ.
1401 4454 1634 4768 εξ.

775 4825 993 4909 Numeri
1017 4825 1427 4918 quincuplieiier
1451 4834 1533 4888 bis
1552 4830 1810 4900 diapason

718 4941 1064 5000 ostendentes
1109 4948 1240 4991 cum
1276 4920 1612 4983 differentiis.

696 5052 756 5115 g.
843 5049 979 5092 vm.
1037 5026 1195 5115 Note
1230 5021 1356 5101 hy-v

1470 5282 1770 5296 .—-—_

1094 5103 1350 5164 [μωροιι.
1464 5107 1507 5150 ι.

574 5197 649 5254 Τ.
715 5191 763 5253 f.
853 5198 1009 5249 vnn.
1466 5219 1509 5261 ι,
1556 5227 1612 5261 σ,

579 5278 655 5338 Τ.
710 5292 769 5337 Θ.
852 5289 916 5331 x.
955 5295 1011 5328 σ.

580 5288 655 5338 Τ.
710 5292 769 5337 Θ.
852 5289 916 5331 x.
955 5295 1011 5328 σ.
1470 5288 1765 5296 -·---

580 5365 652 5424 Τ.
705 5361 766 5422 d.
860 5375 942 5416 χι.
985 5365 1035 5423 ζ.
1071 5377 1125 5410 σ.
1165 5354 1281 5411 etc.
1446 5288 1526 5476 ιι.
1561 5352 1675 5408 ac.
1707 5364 1765 5400 e'.

585 5460 651 5523 S.
717 5475 772 5521 c.
855 5470 971 5515 xu.
1118 5537 1143 5546 -
1448 5460 1605 5546 π

587 5548 662 5610 Τ.
708 5548 771 5607 b.
858 5559 995 5603 Xlll.
1032 5537 1143 5606 αἶ’
1454 5537 1789 5610 ΓΤέ-ζέ--ή

589 5646 664 5709 Τ.
719 5661 777 5706 a.
865 5656 962 5701 xv.
995 5664 1051 5697 σ.
1083 5643 1134 5697 6.
1454 5641 1469 5712 ι
1501 5641 1577 5712 ιι.⁵
1614 5648 1663 5687 ς.

593 5734 659 5799 8.
721 5746 782 5812 ε.
865 5742 991 5790 xw.
1030 5721 1225 5787 Mese.

1977 3032 2125 3153 Π

1977 3153 2120 3622 1;]

2222 542 2476 611 quatuor
2531 541 2820 612 terminis,
2877 543 2935 599 id
2993 548 3103 611 est,
3158 542 3349 600 tribus
3402 541 3745 611 intervallis,
3800 542 3883 599 hi

2223 628 2473 698 numeri,
2507 629 2564 686 id
2597 636 2706 702 est,
2740 648 2913 688 Lxmr.
2946 648 3117 688 Lxxu.
3149 648 3335 687 Lxxxr.
3368 630 3726 697 sufficerent,
3749 631 3879 688 nisi

2223 718 2378 789 quod
2409 718 2638 791 primus
2667 737 2870 777 eorum
2899 721 3072 777 tertia
3100 725 3264 793 parte
3293 724 3470 788 caret,
3501 736 3629 793 quas
3676 720 3881 776 eidem

2221 807 2421 863 addita
2439 813 2716 880 quartum
2739 808 3057 866 terminum
3080 808 3433 866 constituere
3447 809 3700 865 deberet.
3721 809 3884 875 Quo-

2221 894 2374 952 circa
2401 900 2490 953 ter
2516 896 2706 955 eidem
2756 898 2985 955 numeri
3032 898 3193 955 ducti
3242 898 3505 955 efﬁciunt
3548 913 3669 964 eos,
3717 914 3879 970 quos

2220 989 2451 1041 constat
2475 983 2741 1043 Boetium
2772 1004 2807 1043 a
2825 987 3024 1044 Timeo
3047 987 3302 1044 Platonis
3324 990 3649 1052 mutuasse,
3673 986 3733 1042 id
3755 991 3872 1054 est,

2219 1090 2268 1129 c.
2324 1091 2484 1144 xcu.,
2537 1091 2624 1131 cc.
2683 1092 2824 1142 xv1.,
2881 1093 2968 1132 cc.
3026 1093 3204 1145 xum,
3261 1092 3511 1149 quorum
3566 1075 3762 1148 primo
3813 1076 3873 1130 si

2217 1165 2447 1219 tertiam
2482 1180 2651 1220 suam
2686 1164 3001 1233 addideris,
3033 1182 3120 1221 cc.
3158 1182 3294 1234 Lv1.,
3324 1164 3383 1222 id
3428 1169 3536 1231 est,
3586 1168 3873 1237 quartum

2217 1253 2534 1308 terminum
2568 1252 2878 1327 supplesti,
2903 1259 2967 1310 ut
2998 1254 3076 1309 sit
3124 1254 3353 1327 integra
3399 1252 3765 1309 diatessaron
3812 1269 3871 1307 c.

2217 1357 2375 1409 xcn.,
2408 1359 2495 1398 cc.
2530 1359 2670 1410 xv1.,
2696 1360 2782 1399 cc.
2814 1359 2997 1410 xum,
3024 1359 3109 1398 cc.
3146 1359 3280 1408 ιη,
3327 1357 3582 1415 quorum
3630 1339 3869 1413 primus

2215 1431 2298 1486 vel
2336 1448 2435 1503 per
2466 1431 2555 1487 bis
2580 1437 2708 1488 octo
2740 1431 3071 1499 duodecies,
3102 1430 3192 1486 vel
3224 1446 3328 1503 per
3355 1434 3445 1487 ter
3480 1434 3608 1486 octo
3658 1428 3874 1499 octies,

2214 1520 2301 1575 vel
2360 1538 2462 1592 per
2511 1526 2716 1593 quater
2763 1525 2891 1577 octo
2939 1519 3148 1588 sexies,
3195 1520 3299 1592 qui
3359 1534 3565 1577 omnes
3627 1519 3876 1575 musica:

2214 1615 2567 1684 congruunt,
2600 1609 2865 1667 numeris
2896 1608 3201 1679 solidatur,
3232 1608 3321 1666 vel
3351 1607 3402 1665 si
3452 1624 3570 1680 qua
3611 1610 3703 1664 est
3751 1606 3876 1664 alia

2213 1700 2343 1768 ejus
2375 1702 2586 1755 natura
2617 1699 2862 1756 docente
2897 1698 3138 1755 Calcidio
3165 1698 3276 1770 (12)
3307 1695 3548 1770 patebit.
3580 1695 3686 1753 His
3732 1711 3875 1753 vero

2135 1823 2183 1888 Β
2216 1786 2312 1843 alii
2345 1788 2666 1887 epogdoica
2695 1787 2918 1888 ratione
2935 1787 3238 1888 usquead
3260 1787 3553 1888 integrum
3580 1784 3871 1888 diapason

2216 1881 2463 1949 possunt
2483 1877 2690 1948 aptari,
2715 1875 2827 1932 nisi
2851 1877 2989 1949 quia
3008 1875 3297 1949 septimus
3318 1873 3607 1931 terminus
3636 1872 3868 1947 integro

2214 1982 2329 2020 non
2357 1969 2549 2037 potest
2579 1981 2822 2021 numero
2855 1964 3056 2021 dividi.
3098 1966 3399 2020 Ponentur
3448 1979 3553 2035 per
3594 1962 3865 2020 ordinem

2214 2053 2362 2110 tales
2393 2054 2621 2109 numeri
2651 2054 2712 2108 in
2745 2053 3068 2122 inﬁnitum,
3101 2057 3166 2108 ut
3213 2052 3322 2109 sub
3364 2054 3599 2124 aspectu
3644 2048 3864 2124 pateat,

2216 2144 2488 2214 quotiens
2520 2159 2618 2198 eos
2650 2157 2887 2199 necesse
2918 2141 3028 2197 fuit
3052 2140 3277 2197 tamdiu
3308 2140 3570 2213 produci,
3603 2141 3790 2195 donec
3810 2146 3869 2195 et

2212 2232 2346 2287 trite
2377 2245 2862 2304 synnemmcnon,
2906 2230 2995 2287 vel
3045 2246 3371 2303 paramese,
3416 2233 3474 2285 et
3520 2231 3707 2284 tonum
3746 2229 3877 2297 (13)

2213 2338 2328 2378 non
2376 2320 2549 2376 modo
2596 2319 2981 2386 diatonicum,
3031 2319 3131 2375 sed
3191 2323 3251 2374 et
3300 2316 3754 2384 cbromaticum,
3812 2321 3876 2372 et

2210 2409 2620 2466 enarmonium
2652 2424 2840 2483 genus
2868 2406 3115 2481 integris
3156 2406 3342 2481 possit
3390 2404 3656 2461 numeris
3705 2405 3875 2462 desi-

2210 2497 2375 2571 gnari
2409 2497 2543 2568 (lli).

2840 2912 3172 2929 --.-·-

2365 3048 2469 3136 xy.
2687 3046 2820 3100 xw.
3042 3042 3221 3097 xvm.
3436 3041 3635 3096 xxuu.
3700 3022 3773 3108 Ἴ

2207 3659 2265 3712 et
2290 3654 2443 3711 inter
2465 3654 2731 3724 singulos
2762 3670 3040 3710 numeros
3070 3650 3332 3726 singulas
3351 3652 3873 3726 interpbsuidiﬂe-

2203 3727 2443 3807 rentias,
2475 3733 2541 3807 ut
2564 3735 2683 3807 tam
2705 3732 2977 3807 tonorum
3001 3724 3354 3807 progressio,
3376 3724 3558 3807 quam
3583 3724 3868 3807 duraren-

2204 3797 2245 3853 ti
2257 3814 2421 3869 arum
2456 3802 2516 3854 et
2545 3796 2929 3869 minutiarum
2960 3796 3221 3869 reductio
3255 3796 3445 3869 magis
3466 3801 3683 3868 pateat.
3710 3797 3868 3857 Con-

2203 3868 2426 3925 sultum
2458 3884 2691 3942 quoque
2722 3868 2883 3935 duxi,
2934 3868 3114 3942 signa
3142 3866 3557 3942 minutiarum,
3580 3885 3729 3942 quin
3798 3870 3865 3926 in

2204 3936 2953 4023 sequentibus—occurrunt,
2987 3936 3058 3995 ἐκ
3079 3936 3319 4023 Regulis
3341 3937 3453 4023 Dni
3476 3936 3863 4023 Oddonisusu:

2205 4009 2310 4084 per
2359 4012 2642 4093 Abacum,
2692 4010 2787 4066 hic
2815 4025 3146 4092 .apponere,
3169 4009 3192 4012 ’
3215 4010 3490 4094 adjuncto
3541 4009 3867 4081 cujuslibet

2202 4082 2398 4155 valere
2431 4085 2608 4155 cyiris
2652 4082 2951 4155 Arabicis;
2980 4085 3390 4155 superpositis
3437 4097 3683 4155 insuper
3721 4082 3865 4139 aliis

2203 4153 2414 4227 signis,
2456 4151 2626 4227 :quaa,
2669 4153 2770 4227 pob
2806 4151 3097 4209 defectum
3146 4151 3399 4208 aliorum
3455 4151 3521 4209 in
3565 4151 3744 4226 typis,
3796 4155 3863 4211 in

2204 4223 2585 4298 sequentibus
2615 4223 2989 4282 adhibentur.

2277 4418 2323 4490 ἔ·
2536 4446 2639 4487 m-
2853 4442 2913 4492 κ·
3127 4412 3180 4471 ε·
3391 4435 3451 4469 ⁸⁸·

3100 4546 3302 4673 ες.
3359 4586 3525 4664 vv.

2296 4732 2393 4810 ’ξ’ῖο
2556 4731 2649 4808 {"33
2840 4725 2931 4802 ἴθ’
3122 4719 3214 4795 7}.
3391 4715 3483 4790 ἦ.

3103 5529 3418 5550 ﬂ.

2353 5000 2412 5062 ς.
2498 4984 2558 5045 8.
2593 4979 2980 5062 Nelcqhype‘r

2749 5056 2981 5118 boleou

2227 5145 2297 5205 τ.
2373 5137 2416 5200 r.
2497 5140 2559 5200 9.
3129 5164 3246 5224 Μ

2228 5233 2300 5328 I-
2354 5248 2413 5328 ς·
2497 5228 2591 5328 1.?-
2637 5226 2712 5328 ἐκ
2778 5310 2793 5328 .

2229 5249 2300 5292 1⁷.
2354 5249 2413 5291 e.
2497 5249 2591 5290 ιυ.
2638 5249 2691 5300 τ.
3159 5275 3215 5328 1.
3524 5304 3558 5345 ι

2229 5318 2304 5476 ἓν.
2350 5314 2415 5476 (ἓ.
2500 5310 2844 5475 Heg.
3098 5249 3706 5476 ﬁt...“

2278 5459 2292 5476 .
2360 5432 2417 5478 ε.
2502 5432 2599 5475 12.

2233 5452 2307 5566 ἲ.
2352 5452 2417 5567 ἐξ
2500 5452 2688 5577 351i.

2236 5552 2310 5731 ξς
2355 5552 2417 5667 :1
2499 5552 2600 5731 εξ
3102 5552 3605 5731 12:63:?"

2241 5692 2304 5764 s.
2360 5704 2423 5777 ε.
2508 5686 2611 5765 ιθ.
2658 5688 2855 5758 Mess.
3526 5757 3547 5767 ο
3602 5689 3607 5692 '

3131 5711 3457 5733 ﬂ
