4000 6168
1078 327 1268 391 ΞιΕΟ.
1311 326 1394 390 XI
1437 325 1667 390 AUCT.
1712 322 2024 388 INGERTI
2066 320 2256 387 ANNI
2295 325 2398 388 ET
2441 323 2735 388 SCRIPT.
2765 329 2988 382 ’AAEZII.

3628 321 3752 385 604
3783 339 3788 347 ‘

345 457 642 532 deinceps.
673 459 786 516 Sed
829 459 984 517 hanc
1021 466 1281 518 octavam
1330 459 1501 532 primi
1552 458 1778 514 numeri
1820 458 1989 530 quasi
2013 458 2070 526 Α
2099 458 2436 515 differentia
2464 459 2554 516 vel
2584 459 2814 515 numeri
2845 477 2880 514 a
2905 457 3093 531 primo
3125 457 3199 513 ad
3231 454 3531 529 quintum,
3553 455 3643 512 vel
3678 456 3752 512 ab

345 562 721 605 communem
752 566 1025 605 vocemus
1055 550 1408 606 diametrum
1451 547 1804 616 ﬁstularum,
1840 547 1993 604 sicut

344 635 570 693 dictum
593 640 684 693 est
710 638 782 693 de
813 638 1065 705 chordis,
1100 642 1165 692 ut
1194 638 1264 692 ad
1297 636 1752 692 taciturnitatem
1803 652 1990 707 usque

343 725 600 798 gravitas
647 725 776 798 ipsa
804 727 1135 792 descendat,
1177 730 1352 798 atque
1401 726 1458 780 in
1513 725 1780 781 acumine
1831 725 1990 780 nervi

344 813 595 870 nimium
624 813 774 870 tensi
805 814 960 870 vocis
991 814 1269 870 tenuitate
1319 818 1692 887 rumpantur,
1724 814 1804 869 ita
1833 818 1890 869 et
1929 813 1988 869 in

345 900 560 956 ﬁstulis
589 901 712 956 haec
738 906 863 958 rata
889 901 1120 958 videtur
1151 907 1520 970 mensura,ut
1560 902 1753 957 minor
1783 902 1986 967 octies,

345 987 540 1044 media
567 988 759 1046 decies
799 990 1008 1062 sexies,
1041 991 1298 1047 maxima
1353 993 1550 1047 tricies
1597 995 1653 1046 et
1699 990 1790 1047 bis
1839 991 1989 1046 hanc

342 1079 605 1133 octavam
645 1077 736 1134 vel
777 1078 1064 1135 dimidiam
1112 1082 1224 1152 (23)
1274 1080 1505 1135 habeat.
1559 1084 1642 1135 Ita
1692 1081 1750 1135 F.
1811 1080 1990 1136 octies

341 1164 697 1223 diametrum
726 1167 957 1237 habeat;
993 1169 1052 1225 E.
1088 1170 1378 1238 novies;D.
1413 1168 1604 1224 decies
1635 1170 1987 1225 diametrum

340 1256 709 1327 etseptimam
737 1256 846 1328 (24)
871 1257 1176 1326 diametri;
1209 1261 1266 1312 C.
1301 1257 1492 1314 decies
1541 1256 1891 1313 diametrum
1935 1261 1992 1313 et

341 1340 500 1399 bisse
529 1343 800 1400 diametri
828 1368 874 1410 ςς
893 1345 1297 1414 ;B.duodecies
1327 1345 1681 1401 diametrum
1702 1348 1766 1414 ;A
1799 1346 1989 1402 decies

340 1433 400 1486 et
428 1433 519 1488 ter
546 1432 900 1490 diametrum
926 1439 982 1490 et
1011 1435 1413 1502 medietatem;
1446 1435 1512 1490 G.
1547 1433 1738 1490 decies
1756 1437 1813 1490 et
1845 1452 1987 1506 qua-

339 1522 430 1577 ter
455 1520 832 1590 diametrum,
863 1527 922 1578 et
951 1524 1098 1580 duas
1127 1540 1314 1581 nonas
1345 1524 1641 1590 diametri;
1687 1525 1746 1579 F.
1799 1523 1989 1578 decies

338 1608 528 1666 sexies
559 1610 951 1679 diametrum;
985 1613 1046 1667 E.
1072 1613 1263 1669 decies
1289 1614 1470 1669 octies
1495 1614 1884 1680 diametrum;
1919 1613 1984 1668 D.

335 1696 588 1769 vigesies
615 1698 990 1768 diametrum,
1023 1705 1081 1757 et
1128 1705 1398 1774 quartam
1449 1702 1745 1769 diametri;
1797 1705 1854 1757 Ο.
1904 1702 1986 1756 vi-

338 1784 530 1858 gesies
559 1790 617 1842 et
644 1787 826 1844 semel
856 1790 1210 1846 diametrum
1241 1795 1297 1846 et
1325 1792 1557 1847 tertiam
1589 1791 1888 1859 diametri;
1922 1792 1985 1846 B.

337 1873 589 1946 vigesies
618 1878 677 1931 et
705 1880 914 1948 quater
942 1877 1331 1935 diametrum:
1365 1883 1433 1934 A.
1486 1879 1734 1952 vigesies
1777 1879 1992 1951 septies

339 1961 1036 2039 diametrum.G.vigesies
1071 1969 1250 2024 octies
1275 1969 1714 2036 diametrum,et
1741 1973 1995 2040 quatuor

339 2067 526 2109 nonas
574 2054 866 2128 diametri,
907 2055 965 2112 id
1019 2061 1129 2123 est,
1160 2060 1299 2118 ςσ.ξ.
1349 2077 1386 2106 ω
1419 2058 1560 2129 (25);
1612 2058 1674 2112 F.
1729 2057 1992 2131 trigesies

339 2144 399 2196 et
427 2141 520 2197 bis
548 2140 920 2200 diametrum.
952 2145 1162 2217 Liquet
1185 2145 1384 2218 igitur,
1414 2147 1569 2219 quod
1601 2147 1830 2202 numeri
1854 2164 1991 2219 prae-

339 2227 543 2302 scripti
571 2247 606 2286 a
631 2247 813 2288 XXIIII.
847 2249 1038 2305 usque
1091 2235 1163 2289 ad
1215 2234 1462 2306 duplum
1509 2251 1705 2291 XLVIII.
1739 2235 1994 2291 eﬂiciant

337 2317 647 2391 diapason,
693 2323 752 2375 et
796 2320 1062 2393 differunt
1091 2323 1202 2394 (26)
1235 2339 1339 2394 per
1367 2324 1794 2379 duodenarium
1826 2340 1990 2378 com-

337 2406 554 2479 putati,
585 2423 714 2480 quis
758 2408 1101 2466 differentiae
1139 2410 1390 2484 singulis
1413 2412 1540 2482 jam
1591 2411 1839 2466 inventis
1870 2429 1904 2466 a
1932 2419 1989 2466 ῑῑ.

337 2510 460 2552 ccc.
509 2511 617 2554 IIII.
667 2498 932 2554 numeris
976 2499 1206 2566 additis,
1256 2500 1517 2555 efﬁciunt
1569 2517 1833 2572 quosque
1902 2517 1991 2556 se-

340 2587 607 2656 quentes,
639 2601 887 2658 quaque
916 2586 975 2641 in
1010 2603 1191 2642 unum
1217 2587 1552 2659 junctae(27)
1573 2588 1837 2643 efﬁciunt
1857 2603 1995 2644 eun-

340 2672 474 2728 dem
502 2679 560 2728 ii.
593 2689 710 2730 ccc.
743 2690 848 2730 IIII.
882 2691 1226 2742 numerum;
1278 2675 1432 2730 sicut
1479 2680 1535 2731 et
1578 2675 1684 2740 illi,
1729 2694 1762 2731 a
1807 2695 1988 2733 XXIIII.

342 2759 445 2833 qui
487 2777 592 2833 per
637 2761 1063 2818 duodenarium
1094 2764 1254 2819 ducti
1302 2780 1401 2819 eas
1448 2764 1730 2833 efﬁciunt,
1765 2766 1814 2821 si
1850 2767 1989 2838 jun-

339 2850 576 2922 gantur,
605 2865 660 2906 c.
689 2866 821 2907 xcn.
854 2855 1293 2924 repraesentant,
1317 2852 1417 2924 qui
1448 2858 1505 2908 et
1533 2853 1645 2925 ipsi
1678 2854 1992 2911 duodecies

339 2937 523 3007 ducti,
570 2944 628 2994 ii.
677 2953 797 2995 ccc.
852 2956 959 2995 IIII.
1019 2939 1352 2997 restituunt.
1386 2942 1566 3012 Eque
1611 2942 1670 2996 in
1719 2941 1833 2998 alio
1864 2943 1990 2998 dia-

339 3042 526 3100 pason
556 3027 764 3098 evenit,
799 3027 976 3085 iidem
1010 3029 1240 3085 numeri
1270 3047 1304 3085 a
1331 3047 1527 3085 XLVIII.
1560 3046 1748 3102 usque
1779 3032 1850 3086 ad
1883 3032 1989 3087 du-

340 3113 529 3188 plum,
559 3115 619 3172 id
649 3120 760 3186 est,
790 3134 941 3187 XCVI,
971 3117 1233 3174 efﬁciunt
1261 3120 1586 3174 secundum
1620 3119 1900 3192 diapason
1935 3125 1992 3177 et

340 3203 700 3262 differentias
729 3222 832 3278 per
859 3207 1287 3264 duodenarium
1309 3208 1783 3280 computati,quze
1823 3209 1986 3264 diﬂe-
2019 3194 2060 3260 C

328 3293 529 3350 rentia
583 3293 835 3368 singulis
878 3297 1006 3368 jam
1061 3297 1313 3353 inventis
1363 3314 1396 3353 a
1451 3304 1544 3352 iiii.
1588 3313 1675 3353 nc.
1725 3315 1843 3352 VIII.
1879 3297 1990 3371 (28)

338 3398 674 3452 numerum,
707 3384 859 3441 sicut
886 3389 944 3440 et
971 3384 1056 3440 illi
1103 3403 1138 3441 a
1183 3401 1377 3442 XLVIII.
1411 3385 1511 3459 qui
1543 3403 1647 3459 per
1691 3387 1988 3452 duodena-

336 3469 493 3526 rium
523 3471 685 3528 ducti
714 3488 814 3530 eas
833 3472 1169 3542 efﬁciunt,si
1189 3475 1547 3547 junguntur,
1572 3478 1990 3547 repraesentant

337 3573 460 3615 ccc.
493 3576 743 3616 LXXXIIII.
776 3561 878 3632 qui
909 3566 967 3617 et
991 3561 1102 3634 ipsi
1134 3562 1448 3620 duodecies
1479 3563 1637 3619 ducti
1667 3571 1982 3620 iiii.nc.VIII.

337 3647 679 3704 restituunt.
707 3649 933 3706 Medius
965 3657 1161 3706 autem
1189 3651 1248 3705 in
1281 3655 1529 3724 utroque
1550 3653 1833 3725 diapason
1863 3657 1983 3707 tam

335 3735 397 3792 in
420 3736 708 3806 numeris,
739 3754 917 3810 quam
949 3743 1007 3795 et
1036 3738 1096 3793 in
1123 3741 1420 3796 mensuris
1466 3739 1555 3796 vel
1605 3741 1984 3797 monocbordi

336 3824 425 3881 vel
456 3824 789 3883 ﬁstularum
820 3827 872 3883 is
902 3830 1010 3897 est,
1042 3826 1144 3898 qui
1186 3829 1258 3883 ad
1307 3828 1565 3900 primum
1613 3829 1852 3900 quidem
1895 3829 1984 3884 vel

336 3917 608 3972 octavum
632 3920 721 3972 est
747 3916 1010 3989 quintus,
1043 3916 1116 3972 ad
1145 3921 1411 3973 octavum
1439 3934 1574 3974 vero
1603 3917 1688 3974 vel
1713 3918 1984 3989 quintum

337 4003 632 4061 decimum
663 4008 753 4062 est
781 4006 1162 4078 subquartus,
1187 4006 1270 4062 ita
1297 4010 1364 4062 ut
1394 4006 1466 4061 ad
1498 4006 1742 4063 alterum
1765 4007 1842 4062 sit
1862 4023 1983 4062 ses-

335 4092 588 4165 quialter
613 4092 703 4150 vel
749 4093 1041 4167 diapente,
1073 4095 1145 4150 ad
1173 4094 1421 4152 alterum
1453 4095 1862 4168 sesquitertius
1895 4095 1980 4151 vel

2101 551 2301 603 octavo
2333 549 2404 603 ad
2435 547 2846 604 duodecimum
2878 546 3055 602 simul
3081 546 3294 617 juncti,
3316 562 3431 601 non
3463 545 3752 615 efficiunt,

2098 636 2295 708 plures
2326 654 2503 709 quam
2535 642 2653 692 tres
2684 654 2846 708 aeque
2894 633 3125 691 numeri
3176 635 3266 690 vel
3317 633 3653 690 differentia
3703 635 3758 690 si

2091 726 2420 798 jungantur
2446 725 2534 781 vel
2565 743 2600 781 a
2627 726 2831 798 quinto
2880 726 2953 780 ad
3003 728 3296 794 octavum,
3327 722 3416 779 vel
3457 741 3492 779 a
3539 724 3759 781 duode-

2099 813 2250 870 cimo
2281 816 2349 870 ad
2384 815 2658 887 quintum
2690 814 3006 870 decimum.
3045 814 3158 868 lloc
3207 813 3336 869 ideo
3386 812 3608 868 dictum
3653 813 3756 879 sit,

2099 904 2254 974 quod
2285 901 2724 974 quantumlibet
2754 902 2814 958 in
2847 901 3141 958 mensuris
3170 900 3502 957 ﬁstularum
3553 904 3759 957 octava

2098 991 2539 1064 supergreditur
2568 992 2842 1064 primam,
2870 990 2958 1046 vel
2990 991 3196 1062 quinta
3225 991 3453 1045 decima
3491 994 3754 1046 octavam

2096 1079 2413 1153 plusquam
2442 1079 3106 1152 duplum,ditferentiam
3133 1083 3329 1134 tamen
3350 1081 3533 1134 totam
3547 1079 3759 1150 quaerit

2097 1168 2241 1223 vela
2270 1169 2461 1240 prima
2489 1169 2562 1224 ad
2593 1172 2878 1235 octavam,
2913 1167 3001 1223 vel
3052 1167 3124 1223 ab
3181 1172 3384 1224 octava
3431 1168 3503 1223 ad
3551 1166 3754 1223 duode-

2097 1259 2298 1312 cimam
2328 1258 2459 1330 (29).
2495 1259 2756 1326 Quintam
2785 1259 2848 1311 in
2875 1259 3052 1328 primo
3101 1257 3386 1328 diapason,
3424 1256 3504 1312 vel
3551 1256 3752 1312 duode-

2097 1348 2298 1402 cimam
2346 1348 2396 1403 ic
2446 1346 2680 1404 secundo
2729 1345 2910 1401 divide
2956 1345 3214 1412 mediam,
3255 1350 3306 1402 et
3364 1348 3559 1417 cuique
3600 1348 3756 1416 parti

2096 1452 2310 1508 aequam
2361 1452 2431 1490 ea:
2480 1450 2546 1491 ea
2597 1435 2848 1506 relinque
2892 1435 3204 1506 portionem
3235 1434 3369 1506 (30).
3402 1434 3548 1490 Data
3574 1432 3755 1506 igitur

2100 1523 2300 1595 prima:
2321 1523 2410 1578 vel
2441 1522 2652 1578 minori
2684 1522 2894 1579 ﬁstulas
2925 1522 3187 1594 qualibet
3226 1521 3612 1595 longitudine,
3645 1523 3751 1577 sed

2100 1611 2311 1668 melius
2334 1612 2583 1680 videtur,
2617 1612 2904 1667 diametro
2931 1611 3235 1667 foraminis
3266 1611 3445 1667 octies
3492 1609 3750 1683 longitu-

2099 1700 2221 1756 dini
2248 1701 2404 1766 dato,
2430 1701 2771 1772 ubicunque
2801 1701 3077 1772 deinceps
3108 1703 3282 1756 tonus
3305 1703 3394 1755 est
3424 1700 3748 1767 faciendus,

2100 1790 2290 1862 major
2328 1789 2541 1845 habeat
2587 1791 2875 1846 minorem
2930 1793 3134 1855 totam,
3184 1793 3241 1844 et
3288 1789 3664 1857 diametrum,
3696 1793 3755 1844 et

2102 1878 2373 1933 diametri
2402 1879 2530 1950 ejus
2562 1881 2844 1934 octavam.
2875 1878 2939 1933 In
2969 1877 3331 1933 diatessaron
3355 1877 3542 1948 major
3562 1877 3751 1932 mino-

2102 1984 2224 2023 rem
2256 1971 2312 2022 et
2339 1968 2467 2039 ejus
2496 1967 2751 2034 tertiam,
2797 1971 2854 2022 et
2898 1967 3140 2038 insuper
3179 1965 3448 2021 diametri
3493 1967 3748 2022 tertiam.

2101 2056 2166 2112 In
2213 2055 2484 2129 diapente
2527 2057 2716 2127 major
2759 2055 3067 2122 minorem,
3103 2059 3160 2110 et
3203 2056 3332 2127 ejus
3387 2054 3664 2122 mediam,
3696 2061 3754 2111 et

2102 2145 2340 2217 insuper
2368 2144 2637 2200 diametri
2668 2144 2943 2200 mediam.
2979 2145 3042 2199 In
3075 2144 3357 2216 diapason
3407 2145 3595 2215 major
3637 2143 3750 2198 mi-

2103 2250 2302 2289 norem
2333 2233 2534 2306 duplo,
2565 2236 2624 2289 et
2651 2237 2840 2288 totum
2875 2233 3118 2304 insuper
3145 2231 3750 2290 diametrum.Caatera3

2100 2339 2234 2378 vero
2265 2321 2434 2378 facile
2464 2338 2566 2393 per
2595 2337 2874 2378 numeros
2901 2325 3228 2378 occurrent.
3261 2322 3365 2376 Est
3395 2325 3592 2377 autem
3636 2321 3754 2376 dia-

2103 2415 2356 2466 metrum
2392 2410 2477 2466 vel
2511 2408 2733 2480 circuli,
2781 2410 2881 2482 qui
2931 2414 3020 2466 est
3067 2411 3127 2466 in
3176 2409 3461 2465 foramine
3514 2426 3584 2464 ex
3629 2427 3756 2465 am-

2102 2499 2271 2572 pliori
2304 2503 2487 2572 parte,
2521 2499 2826 2568 medietas,
2858 2499 2946 2554 vel
2999 2499 3302 2555 foraminis
3343 2499 3756 2554 transversitas

2102 2605 2170 2645 ex
2199 2588 2738 2661 deductiorixparte,
2774 2605 2892 2660 qua
2936 2588 3257 2660 inspiratur
3304 2587 3523 2656 ﬁstula,
3556 2592 3612 2644 et
3661 2588 3754 2644 cui

2102 2677 2374 2732 foramini
2406 2677 2672 2748 subjacet
2699 2694 2833 2733 una.
2866 2676 2940 2733 Ut
2966 2681 3160 2732 autem
3196 2676 3524 2733 minoribus
3551 2675 3609 2730 id
3659 2693 3752 2731 os-

2098 2767 2374 2822 tendatur
2403 2766 2793 2832 numeris,sed
2823 2768 3021 2822 tamen
3051 2765 3394 2837 interruptis
3424 2765 3752 2822 secundum

2101 2855 2502 2928 symphonias,
2534 2855 2617 2910 ita
2645 2855 2756 2911 erit
2786 2855 3184 2927 ﬁgurandum.

2347 3076 2464 3132 XV.
3037 3075 3211 3131 VIIII.

2348 3165 2523 3220 XXV.
3040 3163 3213 3219 VIIII.

2348 3253 2600 3309 XXXIII.
3034 3251 3253 3308 XVIIII.
3287 3267 3334 3306 σ.

2351 3343 2492 3409 LIII,
2526 3365 2575 3397 σ.
3031 3339 3254 3396 XVIIII.
3288 3356 3334 3394 σ.

2348 3431 2564 3497 LXXII,
2605 3430 2651 3487 .C

2167 3653 2235 3709 Hi
2267 3653 2494 3709 numeri
2527 3650 2898 3724 interruptim
2932 3651 3102 3723 positi
3127 3651 3237 3707 sub
3260 3649 3522 3723 exemplo
3545 3668 3754 3708 conso-

2097 3743 2328 3797 nantias
2359 3747 2587 3797 tantum
2618 3743 2967 3811 monstrant,
2990 3758 3104 3795 XVI.
3139 3757 3394 3813 namque
3425 3741 3496 3796 ad
3520 3759 3749 3797 XXXIIII.

2093 3829 2351 3901 primum
2381 3829 2700 3900 diapason;
2739 3845 2958 3883 XXXIIII.
2993 3828 3065 3884 ad
3118 3845 3291 3884 DXXII.
3346 3833 3404 3884 et
3448 3829 3749 3901 quadrans

2095 3919 2422 3973 secundum
2454 3918 2768 3989 diapason;
2795 3934 2923 3972 XXV.
2955 3917 3014 3971 in
3046 3917 3237 3973 medio
3265 3917 3436 3989 primi
3461 3917 3744 3989 diapason

2094 4008 2166 4063 ad
2197 4006 2444 4062 alterum
2476 4005 2766 4077 diapente,
2809 4005 2882 4061 ad
2916 4005 3163 4061 alterum
3214 4006 3576 4062 diatessaron
3626 4010 3740 4071 est,

2092 4096 2244 4151 sicut
2273 4099 2330 4150 et
2359 4113 2473 4150 LIII.
2506 4099 2564 4151 et
2595 4099 2861 4150 octavum
2893 4117 2941 4148 σ.
2985 4094 3045 4149 in
3094 4094 3286 4150 medio
3331 4095 3572 4150 secundi
3612 4095 3739 4150 dia-

333 4181 725 4250 diatessaron,
775 4187 834 4238 et
891 4200 1044 4239 unus
1093 4184 1322 4240 dicatur
1388 4185 1762 4256 sescuplaris,
1837 4183 1983 4240 alter
2091 4201 2270 4256 pason
2303 4185 2374 4240 ad
2406 4184 2653 4240 alterum
2684 4183 3065 4249 diatessaron,
3089 4184 3160 4239 ad
3193 4183 3440 4239 alterum
3471 4183 3748 4255 diapente

329 4269 568 4342 triplus,
597 4270 907 4342 utriusque
951 4288 1086 4328 vero
1125 4273 1406 4345 diapason
1457 4274 1567 4329 sibi
1608 4277 1979 4345 comparatus
2089 4278 2204 4340 est;
2234 4291 2377 4328 VIIII.
2427 4278 2486 4330 et
2525 4290 2691 4340 VIIII.,
2753 4277 2810 4328 et
2866 4289 3043 4328 XVIIII.
3083 4291 3128 4326 σ.
3175 4276 3232 4327 et
3277 4290 3456 4328 XVIIII.
3507 4295 3554 4328 σ.
3601 4276 3746 4328 sunt

333 4356 412 4412 sit
439 4356 676 4429 duplus.
709 4357 874 4414 Sicut
903 4359 1060 4414 enim
1105 4363 1340 4415 octavus
1391 4362 1463 4416 ad
1513 4361 1793 4432 primum,
1827 4361 1980 4416 sicut
2087 4362 2444 4418 differentiae.
2479 4363 2590 4418 Sed
2622 4363 2671 4418 si
2702 4361 2924 4434 positos
2973 4361 3081 4416 hos
3131 4378 3408 4417 numeros
3442 4360 3743 4416 multoties

330 4445 576 4516 quintus
607 4445 868 4501 decimus
899 4447 970 4502 ad
1021 4450 1310 4513 octavum,
1361 4449 1442 4504 ita
1491 4449 1874 4505 duodecimus
1903 4451 1974 4505 ad
2086 4449 2872 4523 duxeris,quiinterponendi
2906 4454 3063 4514 sunt,
3098 4466 3231 4504 mox
3287 4449 3494 4520 integri
3537 4465 3738 4504 occur-

331 4533 605 4623 quintum
645 4533 1006 4607 duplicitatis
1037 4536 1260 4592 obtinet
1288 4537 1594 4593 rationem.
1620 4538 1839 4594 Medios
1873 4556 1973 4593 au-
2012 4560 2054 4623 ι)
2087 4543 2234 4611 rent,
2262 4541 2588 4595 secundum
2612 4537 2872 4611 regulam
2905 4538 3056 4593 infra
3083 4538 3544 4594 demonstratan.
3577 4538 3744 4592 Sicut

329 4625 448 4679 tem
479 4622 541 4678 in
574 4625 823 4696 utroque
848 4623 1129 4696 diapason
1169 4625 1442 4697 quintum
1475 4631 1532 4682 et
1561 4627 1972 4683 duodecimum
2014 4622 2040 4623 ί
2089 4628 2147 4682 in
2207 4627 2600 4684 monocbordo
2659 4630 3050 4682 monstratum
3109 4631 3217 4691 est,
3276 4627 3357 4681 ita
3408 4626 3516 4681 erit
3565 4631 3622 4680 et
3680 4626 3739 4680 in

328 4712 798 4782 esse,ostendere
827 4717 1077 4785 possunt
1107 4714 1192 4769 vel
1223 4714 1580 4784 differentiae,
1611 4715 1698 4772 vel
1727 4717 1977 4787 numeri,
2090 4716 2326 4784 ﬁstulis,
2361 4719 2424 4770 ut
2450 4715 2510 4770 in
2543 4715 2732 4788 primo
2781 4715 3061 4787 diapason
3112 4714 3338 4786 quinta,
3373 4714 3431 4769 in
3483 4713 3738 4770 secundo

213 4865 218 4870 ,
328 4817 433 4875 per
462 4801 887 4858 duodenarium
917 4802 1153 4858 easdem
1184 4803 1481 4872 facientes,
1516 4809 1580 4860 ut
1610 4810 1863 4876 quatuor
1894 4805 1979 4861 vel
2089 4803 2434 4859 duodecima
2464 4803 2583 4859 sint
2611 4803 2815 4858 mediae
2849 4803 2959 4875 (31)
2993 4812 3043 4859 et
3088 4805 3147 4858 in
3175 4805 3428 4858 terminis
3474 4803 3681 4859 scilicet
3705 4820 3740 4857 α

2087 4981 2319 5028 merum,
2345 4966 2455 5018 etc.

2159 5035 2269 5106 (29l
2292 5035 2456 5106 Forte
2485 5034 2738 5105 quintam
2767 5033 3058 5106 decimam.

539 5101 672 5235 idid.
704 5112 812 5175 est,
845 5107 869 5182 ᾖ
897 5112 953 5163 et
987 5107 1034 5180 ἐρ,
1064 5107 1393 5162 conferatur
1422 5110 1558 5160 nota
1593 5107 1678 5172 14,
1707 5105 1814 5160 col.
1847 5108 1971 5162 655.
2158 5101 2268 5176 (30)
2301 5105 2448 5168 Quid
2480 5101 2682 5160 auctor
2713 5121 2814 5186 per
2842 5105 2962 5160 haec
2993 5105 3184 5161 dicere
3222 5104 3379 5169 velit,
3412 5101 3738 5175 intelligere

601 5177 751 5234 elius
782 5195 795 5233 :
829 5182 897 5235 Et
924 5179 1277 5235 differentias.
2086 5195 2199 5231 non
2237 5193 2499 5235 possum.
2529 5176 2674 5230 forte
2709 5176 2906 5235 aliqua
2936 5182 3073 5232 sunt
3103 5175 3341 5232 omissa.

419 5175 510 5250 26)
541 5175 751 5250 Melius
782 5195 795 5233 :
829 5175 897 5235 Et
924 5175 1359 5250 diﬂ‘erentias.m
1418 5247 1426 5250 _
1513 5247 1525 5250 _
1614 5249 1621 5250 ί
2086 5195 2199 5231 non
2237 5175 2499 5250 possum,
2529 5176 2674 5230 forte
2709 5175 2906 5250 aliqua
2936 5182 3074 5250 sunt
3103 5175 3341 5232 omissa.

419 5183 490 5232 26
541 5183 751 5235 Melius
782 5195 795 5233 :
829 5183 897 5235 Et
924 5183 983 5233 di
1003 5183 1277 5250 ferentias.
2086 5195 2199 5231 non
2237 5193 2499 5247 possum,
2529 5183 2674 5230 forte
2709 5183 2781 5230 ali
2834 5193 2906 5230 ua
2936 5183 3073 5232 sunt
3103 5183 3341 5232 omissa.

540 5255 590 5327 A_
619 5249 719 5327 CC.
745 5183 1078 5327 LXXXVIII.
1110 5251 1181 5327 ad
1216 5248 1379 5327 DXII.
1414 5247 1718 5312 inclusive,
1752 5254 1972 5327 septem
2153 5249 2580 5327 _(_3_1)_Legerem‘
2604 5263 2760 5327 e_go_g
2776 5193 2914 5327 Sint
2939 5247 3148 5327 mediae
3176 5251 3298 5327 tant
3317 5255 3366 5303 et
3394 5248 3457 5327 in
3480 5246 3736 5327 terminis

323 5317 593 5393 videlicet
621 5323 885 5391 termini;
919 5322 1072 5393 quod
1106 5321 1282 5376 etiam
1315 5319 1373 5374 in
1426 5336 1558 5374 mox
1591 5317 1975 5390 sequentibus
2082 5321 2306 5393 scilicet,
2339 5317 2503 5393 quam
2531 5321 2582 5372 et
2612 5317 2673 5393 iii
2701 5317 3043 5393 diﬁ'erentiis,
3077 5319 3331 5393 et_1_2ihilo
3373 5319 3560 5393 minus
3592 5317 3734 5393 (non

326 5390 674 5445 notandum.
876 5386 882 5391 ’
937 5386 954 5393 ’
1277 5452 1280 5456 η
1675 5386 1690 5390 “
2085 5391 2304 5459 minus)
2335 5386 2392 5444 in
2424 5391 2694 5444 mensuris
2723 5386 2906 5456 idest,
2938 5393 3045 5445 etc.
3097 5389 3252 5446 Alias
3300 5389 3458 5445 enim
3488 5386 3732 5444 omnino

398 5461 513 5534 (28)
542 5461 775 5534 Clarum
809 5467 920 5530 est,
943 5463 1038 5519 hic
1065 5463 1285 5519 omissa
1313 5478 1443 5517 esse
1473 5461 1781 5532 sequentia
1815 5479 1828 5516 :
1858 5463 1971 5518 Nu-
2084 5461 2281 5534 nullus
2330 5466 2420 5518 est
2459 5477 2696 5534 sensus.
2730 5461 2990 5534 Forsitan
3041 5466 3235 5534 autem
3284 5459 3551 5534 quaedam
3592 5463 3735 5516 sunt

326 5533 490 5588 meris
519 5531 716 5605 addita:
745 5535 991 5604 efﬁciunt
1033 5551 1266 5605 quosque
1303 5531 1602 5605 sequentes,
1637 5548 1866 5604 quaeque
1914 5536 1974 5587 in
2082 5533 2321 5599 omissa,
2355 5533 2510 5588 unde
2541 5548 2752 5588 sensus
2784 5531 3049 5588 redditur
3078 5531 3387 5589 obscurus.

324 5619 500 5659 unum
533 5604 742 5675 juncta
791 5604 1052 5674 efﬁciunt
1082 5604 1312 5662 eundem
1360 5604 1475 5660 IIII.
1529 5604 1631 5660 DC.
1691 5606 1823 5660 VIII.
1874 5621 1974 5659 nu-

420 5033 510 5101 24)
543 5033 711 5101 Lege,
745 5039 1007 5092 octavam.

420 4964 492 5020 23
547 4961 748 5021 Potius
780 4980 794 5018 :
823 4965 1186 5019 Diametrum.

420 5035 489 5091 24
543 5033 618 5091 Le
661 5052 711 5101 e,
745 5039 1007 5092 octavam.

397 4963 514 5175 I25;
539 5105 569 5175 ί-
594 5051 672 5163 ig.
704 5112 812 5175 est,
845 5107 869 5175 ᾖ
897 5112 953 5163 et
987 5107 1034 5175 ᾖ,
1064 5108 1186 5162 cont

420 5108 490 5162 25

845 5107 869 5182 ᾖ
897 5107 1034 5182 et};
1064 5107 1393 5182 conferatur
1422 5110 1558 5160 nota
1593 5107 1678 5172 14,
1707 5105 1814 5160 col.
1847 5108 1971 5162 655.

492 4963 514 5316 ἓ
