4000 6168
366 385 482 449 667

1076 381 1265 447 ΒΕΘ.
1308 382 1416 445 XI.
1461 381 1694 446 AUCT.
1739 379 2058 446 INCERTI
2100 380 2290 446 ANNI
2333 381 2436 446 ET
2477 380 2778 446 SCRIPT.
2821 391 3048 441 ’Maxn.

3651 378 3774 446 668

365 535 523 576 mam
555 517 821 591 quintam
868 534 983 574 non
1030 517 1162 590 plus
1207 531 1385 588 quam
1437 515 1584 570 duas
1631 515 2009 572 duodecimas
2039 521 2094 588 Α
2124 533 2369 590 quaeras,
2399 517 2693 574 inventam
2723 516 2961 590 integrae
2988 531 3238 574 summa!
3267 513 3579 588 adjungas,
3599 518 3658 570 et
3687 531 3778 572 se-

366 593 477 698 (ἢ
505 589 608 676 seu
763 613 1136 688 perdidissse.
1181 614 1518 668 Poteramus
1547 615 1605 668 et
1636 629 1742 668 nos
1773 629 1872 668 eas
1903 613 2010 668 mi-

362 717 558 773 nutias
591 703 949 786 computare,
976 713 1076 768 sed
1101 712 1310 766 totiens
1343 709 1586 782 quilibet
1608 711 2009 784 praescriptum

360 821 672 861 numerum
703 801 1206 873 potestducere,ut
1235 800 1433 855 omnia
1463 799 1707 872 integris
1739 801 2007 856 numeris

356 893 543 948 valeat
573 891 830 947 definire.
856 889 1041 961 Igitur
1060 891 1126 942 ut
1156 887 1406 943 breviter
1429 892 1485 944 et
1513 888 1885 960 interruptim
1912 906 2013 962 per

357 979 739 1054 symphonias
794 977 1290 1050 perstringamus,
1352 976 1531 1032 habet
1587 977 1778 1050 prima
1831 978 2009 1034 octies

354 1071 730 1134 diametrum,
770 1069 979 1138 quarta
1027 1066 1324 1131 undecies,
1350 1066 1555 1138 quinta
1601 1066 1911 1123 duodecies
1953 1071 2012 1122 et

353 1156 691 1222 semissem;
717 1153 804 1210 vel
837 1154 935 1219 ita,
953 1157 1154 1208 octava
1174 1153 1365 1208 decies
1390 1153 1603 1225 septies
1629 1154 2004 1224 diametrum,

351 1243 703 1300 duodecima
721 1242 969 1315 vigesies
993 1242 1180 1297 sexies
1203 1242 1576 1308 diametrum,
1600 1246 1656 1297 et
1676 1243 2004 1312 semissem,

351 1338 408 1390 et
437 1334 678 1404 insuper
695 1331 982 1387 decimam
1003 1335 1234 1386 sextam.
1249 1331 1541 1398 diametri,
1556 1331 1762 1404 quinta
1782 1332 2009 1389 decima

349 1421 619 1495 trigesies
651 1421 839 1476 sexies
879 1419 1255 1486 diametrum,
1276 1423 1332 1474 et
1365 1420 1492 1490 ejus
1525 1424 1808 1476 octavam.
1833 1425 2004 1478 Caete-

349 1527 572 1575 rarum,
612 1526 739 1582 qua:
789 1507 1126 1580 interruptae
1156 1511 1315 1573 sunt,
1347 1525 1683 1573 numerum,
1714 1514 1774 1563 et
1823 1510 2008 1566 multa

351 1599 681 1655 necessaria
725 1596 1264 1669 praetermittamus,
1299 1601 1364 1651 ut
1408 1601 1464 1652 et
1514 1597 1814 1654 fastidium
1846 1599 2004 1655 devi-

350 1691 567 1753 temus,
590 1690 647 1742 et
669 1687 740 1741 ad
766 1685 1048 1740 minutias
1070 1684 1446 1741 inveniendus
1476 1685 1707 1742 lectoris
1737 1688 2003 1744 animum

351 1792 456 1831 acu
466 1792 636 1831 amus
667 1774 799 1847 (37).

419 1865 465 1919 A
492 1880 726 1920 summa
747 1877 1098 1934 quacunque
1120 1861 1307 1918 locata
1325 1863 1666 1935 vigesimam
1691 1865 1900 1938 septim

350 1938 484 2044 (ρετ)
517 1951 852 2019 subtrahas,
899 1955 957 2006 et
999 1949 1200 2006 relicta
1241 1951 1528 2007 decimam
1574 1957 1833 2009 octavam

2124 605 2434 662 mitonium
2468 606 2711 662 habebis
2743 605 2879 678 (38).

2194 713 2410 769 Deinde
2437 715 2720 786 Apotome
2749 711 3009 768 invenire
3054 712 3104 768 si
3146 710 3254 778 vis,
3279 709 3572 767 semitonii
3605 709 3776 766 diffe-

2123 800 2320 856 rentiae
2343 801 2595 868 tertiam,
2620 808 2675 856 et
2705 800 2888 857 tertia
2911 799 3290 856 centesimam
3323 802 3614 870 quartam,
3645 815 3777 870 qua

2121 894 2210 946 est
2239 890 2417 946 totius
2448 890 2784 946 differentias
2810 888 3221 946 trecentesima
3247 887 3614 955 duodecima,
3637 904 3775 943 cum

2119 977 2248 1050 ipsa
2277 982 2399 1034 tota
2426 977 2753 1033 differentia
2782 977 2989 1032 ultimo
3042 977 3293 1033 termino
3347 991 3685 1048 componas,
3716 979 3779 1030 et

2118 1070 2324 1122 tonum
2356 1067 2426 1122 ad
2459 1067 2716 1138 primum
2755 1067 3120 1138 (terminum),
3145 1067 3429 1137 Apotome
3457 1064 3528 1120 ad
3561 1080 3772 1120 secun-

2119 1155 2261 1210 dum
2291 1153 2536 1211 habebis
2565 1154 2700 1226 (39).

2188 1251 2272 1316 Ad
2304 1265 2507 1317 tonum
2539 1264 2594 1316 et
2626 1260 3004 1316 semitonium
3050 1259 3538 1325 continuandum,
3571 1258 3771 1330 cujus-

2117 1366 2349 1421 cunque
2379 1350 2607 1406 numeri
2657 1349 2776 1405 dati
2829 1352 3050 1405 sextam
3091 1365 3315 1414 sumas,
3348 1348 3556 1404 deinde
3599 1351 3771 1403 sextae

2117 1455 2353 1505 nonam,
2379 1455 2506 1510 quae
2537 1442 2624 1494 est
2667 1439 2847 1494 totius
2879 1436 3371 1510 quinquagesima
3401 1440 3628 1508 quarta,
3659 1435 3768 1492 has

2115 1526 2292 1582 simul
2325 1531 2518 1599 partes
2541 1528 2653 1597 (40)
2676 1527 2732 1581 in
2763 1544 2949 1582 unum
2982 1527 3304 1600 conjungas
3327 1529 3384 1582 et
3404 1528 3607 1583 tonum
3633 1541 3769 1581 cum

2114 1615 2424 1672 semitonio
2456 1615 2700 1672 habebis
2730 1616 2865 1688 (41).

2184 1722 2270 1776 Ad
2302 1722 2449 1778 duos
2481 1727 2650 1777 tonos
2681 1721 3115 1778 continuandos
3141 1736 3492 1793 quocunque
3522 1735 3769 1776 numero

2115 1809 2248 1865 dato
2280 1814 2551 1882 quartam
2582 1809 2769 1882 ipsius
2809 1808 3085 1881 accipias,
3109 1808 3318 1865 deinde
3347 1812 3568 1880 quartae
3611 1807 3767 1864 deci-
3815 1862 3820 1866 .

1907 1883 2002 1979 ῗηξ
2033 1897 2080 1961 Β
2113 1914 2270 1954 mam
2304 1904 2552 1965 sextam,
2575 1898 2630 1952 id
2664 1902 2772 1964 est,
2800 1897 2978 1953 totius
3010 1897 3437 1970 sexagesimam
3469 1900 3764 1968 quartam,

2112 1991 2168 2042 et
2196 1987 2304 2044 has
2332 1986 2506 2043 simul
2541 1991 2735 2058 partes
2759 1987 2871 2058 (42)
2893 1991 2952 2042 et
2981 1987 3131 2042 duos
3163 1991 3332 2042 tonos
3358 1985 3602 2042 habebis
3631 1985 3766 2063 (43).

1735 2096 2118 2146 DIATONICUM
2163 2103 2380 2149 GENUS.

987 2193 1058 2268 ἧξ
1092 2224 1218 2269 ccc.
1253 2225 1366 2269 uu.
1973 2216 2050 2276 Il.

345 2315 440 2360 CC.
473 2315 758 2361 LXXXVIII.
983 2324 1047 2404 ἦ·
1090 2360 1148 2404 Β.
1182 2359 1306 2404 ΕΠ
1913 2351 2022 2411 ΗΗ

343 2450 473 2495 ccc“
512 2449 712 2494 ’θείω
983 2461 1057 2540 ii.
1091 2493 1298 2539 ncccc.
1333 2494 1456 2539 xv1.
1927 2485 2050 2544 FF.

345 2581 403 2626 θ’
441 2581 561 2626 “1'
985 2625 1078 2671 ιιι.
1114 2626 1298 2670 Lxxn.
1921 2615 2049 2676 DD.

343 2712 470 2758 CCC.
500 2712 774 2757 LXXXIIII.
981 2725 1076 2803 ἦ
1109 2758 1274 2804 cccc.
1310 2750 1424 2805 LVI.

344 2845 511 2892 CCCC.
543 2844 741 2891 XXXII.
985 2861 1070 2874 --·

671 2933 675 2936 .
985 2892 1079 2937 III.
1113 2891 1282 2938 DCCC.
1316 2893 1616 2942 LXXXVIII.

343 2979 435 3025 cc.
467 2979 603 3025 vm.
981 3025 1098 3070 ιω,
1135 3025 1236 3070 χρ,
1269 3027 1354 3072 νι.

340 3111 440 3156 DC.
469 3111 566 3158 XL.
979 3127 1070 3140 ’-

983 3162 1074 3207 III.
1107 3161 1274 3208 CCCC.
1307 3162 1425 3208 LVI.

337 3243 498 3290 CCCC.
530 3243 731 3291 XXXII.
974 3263 1057 3276 --

982 3296 1076 3342 III.
1109 3295 1276 3342 DCCC.
1315 3296 1606 3343 LXXXVIII.

338 3378 510 3425 CCCC.
543 3377 789 3426 LXXXVI.
1025 3398 1028 3399 ν

982 3429 1096 3474 IIII.
1130 3430 1232 3474 CCC
1243 3459 1257 3473 .
1290 3429 1524 3476 LXXIIII.

339 3511 406 3557 CC
419 3541 433 3555 .
465 3511 716 3558 XXXIIII.

982 3561 1102 3606 IIII.
1134 3561 1230 3606 DC.
1263 3562 1402 3608 VIII.

338 3645 400 3690 ι).
431 3644 640 3690 LXXVI.

981 3692 1040 3737 V.
1076 3693 1132 3738 C.
1165 3693 1443 3741 LXXXIIII.

339 3778 412 3823 DC
424 3805 438 3821 .
471 3776 685 3825 XLVIII.

978 3826 1037 3871 V.
1072 3825 1244 3872 DCCC.
1275 3827 1467 3872 XXXII.

341 3911 469 3957 CCC.
500 3911 612 3957 XII.
975 3925 1050 3940 --

982 3962 1066 4007 VI.
1103 3961 1134 4005 C
1147 3987 1164 4004 .
1194 3959 1386 4005 XLIIII.

340 4045 478 4091 DCC.
508 4045 722 4092 LXVIII.
982 4061 1054 4076 —-

979 4095 1064 4141 VI.
1094 4094 1301 4140 DCCCC.
1335 4095 1444 4139 XII.

338 4176 510 4223 DCCC.
542 4177 705 4223 LXIII]
718 4205 733 4222 .
976 4195 1048 4208 -

978 4229 1081 4274 VII.
1116 4227 1252 4274 DCC.
1286 4228 1486 4276 LXXVI.

339 4311 502 4358 πεδ’
536 4313 668 4361 “1°
981 4330 1123 4408 v-ffl.
1156 4362 1210 4408 c.
1247 4363 1394 4408 xcn.

339 4443 382 4488 I.
416 4443 615 4488 XXIIII.
1066 4461 1141 4479 -η

983 4493 1144 4539 VIIII.
1177 4493 1270 4539 CC.
1303 4493 1428 4539 XVI.

1969 2885 2046 2944 Y.

1969 3017 2042 3078 X.

1970 3147 2047 3215 νζ

1971 3286 2044 3346 Τ.

1972 3418 2044 3490 Q.

1971 3551 2045 3612 Ο.

1960 3683 2044 3744 Μ.

1994 3816 2046 3876 Ι.

1963 3950 2043 4010 Η.

1971 4084 2042 4144 G.

1969 4217 2042 4276 E.

1967 4349 2043 4409 B.

1967 4482 2042 4541 A.

2232 2219 2297 2327 .19.
2486 2231 2557 2290 F.
2642 2231 2794 2290 Nete
2827 2227 3280 2308 byperboleon.
3633 2228 3763 2289 1M.

2232 2361 2290 2471 ,1?
2485 2364 2555 2423 E.
2641 2364 2951 2422 Paranete
2986 2359 3441 2440 byperboleon.
3649 2360 3734 2421 M.

2231 2504 2282 2613 Ἰὲ
2483 2499 2556 2557 D.
2643 2496 2815 2557 Trite
2846 2492 3300 2574 byperboleon.
3647 2495 3723 2555 N.

2245 2646 2278 2706 9
2483 2632 2549 2691 C.
2637 2631 2791 2690 Nete
2821 2627 3340 2706 diezeugmenon.
3629 2627 3761 2692 1M.

2228 2701 2294 2847 ἒξ
2481 2764 2550 2825 Β.
2641 2764 2944 2824 Paranete
2975 2750 3494 2840 diezeugmenon.
3649 2763 3761 2847 M._
3837 2794 3854 2802 ε

2227 2843 2297 3041 ἶς’
2480 2901 2556 2959 Α.
2641 2896 2812 2958 Trite
2842 2895 3363 2974 diezeugmenon.
3643 2899 3720 2958 Ν,

2230 3028 2308 3112 δέ
2481 3033 2554 3093 G.
2639 3032 2996 3092 Paramese.
3627 3031 3650 3093 Ι
3675 3031 3758 3093 Μ.

2193 3129 2332 3256 T'OT'
2479 3166 2548 3226 Β.
2638 3165 2793 3224 Nete
2822 3180 3305 3242 synemmenon.
3631 3165 3758 3227 1M.

2229 3272 2294 3397 ’ξι
2479 3300 2556 3358 Α.
2645 3297 2950 3357 Paranete
2978 3313 3459 3376 synemmenon.
3640 3297 3727 3358 M-

2229 3414 2296 3540 T;
2478 3432 2549 3492 G.
2633 3427 2807 3492 Trita
2833 3446 3315 3508 synemmenon.
3641 3433 3718 3492 Ν.

2229 3556 2296 3613 Τ·
2477 3566 2547 3624 F.
2633 3562 2826 3625 Meae.
3631 3564 3655 3624 Ι
3673 3563 3730 3626 Μ
3744 3609 3761 3624 .

2229 3643 2295 3754 ἕ.
2476 3697 2549 3757 Ε.
2635 3694 2947 3757 Lichanos
2971 3711 3212 3756 meson.
3608 3695 3664 3759 Μ
3684 3697 3762 3758 Ε.

2227 3786 2294 3896 Ἰρ.
2476 3828 2551 3887 D.
2635 3828 2999 3907 Parnypate
3033 3845 3247 3888 meson
3260 3870 3275 3888 .
3641 3829 3716 3888 N.

2227 3927 2294 4037 Ίῗ,
2477 3962 2546 4022 C.
2631 3962 2877 4041 Hypate
2907 3977 3148 4023 meson.
3622 3959 3751 4022 1M.

2225 4069 2291 4179 r19.
2476 4095 2548 4155 B.
2633 4093 2946 4156 Lichanos
2976 4093 3286 4175 hypaton.
3637 4093 3724 4155 Μ,

2226 4212 2289 4321 19.
2477 4228 2553 4287 Α.
2635 4227 2996 4308 Parhypate
3027 4231 3335 4308 nypaton.
3624 4226 3761 4290 1M.

2225 4355 2288 4464 ,ᾗ
2476 4361 2546 4422 G.
2635 4361 2880 4441 Hypate
2910 4360 3217 4441 hypaton.
3621 4359 3758 4423 1M.

2225 4497 2276 4606 Ἰρ
2473 4493 2540 4552 F.
2632 4493 3328 4556 Proslambanomenos.
3624 4492 3755 4554 1M.

410 4655 522 4728 (37)
553 4654 655 4742 IIic
686 4656 859 4714 finem
891 4676 1020 4742 esse
1051 4661 1500 4742 arbitronhujus
1520 4665 1824 4742 tractatus.
1849 4666 1983 4742 Quae
2094 4666 2433 4724 differentiae
2457 4668 2930 4724 trecentesimam
2955 4669 3522 4740 duodecimam,qus
3544 4663 3722 4742 εει-ζ-
3743 4713 3759 4728 .

343 4732 694 4804 sequuntur,
727 4745 862 4804 cum
893 4733 1017 4789 sine
1051 4733 1257 4804 ordine
1295 4732 1423 4804 jam
1454 4735 1526 4790 de
1576 4735 1993 4804 monochordo,

331 4801 459 4871 jam
492 4799 820 4881 de__ﬁstulis
870 4809 1068 4881 agant,
1088 4803 1165 4881 in
1196 4799 1439 4881 modum
1483 4805 1877 4881 supplementi
1907 4799 1996 4865 vel

338 4873 788 4948 annotationum
819 4873 1020 4930 addita
1048 4875 1336 4948 videntur,
1369 4879 1426 4931 et
1455 4873 1692 4948 quidem
1738 4896 1853 4935 non
1899 4897 1992 4937 ea-

340 4944 473 4999 dem
499 4959 702 5020 manu,
724 4961 856 4999 cum
887 4961 974 5017 ea,
995 4963 1127 5020 qua:
1153 4944 1565 5020 hiciusque'ad
1596 4949 1871 5006 tabellam
1905 4969 1992 5007 se-

341 5017 622 5097 quentem
673 5014 968 5097 leguntur,
1000 5014 1058 5074 i'n
1101 5019 1214 5075 fine
1244 5014 1436 5075 denuo
1483 5020 1578 5075 vix
1619 5037 1735 5076 non
1786 5021 1994 5078 iisdem

338 5085 533 5141 verbis
565 5085 924 5157 repetantur.

411 5164 706 5244 (38)AE_._g.
733 5167 799 5244 in
834 5167 1048 5244 tabella
1093 5185 1224 5242 pag.
1260 5185 1382 5244 seq.
1415 5186 1486 5224 ex
1529 5170 1663 5226 trite
1711 5170 1994 5244 hyperbo-

339 5233 470 5312 leon
500 5233 822 5312 2916,'ejus
853 5233 1201 5311 vigesimarff
1229 5233 1564 5312 septimam,
1593 5258 1720 5312 quas
1749 5233 1838 5297 est
1870 5245 1992 5310 108,

341 5304 677 5374 subtrahas,
712 5304 1014 5364 reman‘ént
1054 5313 1217 5376 2808,
1252 5304 1462 5365 horum
1515 5304 1801 5367 decimam
1834 5304 1992 5370 ecta;

339 5391 494 5457 vam,
528 5392 735 5457 nempe
768 5382 889 5435 156.
914 5382 1063 5437 adde
1093 5384 1254 5449 2916,
1281 5388 1338 5457 et
1378 5381 1618 5457 habebis
1645 5385 1834 5457 Δ3072ε
1867 5403 1995 5457 qum

341 5448 430 5528 est
455 5450 598 5528 .nete
634 5448 1124 5528 diezeugmenon,
1159 5471 1193 5509 a
1221 5448 1356 5510 trite
1386 5452 1775 5526 hyperboleon
1815 5448 1995 5512 semi-

343 5517 505 5576 tonio
537 5517 782 5574 distans.

409 5588 525 5658 (39)
558 5588 642 5644 Ita
671 5590 997 5649 differentia
1045 5594 1335 5651 semitonii
1389 5594 1541 5650 inter
1589 5594 1719 5652 trite
1767 5598 1995 5654 diezeu-

339 5675 604 5785 gmenon.
635 5661 797 5728 3888,
825 5667 890 5744 .et
932 5665 1240 5748 Paramese
1271 5666 1430 5732 4096,
1463 5670 1553 5722 est
1582 5669 1708 5733 208,
1741 5669 1790 5752 sci
1817 5669 1997 5741 igitur

387 5747 517 5785 mus
549 5732 887 5785 differentiae
918 5739 1168 5785 tertiam-
1199 5754 1326 5785 num
1355 5741 1444 5785 est
1470 5738 1542 5785 69
1557 5739 1607 5785 4-
1641 5744 1695 5785 at
1728 5741 1989 5785 mundam

387 5732 517 5802 ujus
549 5732 887 5790 differentiae
918 5736 1170 5808 tertiam,
1199 5754 1326 5810 quae
1355 5741 1444 5795 est
1470 5738 1542 5793 69
1557 5739 1608 5813 at,
1641 5732 1699 5796 et
1728 5732 1994 5812 ejusdem

2105 4763 2237 4803 cum
2261 4746 2390 4818 ipsa
2411 4751 2534 4802 tota
2553 4747 2880 4804 differentia
2893 4748 3017 4804 208.
3037 4747 3244 4803 ultimo
3260 4747 3536 4818 termino,
3549 4761 3762 4818 nempe

2105 4817 2412 4874 Paramese
2443 4819 2602 4891 4096.
2638 4818 2842 4889 addas,
2874 4818 3116 4876 habebis
3150 4819 3310 4891 4374.
3337 4817 3495 4874 Trito
3524 4833 3760 4891 synem-

2105 4905 2342 4962 menon,
2390 4889 2546 4959 quod
2594 4893 2683 4944 est
2730 4887 3014 4962 Apbtome
3061 4894 3119 4946 et
3166 4890 3496 4960 Paramese,
3529 4887 3756 4953 a'trite,

2105 4960 2562 5041 diezeugmenon
2619 4960 2798 5027 vero,‘
2825 4977 2928 5017 seu
2984 4962 3265 5018 Paranete
3311 4976 3757 5034 synemmenon,

2105 5037 2242 5088 tono
2273 5031 2520 5086 distans.

2200 5102 2289 5172 40)
2319 5102 2484 5158 Adde
2515 5118 2530 5157 :
2568 5103 2808 5159 Unacum
2836 5119 3064 5160 numero
3093 5103 3240 5159 dato.

2199 5171 2287 5240 Ill)
2319 5173 2572 5248 E._g_.ﬂSi
2625 5173 2697 5248 ad
2755 5173 3041 5248 Lichanos
3095 5175 3354 5248 hypaton
3405 5173 3569 5248 6912.
3606 5171 3763 5248 _e_jus

2106 5241 2329 5315 sextam
2384 5241 2540 5298 1152.
2573 5248 2630 5298 et
2676 5244 2857 5315 hujus
2903 5251 3075 5300 sextae
3123 5241 3339 5302 nénam
3396 5245 3519 5315 128,
3551 5241 3763 5312 addas,

2106 5313 2350 5370 habebis
2379 5315 2538 5369 8192.
2571 5313 3094 5389 llypatehypaton,
3119 5335 3153 5373 a
3183 5316 3469 5373 Lichanos
3502 5313 3760 5387 hypaton

2104 5391 2241 5441 tono
2271 5401 2405 5441 eum
2439 5386 2749 5442 semitonio
2781 5386 3030 5445 distans.

2199 5457 2287 5532 112)
2318 5457 2479 5532 adde
2501 5458 2945 5532 _:_Numero_dato
2972 5460 3294 5532 conjungas.

2201 5526 2287 5595 43)
2318 5527 2379 5583 Ε.
2413 5544 2468 5600 g.
2501 5527 2756 5604 Numero
2784 5530 2920 5604 dato
2944 5526 3398 5604 Vllyp'ate'meson
3417 5527 3583 5604 61/14.
3609 5526 3763 5583 adde

2104 5599 2234 5670 ejus
2261 5599 2542 5674 quartam
2562 5600 2744 5674 1536.,
2767 5605 2822 5674 et
2848 5599 3276 5674 hujus'quartze
3305 5600 3594 5674 decimam
3625 5613 3762 5674 sex-

2104 5669 2250 5736 tam,
2277 5669 2392 5735 96.,
2426 5675 2484 5726 et
2513 5671 2630 5746 fiet;
2651 5672 2813 5728 7776.
2847 5669 3175 5746 Parhypate
3220 5673 3500 5746 hypaton,
3533 5669 3608 5728 ab
3651 5669 3759 5742 hy-

2104 5746 2237 5815 pate
2267 5758 2468 5799 meson
2499 5743 2729 5801 duobus
2760 5745 2914 5803 tonis
2943 5743 3188 5802 distans.
