  <div class='ocr_page' id='page_1' title='image "/cluster/home/n/w/nwhite01/storage/ocr_20150623/151/hvd.32044054760095/341.png"; bbox 0 0 4000 6168; ppageno 0'>
   <div class='ocr_carea' id='block_1_1' title="bbox 342 365 457 431">
    <p class='ocr_par' dir='ltr' id='par_1_1' title="bbox 342 365 457 431">
     <span class='ocr_line' id='line_1_1' title="bbox 342 365 457 431; baseline -0.035 0"><span class='ocrx_word' id='word_1_1' title='bbox 342 365 457 431; x_wconf 77' lang='grc'>671</span> 
     </span>
    </p>
   </div>
   <div class='ocr_carea' id='block_1_2' title="bbox 1080 322 3105 433">
    <p class='ocr_par' dir='ltr' id='par_1_2' title="bbox 1080 322 3105 433">
     <span class='ocr_line' id='line_1_2' title="bbox 1080 322 3105 433; baseline -0.006 0"><span class='ocrx_word' id='word_1_2' title='bbox 1080 364 1269 433; x_wconf 64' lang='lat' dir='ltr'><strong>sae.</strong></span> <span class='ocrx_word' id='word_1_3' title='bbox 1313 364 1392 430; x_wconf 86' lang='lat' dir='ltr'><strong>x1</strong></span> <span class='ocrx_word' id='word_1_4' title='bbox 1434 365 1664 432; x_wconf 84' lang='lat' dir='ltr'><strong>AUCT.</strong></span> <span class='ocrx_word' id='word_1_5' title='bbox 1708 362 2025 429; x_wconf 74' lang='lat' dir='ltr'><strong>meum</strong></span> <span class='ocrx_word' id='word_1_6' title='bbox 2067 362 2257 428; x_wconf 80' lang='lat' dir='ltr'><strong>ANNI</strong></span> <span class='ocrx_word' id='word_1_7' title='bbox 2299 362 2400 429; x_wconf 86' lang='lat' dir='ltr'><strong>E&#39;l‘</strong></span> <span class='ocrx_word' id='word_1_8' title='bbox 2442 360 2734 428; x_wconf 72' lang='lat' dir='ltr'><strong>sempr.</strong></span> <span class='ocrx_word' id='word_1_9' title='bbox 2782 366 3006 424; x_wconf 71' lang='lat' dir='ltr'><strong>’msn.</strong></span> <span class='ocrx_word' id='word_1_10' title='bbox 3104 322 3105 327; x_wconf 8' lang='grc' dir='ltr'>γ</span> 
     </span>
    </p>
   </div>
   <div class='ocr_carea' id='block_1_3' title="bbox 3624 360 3761 441">
    <p class='ocr_par' dir='ltr' id='par_1_3' title="bbox 3624 360 3761 441">
     <span class='ocr_line' id='line_1_3' title="bbox 3624 360 3761 441; baseline 0 -19"><span class='ocrx_word' id='word_1_11' title='bbox 3624 360 3761 441; x_wconf 71' lang='grc'>672.</span> 
     </span>
    </p>
   </div>
   <div class='ocr_carea' id='block_1_4' title="bbox 416 462 3745 575">
    <p class='ocr_par' dir='ltr' id='par_1_4' title="bbox 416 462 3745 575">
     <span class='ocr_line' id='line_1_4' title="bbox 416 462 3745 575; baseline -0.002 -17"><span class='ocrx_word' id='word_1_12' title='bbox 416 501 529 575; x_wconf 80' lang='grc'>(44)</span> <span class='ocrx_word' id='word_1_13' title='bbox 577 499 638 558; x_wconf 89' lang='lat' dir='ltr'><strong>Si</strong></span> <span class='ocrx_word' id='word_1_14' title='bbox 679 502 887 558; x_wconf 91' lang='lat' dir='ltr'><strong>tonum</strong></span> <span class='ocrx_word' id='word_1_15' title='bbox 924 464 1178 574; x_wconf 73' lang='lat' dir='ltr'><strong>quaeris,</strong></span> <span class='ocrx_word' id='word_1_16' title='bbox 1224 501 1413 573; x_wconf 84' lang='lat' dir='ltr'><strong>major</strong></span> <span class='ocrx_word' id='word_1_17' title='bbox 1457 497 1656 555; x_wconf 84' lang='lat' dir='ltr'><strong>fistula</strong></span> <span class='ocrx_word' id='word_1_18' title='bbox 1697 498 1985 554; x_wconf 86' lang='lat' dir='ltr'><strong>minorem</strong></span> <span class='ocrx_word' id='word_1_19' title='bbox 2014 499 2071 569; x_wconf 73' lang='grc' dir='ltr'><strong>Α</strong></span> <span class='ocrx_word' id='word_1_20' title='bbox 2098 499 2288 571; x_wconf 84' lang='lat' dir='ltr'><strong>equod</strong></span> <span class='ocrx_word' id='word_1_21' title='bbox 2321 502 2413 556; x_wconf 90' lang='lat' dir='ltr'><strong>est</strong></span> <span class='ocrx_word' id='word_1_22' title='bbox 2467 503 2661 568; x_wconf 89' lang='lat' dir='ltr'><strong>tonus,</strong></span> <span class='ocrx_word' id='word_1_23' title='bbox 2692 498 2779 555; x_wconf 87' lang='lat' dir='ltr'>vel</span> <span class='ocrx_word' id='word_1_24' title='bbox 2835 501 3023 554; x_wconf 90' lang='lat' dir='ltr'><strong>totum</strong></span> <span class='ocrx_word' id='word_1_25' title='bbox 3080 496 3126 554; x_wconf 94' lang='lat' dir='ltr'><strong>D</strong></span> <span class='ocrx_word' id='word_1_26' title='bbox 3185 499 3243 553; x_wconf 88' lang='lat' dir='ltr'><strong>et</strong></span> <span class='ocrx_word' id='word_1_27' title='bbox 3297 495 3427 569; x_wconf 89' lang='lat' dir='ltr'><strong>ejus</strong></span> <span class='ocrx_word' id='word_1_28' title='bbox 3480 494 3745 562; x_wconf 85' lang='lat' dir='ltr'><strong>tertium,</strong></span> 
     </span>
    </p>
   </div>
   <div class='ocr_carea' id='block_1_5' title="bbox 343 586 1992 662">
    <p class='ocr_par' dir='ltr' id='par_1_5' title="bbox 343 586 1992 662">
     <span class='ocr_line' id='line_1_5' title="bbox 343 586 1992 662; baseline -0.003 -15"><span class='ocrx_word' id='word_1_29' title='bbox 343 591 575 659; x_wconf 82' lang='lat' dir='ltr'><strong>habeat,</strong></span> <span class='ocrx_word' id='word_1_30' title='bbox 610 595 666 647; x_wconf 89' lang='lat' dir='ltr'><strong>et</strong></span> <span class='ocrx_word' id='word_1_31' title='bbox 694 592 822 662; x_wconf 86' lang='lat' dir='ltr'><strong>ejus</strong></span> <span class='ocrx_word' id='word_1_32' title='bbox 851 595 1131 646; x_wconf 76' lang='lat' dir='ltr'><strong>octavam.</strong></span> <span class='ocrx_word' id='word_1_33' title='bbox 1158 590 1215 645; x_wconf 92' lang='lat' dir='ltr'><strong>Si</strong></span> <span class='ocrx_word' id='word_1_34' title='bbox 1248 589 1636 658; x_wconf 83' lang='lat' dir='ltr'><strong>diatessaron,</strong></span> <span class='ocrx_word' id='word_1_35' title='bbox 1669 588 1858 659; x_wconf 86' lang='lat' dir='ltr'><strong>major</strong></span> <span class='ocrx_word' id='word_1_36' title='bbox 1886 586 1992 643; x_wconf 88' lang='lat' dir='ltr'><strong>mi-</strong></span> 
     </span>
    </p>
   </div>
   <div class='ocr_carea' id='block_1_6' title="bbox 344 675 1992 751">
    <p class='ocr_par' dir='ltr' id='par_1_6' title="bbox 344 675 1992 751">
     <span class='ocr_line' id='line_1_6' title="bbox 344 675 1992 751; baseline -0.004 -14"><span class='ocrx_word' id='word_1_37' title='bbox 344 698 546 737; x_wconf 84' lang='lat' dir='ltr'><strong>norem</strong></span> <span class='ocrx_word' id='word_1_38' title='bbox 577 683 633 736; x_wconf 90' lang='lat' dir='ltr'><strong>et</strong></span> <span class='ocrx_word' id='word_1_39' title='bbox 662 681 790 751; x_wconf 88' lang='lat' dir='ltr'><strong>ejus</strong></span> <span class='ocrx_word' id='word_1_40' title='bbox 823 681 1072 744; x_wconf 89' lang='lat' dir='ltr'><strong>tertiam,</strong></span> <span class='ocrx_word' id='word_1_41' title='bbox 1096 682 1154 733; x_wconf 91' lang='lat' dir='ltr'><strong>et</strong></span> <span class='ocrx_word' id='word_1_42' title='bbox 1176 676 1357 732; x_wconf 64' lang='lat' dir='ltr'><strong>tertiae</strong></span> <span class='ocrx_word' id='word_1_43' title='bbox 1388 676 1700 743; x_wconf 85' lang='lat' dir='ltr'><strong>decimam,</strong></span> <span class='ocrx_word' id='word_1_44' title='bbox 1722 682 1779 732; x_wconf 90' lang='lat' dir='ltr'><strong>et</strong></span> <span class='ocrx_word' id='word_1_45' title='bbox 1811 675 1992 731; x_wconf 92' lang='lat' dir='ltr'><strong>unde-</strong></span> 
     </span>
    </p>
   </div>
   <div class='ocr_carea' id='block_1_7' title="bbox 344 766 1990 839">
    <p class='ocr_par' dir='ltr' id='par_1_7' title="bbox 344 766 1990 839">
     <span class='ocr_line' id='line_1_7' title="bbox 344 766 1990 839; baseline -0.004 -13"><span class='ocrx_word' id='word_1_46' title='bbox 344 771 508 826; x_wconf 63' lang='lat' dir='ltr'><strong>cimae</strong></span> <span class='ocrx_word' id='word_1_47' title='bbox 540 774 783 825; x_wconf 84' lang='lat' dir='ltr'><strong>sextam.</strong></span> <span class='ocrx_word' id='word_1_48' title='bbox 807 771 861 822; x_wconf 89' lang='lat' dir='ltr'><strong>Si</strong></span> <span class='ocrx_word' id='word_1_49' title='bbox 897 769 1186 839; x_wconf 81' lang='lat' dir='ltr'><strong>diapente,</strong></span> <span class='ocrx_word' id='word_1_50' title='bbox 1214 767 1403 838; x_wconf 82' lang='lat' dir='ltr'><strong>major</strong></span> <span class='ocrx_word' id='word_1_51' title='bbox 1434 766 1741 831; x_wconf 85' lang='lat' dir='ltr'><strong>minorem,</strong></span> <span class='ocrx_word' id='word_1_52' title='bbox 1776 770 1832 821; x_wconf 91' lang='lat' dir='ltr'><strong>et</strong></span> <span class='ocrx_word' id='word_1_53' title='bbox 1861 766 1990 836; x_wconf 87' lang='lat' dir='ltr'><strong>ejus</strong></span> 
     </span>
    </p>
   </div>
   <div class='ocr_carea' id='block_1_8' title="bbox 343 854 1985 927">
    <p class='ocr_par' dir='ltr' id='par_1_8' title="bbox 343 854 1985 927">
     <span class='ocr_line' id='line_1_8' title="bbox 343 854 1985 927; baseline -0.004 -12"><span class='ocrx_word' id='word_1_54' title='bbox 343 860 617 927; x_wconf 87' lang='lat' dir='ltr'><strong>mediam,</strong></span> <span class='ocrx_word' id='word_1_55' title='bbox 642 859 698 912; x_wconf 90' lang='lat' dir='ltr'><strong>et</strong></span> <span class='ocrx_word' id='word_1_56' title='bbox 728 854 1055 911; x_wconf 79' lang='lat' dir='ltr'><strong>medietatis</strong></span> <span class='ocrx_word' id='word_1_57' title='bbox 1077 859 1362 921; x_wconf 78' lang='lat' dir='ltr'><strong>octavam,</strong></span> <span class='ocrx_word' id='word_1_58' title='bbox 1385 859 1442 909; x_wconf 94' lang='lat' dir='ltr'><strong>et</strong></span> <span class='ocrx_word' id='word_1_59' title='bbox 1470 859 1680 909; x_wconf 73' lang='lat' dir='ltr'><strong>octavae</strong></span> <span class='ocrx_word' id='word_1_60' title='bbox 1704 858 1985 910; x_wconf 88' lang='lat' dir='ltr'><strong>octavam.</strong></span> 
     </span>
    </p>
   </div>
   <div class='ocr_carea' id='block_1_9' title="bbox 341 942 1991 1018">
    <p class='ocr_par' dir='ltr' id='par_1_9' title="bbox 341 942 1991 1018">
     <span class='ocr_line' id='line_1_9' title="bbox 341 942 1991 1018; baseline -0.004 -15"><span class='ocrx_word' id='word_1_61' title='bbox 341 949 398 1003; x_wconf 90' lang='lat' dir='ltr'><strong>Si</strong></span> <span class='ocrx_word' id='word_1_62' title='bbox 459 947 739 1018; x_wconf 87' lang='lat' dir='ltr'><strong>diapason</strong></span> <span class='ocrx_word' id='word_1_63' title='bbox 797 945 1003 1015; x_wconf 86' lang='lat' dir='ltr'><strong>major,</strong></span> <span class='ocrx_word' id='word_1_64' title='bbox 1066 942 1353 999; x_wconf 85' lang='lat' dir='ltr'><strong>minorem</strong></span> <span class='ocrx_word' id='word_1_65' title='bbox 1408 943 1608 1015; x_wconf 93' lang='lat' dir='ltr'><strong>duplo,</strong></span> <span class='ocrx_word' id='word_1_66' title='bbox 1642 947 1699 998; x_wconf 90' lang='lat' dir='ltr'><strong>et</strong></span> <span class='ocrx_word' id='word_1_67' title='bbox 1749 942 1991 1015; x_wconf 86' lang='lat' dir='ltr'><strong>insuper</strong></span> 
     </span>
    </p>
   </div>
   <div class='ocr_carea' id='block_1_10' title="bbox 340 1031 1987 1107">
    <p class='ocr_par' dir='ltr' id='par_1_10' title="bbox 340 1031 1987 1107">
     <span class='ocr_line' id='line_1_10' title="bbox 340 1031 1987 1107; baseline -0.003 -16"><span class='ocrx_word' id='word_1_68' title='bbox 340 1037 469 1107; x_wconf 90' lang='lat' dir='ltr'><strong>ejus</strong></span> <span class='ocrx_word' id='word_1_69' title='bbox 500 1050 677 1089; x_wconf 89' lang='lat' dir='ltr'><strong>unam</strong></span> <span class='ocrx_word' id='word_1_70' title='bbox 727 1037 1012 1099; x_wconf 83' lang='lat' dir='ltr'><strong>octavam,</strong></span> <span class='ocrx_word' id='word_1_71' title='bbox 1037 1037 1094 1088; x_wconf 91' lang='lat' dir='ltr'><strong>et</strong></span> <span class='ocrx_word' id='word_1_72' title='bbox 1134 1037 1345 1088; x_wconf 69' lang='lat' dir='ltr'><strong>octava:</strong></span> <span class='ocrx_word' id='word_1_73' title='bbox 1388 1036 1668 1088; x_wconf 88' lang='lat' dir='ltr'><strong>octavam.</strong></span> <span class='ocrx_word' id='word_1_74' title='bbox 1695 1032 1755 1088; x_wconf 90' lang='lat' dir='ltr'><strong>Si</strong></span> <span class='ocrx_word' id='word_1_75' title='bbox 1786 1031 1987 1103; x_wconf 84' lang='lat' dir='ltr'><strong>diapa-</strong></span> 
     </span>
    </p>
   </div>
   <div class='ocr_carea' id='block_1_11' title="bbox 339 1120 1988 1197">
    <p class='ocr_par' dir='ltr' id='par_1_11' title="bbox 339 1120 1988 1197">
     <span class='ocr_line' id='line_1_11' title="bbox 339 1120 1988 1197; baseline -0.003 -17"><span class='ocrx_word' id='word_1_76' title='bbox 339 1141 445 1180; x_wconf 93' lang='lat' dir='ltr'><strong>son</strong></span> <span class='ocrx_word' id='word_1_77' title='bbox 491 1125 551 1197; x_wconf 88' lang='lat' dir='ltr'><strong>et</strong></span> <span class='ocrx_word' id='word_1_78' title='bbox 601 1122 892 1194; x_wconf 87' lang='lat' dir='ltr'><strong>diapente,</strong></span> <span class='ocrx_word' id='word_1_79' title='bbox 928 1122 1118 1193; x_wconf 87' lang='lat' dir='ltr'><strong>major</strong></span> <span class='ocrx_word' id='word_1_80' title='bbox 1176 1122 1462 1177; x_wconf 79' lang='lat' dir='ltr'><strong>minorem</strong></span> <span class='ocrx_word' id='word_1_81' title='bbox 1516 1120 1713 1192; x_wconf 88' lang='lat' dir='ltr'><strong>triplo,</strong></span> <span class='ocrx_word' id='word_1_82' title='bbox 1745 1124 1803 1176; x_wconf 89' lang='lat' dir='ltr'><strong>et</strong></span> <span class='ocrx_word' id='word_1_83' title='bbox 1858 1120 1988 1191; x_wconf 84' lang='lat' dir='ltr'><strong>ejus</strong></span> 
     </span>
    </p>
   </div>
   <div class='ocr_carea' id='block_1_12' title="bbox 336 1209 1986 1283">
    <p class='ocr_par' dir='ltr' id='par_1_12' title="bbox 336 1209 1986 1283">
     <span class='ocr_line' id='line_1_12' title="bbox 336 1209 1986 1283; baseline -0.002 -15"><span class='ocrx_word' id='word_1_84' title='bbox 336 1214 485 1269; x_wconf 89' lang='lat' dir='ltr'><strong>duas</strong></span> <span class='ocrx_word' id='word_1_85' title='bbox 517 1215 769 1277; x_wconf 87' lang='lat' dir='ltr'><strong>octavas,</strong></span> <span class='ocrx_word' id='word_1_86' title='bbox 814 1212 874 1266; x_wconf 94' lang='lat' dir='ltr'><strong>id</strong></span> <span class='ocrx_word' id='word_1_87' title='bbox 929 1214 1037 1278; x_wconf 91' lang='lat' dir='ltr'><strong>est,</strong></span> <span class='ocrx_word' id='word_1_88' title='bbox 1091 1215 1382 1283; x_wconf 89' lang='lat' dir='ltr'><strong>quartam.</strong></span> <span class='ocrx_word' id='word_1_89' title='bbox 1417 1209 1476 1265; x_wconf 91' lang='lat' dir='ltr'><strong>Si</strong></span> <span class='ocrx_word' id='word_1_90' title='bbox 1535 1209 1627 1266; x_wconf 88' lang='lat' dir='ltr'><strong>bis</strong></span> <span class='ocrx_word' id='word_1_91' title='bbox 1683 1209 1986 1282; x_wconf 88' lang='lat' dir='ltr'><strong>diapason,</strong></span> 
     </span>
    </p>
   </div>
   <div class='ocr_carea' id='block_1_13' title="bbox 336 1298 1989 1373">
    <p class='ocr_par' dir='ltr' id='par_1_13' title="bbox 336 1298 1989 1373">
     <span class='ocr_line' id='line_1_13' title="bbox 336 1298 1989 1373; baseline -0.001 -15"><span class='ocrx_word' id='word_1_92' title='bbox 336 1303 527 1373; x_wconf 88' lang='lat' dir='ltr'><strong>major</strong></span> <span class='ocrx_word' id='word_1_93' title='bbox 570 1301 856 1356; x_wconf 90' lang='lat' dir='ltr'><strong>minorem</strong></span> <span class='ocrx_word' id='word_1_94' title='bbox 905 1298 1254 1372; x_wconf 85' lang='lat' dir='ltr'><strong>quadruplo,</strong></span> <span class='ocrx_word' id='word_1_95' title='bbox 1301 1303 1356 1355; x_wconf 87' lang='lat' dir='ltr'><strong>et</strong></span> <span class='ocrx_word' id='word_1_96' title='bbox 1402 1299 1644 1372; x_wconf 88' lang='lat' dir='ltr'><strong>insuper</strong></span> <span class='ocrx_word' id='word_1_97' title='bbox 1692 1298 1820 1370; x_wconf 89' lang='lat' dir='ltr'><strong>ejus</strong></span> <span class='ocrx_word' id='word_1_98' title='bbox 1869 1302 1989 1356; x_wconf 88' lang='lat' dir='ltr'><strong>tres</strong></span> 
     </span>
    </p>
   </div>
   <div class='ocr_carea' id='block_1_14' title="bbox 334 1394 586 1447">
    <p class='ocr_par' dir='ltr' id='par_1_14' title="bbox 334 1394 586 1447">
     <span class='ocr_line' id='line_1_14' title="bbox 334 1394 586 1447; baseline -0.008 -1"><span class='ocrx_word' id='word_1_99' title='bbox 334 1394 586 1447; x_wconf 89' lang='lat' dir='ltr'><strong>octavas.</strong></span> 
     </span>
    </p>
   </div>
   <div class='ocr_carea' id='block_1_15' title="bbox 812 1494 1509 1534">
    <p class='ocr_par' dir='ltr' id='par_1_15' title="bbox 812 1494 1509 1534">
     <span class='ocr_line' id='line_1_15' title="bbox 812 1494 1509 1534; baseline -0.001 -1"><span class='ocrx_word' id='word_1_100' title='bbox 812 1495 947 1534; x_wconf 81' lang='lat' dir='ltr'><strong>ITEM</strong></span> <span class='ocrx_word' id='word_1_101' title='bbox 987 1494 1128 1534; x_wconf 82' lang='lat' dir='ltr'><strong>IDEM</strong></span> <span class='ocrx_word' id='word_1_102' title='bbox 1166 1494 1293 1534; x_wconf 79' lang='lat' dir='ltr'><strong>ALIO</strong></span> <span class='ocrx_word' id='word_1_103' title='bbox 1332 1494 1509 1533; x_wconf 86' lang='lat' dir='ltr'><strong>MODO.</strong></span> 
     </span>
    </p>
   </div>
   <div class='ocr_carea' id='block_1_16' title="bbox 411 1564 1988 1640">
    <p class='ocr_par' dir='ltr' id='par_1_16' title="bbox 411 1564 1988 1640">
     <span class='ocr_line' id='line_1_16' title="bbox 411 1564 1988 1640; baseline -0.001 -18"><span class='ocrx_word' id='word_1_104' title='bbox 411 1568 468 1623; x_wconf 86' lang='lat' dir='ltr'><strong>Si</strong></span> <span class='ocrx_word' id='word_1_105' title='bbox 500 1566 708 1625; x_wconf 74' lang='lat' dir='ltr'><strong>fistulaa</strong></span> <span class='ocrx_word' id='word_1_106' title='bbox 735 1566 978 1640; x_wconf 65' lang='lat' dir='ltr'><strong>aequalis</strong></span> <span class='ocrx_word' id='word_1_107' title='bbox 1008 1566 1422 1640; x_wconf 86' lang='lat' dir='ltr'><strong>grossitudinis</strong></span> <span class='ocrx_word' id='word_1_108' title='bbox 1450 1569 1640 1635; x_wconf 87' lang='lat' dir='ltr'><strong>erunt,</strong></span> <span class='ocrx_word' id='word_1_109' title='bbox 1666 1565 1855 1636; x_wconf 86' lang='lat' dir='ltr'><strong>major</strong></span> <span class='ocrx_word' id='word_1_110' title='bbox 1883 1564 1988 1620; x_wconf 83' lang='lat' dir='ltr'><strong>mi-</strong></span> 
     </span>
    </p>
   </div>
   <div class='ocr_carea' id='block_1_17' title="bbox 334 1654 1988 1730">
    <p class='ocr_par' dir='ltr' id='par_1_17' title="bbox 334 1654 1988 1730">
     <span class='ocr_line' id='line_1_17' title="bbox 334 1654 1988 1730; baseline -0.002 -17"><span class='ocrx_word' id='word_1_111' title='bbox 334 1657 495 1713; x_wconf 89' lang='lat' dir='ltr'><strong>noris</strong></span> <span class='ocrx_word' id='word_1_112' title='bbox 525 1656 950 1730; x_wconf 84' lang='lat' dir='ltr'><strong>longitudinem</strong></span> <span class='ocrx_word' id='word_1_113' title='bbox 986 1659 1192 1728; x_wconf 87' lang='lat' dir='ltr'><strong>quater</strong></span> <span class='ocrx_word' id='word_1_114' title='bbox 1218 1655 1278 1710; x_wconf 89' lang='lat' dir='ltr'><strong>in</strong></span> <span class='ocrx_word' id='word_1_115' title='bbox 1311 1671 1372 1711; x_wconf 91' lang='lat' dir='ltr'><strong>se</strong></span> <span class='ocrx_word' id='word_1_116' title='bbox 1403 1654 1634 1722; x_wconf 88' lang='lat' dir='ltr'><strong>habeat,</strong></span> <span class='ocrx_word' id='word_1_117' title='bbox 1656 1658 1714 1710; x_wconf 92' lang='lat' dir='ltr'><strong>et</strong></span> <span class='ocrx_word' id='word_1_118' title='bbox 1745 1654 1988 1726; x_wconf 87' lang='lat' dir='ltr'><strong>insuper</strong></span> 
     </span>
    </p>
   </div>
   <div class='ocr_carea' id='block_1_18' title="bbox 336 1745 1986 1817">
    <p class='ocr_par' dir='ltr' id='par_1_18' title="bbox 336 1745 1986 1817">
     <span class='ocr_line' id='line_1_18' title="bbox 336 1745 1986 1817; baseline -0.002 -16"><span class='ocrx_word' id='word_1_119' title='bbox 336 1745 605 1802; x_wconf 85' lang='lat' dir='ltr'><strong>diametri</strong></span> <span class='ocrx_word' id='word_1_120' title='bbox 640 1746 769 1815; x_wconf 85' lang='grc'>(45),</span> <span class='ocrx_word' id='word_1_121' title='bbox 795 1745 948 1817; x_wconf 90' lang='lat' dir='ltr'><strong>quod</strong></span> <span class='ocrx_word' id='word_1_122' title='bbox 981 1745 1041 1798; x_wconf 93' lang='lat' dir='ltr'><strong>in</strong></span> <span class='ocrx_word' id='word_1_123' title='bbox 1084 1760 1333 1800; x_wconf 87' lang='lat' dir='ltr'><strong>concavo</strong></span> <span class='ocrx_word' id='word_1_124' title='bbox 1367 1747 1475 1812; x_wconf 88' lang='lat' dir='ltr'><strong>est,</strong></span> <span class='ocrx_word' id='word_1_125' title='bbox 1508 1747 1717 1815; x_wconf 84' lang='lat' dir='ltr'><strong>quater</strong></span> <span class='ocrx_word' id='word_1_126' title='bbox 1745 1759 1986 1799; x_wconf 84' lang='lat' dir='ltr'><strong>mensu-</strong></span> 
     </span>
    </p>
   </div>
   <div class='ocr_carea' id='block_1_19' title="bbox 336 1831 1983 1904">
    <p class='ocr_par' dir='ltr' id='par_1_19' title="bbox 336 1831 1983 1904">
     <span class='ocr_line' id='line_1_19' title="bbox 336 1831 1983 1904; baseline -0.002 -14"><span class='ocrx_word' id='word_1_127' title='bbox 336 1851 463 1890; x_wconf 87' lang='lat' dir='ltr'><strong>ram</strong></span> <span class='ocrx_word' id='word_1_128' title='bbox 494 1834 786 1890; x_wconf 80' lang='lat' dir='ltr'><strong>contineat</strong></span> <span class='ocrx_word' id='word_1_129' title='bbox 818 1834 954 1904; x_wconf 85' lang='grc'>(46),</span> <span class='ocrx_word' id='word_1_130' title='bbox 986 1832 1075 1887; x_wconf 89' lang='lat' dir='ltr'><strong>bis</strong></span> <span class='ocrx_word' id='word_1_131' title='bbox 1105 1832 1386 1904; x_wconf 88' lang='lat' dir='ltr'><strong>diapason</strong></span> <span class='ocrx_word' id='word_1_132' title='bbox 1418 1831 1863 1887; x_wconf 89' lang='lat' dir='ltr'><strong>consonantiam</strong></span> <span class='ocrx_word' id='word_1_133' title='bbox 1896 1848 1983 1887; x_wconf 87' lang='lat' dir='ltr'><strong>re-</strong></span> 
     </span>
    </p>
   </div>
   <div class='ocr_carea' id='block_1_20' title="bbox 338 1918 1988 1993">
    <p class='ocr_par' dir='ltr' id='par_1_20' title="bbox 338 1918 1988 1993">
     <span class='ocr_line' id='line_1_20' title="bbox 338 1918 1988 1993; baseline -0.002 -14"><span class='ocrx_word' id='word_1_134' title='bbox 338 1922 589 1979; x_wconf 89' lang='lat' dir='ltr'><strong>sonabit.</strong></span> <span class='ocrx_word' id='word_1_135' title='bbox 613 1923 672 1977; x_wconf 90' lang='lat' dir='ltr'><strong>Si</strong></span> <span class='ocrx_word' id='word_1_136' title='bbox 704 1923 891 1993; x_wconf 89' lang='lat' dir='ltr'><strong>major</strong></span> <span class='ocrx_word' id='word_1_137' title='bbox 939 1921 1227 1976; x_wconf 88' lang='lat' dir='ltr'><strong>minorem</strong></span> <span class='ocrx_word' id='word_1_138' title='bbox 1258 1920 1317 1977; x_wconf 91' lang='lat' dir='ltr'><strong>in</strong></span> <span class='ocrx_word' id='word_1_139' title='bbox 1350 1938 1458 1977; x_wconf 90' lang='lat' dir='ltr'><strong>sua</strong></span> <span class='ocrx_word' id='word_1_140' title='bbox 1486 1919 1849 1991; x_wconf 79' lang='lat' dir='ltr'><strong>longitudine</strong></span> <span class='ocrx_word' id='word_1_141' title='bbox 1896 1918 1988 1975; x_wconf 91' lang='lat' dir='ltr'><strong>bis</strong></span> 
     </span>
    </p>
   </div>
   <div class='ocr_carea' id='block_1_21' title="bbox 336 2007 1990 2083">
    <p class='ocr_par' dir='ltr' id='par_1_21' title="bbox 336 2007 1990 2083">
     <span class='ocr_line' id='line_1_21' title="bbox 336 2007 1990 2083; baseline -0.003 -15"><span class='ocrx_word' id='word_1_142' title='bbox 336 2012 628 2078; x_wconf 85' lang='lat' dir='ltr'><strong>habuerit,</strong></span> <span class='ocrx_word' id='word_1_143' title='bbox 656 2014 713 2066; x_wconf 93' lang='lat' dir='ltr'><strong>et</strong></span> <span class='ocrx_word' id='word_1_144' title='bbox 750 2011 993 2083; x_wconf 90' lang='lat' dir='ltr'><strong>insuper</strong></span> <span class='ocrx_word' id='word_1_145' title='bbox 1034 2010 1415 2066; x_wconf 89' lang='lat' dir='ltr'><strong>concavitatis</strong></span> <span class='ocrx_word' id='word_1_146' title='bbox 1464 2010 1593 2082; x_wconf 89' lang='lat' dir='ltr'><strong>ejus</strong></span> <span class='ocrx_word' id='word_1_147' title='bbox 1641 2007 1821 2065; x_wconf 91' lang='lat' dir='ltr'><strong>semel</strong></span> <span class='ocrx_word' id='word_1_148' title='bbox 1868 2008 1990 2064; x_wconf 88' lang='lat' dir='ltr'><strong>dia-</strong></span> 
     </span>
    </p>
   </div>
   <div class='ocr_carea' id='block_1_22' title="bbox 337 2097 1987 2172">
    <p class='ocr_par' dir='ltr' id='par_1_22' title="bbox 337 2097 1987 2172">
     <span class='ocr_line' id='line_1_22' title="bbox 337 2097 1987 2172; baseline -0.002 -16"><span class='ocrx_word' id='word_1_149' title='bbox 337 2105 612 2169; x_wconf 88' lang='lat' dir='ltr'><strong>metrum,</strong></span> <span class='ocrx_word' id='word_1_150' title='bbox 645 2099 928 2172; x_wconf 89' lang='lat' dir='ltr'><strong>diapason</strong></span> <span class='ocrx_word' id='word_1_151' title='bbox 977 2099 1048 2154; x_wconf 91' lang='lat' dir='ltr'><strong>ad</strong></span> <span class='ocrx_word' id='word_1_152' title='bbox 1095 2115 1158 2155; x_wconf 89' lang='lat' dir='ltr'><strong>se</strong></span> <span class='ocrx_word' id='word_1_153' title='bbox 1203 2098 1452 2154; x_wconf 87' lang='lat' dir='ltr'><strong>invicem</strong></span> <span class='ocrx_word' id='word_1_154' title='bbox 1511 2099 1889 2154; x_wconf 89' lang='lat' dir='ltr'><strong>resonabunt.</strong></span> <span class='ocrx_word' id='word_1_155' title='bbox 1927 2097 1987 2154; x_wconf 91' lang='lat' dir='ltr'><strong>Si</strong></span> 
     </span>
    </p>
   </div>
   <div class='ocr_carea' id='block_1_23' title="bbox 336 2186 1992 2260">
    <p class='ocr_par' dir='ltr' id='par_1_23' title="bbox 336 2186 1992 2260">
     <span class='ocr_line' id='line_1_23' title="bbox 336 2186 1992 2260; baseline -0.001 -16"><span class='ocrx_word' id='word_1_156' title='bbox 336 2190 528 2260; x_wconf 89' lang='lat' dir='ltr'><strong>major</strong></span> <span class='ocrx_word' id='word_1_157' title='bbox 574 2187 857 2243; x_wconf 89' lang='lat' dir='ltr'><strong>minorem</strong></span> <span class='ocrx_word' id='word_1_158' title='bbox 891 2188 949 2242; x_wconf 91' lang='lat' dir='ltr'><strong>in</strong></span> <span class='ocrx_word' id='word_1_159' title='bbox 982 2203 1044 2243; x_wconf 92' lang='lat' dir='ltr'><strong>se</strong></span> <span class='ocrx_word' id='word_1_160' title='bbox 1088 2190 1273 2243; x_wconf 90' lang='lat' dir='ltr'><strong>totam</strong></span> <span class='ocrx_word' id='word_1_161' title='bbox 1321 2186 1613 2254; x_wconf 77' lang='lat' dir='ltr'><strong>habuerit,</strong></span> <span class='ocrx_word' id='word_1_162' title='bbox 1647 2190 1704 2242; x_wconf 90' lang='lat' dir='ltr'><strong>et</strong></span> <span class='ocrx_word' id='word_1_163' title='bbox 1748 2187 1992 2259; x_wconf 89' lang='lat' dir='ltr'><strong>insuper</strong></span> 
     </span>
    </p>
   </div>
   <div class='ocr_carea' id='block_1_24' title="bbox 333 2275 1989 2349">
    <p class='ocr_par' dir='ltr' id='par_1_24' title="bbox 333 2275 1989 2349">
     <span class='ocr_line' id='line_1_24' title="bbox 333 2275 1989 2349; baseline 0.001 -19"><span class='ocrx_word' id='word_1_164' title='bbox 333 2275 720 2349; x_wconf 87' lang='lat' dir='ltr'><strong>longitudinis</strong></span> <span class='ocrx_word' id='word_1_165' title='bbox 742 2276 870 2346; x_wconf 92' lang='lat' dir='ltr'><strong>ejus</strong></span> <span class='ocrx_word' id='word_1_166' title='bbox 902 2275 1297 2344; x_wconf 87' lang='lat' dir='ltr'><strong>medietatem,</strong></span> <span class='ocrx_word' id='word_1_167' title='bbox 1318 2275 1497 2331; x_wconf 90' lang='lat' dir='ltr'><strong>simul</strong></span> <span class='ocrx_word' id='word_1_168' title='bbox 1521 2292 1653 2331; x_wconf 90' lang='lat' dir='ltr'><strong>cum</strong></span> <span class='ocrx_word' id='word_1_169' title='bbox 1677 2275 1989 2332; x_wconf 84' lang='lat' dir='ltr'><strong>medietate</strong></span> 
     </span>
    </p>
   </div>
   <div class='ocr_carea' id='block_1_25' title="bbox 336 2364 1987 2437">
    <p class='ocr_par' dir='ltr' id='par_1_25' title="bbox 336 2364 1987 2437">
     <span class='ocr_line' id='line_1_25' title="bbox 336 2364 1987 2437; baseline -0.001 -16"><span class='ocrx_word' id='word_1_170' title='bbox 336 2364 627 2432; x_wconf 86' lang='lat' dir='ltr'><strong>diametri,</strong></span> <span class='ocrx_word' id='word_1_171' title='bbox 652 2365 809 2436; x_wconf 89' lang='lat' dir='ltr'><strong>quod</strong></span> <span class='ocrx_word' id='word_1_172' title='bbox 854 2364 913 2419; x_wconf 92' lang='lat' dir='ltr'><strong>in</strong></span> <span class='ocrx_word' id='word_1_173' title='bbox 955 2380 1204 2419; x_wconf 90' lang='lat' dir='ltr'><strong>concavo</strong></span> <span class='ocrx_word' id='word_1_174' title='bbox 1235 2368 1343 2432; x_wconf 90' lang='lat' dir='ltr'><strong>est,</strong></span> <span class='ocrx_word' id='word_1_175' title='bbox 1368 2364 1638 2437; x_wconf 90' lang='lat' dir='ltr'><strong>diapente</strong></span> <span class='ocrx_word' id='word_1_176' title='bbox 1669 2364 1987 2422; x_wconf 87' lang='lat' dir='ltr'><strong>resonabit.</strong></span> 
     </span>
    </p>
   </div>
   <div class='ocr_carea' id='block_1_26' title="bbox 335 2451 1985 2524">
    <p class='ocr_par' dir='ltr' id='par_1_26' title="bbox 335 2451 1985 2524">
     <span class='ocr_line' id='line_1_26' title="bbox 335 2451 1985 2524; baseline 0 -15"><span class='ocrx_word' id='word_1_177' title='bbox 335 2455 481 2509; x_wconf 86' lang='lat' dir='ltr'><strong>Item</strong></span> <span class='ocrx_word' id='word_1_178' title='bbox 513 2453 561 2509; x_wconf 92' lang='lat' dir='ltr'><strong>si</strong></span> <span class='ocrx_word' id='word_1_179' title='bbox 597 2452 794 2509; x_wconf 85' lang='lat' dir='ltr'><strong>ﬁstula</strong></span> <span class='ocrx_word' id='word_1_180' title='bbox 817 2453 1005 2524; x_wconf 88' lang='lat' dir='ltr'><strong>major</strong></span> <span class='ocrx_word' id='word_1_181' title='bbox 1033 2452 1319 2508; x_wconf 88' lang='lat' dir='ltr'><strong>minorem</strong></span> <span class='ocrx_word' id='word_1_182' title='bbox 1342 2452 1603 2509; x_wconf 85' lang='lat' dir='ltr'><strong>ﬁstulam</strong></span> <span class='ocrx_word' id='word_1_183' title='bbox 1632 2451 1691 2507; x_wconf 90' lang='lat' dir='ltr'><strong>in</strong></span> <span class='ocrx_word' id='word_1_184' title='bbox 1723 2470 1786 2510; x_wconf 89' lang='lat' dir='ltr'><strong>se</strong></span> <span class='ocrx_word' id='word_1_185' title='bbox 1803 2456 1985 2509; x_wconf 87' lang='lat' dir='ltr'><strong>totam</strong></span> 
     </span>
    </p>
   </div>
   <div class='ocr_carea' id='block_1_27' title="bbox 334 2541 1985 2614">
    <p class='ocr_par' dir='ltr' id='par_1_27' title="bbox 334 2541 1985 2614">
     <span class='ocr_line' id='line_1_27' title="bbox 334 2541 1985 2614; baseline 0 -16"><span class='ocrx_word' id='word_1_186' title='bbox 334 2541 625 2611; x_wconf 88' lang='lat' dir='ltr'><strong>habuerit,</strong></span> <span class='ocrx_word' id='word_1_187' title='bbox 648 2545 705 2598; x_wconf 92' lang='lat' dir='ltr'><strong>et</strong></span> <span class='ocrx_word' id='word_1_188' title='bbox 742 2541 984 2614; x_wconf 91' lang='lat' dir='ltr'><strong>insuper</strong></span> <span class='ocrx_word' id='word_1_189' title='bbox 1014 2541 1400 2614; x_wconf 86' lang='lat' dir='ltr'><strong>longitudinis</strong></span> <span class='ocrx_word' id='word_1_190' title='bbox 1445 2546 1706 2598; x_wconf 89' lang='lat' dir='ltr'><strong>octavam</strong></span> <span class='ocrx_word' id='word_1_191' title='bbox 1738 2544 1985 2614; x_wconf 89' lang='lat' dir='ltr'><strong>partem,</strong></span> 
     </span>
    </p>
   </div>
   <div class='ocr_carea' id='block_1_28' title="bbox 336 2629 1987 2696">
    <p class='ocr_par' dir='ltr' id='par_1_28' title="bbox 336 2629 1987 2696">
     <span class='ocr_line' id='line_1_28' title="bbox 336 2629 1987 2696; baseline 0.001 -11"><span class='ocrx_word' id='word_1_192' title='bbox 336 2647 469 2685; x_wconf 90' lang='lat' dir='ltr'><strong>cum</strong></span> <span class='ocrx_word' id='word_1_193' title='bbox 501 2633 704 2686; x_wconf 90' lang='lat' dir='ltr'><strong>octava</strong></span> <span class='ocrx_word' id='word_1_194' title='bbox 728 2629 1018 2696; x_wconf 89' lang='lat' dir='ltr'><strong>diametri,</strong></span> <span class='ocrx_word' id='word_1_195' title='bbox 1041 2634 1249 2684; x_wconf 90' lang='lat' dir='ltr'><strong>tonum</strong></span> <span class='ocrx_word' id='word_1_196' title='bbox 1281 2629 1596 2685; x_wconf 88' lang='lat' dir='ltr'><strong>resonabit.</strong></span> <span class='ocrx_word' id='word_1_197' title='bbox 1623 2632 1767 2686; x_wconf 89' lang='lat' dir='ltr'><strong>Item</strong></span> <span class='ocrx_word' id='word_1_198' title='bbox 1800 2629 1849 2686; x_wconf 91' lang='lat' dir='ltr'><strong>si</strong></span> <span class='ocrx_word' id='word_1_199' title='bbox 1881 2631 1987 2687; x_wconf 82' lang='lat' dir='ltr'><strong>fis-</strong></span> 
     </span>
    </p>
   </div>
   <div class='ocr_carea' id='block_1_29' title="bbox 334 2716 1988 2791">
    <p class='ocr_par' dir='ltr' id='par_1_29' title="bbox 334 2716 1988 2791">
     <span class='ocr_line' id='line_1_29' title="bbox 334 2716 1988 2791; baseline 0.002 -19"><span class='ocrx_word' id='word_1_200' title='bbox 334 2717 460 2773; x_wconf 91' lang='lat' dir='ltr'><strong>tula</strong></span> <span class='ocrx_word' id='word_1_201' title='bbox 490 2718 680 2788; x_wconf 82' lang='lat' dir='ltr'><strong>major</strong></span> <span class='ocrx_word' id='word_1_202' title='bbox 698 2716 985 2772; x_wconf 90' lang='lat' dir='ltr'><strong>minorem</strong></span> <span class='ocrx_word' id='word_1_203' title='bbox 1016 2717 1075 2771; x_wconf 93' lang='lat' dir='ltr'><strong>in</strong></span> <span class='ocrx_word' id='word_1_204' title='bbox 1097 2731 1159 2772; x_wconf 91' lang='lat' dir='ltr'><strong>se</strong></span> <span class='ocrx_word' id='word_1_205' title='bbox 1187 2716 1400 2773; x_wconf 89' lang='lat' dir='ltr'><strong>habeat</strong></span> <span class='ocrx_word' id='word_1_206' title='bbox 1428 2720 1632 2787; x_wconf 88' lang='lat' dir='ltr'><strong>totam,</strong></span> <span class='ocrx_word' id='word_1_207' title='bbox 1660 2720 1718 2774; x_wconf 89' lang='lat' dir='ltr'><strong>et</strong></span> <span class='ocrx_word' id='word_1_208' title='bbox 1746 2718 1988 2791; x_wconf 89' lang='lat' dir='ltr'><strong>insuper</strong></span> 
     </span>
    </p>
   </div>
   <div class='ocr_carea' id='block_1_30' title="bbox 334 2804 1985 2879">
    <p class='ocr_par' dir='ltr' id='par_1_30' title="bbox 334 2804 1985 2879">
     <span class='ocr_line' id='line_1_30' title="bbox 334 2804 1985 2879; baseline 0.002 -20"><span class='ocrx_word' id='word_1_209' title='bbox 334 2804 722 2879; x_wconf 85' lang='lat' dir='ltr'><strong>longitudinis</strong></span> <span class='ocrx_word' id='word_1_210' title='bbox 779 2805 908 2874; x_wconf 88' lang='lat' dir='ltr'><strong>ejus</strong></span> <span class='ocrx_word' id='word_1_211' title='bbox 955 2808 1178 2860; x_wconf 88' lang='lat' dir='ltr'><strong>sextam</strong></span> <span class='ocrx_word' id='word_1_212' title='bbox 1227 2804 1516 2861; x_wconf 89' lang='lat' dir='ltr'><strong>decimam</strong></span> <span class='ocrx_word' id='word_1_213' title='bbox 1561 2810 1808 2879; x_wconf 88' lang='lat' dir='ltr'><strong>partem,</strong></span> <span class='ocrx_word' id='word_1_214' title='bbox 1849 2823 1985 2863; x_wconf 89' lang='lat' dir='ltr'><strong>cum</strong></span> 
     </span>
    </p>
   </div>
   <div class='ocr_carea' id='block_1_31' title="bbox 336 2892 1982 2960">
    <p class='ocr_par' dir='ltr' id='par_1_31' title="bbox 336 2892 1982 2960">
     <span class='ocr_line' id='line_1_31' title="bbox 336 2892 1982 2960; baseline 0.001 -11"><span class='ocrx_word' id='word_1_215' title='bbox 336 2898 499 2949; x_wconf 84' lang='lat' dir='ltr'><strong>sexta</strong></span> <span class='ocrx_word' id='word_1_216' title='bbox 516 2894 744 2949; x_wconf 88' lang='lat' dir='ltr'><strong>decima</strong></span> <span class='ocrx_word' id='word_1_217' title='bbox 763 2892 1056 2960; x_wconf 88' lang='lat' dir='ltr'><strong>diametri,</strong></span> <span class='ocrx_word' id='word_1_218' title='bbox 1079 2892 1457 2949; x_wconf 90' lang='lat' dir='ltr'><strong>semitonium</strong></span> <span class='ocrx_word' id='word_1_219' title='bbox 1480 2893 1597 2950; x_wconf 84' lang='lat' dir='ltr'><strong>fere</strong></span> <span class='ocrx_word' id='word_1_220' title='bbox 1618 2894 1982 2951; x_wconf 86' lang='lat' dir='ltr'><strong>consonabit.</strong></span> 
     </span>
    </p>
   </div>
   <div class='ocr_carea' id='block_1_32' title="bbox 334 2981 1987 3056">
    <p class='ocr_par' dir='ltr' id='par_1_32' title="bbox 334 2981 1987 3056">
     <span class='ocr_line' id='line_1_32' title="bbox 334 2981 1987 3056; baseline 0.002 -18"><span class='ocrx_word' id='word_1_221' title='bbox 334 2982 448 3039; x_wconf 90' lang='lat' dir='ltr'><strong>Sed</strong></span> <span class='ocrx_word' id='word_1_222' title='bbox 478 2986 675 3037; x_wconf 89' lang='lat' dir='ltr'><strong>tamen</strong></span> <span class='ocrx_word' id='word_1_223' title='bbox 704 2981 918 3039; x_wconf 91' lang='lat' dir='ltr'><strong>melius</strong></span> <span class='ocrx_word' id='word_1_224' title='bbox 948 2984 1218 3037; x_wconf 89' lang='lat' dir='ltr'><strong>sumetur</strong></span> <span class='ocrx_word' id='word_1_225' title='bbox 1245 2981 1623 3039; x_wconf 90' lang='lat' dir='ltr'><strong>semitonium</strong></span> <span class='ocrx_word' id='word_1_226' title='bbox 1652 3000 1757 3056; x_wconf 90' lang='lat' dir='ltr'><strong>per</strong></span> <span class='ocrx_word' id='word_1_227' title='bbox 1775 2983 1987 3041; x_wconf 87' lang='lat' dir='ltr'><strong>diates-</strong></span> 
     </span>
    </p>
   </div>
   <div class='ocr_carea' id='block_1_33' title="bbox 333 3071 1377 3144">
    <p class='ocr_par' dir='ltr' id='par_1_33' title="bbox 333 3071 1377 3144">
     <span class='ocr_line' id='line_1_33' title="bbox 333 3071 1377 3144; baseline -0.003 -15"><span class='ocrx_word' id='word_1_228' title='bbox 333 3088 509 3129; x_wconf 86' lang='lat' dir='ltr'><strong>saron</strong></span> <span class='ocrx_word' id='word_1_229' title='bbox 539 3086 717 3142; x_wconf 89' lang='lat' dir='ltr'><strong>quam</strong></span> <span class='ocrx_word' id='word_1_230' title='bbox 748 3087 851 3144; x_wconf 87' lang='lat' dir='ltr'><strong>per</strong></span> <span class='ocrx_word' id='word_1_231' title='bbox 878 3074 1070 3127; x_wconf 85' lang='lat' dir='ltr'><strong>sextas</strong></span> <span class='ocrx_word' id='word_1_232' title='bbox 1099 3071 1377 3127; x_wconf 89' lang='lat' dir='ltr'><strong>decimas.</strong></span> 
     </span>
    </p>
   </div>
   <div class='ocr_carea' id='block_1_34' title="bbox 393 3183 1926 3227">
    <p class='ocr_par' dir='ltr' id='par_1_34' title="bbox 393 3183 1926 3227">
     <span class='ocr_line' id='line_1_34' title="bbox 393 3183 1926 3227; baseline 0.001 -1"><span class='ocrx_word' id='word_1_233' title='bbox 393 3183 667 3227; x_wconf 74' lang='lat' dir='ltr'><strong>MENSURA</strong></span> <span class='ocrx_word' id='word_1_234' title='bbox 699 3183 1072 3224; x_wconf 78' lang='lat' dir='ltr'><strong>MONOCHOBDI</strong></span> <span class='ocrx_word' id='word_1_235' title='bbox 1115 3184 1183 3224; x_wconf 70' lang='lat' dir='ltr'><strong>EF</strong></span> <span class='ocrx_word' id='word_1_236' title='bbox 1223 3184 1582 3225; x_wconf 76' lang='lat' dir='ltr'><strong>ORGANORUM</strong></span> <span class='ocrx_word' id='word_1_237' title='bbox 1614 3186 1674 3225; x_wconf 72' lang='lat' dir='ltr'><strong>IN</strong></span> <span class='ocrx_word' id='word_1_238' title='bbox 1705 3186 1926 3227; x_wconf 76' lang='lat' dir='ltr'><strong>GENERB</strong></span> 
     </span>
    </p>
   </div>
   <div class='ocr_carea' id='block_1_35' title="bbox 685 3256 1633 3306">
    <p class='ocr_par' dir='ltr' id='par_1_35' title="bbox 685 3256 1633 3306">
     <span class='ocr_line' id='line_1_35' title="bbox 685 3256 1633 3306; baseline 0 -11"><span class='ocrx_word' id='word_1_239' title='bbox 685 3256 1005 3306; x_wconf 78' lang='lat' dir='ltr'><strong>DIATONICO,</strong></span> <span class='ocrx_word' id='word_1_240' title='bbox 1036 3256 1096 3295; x_wconf 81' lang='grc' dir='ltr'>ΙΝ</span> <span class='ocrx_word' id='word_1_241' title='bbox 1129 3256 1307 3296; x_wconf 76' lang='lat' dir='ltr'><strong>PRIMO</strong></span> <span class='ocrx_word' id='word_1_242' title='bbox 1337 3257 1633 3297; x_wconf 76' lang='lat' dir='ltr'><strong>DIAPASON.</strong></span> 
     </span>
    </p>
   </div>
   <div class='ocr_carea' id='block_1_36' title="bbox 404 3338 1993 3412">
    <p class='ocr_par' dir='ltr' id='par_1_36' title="bbox 404 3338 1993 3412">
     <span class='ocr_line' id='line_1_36' title="bbox 404 3338 1993 3412; baseline 0.001 -17"><span class='ocrx_word' id='word_1_243' title='bbox 404 3339 517 3412; x_wconf 88' lang='grc'>(47)</span> <span class='ocrx_word' id='word_1_244' title='bbox 538 3339 581 3394; x_wconf 86' lang='grc' dir='ltr'>Ε</span> <span class='ocrx_word' id='word_1_245' title='bbox 611 3338 788 3394; x_wconf 86' lang='lat' dir='ltr'><strong>habet</strong></span> <span class='ocrx_word' id='word_1_246' title='bbox 817 3338 858 3392; x_wconf 89' lang='lat' dir='ltr'>F</span> <span class='ocrx_word' id='word_1_247' title='bbox 883 3340 939 3393; x_wconf 93' lang='lat' dir='ltr'><strong>et</strong></span> <span class='ocrx_word' id='word_1_248' title='bbox 968 3339 1096 3410; x_wconf 90' lang='lat' dir='ltr'><strong>ejus</strong></span> <span class='ocrx_word' id='word_1_249' title='bbox 1117 3341 1402 3406; x_wconf 90' lang='lat' dir='ltr'><strong>octavam,</strong></span> <span class='ocrx_word' id='word_1_250' title='bbox 1424 3338 1484 3394; x_wconf 91' lang='lat' dir='ltr'><strong>id</strong></span> <span class='ocrx_word' id='word_1_251' title='bbox 1505 3342 1613 3405; x_wconf 88' lang='lat' dir='ltr'><strong>est,</strong></span> <span class='ocrx_word' id='word_1_252' title='bbox 1638 3340 1993 3411; x_wconf 87' lang='lat' dir='ltr'><strong>sesquiocta-</strong></span> 
     </span>
    </p>
   </div>
   <div class='ocr_carea' id='block_1_37' title="bbox 327 3427 1984 3501">
    <p class='ocr_par' dir='ltr' id='par_1_37' title="bbox 327 3427 1984 3501">
     <span class='ocr_line' id='line_1_37' title="bbox 327 3427 1984 3501; baseline 0.001 -17"><span class='ocrx_word' id='word_1_253' title='bbox 327 3445 490 3484; x_wconf 89' lang='lat' dir='ltr'><strong>vum.</strong></span> <span class='ocrx_word' id='word_1_254' title='bbox 514 3428 561 3484; x_wconf 89' lang='lat' dir='ltr'><strong>D</strong></span> <span class='ocrx_word' id='word_1_255' title='bbox 590 3431 777 3485; x_wconf 89' lang='lat' dir='ltr'><strong>totum</strong></span> <span class='ocrx_word' id='word_1_256' title='bbox 809 3427 851 3481; x_wconf 91' lang='lat' dir='ltr'><strong>E</strong></span> <span class='ocrx_word' id='word_1_257' title='bbox 878 3430 935 3481; x_wconf 89' lang='lat' dir='ltr'><strong>et</strong></span> <span class='ocrx_word' id='word_1_258' title='bbox 955 3427 1084 3498; x_wconf 92' lang='lat' dir='ltr'><strong>ejus</strong></span> <span class='ocrx_word' id='word_1_259' title='bbox 1105 3430 1395 3495; x_wconf 88' lang='lat' dir='ltr'><strong>octavum,</strong></span> <span class='ocrx_word' id='word_1_260' title='bbox 1419 3428 1478 3483; x_wconf 92' lang='lat' dir='ltr'><strong>id</strong></span> <span class='ocrx_word' id='word_1_261' title='bbox 1499 3432 1607 3496; x_wconf 89' lang='lat' dir='ltr'><strong>est,</strong></span> <span class='ocrx_word' id='word_1_262' title='bbox 1634 3429 1984 3501; x_wconf 80' lang='lat' dir='ltr'><strong>epogdoum-</strong></span> 
     </span>
    </p>
   </div>
   <div class='ocr_carea' id='block_1_38' title="bbox 329 3513 1986 3589">
    <p class='ocr_par' dir='ltr' id='par_1_38' title="bbox 329 3513 1986 3589">
     <span class='ocr_line' id='line_1_38' title="bbox 329 3513 1986 3589; baseline 0.001 -16"><span class='ocrx_word' id='word_1_263' title='bbox 329 3518 371 3573; x_wconf 88' lang='lat' dir='ltr'>C</span> <span class='ocrx_word' id='word_1_264' title='bbox 402 3521 589 3573; x_wconf 90' lang='lat' dir='ltr'><strong>totum</strong></span> <span class='ocrx_word' id='word_1_265' title='bbox 621 3516 663 3571; x_wconf 87' lang='lat' dir='ltr'>F</span> <span class='ocrx_word' id='word_1_266' title='bbox 691 3519 752 3570; x_wconf 90' lang='lat' dir='ltr'><strong>et</strong></span> <span class='ocrx_word' id='word_1_267' title='bbox 782 3514 831 3585; x_wconf 89' lang='lat' dir='ltr'><strong>ej</strong></span> <span class='ocrx_word' id='word_1_268' title='bbox 845 3531 912 3570; x_wconf 91' lang='lat' dir='ltr'><strong>us</strong></span> <span class='ocrx_word' id='word_1_269' title='bbox 941 3513 1200 3583; x_wconf 89' lang='lat' dir='ltr'><strong>tertium,</strong></span> <span class='ocrx_word' id='word_1_270' title='bbox 1222 3516 1377 3587; x_wconf 91' lang='lat' dir='ltr'><strong>quod</strong></span> <span class='ocrx_word' id='word_1_271' title='bbox 1400 3519 1490 3572; x_wconf 89' lang='lat' dir='ltr'><strong>est</strong></span> <span class='ocrx_word' id='word_1_272' title='bbox 1518 3516 1986 3589; x_wconf 90' lang='lat' dir='ltr'><strong>sesquitertium,</strong></span> 
     </span>
    </p>
   </div>
   <div class='ocr_carea' id='block_1_39' title="bbox 327 3602 1984 3679">
    <p class='ocr_par' dir='ltr' id='par_1_39' title="bbox 327 3602 1984 3679">
     <span class='ocr_line' id='line_1_39' title="bbox 327 3602 1984 3679; baseline 0.001 -18"><span class='ocrx_word' id='word_1_273' title='bbox 327 3605 416 3661; x_wconf 90' lang='lat' dir='ltr'><strong>vel</strong></span> <span class='ocrx_word' id='word_1_274' title='bbox 446 3604 699 3677; x_wconf 89' lang='lat' dir='ltr'><strong>epitrita,</strong></span> <span class='ocrx_word' id='word_1_275' title='bbox 738 3602 795 3657; x_wconf 94' lang='lat' dir='ltr'><strong>id</strong></span> <span class='ocrx_word' id='word_1_276' title='bbox 847 3606 937 3658; x_wconf 88' lang='lat' dir='ltr'><strong>est</strong></span> <span class='ocrx_word' id='word_1_277' title='bbox 980 3602 1366 3661; x_wconf 88' lang='lat' dir='ltr'><strong>diatessaron.</strong></span> <span class='ocrx_word' id='word_1_278' title='bbox 1391 3604 1434 3661; x_wconf 90' lang='grc' dir='ltr'>Β</span> <span class='ocrx_word' id='word_1_279' title='bbox 1481 3608 1670 3661; x_wconf 85' lang='lat' dir='ltr'><strong>totum</strong></span> <span class='ocrx_word' id='word_1_280' title='bbox 1700 3608 1740 3660; x_wconf 91' lang='lat' dir='ltr'>C</span> <span class='ocrx_word' id='word_1_281' title='bbox 1768 3610 1827 3662; x_wconf 91' lang='lat' dir='ltr'><strong>et</strong></span> <span class='ocrx_word' id='word_1_282' title='bbox 1855 3608 1984 3679; x_wconf 89' lang='lat' dir='ltr'><strong>ejus</strong></span> 
     </span>
    </p>
   </div>
   <div class='ocr_carea' id='block_1_40' title="bbox 329 3691 1981 3765">
    <p class='ocr_par' dir='ltr' id='par_1_40' title="bbox 329 3691 1981 3765">
     <span class='ocr_line' id='line_1_40' title="bbox 329 3691 1981 3765; baseline 0.001 -16"><span class='ocrx_word' id='word_1_283' title='bbox 329 3691 786 3763; x_wconf 88' lang='lat' dir='ltr'><strong>octavum,quod</strong></span> <span class='ocrx_word' id='word_1_284' title='bbox 804 3694 893 3746; x_wconf 88' lang='lat' dir='ltr'><strong>est</strong></span> <span class='ocrx_word' id='word_1_285' title='bbox 910 3696 1117 3759; x_wconf 89' lang='lat' dir='ltr'><strong>tonus;</strong></span> <span class='ocrx_word' id='word_1_286' title='bbox 1134 3691 1222 3747; x_wconf 89' lang='lat' dir='ltr'><strong>vel</strong></span> <span class='ocrx_word' id='word_1_287' title='bbox 1240 3696 1427 3749; x_wconf 88' lang='lat' dir='ltr'><strong>totum</strong></span> <span class='ocrx_word' id='word_1_288' title='bbox 1444 3693 1485 3748; x_wconf 89' lang='lat' dir='ltr'><strong>E</strong></span> <span class='ocrx_word' id='word_1_289' title='bbox 1502 3697 1560 3749; x_wconf 89' lang='lat' dir='ltr'><strong>et</strong></span> <span class='ocrx_word' id='word_1_290' title='bbox 1575 3694 1704 3765; x_wconf 88' lang='lat' dir='ltr'><strong>ejus</strong></span> <span class='ocrx_word' id='word_1_291' title='bbox 1720 3695 1981 3765; x_wconf 89' lang='lat' dir='ltr'><strong>tertium,</strong></span> 
     </span>
    </p>
   </div>
   <div class='ocr_carea' id='block_1_41' title="bbox 329 3778 1977 3855">
    <p class='ocr_par' dir='ltr' id='par_1_41' title="bbox 329 3778 1977 3855">
     <span class='ocr_line' id='line_1_41' title="bbox 329 3778 1977 3855; baseline 0.003 -19"><span class='ocrx_word' id='word_1_292' title='bbox 329 3781 486 3855; x_wconf 88' lang='lat' dir='ltr'><strong>quod</strong></span> <span class='ocrx_word' id='word_1_293' title='bbox 517 3784 607 3838; x_wconf 88' lang='lat' dir='ltr'><strong>est</strong></span> <span class='ocrx_word' id='word_1_294' title='bbox 634 3780 1020 3849; x_wconf 88' lang='lat' dir='ltr'><strong>diatessaron,</strong></span> <span class='ocrx_word' id='word_1_295' title='bbox 1042 3778 1131 3835; x_wconf 91' lang='lat' dir='ltr'><strong>vel</strong></span> <span class='ocrx_word' id='word_1_296' title='bbox 1162 3784 1350 3837; x_wconf 90' lang='lat' dir='ltr'><strong>totum</strong></span> <span class='ocrx_word' id='word_1_297' title='bbox 1382 3781 1423 3835; x_wconf 87' lang='lat' dir='ltr'>F</span> <span class='ocrx_word' id='word_1_298' title='bbox 1453 3785 1509 3837; x_wconf 89' lang='lat' dir='ltr'><strong>et</strong></span> <span class='ocrx_word' id='word_1_299' title='bbox 1536 3783 1665 3854; x_wconf 89' lang='lat' dir='ltr'><strong>ejus</strong></span> <span class='ocrx_word' id='word_1_300' title='bbox 1696 3783 1977 3853; x_wconf 89' lang='lat' dir='ltr'><strong>medium,</strong></span> 
     </span>
    </p>
   </div>
   <div class='ocr_carea' id='block_1_42' title="bbox 330 3868 1975 3945">
    <p class='ocr_par' dir='ltr' id='par_1_42' title="bbox 330 3868 1975 3945">
     <span class='ocr_line' id='line_1_42' title="bbox 330 3868 1975 3945; baseline 0.002 -19"><span class='ocrx_word' id='word_1_301' title='bbox 330 3870 484 3945; x_wconf 90' lang='lat' dir='ltr'><strong>quod</strong></span> <span class='ocrx_word' id='word_1_302' title='bbox 536 3874 594 3927; x_wconf 93' lang='lat' dir='ltr'><strong>et</strong></span> <span class='ocrx_word' id='word_1_303' title='bbox 648 3868 938 3943; x_wconf 89' lang='lat' dir='ltr'><strong>diapente.</strong></span> <span class='ocrx_word' id='word_1_304' title='bbox 968 3871 1015 3925; x_wconf 81' lang='grc' dir='ltr'><strong>Α</strong></span> <span class='ocrx_word' id='word_1_305' title='bbox 1055 3872 1244 3926; x_wconf 90' lang='lat' dir='ltr'><strong>totum</strong></span> <span class='ocrx_word' id='word_1_306' title='bbox 1298 3870 1340 3925; x_wconf 93' lang='lat' dir='ltr'>B</span> <span class='ocrx_word' id='word_1_307' title='bbox 1393 3873 1451 3926; x_wconf 90' lang='lat' dir='ltr'><strong>et</strong></span> <span class='ocrx_word' id='word_1_308' title='bbox 1505 3871 1634 3942; x_wconf 92' lang='lat' dir='ltr'><strong>ejus</strong></span> <span class='ocrx_word' id='word_1_309' title='bbox 1685 3876 1975 3943; x_wconf 87' lang='lat' dir='ltr'><strong>octavum,</strong></span> 
     </span>
    </p>
   </div>
   <div class='ocr_carea' id='block_1_43' title="bbox 400 4067 1983 4143">
    <p class='ocr_par' dir='ltr' id='par_1_43' title="bbox 400 4067 1983 4143">
     <span class='ocr_line' id='line_1_43' title="bbox 400 4067 1983 4143; baseline 0 -18"><span class='ocrx_word' id='word_1_310' title='bbox 400 4069 515 4143; x_wconf 91' lang='grc'>(44)</span> <span class='ocrx_word' id='word_1_311' title='bbox 546 4069 680 4143; x_wconf 64' lang='lat' dir='ltr'><strong>Qua</strong></span> <span class='ocrx_word' id='word_1_312' title='bbox 732 4067 828 4124; x_wconf 93' lang='lat' dir='ltr'><strong>hic</strong></span> <span class='ocrx_word' id='word_1_313' title='bbox 868 4072 1217 4143; x_wconf 82' lang='lat' dir='ltr'><strong>sequuntur,</strong></span> <span class='ocrx_word' id='word_1_314' title='bbox 1252 4083 1389 4143; x_wconf 80' lang='lat' dir='ltr'><strong>cum</strong></span> <span class='ocrx_word' id='word_1_315' title='bbox 1434 4067 1894 4143; x_wconf 61' lang='lat' dir='ltr'><strong>praecedentibus</strong></span> <span class='ocrx_word' id='word_1_316' title='bbox 1925 4072 1983 4125; x_wconf 90' lang='lat' dir='ltr'><strong>et</strong></span> 
     </span>
    </p>
   </div>
   <div class='ocr_carea' id='block_1_44' title="bbox 328 4139 1983 4214">
    <p class='ocr_par' dir='ltr' id='par_1_44' title="bbox 328 4139 1983 4214">
     <span class='ocr_line' id='line_1_44' title="bbox 328 4139 1983 4214; baseline -0.001 -16"><span class='ocrx_word' id='word_1_317' title='bbox 328 4139 865 4214; x_wconf 80' lang='lat' dir='ltr'><strong>sequentibusnon</strong></span> <span class='ocrx_word' id='word_1_318' title='bbox 897 4139 1278 4214; x_wconf 81' lang='lat' dir='ltr'><strong>concordant;</strong></span> <span class='ocrx_word' id='word_1_319' title='bbox 1313 4139 1884 4214; x_wconf 79' lang='lat' dir='ltr'><strong>igitur_corrigenda,</strong></span> <span class='ocrx_word' id='word_1_320' title='bbox 1916 4145 1983 4197; x_wconf 94' lang='lat' dir='ltr'><strong>ut</strong></span> 
     </span>
    </p>
   </div>
   <div class='ocr_carea' id='block_1_45' title="bbox 328 4210 1981 4282">
    <p class='ocr_par' dir='ltr' id='par_1_45' title="bbox 328 4210 1981 4282">
     <span class='ocr_line' id='line_1_45' title="bbox 328 4210 1981 4282; baseline -0.001 -14"><span class='ocrx_word' id='word_1_321' title='bbox 328 4210 595 4282; x_wconf 79' lang='lat' dir='ltr'><strong>sequitur</strong></span> <span class='ocrx_word' id='word_1_322' title='bbox 626 4229 639 4267; x_wconf 89' lang='lat'><strong>:</strong></span> <span class='ocrx_word' id='word_1_323' title='bbox 670 4213 737 4269; x_wconf 88' lang='lat' dir='ltr'><strong>Si</strong></span> <span class='ocrx_word' id='word_1_324' title='bbox 771 4214 961 4265; x_wconf 82' lang='lat' dir='ltr'><strong>tonum</strong></span> <span class='ocrx_word' id='word_1_325' title='bbox 1003 4213 1223 4282; x_wconf 65' lang='lat' dir='ltr'><strong>qumris,</strong></span> <span class='ocrx_word' id='word_1_326' title='bbox 1252 4210 1435 4282; x_wconf 74' lang='lat' dir='ltr'><strong>major</strong></span> <span class='ocrx_word' id='word_1_327' title='bbox 1480 4210 1981 4280; x_wconf 65' lang='lat' dir='ltr'><strong>ﬁstula&#39;minorem</strong></span> 
     </span>
    </p>
   </div>
   <div class='ocr_carea' id='block_1_46' title="bbox 328 4230 1979 4353">
    <p class='ocr_par' dir='ltr' id='par_1_46' title="bbox 328 4230 1979 4353">
     <span class='ocr_line' id='line_1_46' title="bbox 328 4230 1979 4282; baseline -0.001 -14"><span class='ocrx_word' id='word_1_328' title='bbox 328 4230 390 4268; x_wconf 89' lang='lat' dir='ltr'><strong>se</strong></span> <span class='ocrx_word' id='word_1_329' title='bbox 436 4230 595 4267; x_wconf 75' lang='lat' dir='ltr'><strong>uitur</strong></span> <span class='ocrx_word' id='word_1_330' title='bbox 626 4230 639 4267; x_wconf 90' lang='lat'>:</span> <span class='ocrx_word' id='word_1_331' title='bbox 670 4230 735 4269; x_wconf 72' lang='grc' dir='ltr'><strong>δι</strong></span> <span class='ocrx_word' id='word_1_332' title='bbox 771 4230 961 4265; x_wconf 73' lang='lat' dir='ltr'><strong>tonum</strong></span> <span class='ocrx_word' id='word_1_333' title='bbox 1003 4230 1223 4282; x_wconf 55' lang='lat' dir='ltr'><strong>quam,</strong></span> <span class='ocrx_word' id='word_1_334' title='bbox 1252 4230 1435 4282; x_wconf 77' lang='lat' dir='ltr'><strong>major</strong></span> <span class='ocrx_word' id='word_1_335' title='bbox 1480 4230 1667 4280; x_wconf 71' lang='grc' dir='ltr'><strong>μδιιιια</strong></span> <span class='ocrx_word' id='word_1_336' title='bbox 1710 4230 1979 4268; x_wconf 74' lang='lat' dir='ltr'><strong>minorem</strong></span> 
     </span>
     <span class='ocr_line' id='line_1_47' title="bbox 328 4230 1979 4353; baseline 0 -16"><span class='ocrx_word' id='word_1_337' title='bbox 328 4230 541 4350; x_wconf 51' lang='grc' dir='ltr'><strong>Ιιαῖθαι,</strong></span> <span class='ocrx_word' id='word_1_338' title='bbox 564 4286 614 4337; x_wconf 85' lang='lat' dir='ltr'><strong>et</strong></span> <span class='ocrx_word' id='word_1_339' title='bbox 645 4284 760 4353; x_wconf 87' lang='lat' dir='ltr'><strong>ejus</strong></span> <span class='ocrx_word' id='word_1_340' title='bbox 789 4284 1050 4350; x_wconf 86' lang='lat' dir='ltr'><strong>octavam,</strong></span> <span class='ocrx_word' id='word_1_341' title='bbox 1074 4286 1124 4337; x_wconf 85' lang='lat' dir='ltr'><strong>et</strong></span> <span class='ocrx_word' id='word_1_342' title='bbox 1155 4284 1330 4353; x_wconf 80' lang='lat' dir='ltr'><strong>ipsius</strong></span> <span class='ocrx_word' id='word_1_343' title='bbox 1355 4285 1559 4337; x_wconf 69' lang='lat' dir='ltr'><strong>octava:</strong></span> <span class='ocrx_word' id='word_1_344' title='bbox 1594 4284 1836 4338; x_wconf 83' lang='lat' dir='ltr'><strong>octavam</strong></span> <span class='ocrx_word' id='word_1_345' title='bbox 1864 4282 1979 4353; x_wconf 70' lang='lat' dir='ltr'><strong>(a)3;</strong></span> 
     </span>
    </p>
   </div>
   <div class='ocr_carea' id='block_1_47' title="bbox 326 4353 1982 4423">
    <p class='ocr_par' dir='ltr' id='par_1_47' title="bbox 326 4353 1982 4423">
     <span class='ocr_line' id='line_1_48' title="bbox 326 4353 1982 4423; baseline 0 -16"><span class='ocrx_word' id='word_1_346' title='bbox 326 4356 377 4408; x_wconf 89' lang='lat' dir='ltr'><strong>si</strong></span> <span class='ocrx_word' id='word_1_347' title='bbox 404 4353 766 4419; x_wconf 77' lang='lat' dir='ltr'><strong>diatessaron,</strong></span> <span class='ocrx_word' id='word_1_348' title='bbox 797 4353 976 4423; x_wconf 88' lang='lat' dir='ltr'><strong>major</strong></span> <span class='ocrx_word' id='word_1_349' title='bbox 1001 4355 1270 4408; x_wconf 82' lang='lat' dir='ltr'><strong>minorem</strong></span> <span class='ocrx_word' id='word_1_350' title='bbox 1297 4361 1349 4408; x_wconf 83' lang='lat' dir='ltr'><strong>et</strong></span> <span class='ocrx_word' id='word_1_351' title='bbox 1378 4354 1493 4423; x_wconf 80' lang='lat' dir='ltr'><strong>ejus</strong></span> <span class='ocrx_word' id='word_1_352' title='bbox 1522 4354 1763 4417; x_wconf 78' lang='lat' dir='ltr'><strong>tertiam,</strong></span> <span class='ocrx_word' id='word_1_353' title='bbox 1796 4355 1846 4408; x_wconf 84' lang='lat' dir='ltr'><strong>et</strong></span> <span class='ocrx_word' id='word_1_354' title='bbox 1876 4356 1982 4408; x_wconf 85' lang='lat' dir='ltr'><strong>ter-</strong></span> 
     </span>
    </p>
   </div>
   <div class='ocr_carea' id='block_1_48' title="bbox 330 4422 1978 4496">
    <p class='ocr_par' dir='ltr' id='par_1_48' title="bbox 330 4422 1978 4496">
     <span class='ocr_line' id='line_1_49' title="bbox 330 4422 1978 4496; baseline 0.001 -18"><span class='ocrx_word' id='word_1_355' title='bbox 330 4424 731 4496; x_wconf 69' lang='lat' dir='ltr'><strong>tizedecimam,</strong></span> <span class='ocrx_word' id='word_1_356' title='bbox 771 4431 821 4477; x_wconf 80' lang='lat' dir='ltr'><strong>et</strong></span> <span class='ocrx_word' id='word_1_357' title='bbox 870 4422 1145 4496; x_wconf 49' lang='lat' dir='ltr'><strong>vigesima</strong></span> <span class='ocrx_word' id='word_1_358' title='bbox 1191 4422 1435 4496; x_wconf 73' lang='lat' dir='ltr'><strong>sextam,-</strong></span> <span class='ocrx_word' id='word_1_359' title='bbox 1465 4422 1563 4493; x_wconf 84' lang='lat' dir='ltr'><strong>(b).</strong></span> <span class='ocrx_word' id='word_1_360' title='bbox 1589 4424 1657 4496; x_wconf 84' lang='lat' dir='ltr'><strong>_Si</strong></span> <span class='ocrx_word' id='word_1_361' title='bbox 1703 4423 1978 4496; x_wconf 77' lang='lat' dir='ltr'><strong>diapente,</strong></span> 
     </span>
    </p>
   </div>
   <div class='ocr_carea' id='block_1_49' title="bbox 328 4492 1979 4565">
    <p class='ocr_par' dir='ltr' id='par_1_49' title="bbox 328 4492 1979 4565">
     <span class='ocr_line' id='line_1_50' title="bbox 328 4492 1979 4565; baseline 0.001 -16"><span class='ocrx_word' id='word_1_362' title='bbox 328 4495 513 4565; x_wconf 89' lang='lat' dir='ltr'><strong>major</strong></span> <span class='ocrx_word' id='word_1_363' title='bbox 541 4495 829 4565; x_wconf 75' lang='lat' dir='ltr'><strong>minorem,</strong></span> <span class='ocrx_word' id='word_1_364' title='bbox 861 4501 910 4548; x_wconf 78' lang='lat' dir='ltr'><strong>et</strong></span> <span class='ocrx_word' id='word_1_365' title='bbox 957 4494 1072 4561; x_wconf 84' lang='lat' dir='ltr'><strong>ejus</strong></span> <span class='ocrx_word' id='word_1_366' title='bbox 1107 4492 1365 4561; x_wconf 84' lang='lat' dir='ltr'><strong>mediam,</strong></span> <span class='ocrx_word' id='word_1_367' title='bbox 1399 4496 1452 4548; x_wconf 79' lang='lat' dir='ltr'><strong>et</strong></span> <span class='ocrx_word' id='word_1_368' title='bbox 1478 4492 1808 4565; x_wconf 64' lang='lat' dir='ltr'><strong>medietatis</strong></span> <span class='ocrx_word' id='word_1_369' title='bbox 1834 4504 1979 4550; x_wconf 78' lang='lat' dir='ltr'><strong>octa-</strong></span> 
     </span>
    </p>
   </div>
   <div class='ocr_carea' id='block_1_50' title="bbox 332 4564 1982 4636">
    <p class='ocr_par' dir='ltr' id='par_1_50' title="bbox 332 4564 1982 4636">
     <span class='ocr_line' id='line_1_51' title="bbox 332 4564 1982 4636; baseline 0 -15"><span class='ocrx_word' id='word_1_370' title='bbox 332 4564 454 4621; x_wconf 86' lang='lat' dir='ltr'><strong>vam</strong></span> <span class='ocrx_word' id='word_1_371' title='bbox 480 4564 587 4635; x_wconf 76' lang='grc' dir='ltr'>(ε).</span> <span class='ocrx_word' id='word_1_372' title='bbox 615 4566 680 4621; x_wconf 83' lang='lat' dir='ltr'><strong>Si</strong></span> <span class='ocrx_word' id='word_1_373' title='bbox 707 4564 990 4634; x_wconf 79' lang='lat' dir='ltr'><strong>diapason,</strong></span> <span class='ocrx_word' id='word_1_374' title='bbox 1022 4565 1199 4636; x_wconf 88' lang='lat' dir='ltr'><strong>major</strong></span> <span class='ocrx_word' id='word_1_375' title='bbox 1226 4565 1498 4636; x_wconf 79' lang='lat' dir='ltr'><strong>minorem</strong></span> <span class='ocrx_word' id='word_1_376' title='bbox 1523 4564 1708 4636; x_wconf 76' lang='lat' dir='ltr'><strong>duplo,</strong></span> <span class='ocrx_word' id='word_1_377' title='bbox 1735 4568 1793 4636; x_wconf 83' lang='lat' dir='ltr'><strong>et</strong></span> <span class='ocrx_word' id='word_1_378' title='bbox 1822 4567 1982 4621; x_wconf 86' lang='lat' dir='ltr'><strong>insu-</strong></span> 
     </span>
    </p>
   </div>
   <div class='ocr_carea' id='block_1_51' title="bbox 323 4634 1979 4709">
    <p class='ocr_par' dir='ltr' id='par_1_51' title="bbox 323 4634 1979 4709">
     <span class='ocr_line' id='line_1_52' title="bbox 323 4634 1979 4709; baseline 0.001 -17"><span class='ocrx_word' id='word_1_379' title='bbox 323 4653 430 4709; x_wconf 19' lang='lat' dir='ltr'><strong>per,</strong></span> <span class='ocrx_word' id='word_1_380' title='bbox 451 4634 569 4709; x_wconf 86' lang='lat' dir='ltr'><strong>ejus</strong></span> <span class='ocrx_word' id='word_1_381' title='bbox 610 4652 783 4691; x_wconf 85' lang='lat' dir='ltr'><strong>unam</strong></span> <span class='ocrx_word' id='word_1_382' title='bbox 828 4642 1072 4709; x_wconf 76' lang='lat' dir='ltr'><strong>octavam</strong></span> <span class='ocrx_word' id='word_1_383' title='bbox 1102 4634 1294 4709; x_wconf 70' lang='grc' dir='ltr'><strong>(εἰ).δὶ</strong></span> <span class='ocrx_word' id='word_1_384' title='bbox 1333 4634 1678 4709; x_wconf 51' lang='lat' dir='ltr'><strong>diapason&#39;et</strong></span> <span class='ocrx_word' id='word_1_385' title='bbox 1707 4635 1979 4709; x_wconf 81' lang='lat' dir='ltr'><strong>diapente,</strong></span> 
     </span>
    </p>
   </div>
   <div class='ocr_carea' id='block_1_52' title="bbox 327 4707 1979 4779">
    <p class='ocr_par' dir='ltr' id='par_1_52' title="bbox 327 4707 1979 4779">
     <span class='ocr_line' id='line_1_53' title="bbox 327 4707 1979 4779; baseline 0.001 -16"><span class='ocrx_word' id='word_1_386' title='bbox 327 4707 508 4772; x_wconf 77' lang='lat' dir='ltr'><strong>maior</strong></span> <span class='ocrx_word' id='word_1_387' title='bbox 552 4709 820 4763; x_wconf 85' lang='lat' dir='ltr'><strong>minorem</strong></span> <span class='ocrx_word' id='word_1_388' title='bbox 849 4707 1039 4779; x_wconf 83' lang='lat' dir='ltr'><strong>triplo,</strong></span> <span class='ocrx_word' id='word_1_389' title='bbox 1071 4714 1122 4761; x_wconf 82' lang='lat' dir='ltr'><strong>et</strong></span> <span class='ocrx_word' id='word_1_390' title='bbox 1173 4707 1317 4779; x_wconf 69' lang='lat' dir='ltr'><strong>ejus</strong></span> <span class='ocrx_word' id='word_1_391' title='bbox 1339 4707 1477 4762; x_wconf 83' lang='lat' dir='ltr'><strong>duas</strong></span> <span class='ocrx_word' id='word_1_392' title='bbox 1532 4711 1767 4777; x_wconf 85' lang='lat' dir='ltr'><strong>octavas,</strong></span> <span class='ocrx_word' id='word_1_393' title='bbox 1798 4707 1855 4763; x_wconf 80' lang='lat' dir='ltr'><strong>id</strong></span> <span class='ocrx_word' id='word_1_394' title='bbox 1884 4716 1979 4777; x_wconf 77' lang='lat' dir='ltr'><strong>est,</strong></span> 
     </span>
    </p>
   </div>
   <div class='ocr_carea' id='block_1_53' title="bbox 327 4777 1981 4853">
    <p class='ocr_par' dir='ltr' id='par_1_53' title="bbox 327 4777 1981 4853">
     <span class='ocr_line' id='line_1_54' title="bbox 327 4777 1981 4853; baseline 0 -17"><span class='ocrx_word' id='word_1_395' title='bbox 327 4784 586 4853; x_wconf 53' lang='lat' dir='ltr'><strong>suariam</strong></span> <span class='ocrx_word' id='word_1_396' title='bbox 620 4783 673 4836; x_wconf 84' lang='lat' dir='ltr'><strong>et</strong></span> <span class='ocrx_word' id='word_1_397' title='bbox 715 4777 941 4850; x_wconf 82' lang='lat' dir='ltr'><strong>insuper</strong></span> <span class='ocrx_word' id='word_1_398' title='bbox 968 4785 1171 4835; x_wconf 70' lang='lat' dir='ltr'><strong>octavae</strong></span> <span class='ocrx_word' id='word_1_399' title='bbox 1198 4777 1457 4845; x_wconf 87' lang='lat' dir='ltr'><strong>mediam,</strong></span> <span class='ocrx_word' id='word_1_400' title='bbox 1489 4782 1542 4834; x_wconf 86' lang='lat' dir='ltr'><strong>et</strong></span> <span class='ocrx_word' id='word_1_401' title='bbox 1571 4779 1734 4852; x_wconf 84' lang='lat' dir='ltr'><strong>hujus</strong></span> <span class='ocrx_word' id='word_1_402' title='bbox 1777 4780 1981 4836; x_wconf 83' lang='lat' dir='ltr'><strong>medie-</strong></span> 
     </span>
    </p>
   </div>
   <div class='ocr_carea' id='block_1_54' title="bbox 389 4919 1976 4984">
    <p class='ocr_par' dir='ltr' id='par_1_54' title="bbox 389 4919 1976 4984">
     <span class='ocr_line' id='line_1_55' title="bbox 389 4919 1976 4984; baseline 0.003 -15"><span class='ocrx_word' id='word_1_403' title='bbox 389 4920 464 4984; x_wconf 90' lang='lat' dir='ltr'><strong>(a)</strong></span> <span class='ocrx_word' id='word_1_404' title='bbox 496 4921 554 4970; x_wconf 84' lang='lat' dir='ltr'><strong>F.</strong></span> <span class='ocrx_word' id='word_1_405' title='bbox 586 4920 760 4971; x_wconf 89' lang='lat' dir='ltr'><strong>minor</strong></span> <span class='ocrx_word' id='word_1_406' title='bbox 789 4919 979 4969; x_wconf 81' lang='lat' dir='ltr'><strong>ﬁstula.</strong></span> <span class='ocrx_word' id='word_1_407' title='bbox 1855 4924 1976 4973; x_wconf 87' lang='lat'><strong>2304</strong></span> 
     </span>
    </p>
   </div>
   <div class='ocr_carea' id='block_1_55' title="bbox 576 4987 1978 5046">
    <p class='ocr_par' dir='ltr' id='par_1_55' title="bbox 576 4987 1978 5046">
     <span class='ocr_line' id='line_1_56' title="bbox 576 4987 1978 5046; baseline 0.001 -13"><span class='ocrx_word' id='word_1_408' title='bbox 576 4997 694 5046; x_wconf 76' lang='lat' dir='ltr'><strong>ejus</strong></span> <span class='ocrx_word' id='word_1_409' title='bbox 722 4988 927 5033; x_wconf 89' lang='lat' dir='ltr'><strong>octava.</strong></span> <span class='ocrx_word' id='word_1_410' title='bbox 1886 4987 1978 5034; x_wconf 88' lang='lat'><strong>288</strong></span> 
     </span>
    </p>
   </div>
   <div class='ocr_carea' id='block_1_56' title="bbox 576 5049 1980 5098">
    <p class='ocr_par' dir='ltr' id='par_1_56' title="bbox 576 5049 1980 5098">
     <span class='ocr_line' id='line_1_57' title="bbox 576 5049 1980 5098; baseline -0.004 -3"><span class='ocrx_word' id='word_1_411' title='bbox 576 5050 766 5096; x_wconf 86' lang='lat' dir='ltr'><strong>octava</strong></span> <span class='ocrx_word' id='word_1_412' title='bbox 794 5049 1014 5095; x_wconf 70' lang='lat' dir='ltr'><strong>octavae.</strong></span> <span class='ocrx_word' id='word_1_413' title='bbox 1919 5049 1980 5098; x_wconf 78' lang='lat'><strong>36</strong></span> 
     </span>
    </p>
   </div>
   <div class='ocr_carea' id='block_1_57' title="bbox 482 5107 1977 5159">
    <p class='ocr_par' dir='ltr' id='par_1_57' title="bbox 482 5107 1977 5159">
     <span class='ocr_line' id='line_1_58' title="bbox 482 5107 1977 5159; baseline 0.001 -3"><span class='ocrx_word' id='word_1_414' title='bbox 482 5107 539 5156; x_wconf 89' lang='lat' dir='ltr'><strong>E.</strong></span> <span class='ocrx_word' id='word_1_415' title='bbox 570 5111 701 5159; x_wconf 86' lang='lat' dir='ltr'><strong>tono</strong></span> <span class='ocrx_word' id='word_1_416' title='bbox 731 5108 936 5157; x_wconf 88' lang='lat' dir='ltr'><strong>distans</strong></span> <span class='ocrx_word' id='word_1_417' title='bbox 964 5109 1030 5157; x_wconf 89' lang='lat' dir='ltr'><strong>ab</strong></span> <span class='ocrx_word' id='word_1_418' title='bbox 1060 5108 1115 5155; x_wconf 88' lang='lat' dir='ltr'><strong>F.</strong></span> <span class='ocrx_word' id='word_1_419' title='bbox 1854 5110 1977 5159; x_wconf 83' lang='lat'><strong>2628</strong></span> 
     </span>
    </p>
   </div>
   <div class='ocr_carea' id='block_1_58' title="bbox 392 5167 1978 5232">
    <p class='ocr_par' dir='ltr' id='par_1_58' title="bbox 392 5167 1978 5232">
     <span class='ocr_line' id='line_1_59' title="bbox 392 5167 1978 5232; baseline 0.003 -16"><span class='ocrx_word' id='word_1_420' title='bbox 392 5167 468 5232; x_wconf 82' lang='grc' dir='ltr'>(ὁ)</span> <span class='ocrx_word' id='word_1_421' title='bbox 486 5170 542 5218; x_wconf 85' lang='lat' dir='ltr'><strong>F.</strong></span> <span class='ocrx_word' id='word_1_422' title='bbox 572 5171 749 5220; x_wconf 90' lang='lat' dir='ltr'><strong>minor</strong></span> <span class='ocrx_word' id='word_1_423' title='bbox 784 5169 980 5219; x_wconf 77' lang='lat' dir='ltr'><strong>ﬁstula.</strong></span> <span class='ocrx_word' id='word_1_424' title='bbox 1856 5172 1978 5221; x_wconf 82' lang='lat'><strong>2304</strong></span> 
     </span>
    </p>
   </div>
   <div class='ocr_carea' id='block_1_59' title="bbox 578 5232 1978 5295">
    <p class='ocr_par' dir='ltr' id='par_1_59' title="bbox 578 5232 1978 5295">
     <span class='ocr_line' id='line_1_60' title="bbox 578 5232 1978 5295; baseline 0 -14"><span class='ocrx_word' id='word_1_425' title='bbox 578 5232 695 5295; x_wconf 88' lang='lat' dir='ltr'><strong>ejus</strong></span> <span class='ocrx_word' id='word_1_426' title='bbox 721 5233 895 5282; x_wconf 83' lang='lat' dir='ltr'><strong>tertia.</strong></span> <span class='ocrx_word' id='word_1_427' title='bbox 1886 5234 1978 5282; x_wconf 82' lang='lat'><strong>768</strong></span> 
     </span>
    </p>
   </div>
   <div class='ocr_carea' id='block_1_60' title="bbox 581 5297 1983 5380">
    <p class='ocr_par' dir='ltr' id='par_1_60' title="bbox 581 5297 1983 5380">
     <span class='ocr_line' id='line_1_61' title="bbox 581 5297 1983 5380; baseline 0 -29"><span class='ocrx_word' id='word_1_428' title='bbox 581 5303 750 5352; x_wconf 64' lang='lat' dir='ltr'><strong>tertia</strong></span> <span class='ocrx_word' id='word_1_429' title='bbox 779 5302 1005 5353; x_wconf 85' lang='lat' dir='ltr'><strong>decima.</strong></span> <span class='ocrx_word' id='word_1_430' title='bbox 1864 5297 1983 5380; x_wconf 49' lang='lat'><strong>76126.</strong></span> 
     </span>
    </p>
   </div>
   <div class='ocr_carea' id='block_1_61' title="bbox 578 5381 1982 5461">
    <p class='ocr_par' dir='ltr' id='par_1_61' title="bbox 578 5381 1982 5461">
     <span class='ocr_line' id='line_1_62' title="bbox 578 5381 1982 5461; baseline 0.003 -30"><span class='ocrx_word' id='word_1_431' title='bbox 578 5382 846 5461; x_wconf 70' lang='lat' dir='ltr'><strong>vigesima:</strong></span> <span class='ocrx_word' id='word_1_432' title='bbox 877 5390 1041 5436; x_wconf 83' lang='lat' dir='ltr'><strong>sexta.</strong></span> <span class='ocrx_word' id='word_1_433' title='bbox 1869 5381 1982 5461; x_wconf 54' lang='lat'><strong>19116</strong></span> 
     </span>
    </p>
   </div>
   <div class='ocr_carea' id='block_1_62' title="bbox 486 5459 1978 5515">
    <p class='ocr_par' dir='ltr' id='par_1_62' title="bbox 486 5459 1978 5515">
     <span class='ocr_line' id='line_1_63' title="bbox 486 5459 1978 5515; baseline 0.001 -5"><span class='ocrx_word' id='word_1_434' title='bbox 486 5460 538 5510; x_wconf 89' lang='lat' dir='ltr'><strong>C.</strong></span> <span class='ocrx_word' id='word_1_435' title='bbox 571 5459 901 5513; x_wconf 80' lang='lat' dir='ltr'><strong>diatessaron</strong></span> <span class='ocrx_word' id='word_1_436' title='bbox 926 5465 991 5513; x_wconf 90' lang='lat' dir='ltr'><strong>ad</strong></span> <span class='ocrx_word' id='word_1_437' title='bbox 1021 5466 1075 5515; x_wconf 87' lang='lat' dir='ltr'><strong>F.</strong></span> <span class='ocrx_word' id='word_1_438' title='bbox 1854 5459 1978 5513; x_wconf 69' lang='grc'>3168</span> 
     </span>
    </p>
   </div>
   <div class='ocr_carea' id='block_1_63' title="bbox 376 5521 1979 5598">
    <p class='ocr_par' dir='ltr' id='par_1_63' title="bbox 376 5521 1979 5598">
     <span class='ocr_line' id='line_1_64' title="bbox 376 5521 1979 5598; baseline 0.006 -27"><span class='ocrx_word' id='word_1_439' title='bbox 376 5521 460 5587; x_wconf 75' lang='grc' dir='ltr'>(ο)</span> <span class='ocrx_word' id='word_1_440' title='bbox 491 5524 544 5572; x_wconf 88' lang='lat' dir='ltr'><strong>F.</strong></span> <span class='ocrx_word' id='word_1_441' title='bbox 576 5522 752 5596; x_wconf 81' lang='lat' dir='ltr'><strong>minor</strong></span> <span class='ocrx_word' id='word_1_442' title='bbox 779 5525 974 5598; x_wconf 73' lang='lat' dir='ltr'><strong>ﬁstula.</strong></span> <span class='ocrx_word' id='word_1_443' title='bbox 1856 5528 1979 5598; x_wconf 61' lang='grc' dir='ltr'><strong>ξξρξ</strong></span> 
     </span>
    </p>
   </div>
   <div class='ocr_carea' id='block_1_64' title="bbox 582 5587 1981 5701">
    <p class='ocr_par' dir='ltr' id='par_1_64' title="bbox 582 5587 1981 5701">
     <span class='ocr_line' id='line_1_65' title="bbox 582 5587 1981 5701; baseline 0.002 -5"><span class='ocrx_word' id='word_1_444' title='bbox 582 5587 1108 5701; x_wconf 55' lang='lat' dir='ltr'><strong>333i3i§3iabcma</strong></span> 
     </span>
    </p>
   </div>
   <div class='ocr_carea' id='block_1_65' title="bbox 487 5710 1981 5775">
    <p class='ocr_par' dir='ltr' id='par_1_65' title="bbox 487 5710 1981 5775">
     <span class='ocr_line' id='line_1_66' title="bbox 487 5710 1981 5775; baseline -0.002 -9"><span class='ocrx_word' id='word_1_445' title='bbox 487 5712 543 5766; x_wconf 84' lang='lat' dir='ltr'><strong>B.</strong></span> <span class='ocrx_word' id='word_1_446' title='bbox 575 5710 827 5775; x_wconf 75' lang='lat' dir='ltr'><strong>diapente</strong></span> <span class='ocrx_word' id='word_1_447' title='bbox 862 5712 930 5763; x_wconf 78' lang='lat' dir='ltr'><strong>ad</strong></span> <span class='ocrx_word' id='word_1_448' title='bbox 959 5713 1016 5763; x_wconf 76' lang='grc' dir='ltr'><strong>Ε.</strong></span> <span class='ocrx_word' id='word_1_449' title='bbox 1860 5713 1981 5763; x_wconf 81' lang='lat'><strong>3000</strong></span> 
     </span>
    </p>
   </div>
   <div class='ocr_carea' id='block_1_66' title="bbox 2098 584 3746 659">
    <p class='ocr_par' dir='ltr' id='par_1_66' title="bbox 2098 584 3746 659">
     <span class='ocr_line' id='line_1_67' title="bbox 2098 584 3746 659; baseline -0.001 -16"><span class='ocrx_word' id='word_1_450' title='bbox 2098 588 2251 659; x_wconf 91' lang='lat' dir='ltr'><strong>quod</strong></span> <span class='ocrx_word' id='word_1_451' title='bbox 2285 591 2343 644; x_wconf 90' lang='lat' dir='ltr'><strong>et</strong></span> <span class='ocrx_word' id='word_1_452' title='bbox 2371 587 2759 653; x_wconf 89' lang='lat' dir='ltr'><strong>diatessaron,</strong></span> <span class='ocrx_word' id='word_1_453' title='bbox 2787 585 2878 644; x_wconf 94' lang='lat' dir='ltr'><strong>vel</strong></span> <span class='ocrx_word' id='word_1_454' title='bbox 2918 587 3181 642; x_wconf 66' lang='lat' dir='ltr'><strong>totum°E</strong></span> <span class='ocrx_word' id='word_1_455' title='bbox 3208 590 3265 642; x_wconf 90' lang='lat' dir='ltr'><strong>et</strong></span> <span class='ocrx_word' id='word_1_456' title='bbox 3292 587 3421 658; x_wconf 87' lang='lat' dir='ltr'><strong>ejus</strong></span> <span class='ocrx_word' id='word_1_457' title='bbox 3460 584 3746 653; x_wconf 85' lang='lat' dir='ltr'><strong>medium,</strong></span> 
     </span>
    </p>
   </div>
   <div class='ocr_carea' id='block_1_67' title="bbox 2097 674 3752 748">
    <p class='ocr_par' dir='ltr' id='par_1_67' title="bbox 2097 674 3752 748">
     <span class='ocr_line' id='line_1_68' title="bbox 2097 674 3752 748; baseline -0.002 -16"><span class='ocrx_word' id='word_1_458' title='bbox 2097 676 2252 748; x_wconf 92' lang='lat' dir='ltr'><strong>quod</strong></span> <span class='ocrx_word' id='word_1_459' title='bbox 2301 680 2390 732; x_wconf 88' lang='lat' dir='ltr'><strong>est</strong></span> <span class='ocrx_word' id='word_1_460' title='bbox 2441 676 2732 748; x_wconf 84' lang='lat' dir='ltr'><strong>diapente.</strong></span> <span class='ocrx_word' id='word_1_461' title='bbox 2765 676 2813 731; x_wconf 90' lang='lat' dir='ltr'><strong>G</strong></span> <span class='ocrx_word' id='word_1_462' title='bbox 2843 675 3018 732; x_wconf 87' lang='lat' dir='ltr'><strong>habet</strong></span> <span class='ocrx_word' id='word_1_463' title='bbox 3061 679 3249 731; x_wconf 89' lang='lat' dir='ltr'><strong>totum</strong></span> <span class='ocrx_word' id='word_1_464' title='bbox 3281 678 3321 730; x_wconf 92' lang='lat' dir='ltr'>C</span> <span class='ocrx_word' id='word_1_465' title='bbox 3348 679 3406 731; x_wconf 90' lang='lat' dir='ltr'><strong>et</strong></span> <span class='ocrx_word' id='word_1_466' title='bbox 3451 674 3580 747; x_wconf 88' lang='lat' dir='ltr'><strong>ejus</strong></span> <span class='ocrx_word' id='word_1_467' title='bbox 3630 677 3752 729; x_wconf 90' lang='lat' dir='ltr'><strong>ter-</strong></span> 
     </span>
    </p>
   </div>
   <div class='ocr_carea' id='block_1_68' title="bbox 2101 762 3756 838">
    <p class='ocr_par' dir='ltr' id='par_1_68' title="bbox 2101 762 3756 838">
     <span class='ocr_line' id='line_1_69' title="bbox 2101 762 3756 838; baseline -0.001 -19"><span class='ocrx_word' id='word_1_468' title='bbox 2101 764 2268 832; x_wconf 90' lang='lat' dir='ltr'><strong>tium,</strong></span> <span class='ocrx_word' id='word_1_469' title='bbox 2303 766 2456 838; x_wconf 84' lang='lat' dir='ltr'><strong>quod</strong></span> <span class='ocrx_word' id='word_1_470' title='bbox 2515 769 2606 821; x_wconf 88' lang='lat' dir='ltr'><strong>est</strong></span> <span class='ocrx_word' id='word_1_471' title='bbox 2660 765 3044 820; x_wconf 84' lang='lat' dir='ltr'><strong>diatessaron.</strong></span> <span class='ocrx_word' id='word_1_472' title='bbox 3091 765 3158 820; x_wconf 87' lang='lat' dir='ltr'><strong>G.</strong></span> <span class='ocrx_word' id='word_1_473' title='bbox 3192 767 3413 832; x_wconf 89' lang='lat' dir='ltr'><strong>autem,</strong></span> <span class='ocrx_word' id='word_1_474' title='bbox 3446 762 3604 835; x_wconf 90' lang='lat' dir='ltr'><strong>quod</strong></span> <span class='ocrx_word' id='word_1_475' title='bbox 3659 765 3756 817; x_wconf 85' lang='lat' dir='ltr'><strong>est</strong></span> 
     </span>
    </p>
   </div>
   <div class='ocr_carea' id='block_1_69' title="bbox 2096 851 3754 926">
    <p class='ocr_par' dir='ltr' id='par_1_69' title="bbox 2096 851 3754 926">
     <span class='ocr_line' id='line_1_70' title="bbox 2096 851 3754 926; baseline -0.001 -18"><span class='ocrx_word' id='word_1_476' title='bbox 2096 852 2231 909; x_wconf 84' lang='lat' dir='ltr'><strong>trite</strong></span> <span class='ocrx_word' id='word_1_477' title='bbox 2261 869 2703 926; x_wconf 86' lang='lat' dir='ltr'><strong>synemmenon,</strong></span> <span class='ocrx_word' id='word_1_478' title='bbox 2738 852 2914 908; x_wconf 88' lang='lat' dir='ltr'><strong>habet</strong></span> <span class='ocrx_word' id='word_1_479' title='bbox 2951 855 3139 908; x_wconf 85' lang='lat' dir='ltr'><strong>totum</strong></span> <span class='ocrx_word' id='word_1_480' title='bbox 3171 852 3216 908; x_wconf 91' lang='lat' dir='ltr'><strong>D</strong></span> <span class='ocrx_word' id='word_1_481' title='bbox 3249 851 3425 924; x_wconf 89' lang='lat' dir='ltr'><strong>primi</strong></span> <span class='ocrx_word' id='word_1_482' title='bbox 3464 851 3754 924; x_wconf 83' lang='lat' dir='ltr'><strong>diapason</strong></span> 
     </span>
    </p>
   </div>
   <div class='ocr_carea' id='block_1_70' title="bbox 2097 934 3746 1014">
    <p class='ocr_par' dir='ltr' id='par_1_70' title="bbox 2097 934 3746 1014">
     <span class='ocr_line' id='line_1_71' title="bbox 2097 934 3746 1014; baseline -0.001 -17"><span class='ocrx_word' id='word_1_483' title='bbox 2097 946 2156 999; x_wconf 92' lang='lat' dir='ltr'><strong>et</strong></span> <span class='ocrx_word' id='word_1_484' title='bbox 2204 943 2333 1013; x_wconf 89' lang='lat' dir='ltr'><strong>ejus</strong></span> <span class='ocrx_word' id='word_1_485' title='bbox 2385 942 2670 1008; x_wconf 89' lang='lat' dir='ltr'><strong>medium,</strong></span> <span class='ocrx_word' id='word_1_486' title='bbox 2714 941 2772 997; x_wconf 89' lang='lat' dir='ltr'><strong>id</strong></span> <span class='ocrx_word' id='word_1_487' title='bbox 2825 946 2934 1013; x_wconf 90' lang='lat' dir='ltr'><strong>est,</strong></span> <span class='ocrx_word' id='word_1_488' title='bbox 2966 941 3257 1014; x_wconf 89' lang='lat' dir='ltr'><strong>diapente.</strong></span> <span class='ocrx_word' id='word_1_489' title='bbox 3290 941 3358 999; x_wconf 88' lang='lat' dir='ltr'><strong>G.</strong></span> <span class='ocrx_word' id='word_1_490' title='bbox 3390 940 3459 997; x_wconf 88' lang='lat' dir='ltr'><strong>G.</strong></span> <span class='ocrx_word' id='word_1_491' title='bbox 3489 942 3556 997; x_wconf 87' lang='lat' dir='ltr'><strong>A.</strong></span> <span class='ocrx_word' id='word_1_492' title='bbox 3586 941 3649 997; x_wconf 92' lang='lat' dir='ltr'><strong>B.</strong></span> <span class='ocrx_word' id='word_1_493' title='bbox 3680 934 3746 996; x_wconf 85' lang='lat' dir='ltr'><strong>C.</strong></span> 
     </span>
    </p>
   </div>
   <div class='ocr_carea' id='block_1_71' title="bbox 2427 1152 3418 1194">
    <p class='ocr_par' dir='ltr' id='par_1_71' title="bbox 2427 1152 3418 1194">
     <span class='ocr_line' id='line_1_72' title="bbox 2427 1152 3418 1194; baseline -0.002 -1"><span class='ocrx_word' id='word_1_494' title='bbox 2427 1155 2482 1193; x_wconf 76' lang='lat' dir='ltr'><strong>IN</strong></span> <span class='ocrx_word' id='word_1_495' title='bbox 2521 1154 2778 1194; x_wconf 83' lang='lat' dir='ltr'><strong>SECUNDO</strong></span> <span class='ocrx_word' id='word_1_496' title='bbox 2817 1153 3093 1194; x_wconf 74' lang='lat' dir='ltr'><strong>DIAPASON</strong></span> <span class='ocrx_word' id='word_1_497' title='bbox 3134 1152 3418 1193; x_wconf 67' lang='lat' dir='ltr'><strong>MENSUKA.</strong></span> 
     </span>
    </p>
   </div>
   <div class='ocr_carea' id='block_1_72' title="bbox 2166 1251 3752 1325">
    <p class='ocr_par' dir='ltr' id='par_1_72' title="bbox 2166 1251 3752 1325">
     <span class='ocr_line' id='line_1_73' title="bbox 2166 1251 3752 1325; baseline 0 -18"><span class='ocrx_word' id='word_1_498' title='bbox 2166 1256 2207 1307; x_wconf 76' lang='grc' dir='ltr'><strong><em>Ε·</em></strong></span> <span class='ocrx_word' id='word_1_499' title='bbox 2236 1253 2413 1310; x_wconf 90' lang='lat' dir='ltr'><strong>habet</strong></span> <span class='ocrx_word' id='word_1_500' title='bbox 2439 1257 2629 1310; x_wconf 91' lang='lat' dir='ltr'><strong>totum</strong></span> <span class='ocrx_word' id='word_1_501' title='bbox 2658 1256 2724 1320; x_wconf 89' lang='lat' dir='ltr'><strong>G,</strong></span> <span class='ocrx_word' id='word_1_502' title='bbox 2742 1253 2858 1323; x_wconf 75' lang='grc'>(48)</span> <span class='ocrx_word' id='word_1_503' title='bbox 2886 1257 2945 1310; x_wconf 88' lang='lat' dir='ltr'><strong>et</strong></span> <span class='ocrx_word' id='word_1_504' title='bbox 2986 1253 3116 1325; x_wconf 80' lang='lat' dir='ltr'><strong>eius</strong></span> <span class='ocrx_word' id='word_1_505' title='bbox 3162 1256 3451 1322; x_wconf 89' lang='lat' dir='ltr'><strong>octavum,</strong></span> <span class='ocrx_word' id='word_1_506' title='bbox 3474 1251 3631 1325; x_wconf 80' lang='lat' dir='ltr'><strong>quod</strong></span> <span class='ocrx_word' id='word_1_507' title='bbox 3658 1254 3752 1308; x_wconf 88' lang='lat' dir='ltr'><strong>est</strong></span> 
     </span>
    </p>
   </div>
   <div class='ocr_carea' id='block_1_73' title="bbox 2094 1340 3749 1414">
    <p class='ocr_par' dir='ltr' id='par_1_73' title="bbox 2094 1340 3749 1414">
     <span class='ocr_line' id='line_1_74' title="bbox 2094 1340 3749 1414; baseline -0.001 -15"><span class='ocrx_word' id='word_1_508' title='bbox 2094 1347 2290 1412; x_wconf 87' lang='lat' dir='ltr'><strong>tonus,</strong></span> <span class='ocrx_word' id='word_1_509' title='bbox 2322 1341 2411 1399; x_wconf 91' lang='lat' dir='ltr'><strong>vel</strong></span> <span class='ocrx_word' id='word_1_510' title='bbox 2448 1346 2639 1399; x_wconf 91' lang='lat' dir='ltr'><strong>totum</strong></span> <span class='ocrx_word' id='word_1_511' title='bbox 2670 1343 2712 1399; x_wconf 92' lang='lat' dir='ltr'><strong>B</strong></span> <span class='ocrx_word' id='word_1_512' title='bbox 2742 1347 2800 1399; x_wconf 90' lang='lat' dir='ltr'><strong>et</strong></span> <span class='ocrx_word' id='word_1_513' title='bbox 2841 1344 2971 1414; x_wconf 89' lang='lat' dir='ltr'><strong>ejus</strong></span> <span class='ocrx_word' id='word_1_514' title='bbox 3016 1342 3280 1409; x_wconf 87' lang='lat' dir='ltr'><strong>tertium,</strong></span> <span class='ocrx_word' id='word_1_515' title='bbox 3307 1340 3463 1414; x_wconf 91' lang='lat' dir='ltr'><strong>quod</strong></span> <span class='ocrx_word' id='word_1_516' title='bbox 3493 1345 3584 1398; x_wconf 85' lang='lat' dir='ltr'><strong>est</strong></span> <span class='ocrx_word' id='word_1_517' title='bbox 3621 1340 3749 1397; x_wconf 84' lang='lat' dir='ltr'><strong>dia-</strong></span> 
     </span>
    </p>
   </div>
   <div class='ocr_carea' id='block_1_74' title="bbox 2093 1428 3750 1503">
    <p class='ocr_par' dir='ltr' id='par_1_74' title="bbox 2093 1428 3750 1503">
     <span class='ocr_line' id='line_1_75' title="bbox 2093 1428 3750 1503; baseline -0.002 -15"><span class='ocrx_word' id='word_1_518' title='bbox 2093 1435 2381 1500; x_wconf 87' lang='lat' dir='ltr'><strong>tessaron,</strong></span> <span class='ocrx_word' id='word_1_519' title='bbox 2410 1430 2498 1487; x_wconf 90' lang='lat' dir='ltr'><strong>vel</strong></span> <span class='ocrx_word' id='word_1_520' title='bbox 2553 1435 2741 1487; x_wconf 90' lang='lat' dir='ltr'><strong>totum</strong></span> <span class='ocrx_word' id='word_1_521' title='bbox 2770 1434 2810 1486; x_wconf 87' lang='lat' dir='ltr'>C</span> <span class='ocrx_word' id='word_1_522' title='bbox 2848 1435 2905 1487; x_wconf 90' lang='lat' dir='ltr'><strong>et</strong></span> <span class='ocrx_word' id='word_1_523' title='bbox 2942 1432 3070 1503; x_wconf 90' lang='lat' dir='ltr'><strong>ejus</strong></span> <span class='ocrx_word' id='word_1_524' title='bbox 3129 1430 3416 1499; x_wconf 89' lang='lat' dir='ltr'><strong>medium,</strong></span> <span class='ocrx_word' id='word_1_525' title='bbox 3446 1428 3601 1502; x_wconf 89' lang='lat' dir='ltr'><strong>quod</strong></span> <span class='ocrx_word' id='word_1_526' title='bbox 3656 1443 3750 1486; x_wconf 80' lang='lat' dir='ltr'><strong>est.</strong></span> 
     </span>
    </p>
   </div>
   <div class='ocr_carea' id='block_1_75' title="bbox 2094 1517 3745 1593">
    <p class='ocr_par' dir='ltr' id='par_1_75' title="bbox 2094 1517 3745 1593">
     <span class='ocr_line' id='line_1_76' title="bbox 2094 1517 3745 1593; baseline -0.002 -17"><span class='ocrx_word' id='word_1_527' title='bbox 2094 1520 2385 1593; x_wconf 88' lang='lat' dir='ltr'><strong>diapente,</strong></span> <span class='ocrx_word' id='word_1_528' title='bbox 2414 1519 2503 1576; x_wconf 86' lang='lat' dir='ltr'><strong>vel</strong></span> <span class='ocrx_word' id='word_1_529' title='bbox 2536 1519 2696 1576; x_wconf 90' lang='lat' dir='ltr'><strong>aliud</strong></span> <span class='ocrx_word' id='word_1_530' title='bbox 2726 1520 2766 1575; x_wconf 90' lang='lat' dir='ltr'>F</span> <span class='ocrx_word' id='word_1_531' title='bbox 2798 1518 2999 1593; x_wconf 90' lang='lat' dir='ltr'><strong>duplo,</strong></span> <span class='ocrx_word' id='word_1_532' title='bbox 3024 1520 3180 1590; x_wconf 88' lang='lat' dir='ltr'><strong>quod</strong></span> <span class='ocrx_word' id='word_1_533' title='bbox 3231 1522 3321 1575; x_wconf 90' lang='lat' dir='ltr'><strong>est</strong></span> <span class='ocrx_word' id='word_1_534' title='bbox 3365 1517 3668 1591; x_wconf 85' lang='lat' dir='ltr'><strong>diapason.</strong></span> <span class='ocrx_word' id='word_1_535' title='bbox 3700 1518 3745 1574; x_wconf 86' lang='lat' dir='ltr'><strong>E</strong></span> 
     </span>
    </p>
   </div>
   <div class='ocr_carea' id='block_1_76' title="bbox 2095 1606 3747 1681">
    <p class='ocr_par' dir='ltr' id='par_1_76' title="bbox 2095 1606 3747 1681">
     <span class='ocr_line' id='line_1_77' title="bbox 2095 1606 3747 1681; baseline -0.002 -16"><span class='ocrx_word' id='word_1_536' title='bbox 2095 1613 2285 1665; x_wconf 90' lang='lat' dir='ltr'><strong>totum</strong></span> <span class='ocrx_word' id='word_1_537' title='bbox 2310 1610 2347 1664; x_wconf 89' lang='lat' dir='ltr'><strong>F</strong></span> <span class='ocrx_word' id='word_1_538' title='bbox 2368 1613 2425 1666; x_wconf 90' lang='lat' dir='ltr'><strong>et</strong></span> <span class='ocrx_word' id='word_1_539' title='bbox 2451 1609 2579 1681; x_wconf 90' lang='lat' dir='ltr'><strong>ejus</strong></span> <span class='ocrx_word' id='word_1_540' title='bbox 2609 1612 2900 1676; x_wconf 86' lang='lat' dir='ltr'><strong>octavum,</strong></span> <span class='ocrx_word' id='word_1_541' title='bbox 2917 1608 3071 1680; x_wconf 89' lang='lat' dir='ltr'><strong>quod</strong></span> <span class='ocrx_word' id='word_1_542' title='bbox 3104 1611 3194 1664; x_wconf 87' lang='lat' dir='ltr'><strong>est</strong></span> <span class='ocrx_word' id='word_1_543' title='bbox 3222 1611 3417 1675; x_wconf 91' lang='lat' dir='ltr'><strong>tonus,</strong></span> <span class='ocrx_word' id='word_1_544' title='bbox 3437 1606 3526 1663; x_wconf 91' lang='lat' dir='ltr'><strong>vel</strong></span> <span class='ocrx_word' id='word_1_545' title='bbox 3556 1610 3747 1663; x_wconf 89' lang='lat' dir='ltr'><strong>totum</strong></span> 
     </span>
    </p>
   </div>
   <div class='ocr_carea' id='block_1_77' title="bbox 2093 1694 3747 1773">
    <p class='ocr_par' dir='ltr' id='par_1_77' title="bbox 2093 1694 3747 1773">
     <span class='ocr_line' id='line_1_78' title="bbox 2093 1694 3747 1773; baseline -0.001 -19"><span class='ocrx_word' id='word_1_546' title='bbox 2093 1700 2140 1754; x_wconf 86' lang='lat' dir='ltr'><strong>A</strong></span> <span class='ocrx_word' id='word_1_547' title='bbox 2165 1702 2223 1753; x_wconf 90' lang='lat' dir='ltr'><strong>et</strong></span> <span class='ocrx_word' id='word_1_548' title='bbox 2250 1699 2381 1770; x_wconf 89' lang='lat' dir='ltr'><strong>ejus</strong></span> <span class='ocrx_word' id='word_1_549' title='bbox 2409 1698 2670 1769; x_wconf 85' lang='lat' dir='ltr'><strong>tertium,</strong></span> <span class='ocrx_word' id='word_1_550' title='bbox 2704 1698 2857 1769; x_wconf 91' lang='lat' dir='ltr'><strong>quod</strong></span> <span class='ocrx_word' id='word_1_551' title='bbox 2899 1702 2989 1753; x_wconf 90' lang='lat' dir='ltr'><strong>est</strong></span> <span class='ocrx_word' id='word_1_552' title='bbox 3026 1697 3411 1773; x_wconf 85' lang='lat' dir='ltr'><strong>diatessaron,</strong></span> <span class='ocrx_word' id='word_1_553' title='bbox 3440 1694 3528 1753; x_wconf 87' lang='lat' dir='ltr'><strong>vel</strong></span> <span class='ocrx_word' id='word_1_554' title='bbox 3557 1699 3747 1753; x_wconf 88' lang='lat' dir='ltr'><strong>totum</strong></span> 
     </span>
    </p>
   </div>
   <div class='ocr_carea' id='block_1_78' title="bbox 2094 1783 3749 1860">
    <p class='ocr_par' dir='ltr' id='par_1_78' title="bbox 2094 1783 3749 1860">
     <span class='ocr_line' id='line_1_79' title="bbox 2094 1783 3749 1860; baseline -0.001 -17"><span class='ocrx_word' id='word_1_555' title='bbox 2094 1786 2137 1842; x_wconf 89' lang='grc' dir='ltr'>Β</span> <span class='ocrx_word' id='word_1_556' title='bbox 2169 1791 2225 1843; x_wconf 91' lang='lat' dir='ltr'><strong>et</strong></span> <span class='ocrx_word' id='word_1_557' title='bbox 2265 1788 2394 1858; x_wconf 90' lang='lat' dir='ltr'><strong>ejus</strong></span> <span class='ocrx_word' id='word_1_558' title='bbox 2442 1786 2726 1853; x_wconf 90' lang='lat' dir='ltr'><strong>medium,</strong></span> <span class='ocrx_word' id='word_1_559' title='bbox 2750 1787 2906 1860; x_wconf 92' lang='lat' dir='ltr'><strong>quod</strong></span> <span class='ocrx_word' id='word_1_560' title='bbox 2955 1791 3012 1843; x_wconf 92' lang='lat' dir='ltr'><strong>et</strong></span> <span class='ocrx_word' id='word_1_561' title='bbox 3059 1786 3349 1859; x_wconf 90' lang='lat' dir='ltr'><strong>diapente,</strong></span> <span class='ocrx_word' id='word_1_562' title='bbox 3378 1784 3468 1841; x_wconf 90' lang='lat' dir='ltr'><strong>vel</strong></span> <span class='ocrx_word' id='word_1_563' title='bbox 3518 1783 3676 1841; x_wconf 87' lang='lat' dir='ltr'><strong>aliud</strong></span> <span class='ocrx_word' id='word_1_564' title='bbox 3706 1785 3749 1841; x_wconf 85' lang='lat' dir='ltr'><strong>E</strong></span> 
     </span>
    </p>
   </div>
   <div class='ocr_carea' id='block_1_79' title="bbox 2017 1872 3749 1949">
    <p class='ocr_par' dir='ltr' id='par_1_79' title="bbox 2017 1872 3749 1949">
     <span class='ocr_line' id='line_1_80' title="bbox 2017 1872 3749 1949; baseline -0.004 -12"><span class='ocrx_word' id='word_1_565' title='bbox 2017 1872 2065 1937; x_wconf 93' lang='grc' dir='ltr'><strong>Β</strong></span> <span class='ocrx_word' id='word_1_566' title='bbox 2093 1875 2294 1947; x_wconf 88' lang='lat' dir='ltr'><strong>duplo,</strong></span> <span class='ocrx_word' id='word_1_567' title='bbox 2318 1877 2474 1948; x_wconf 90' lang='lat' dir='ltr'><strong>quod</strong></span> <span class='ocrx_word' id='word_1_568' title='bbox 2519 1880 2609 1932; x_wconf 92' lang='lat' dir='ltr'><strong>est</strong></span> <span class='ocrx_word' id='word_1_569' title='bbox 2658 1876 2962 1949; x_wconf 90' lang='lat' dir='ltr'><strong>diapason.</strong></span> <span class='ocrx_word' id='word_1_570' title='bbox 2984 1875 3030 1931; x_wconf 96' lang='lat' dir='ltr'><strong>D</strong></span> <span class='ocrx_word' id='word_1_571' title='bbox 3061 1879 3249 1931; x_wconf 90' lang='lat' dir='ltr'><strong>totum</strong></span> <span class='ocrx_word' id='word_1_572' title='bbox 3279 1875 3321 1931; x_wconf 90' lang='lat' dir='ltr'><strong>E</strong></span> <span class='ocrx_word' id='word_1_573' title='bbox 3351 1876 3410 1930; x_wconf 90' lang='lat' dir='ltr'><strong>et</strong></span> <span class='ocrx_word' id='word_1_574' title='bbox 3433 1875 3561 1947; x_wconf 90' lang='lat' dir='ltr'><strong>ejus</strong></span> <span class='ocrx_word' id='word_1_575' title='bbox 3592 1878 3749 1931; x_wconf 85' lang='lat' dir='ltr'><strong>octa-</strong></span> 
     </span>
    </p>
   </div>
   <div class='ocr_carea' id='block_1_80' title="bbox 2095 1962 3746 2036">
    <p class='ocr_par' dir='ltr' id='par_1_80' title="bbox 2095 1962 3746 2036">
     <span class='ocr_line' id='line_1_81' title="bbox 2095 1962 3746 2036; baseline -0.001 -15"><span class='ocrx_word' id='word_1_576' title='bbox 2095 1981 2255 2033; x_wconf 89' lang='lat' dir='ltr'><strong>vum,</strong></span> <span class='ocrx_word' id='word_1_577' title='bbox 2280 1964 2436 2036; x_wconf 91' lang='lat' dir='ltr'><strong>quod</strong></span> <span class='ocrx_word' id='word_1_578' title='bbox 2468 1968 2557 2021; x_wconf 89' lang='lat' dir='ltr'><strong>est</strong></span> <span class='ocrx_word' id='word_1_579' title='bbox 2600 1968 2798 2032; x_wconf 88' lang='lat' dir='ltr'><strong>tonus,</strong></span> <span class='ocrx_word' id='word_1_580' title='bbox 2822 1962 2911 2020; x_wconf 91' lang='lat' dir='ltr'><strong>vel</strong></span> <span class='ocrx_word' id='word_1_581' title='bbox 2959 1967 3149 2021; x_wconf 91' lang='lat' dir='ltr'><strong>totum</strong></span> <span class='ocrx_word' id='word_1_582' title='bbox 3180 1964 3222 2020; x_wconf 86' lang='lat' dir='ltr'>G</span> <span class='ocrx_word' id='word_1_583' title='bbox 3255 1962 3390 2019; x_wconf 86' lang='lat' dir='ltr'><strong>trite</strong></span> <span class='ocrx_word' id='word_1_584' title='bbox 3417 1979 3746 2035; x_wconf 85' lang='lat' dir='ltr'><strong>synemme-</strong></span> 
     </span>
    </p>
   </div>
   <div class='ocr_carea' id='block_1_81' title="bbox 2096 2051 3749 2127">
    <p class='ocr_par' dir='ltr' id='par_1_81' title="bbox 2096 2051 3749 2127">
     <span class='ocr_line' id='line_1_82' title="bbox 2096 2051 3749 2127; baseline -0.001 -19"><span class='ocrx_word' id='word_1_585' title='bbox 2096 2070 2235 2121; x_wconf 91' lang='lat' dir='ltr'><strong>non,</strong></span> <span class='ocrx_word' id='word_1_586' title='bbox 2281 2057 2339 2109; x_wconf 91' lang='lat' dir='ltr'><strong>et</strong></span> <span class='ocrx_word' id='word_1_587' title='bbox 2394 2053 2524 2125; x_wconf 90' lang='lat' dir='ltr'><strong>ejus</strong></span> <span class='ocrx_word' id='word_1_588' title='bbox 2584 2053 2846 2121; x_wconf 88' lang='lat' dir='ltr'><strong>tertium,</strong></span> <span class='ocrx_word' id='word_1_589' title='bbox 2887 2053 3042 2125; x_wconf 90' lang='lat' dir='ltr'><strong>quod</strong></span> <span class='ocrx_word' id='word_1_590' title='bbox 3097 2056 3188 2109; x_wconf 91' lang='lat' dir='ltr'><strong>est</strong></span> <span class='ocrx_word' id='word_1_591' title='bbox 3240 2051 3627 2127; x_wconf 85' lang='lat' dir='ltr'><strong>diatessaron,</strong></span> <span class='ocrx_word' id='word_1_592' title='bbox 3657 2051 3749 2107; x_wconf 89' lang='lat' dir='ltr'><strong>vel</strong></span> 
     </span>
    </p>
   </div>
   <div class='ocr_carea' id='block_1_82' title="bbox 2093 2140 3746 2215">
    <p class='ocr_par' dir='ltr' id='par_1_82' title="bbox 2093 2140 3746 2215">
     <span class='ocr_line' id='line_1_83' title="bbox 2093 2140 3746 2215; baseline -0.002 -16"><span class='ocrx_word' id='word_1_593' title='bbox 2093 2147 2285 2199; x_wconf 88' lang='lat' dir='ltr'><strong>totum</strong></span> <span class='ocrx_word' id='word_1_594' title='bbox 2316 2148 2360 2197; x_wconf 85' lang='lat' dir='ltr'><strong>A</strong></span> <span class='ocrx_word' id='word_1_595' title='bbox 2394 2147 2451 2198; x_wconf 90' lang='lat' dir='ltr'><strong>et</strong></span> <span class='ocrx_word' id='word_1_596' title='bbox 2475 2143 2608 2215; x_wconf 84' lang='lat' dir='ltr'><strong>ejus</strong></span> <span class='ocrx_word' id='word_1_597' title='bbox 2662 2142 2945 2212; x_wconf 88' lang='lat' dir='ltr'><strong>medium,</strong></span> <span class='ocrx_word' id='word_1_598' title='bbox 2973 2142 3129 2214; x_wconf 92' lang='lat' dir='ltr'><strong>quod</strong></span> <span class='ocrx_word' id='word_1_599' title='bbox 3188 2145 3279 2198; x_wconf 92' lang='lat' dir='ltr'><strong>est</strong></span> <span class='ocrx_word' id='word_1_600' title='bbox 3334 2140 3625 2214; x_wconf 88' lang='lat' dir='ltr'><strong>diapente,</strong></span> <span class='ocrx_word' id='word_1_601' title='bbox 3655 2140 3746 2197; x_wconf 89' lang='lat' dir='ltr'><strong>vel</strong></span> 
     </span>
    </p>
   </div>
   <div class='ocr_carea' id='block_1_83' title="bbox 2094 2230 3751 2304">
    <p class='ocr_par' dir='ltr' id='par_1_83' title="bbox 2094 2230 3751 2304">
     <span class='ocr_line' id='line_1_84' title="bbox 2094 2230 3751 2304; baseline -0.002 -16"><span class='ocrx_word' id='word_1_602' title='bbox 2094 2230 2254 2288; x_wconf 89' lang='lat' dir='ltr'><strong>aliud</strong></span> <span class='ocrx_word' id='word_1_603' title='bbox 2301 2232 2346 2288; x_wconf 91' lang='lat' dir='ltr'>D</span> <span class='ocrx_word' id='word_1_604' title='bbox 2379 2231 2578 2304; x_wconf 89' lang='lat' dir='ltr'><strong>duplo,</strong></span> <span class='ocrx_word' id='word_1_605' title='bbox 2628 2232 2784 2304; x_wconf 93' lang='lat' dir='ltr'><strong>quod</strong></span> <span class='ocrx_word' id='word_1_606' title='bbox 2834 2236 2925 2287; x_wconf 91' lang='lat' dir='ltr'><strong>est</strong></span> <span class='ocrx_word' id='word_1_607' title='bbox 2971 2230 3272 2303; x_wconf 89' lang='lat' dir='ltr'><strong>diapason.</strong></span> <span class='ocrx_word' id='word_1_608' title='bbox 3301 2230 3343 2287; x_wconf 78' lang='grc' dir='ltr'>Ο</span> <span class='ocrx_word' id='word_1_609' title='bbox 3372 2233 3561 2287; x_wconf 90' lang='lat' dir='ltr'><strong>totum</strong></span> <span class='ocrx_word' id='word_1_610' title='bbox 3604 2230 3647 2286; x_wconf 87' lang='lat' dir='ltr'>F</span> <span class='ocrx_word' id='word_1_611' title='bbox 3691 2232 3751 2286; x_wconf 87' lang='lat' dir='ltr'><strong>et</strong></span> 
     </span>
    </p>
   </div>
   <div class='ocr_carea' id='block_1_84' title="bbox 2092 2317 3749 2392">
    <p class='ocr_par' dir='ltr' id='par_1_84' title="bbox 2092 2317 3749 2392">
     <span class='ocr_line' id='line_1_85' title="bbox 2092 2317 3749 2392; baseline 0.001 -16"><span class='ocrx_word' id='word_1_612' title='bbox 2092 2322 2221 2392; x_wconf 89' lang='lat' dir='ltr'><strong>ejus</strong></span> <span class='ocrx_word' id='word_1_613' title='bbox 2272 2320 2534 2389; x_wconf 90' lang='lat' dir='ltr'><strong>tertium,</strong></span> <span class='ocrx_word' id='word_1_614' title='bbox 2568 2321 2725 2392; x_wconf 91' lang='lat' dir='ltr'><strong>quod</strong></span> <span class='ocrx_word' id='word_1_615' title='bbox 2775 2324 2867 2376; x_wconf 87' lang='lat' dir='ltr'><strong>est</strong></span> <span class='ocrx_word' id='word_1_616' title='bbox 2916 2319 3301 2385; x_wconf 89' lang='lat' dir='ltr'><strong>diatessaron,</strong></span> <span class='ocrx_word' id='word_1_617' title='bbox 3344 2317 3435 2375; x_wconf 89' lang='lat' dir='ltr'><strong>vel</strong></span> <span class='ocrx_word' id='word_1_618' title='bbox 3482 2321 3668 2377; x_wconf 86' lang='lat' dir='ltr'><strong>totum</strong></span> <span class='ocrx_word' id='word_1_619' title='bbox 3700 2318 3749 2377; x_wconf 87' lang='lat' dir='ltr'>G</span> 
     </span>
    </p>
   </div>
   <div class='ocr_carea' id='block_1_85' title="bbox 2093 2406 3746 2482">
    <p class='ocr_par' dir='ltr' id='par_1_85' title="bbox 2093 2406 3746 2482">
     <span class='ocr_line' id='line_1_86' title="bbox 2093 2406 3746 2482; baseline -0.001 -17"><span class='ocrx_word' id='word_1_620' title='bbox 2093 2425 2418 2482; x_wconf 89' lang='lat' dir='ltr'><strong>paramese,</strong></span> <span class='ocrx_word' id='word_1_621' title='bbox 2449 2413 2506 2465; x_wconf 89' lang='lat' dir='ltr'><strong>et</strong></span> <span class='ocrx_word' id='word_1_622' title='bbox 2537 2409 2669 2481; x_wconf 90' lang='lat' dir='ltr'><strong>ejus</strong></span> <span class='ocrx_word' id='word_1_623' title='bbox 2708 2407 2991 2478; x_wconf 90' lang='lat' dir='ltr'><strong>medium,</strong></span> <span class='ocrx_word' id='word_1_624' title='bbox 3016 2408 3171 2480; x_wconf 91' lang='lat' dir='ltr'><strong>quod</strong></span> <span class='ocrx_word' id='word_1_625' title='bbox 3214 2412 3304 2464; x_wconf 90' lang='lat' dir='ltr'><strong>est</strong></span> <span class='ocrx_word' id='word_1_626' title='bbox 3332 2406 3627 2479; x_wconf 90' lang='lat' dir='ltr'><strong>diapente,</strong></span> <span class='ocrx_word' id='word_1_627' title='bbox 3656 2406 3746 2463; x_wconf 90' lang='lat' dir='ltr'><strong>vel</strong></span> 
     </span>
    </p>
   </div>
   <div class='ocr_carea' id='block_1_86' title="bbox 2094 2494 3748 2570">
    <p class='ocr_par' dir='ltr' id='par_1_86' title="bbox 2094 2494 3748 2570">
     <span class='ocr_line' id='line_1_87' title="bbox 2094 2494 3748 2570; baseline -0.001 -16"><span class='ocrx_word' id='word_1_628' title='bbox 2094 2497 2251 2554; x_wconf 88' lang='lat' dir='ltr'><strong>aliud</strong></span> <span class='ocrx_word' id='word_1_629' title='bbox 2297 2497 2339 2554; x_wconf 89' lang='lat' dir='ltr'>C</span> <span class='ocrx_word' id='word_1_630' title='bbox 2389 2497 2592 2570; x_wconf 88' lang='lat' dir='ltr'><strong>duplo,</strong></span> <span class='ocrx_word' id='word_1_631' title='bbox 2642 2497 2797 2569; x_wconf 88' lang='lat' dir='ltr'><strong>quod</strong></span> <span class='ocrx_word' id='word_1_632' title='bbox 2853 2500 2943 2553; x_wconf 92' lang='lat' dir='ltr'><strong>est</strong></span> <span class='ocrx_word' id='word_1_633' title='bbox 2999 2494 3302 2568; x_wconf 87' lang='lat' dir='ltr'><strong>diapason.</strong></span> <span class='ocrx_word' id='word_1_634' title='bbox 3335 2498 3595 2552; x_wconf 89' lang='lat' dir='ltr'><strong>Btotum</strong></span> <span class='ocrx_word' id='word_1_635' title='bbox 3625 2499 3748 2552; x_wconf 90' lang='lat' dir='ltr'><strong>Cet</strong></span> 
     </span>
    </p>
   </div>
   <div class='ocr_carea' id='block_1_87' title="bbox 2092 2583 3749 2659">
    <p class='ocr_par' dir='ltr' id='par_1_87' title="bbox 2092 2583 3749 2659">
     <span class='ocr_line' id='line_1_88' title="bbox 2092 2583 3749 2659; baseline -0.002 -14"><span class='ocrx_word' id='word_1_636' title='bbox 2092 2587 2222 2659; x_wconf 94' lang='lat' dir='ltr'><strong>ejus</strong></span> <span class='ocrx_word' id='word_1_637' title='bbox 2251 2590 2536 2654; x_wconf 88' lang='lat' dir='ltr'><strong>octavam,</strong></span> <span class='ocrx_word' id='word_1_638' title='bbox 2570 2587 2631 2642; x_wconf 90' lang='lat' dir='ltr'><strong>id</strong></span> <span class='ocrx_word' id='word_1_639' title='bbox 2687 2589 2778 2643; x_wconf 89' lang='lat' dir='ltr'><strong>est</strong></span> <span class='ocrx_word' id='word_1_640' title='bbox 2832 2590 3029 2654; x_wconf 90' lang='lat' dir='ltr'><strong>tonus,</strong></span> <span class='ocrx_word' id='word_1_641' title='bbox 3063 2583 3152 2641; x_wconf 90' lang='lat' dir='ltr'><strong>vel</strong></span> <span class='ocrx_word' id='word_1_642' title='bbox 3199 2588 3392 2640; x_wconf 87' lang='lat' dir='ltr'><strong>totum</strong></span> <span class='ocrx_word' id='word_1_643' title='bbox 3429 2585 3471 2641; x_wconf 87' lang='lat' dir='ltr'><strong>E</strong></span> <span class='ocrx_word' id='word_1_644' title='bbox 3515 2588 3575 2641; x_wconf 84' lang='lat' dir='ltr'><strong>et</strong></span> <span class='ocrx_word' id='word_1_645' title='bbox 3618 2585 3749 2656; x_wconf 79' lang='lat' dir='ltr'><strong>ejus</strong></span> 
     </span>
    </p>
   </div>
   <div class='ocr_carea' id='block_1_88' title="bbox 2091 2673 3750 2748">
    <p class='ocr_par' dir='ltr' id='par_1_88' title="bbox 2091 2673 3750 2748">
     <span class='ocr_line' id='line_1_89' title="bbox 2091 2673 3750 2748; baseline -0.001 -16"><span class='ocrx_word' id='word_1_646' title='bbox 2091 2677 2354 2743; x_wconf 88' lang='lat' dir='ltr'><strong>tertium,</strong></span> <span class='ocrx_word' id='word_1_647' title='bbox 2378 2676 2533 2748; x_wconf 90' lang='lat' dir='ltr'><strong>quod</strong></span> <span class='ocrx_word' id='word_1_648' title='bbox 2580 2679 2669 2732; x_wconf 91' lang='lat' dir='ltr'><strong>est</strong></span> <span class='ocrx_word' id='word_1_649' title='bbox 2712 2675 3100 2746; x_wconf 82' lang='lat' dir='ltr'><strong>diatessaron,</strong></span> <span class='ocrx_word' id='word_1_650' title='bbox 3126 2673 3214 2731; x_wconf 83' lang='lat' dir='ltr'><strong>vel</strong></span> <span class='ocrx_word' id='word_1_651' title='bbox 3245 2677 3434 2730; x_wconf 88' lang='lat' dir='ltr'><strong>totum</strong></span> <span class='ocrx_word' id='word_1_652' title='bbox 3464 2673 3507 2730; x_wconf 84' lang='lat' dir='ltr'><strong>F&#39;</strong></span> <span class='ocrx_word' id='word_1_653' title='bbox 3533 2675 3592 2730; x_wconf 84' lang='lat' dir='ltr'><strong>et</strong></span> <span class='ocrx_word' id='word_1_654' title='bbox 3617 2674 3750 2745; x_wconf 86' lang='lat' dir='ltr'><strong>ejus</strong></span> 
     </span>
    </p>
   </div>
   <div class='ocr_carea' id='block_1_89' title="bbox 2092 2762 3748 2837">
    <p class='ocr_par' dir='ltr' id='par_1_89' title="bbox 2092 2762 3748 2837">
     <span class='ocr_line' id='line_1_90' title="bbox 2092 2762 3748 2837; baseline -0.002 -16"><span class='ocrx_word' id='word_1_655' title='bbox 2092 2764 2375 2834; x_wconf 88' lang='lat' dir='ltr'><strong>medium,</strong></span> <span class='ocrx_word' id='word_1_656' title='bbox 2400 2765 2555 2837; x_wconf 91' lang='lat' dir='ltr'><strong>quod</strong></span> <span class='ocrx_word' id='word_1_657' title='bbox 2578 2769 2667 2821; x_wconf 89' lang='lat' dir='ltr'><strong>est</strong></span> <span class='ocrx_word' id='word_1_658' title='bbox 2686 2764 2978 2836; x_wconf 90' lang='lat' dir='ltr'><strong>diapente,</strong></span> <span class='ocrx_word' id='word_1_659' title='bbox 2996 2762 3085 2819; x_wconf 93' lang='lat' dir='ltr'><strong>vel</strong></span> <span class='ocrx_word' id='word_1_660' title='bbox 3117 2762 3276 2819; x_wconf 87' lang='lat' dir='ltr'><strong>aliud</strong></span> <span class='ocrx_word' id='word_1_661' title='bbox 3308 2763 3351 2818; x_wconf 90' lang='grc' dir='ltr'>Β</span> <span class='ocrx_word' id='word_1_662' title='bbox 3376 2762 3575 2831; x_wconf 83' lang='lat' dir='ltr'><strong>duplo,</strong></span> <span class='ocrx_word' id='word_1_663' title='bbox 3590 2762 3748 2835; x_wconf 87' lang='lat' dir='ltr'><strong>quod</strong></span> 
     </span>
    </p>
   </div>
   <div class='ocr_carea' id='block_1_90' title="bbox 2091 2850 3751 2926">
    <p class='ocr_par' dir='ltr' id='par_1_90' title="bbox 2091 2850 3751 2926">
     <span class='ocr_line' id='line_1_91' title="bbox 2091 2850 3751 2926; baseline -0.001 -17"><span class='ocrx_word' id='word_1_664' title='bbox 2091 2857 2182 2910; x_wconf 92' lang='lat' dir='ltr'><strong>est</strong></span> <span class='ocrx_word' id='word_1_665' title='bbox 2209 2853 2513 2926; x_wconf 90' lang='lat' dir='ltr'><strong>diapason,</strong></span> <span class='ocrx_word' id='word_1_666' title='bbox 2534 2851 2625 2909; x_wconf 91' lang='lat' dir='ltr'><strong>vel</strong></span> <span class='ocrx_word' id='word_1_667' title='bbox 2673 2851 2833 2910; x_wconf 86' lang='lat' dir='ltr'><strong>aliud</strong></span> <span class='ocrx_word' id='word_1_668' title='bbox 2864 2853 2906 2908; x_wconf 88' lang='lat' dir='ltr'><strong>F</strong></span> <span class='ocrx_word' id='word_1_669' title='bbox 2935 2851 3131 2925; x_wconf 88' lang='lat' dir='ltr'><strong>triplo,</strong></span> <span class='ocrx_word' id='word_1_670' title='bbox 3155 2850 3214 2907; x_wconf 92' lang='lat' dir='ltr'><strong>id</strong></span> <span class='ocrx_word' id='word_1_671' title='bbox 3244 2854 3333 2907; x_wconf 90' lang='lat' dir='ltr'><strong>est</strong></span> <span class='ocrx_word' id='word_1_672' title='bbox 3380 2851 3661 2923; x_wconf 81' lang='lat' dir='ltr'><strong>diapason</strong></span> <span class='ocrx_word' id='word_1_673' title='bbox 3691 2854 3751 2908; x_wconf 89' lang='lat' dir='ltr'><strong>et</strong></span> 
     </span>
    </p>
   </div>
   <div class='ocr_carea' id='block_1_91' title="bbox 2091 2938 3750 3015">
    <p class='ocr_par' dir='ltr' id='par_1_91' title="bbox 2091 2938 3750 3015">
     <span class='ocr_line' id='line_1_92' title="bbox 2091 2938 3750 3015; baseline -0.001 -18"><span class='ocrx_word' id='word_1_674' title='bbox 2091 2941 2382 3015; x_wconf 89' lang='lat' dir='ltr'><strong>diapente.</strong></span> <span class='ocrx_word' id='word_1_675' title='bbox 2415 2945 2459 2998; x_wconf 92' lang='lat' dir='ltr'><strong>A</strong></span> <span class='ocrx_word' id='word_1_676' title='bbox 2490 2946 2678 2997; x_wconf 89' lang='lat' dir='ltr'><strong>totum</strong></span> <span class='ocrx_word' id='word_1_677' title='bbox 2708 2941 2751 2996; x_wconf 90' lang='lat' dir='ltr'><strong>B</strong></span> <span class='ocrx_word' id='word_1_678' title='bbox 2782 2945 2840 2998; x_wconf 87' lang='lat' dir='ltr'><strong>et</strong></span> <span class='ocrx_word' id='word_1_679' title='bbox 2876 2941 3005 3013; x_wconf 91' lang='lat' dir='ltr'><strong>ejus</strong></span> <span class='ocrx_word' id='word_1_680' title='bbox 3034 2944 3323 3009; x_wconf 89' lang='lat' dir='ltr'><strong>octavum,</strong></span> <span class='ocrx_word' id='word_1_681' title='bbox 3342 2938 3431 2996; x_wconf 91' lang='lat' dir='ltr'><strong>vel</strong></span> <span class='ocrx_word' id='word_1_682' title='bbox 3482 2942 3670 2995; x_wconf 87' lang='lat' dir='ltr'><strong>totum</strong></span> <span class='ocrx_word' id='word_1_683' title='bbox 3702 2939 3750 2995; x_wconf 92' lang='lat' dir='ltr'><strong>D</strong></span> 
     </span>
    </p>
   </div>
   <div class='ocr_carea' id='block_1_92' title="bbox 2091 3026 3747 3103">
    <p class='ocr_par' dir='ltr' id='par_1_92' title="bbox 2091 3026 3747 3103">
     <span class='ocr_line' id='line_1_93' title="bbox 2091 3026 3747 3103; baseline -0.003 -15"><span class='ocrx_word' id='word_1_684' title='bbox 2091 3035 2148 3088; x_wconf 91' lang='lat' dir='ltr'><strong>et</strong></span> <span class='ocrx_word' id='word_1_685' title='bbox 2176 3033 2305 3103; x_wconf 90' lang='lat' dir='ltr'><strong>ejus</strong></span> <span class='ocrx_word' id='word_1_686' title='bbox 2351 3031 2615 3101; x_wconf 90' lang='lat' dir='ltr'><strong>tertium,</strong></span> <span class='ocrx_word' id='word_1_687' title='bbox 2646 3029 2735 3085; x_wconf 92' lang='lat' dir='ltr'><strong>vel</strong></span> <span class='ocrx_word' id='word_1_688' title='bbox 2766 3033 2955 3086; x_wconf 89' lang='lat' dir='ltr'><strong>totum</strong></span> <span class='ocrx_word' id='word_1_689' title='bbox 2985 3030 3027 3085; x_wconf 88' lang='lat' dir='ltr'><strong>E</strong></span> <span class='ocrx_word' id='word_1_690' title='bbox 3060 3032 3117 3086; x_wconf 88' lang='lat' dir='ltr'><strong>et</strong></span> <span class='ocrx_word' id='word_1_691' title='bbox 3162 3029 3291 3099; x_wconf 88' lang='lat' dir='ltr'><strong>ejus</strong></span> <span class='ocrx_word' id='word_1_692' title='bbox 3339 3027 3622 3096; x_wconf 87' lang='lat' dir='ltr'><strong>medium,</strong></span> <span class='ocrx_word' id='word_1_693' title='bbox 3653 3026 3747 3083; x_wconf 92' lang='lat' dir='ltr'><strong>vel</strong></span> 
     </span>
    </p>
   </div>
   <div class='ocr_carea' id='block_1_93' title="bbox 2089 3114 3747 3191">
    <p class='ocr_par' dir='ltr' id='par_1_93' title="bbox 2089 3114 3747 3191">
     <span class='ocr_line' id='line_1_94' title="bbox 2089 3114 3747 3191; baseline -0.003 -15"><span class='ocrx_word' id='word_1_694' title='bbox 2089 3118 2253 3177; x_wconf 89' lang='lat' dir='ltr'><strong>aliud</strong></span> <span class='ocrx_word' id='word_1_695' title='bbox 2312 3120 2352 3176; x_wconf 82' lang='lat' dir='ltr'><strong>A</strong></span> <span class='ocrx_word' id='word_1_696' title='bbox 2398 3118 2598 3191; x_wconf 91' lang='lat' dir='ltr'><strong>duplo.</strong></span> <span class='ocrx_word' id='word_1_697' title='bbox 2640 3118 2687 3175; x_wconf 88' lang='lat' dir='ltr'><strong>G</strong></span> <span class='ocrx_word' id='word_1_698' title='bbox 2735 3121 2926 3175; x_wconf 86' lang='lat' dir='ltr'><strong>totum</strong></span> <span class='ocrx_word' id='word_1_699' title='bbox 2972 3117 3014 3173; x_wconf 89' lang='lat' dir='ltr'>C</span> <span class='ocrx_word' id='word_1_700' title='bbox 3069 3121 3128 3173; x_wconf 90' lang='lat' dir='ltr'><strong>et</strong></span> <span class='ocrx_word' id='word_1_701' title='bbox 3182 3117 3312 3188; x_wconf 81' lang='lat' dir='ltr'><strong>ejus</strong></span> <span class='ocrx_word' id='word_1_702' title='bbox 3360 3116 3623 3183; x_wconf 87' lang='lat' dir='ltr'><strong>tertium,</strong></span> <span class='ocrx_word' id='word_1_703' title='bbox 3654 3114 3747 3171; x_wconf 90' lang='lat' dir='ltr'><strong>vel</strong></span> 
     </span>
    </p>
   </div>
   <div class='ocr_carea' id='block_1_94' title="bbox 2089 3203 3744 3280">
    <p class='ocr_par' dir='ltr' id='par_1_94' title="bbox 2089 3203 3744 3280">
     <span class='ocr_line' id='line_1_95' title="bbox 2089 3203 3744 3280; baseline -0.004 -17"><span class='ocrx_word' id='word_1_704' title='bbox 2089 3211 2278 3265; x_wconf 91' lang='lat' dir='ltr'><strong>totum</strong></span> <span class='ocrx_word' id='word_1_705' title='bbox 2311 3207 2359 3264; x_wconf 91' lang='lat' dir='ltr'>G</span> <span class='ocrx_word' id='word_1_706' title='bbox 2388 3221 2691 3280; x_wconf 89' lang='lat' dir='ltr'><strong>paramese</strong></span> <span class='ocrx_word' id='word_1_707' title='bbox 2729 3204 2929 3278; x_wconf 92' lang='lat' dir='ltr'><strong>duplo.</strong></span> <span class='ocrx_word' id='word_1_708' title='bbox 2963 3205 3004 3261; x_wconf 90' lang='lat' dir='ltr'>F</span> <span class='ocrx_word' id='word_1_709' title='bbox 3034 3207 3223 3261; x_wconf 88' lang='lat' dir='ltr'><strong>totum</strong></span> <span class='ocrx_word' id='word_1_710' title='bbox 3253 3203 3301 3261; x_wconf 88' lang='lat' dir='ltr'><strong>G</strong></span> <span class='ocrx_word' id='word_1_711' title='bbox 3330 3208 3388 3260; x_wconf 91' lang='lat' dir='ltr'><strong>et</strong></span> <span class='ocrx_word' id='word_1_712' title='bbox 3425 3204 3554 3275; x_wconf 89' lang='lat' dir='ltr'><strong>ejus</strong></span> <span class='ocrx_word' id='word_1_713' title='bbox 3583 3204 3744 3258; x_wconf 87' lang='lat' dir='ltr'><strong>octa-</strong></span> 
     </span>
    </p>
   </div>
   <div class='ocr_carea' id='block_1_95' title="bbox 2096 3291 3751 3365">
    <p class='ocr_par' dir='ltr' id='par_1_95' title="bbox 2096 3291 3751 3365">
     <span class='ocr_line' id='line_1_96' title="bbox 2096 3291 3751 3365; baseline -0.004 -12"><span class='ocrx_word' id='word_1_714' title='bbox 2096 3313 2258 3363; x_wconf 90' lang='lat' dir='ltr'><strong>vum,</strong></span> <span class='ocrx_word' id='word_1_715' title='bbox 2284 3296 2373 3353; x_wconf 92' lang='lat' dir='ltr'><strong>vel</strong></span> <span class='ocrx_word' id='word_1_716' title='bbox 2419 3299 2608 3353; x_wconf 89' lang='lat' dir='ltr'><strong>totum</strong></span> <span class='ocrx_word' id='word_1_717' title='bbox 2639 3296 2682 3351; x_wconf 92' lang='lat' dir='ltr'><strong>B</strong></span> <span class='ocrx_word' id='word_1_718' title='bbox 2711 3298 2770 3351; x_wconf 93' lang='lat' dir='ltr'><strong>et</strong></span> <span class='ocrx_word' id='word_1_719' title='bbox 2814 3295 2943 3365; x_wconf 90' lang='lat' dir='ltr'><strong>ejus</strong></span> <span class='ocrx_word' id='word_1_720' title='bbox 2985 3292 3247 3364; x_wconf 89' lang='lat' dir='ltr'><strong>tertium,</strong></span> <span class='ocrx_word' id='word_1_721' title='bbox 3265 3291 3355 3349; x_wconf 89' lang='lat' dir='ltr'><strong>vel</strong></span> <span class='ocrx_word' id='word_1_722' title='bbox 3401 3294 3591 3348; x_wconf 90' lang='lat' dir='ltr'><strong>totum</strong></span> <span class='ocrx_word' id='word_1_723' title='bbox 3619 3291 3661 3348; x_wconf 88' lang='lat' dir='ltr'>C</span> <span class='ocrx_word' id='word_1_724' title='bbox 3689 3294 3751 3348; x_wconf 89' lang='lat' dir='ltr'><strong>et</strong></span> 
     </span>
    </p>
   </div>
   <div class='ocr_carea' id='block_1_96' title="bbox 2097 3379 3749 3458">
    <p class='ocr_par' dir='ltr' id='par_1_96' title="bbox 2097 3379 3749 3458">
     <span class='ocr_line' id='line_1_97' title="bbox 2097 3379 3749 3458; baseline -0.004 -16"><span class='ocrx_word' id='word_1_725' title='bbox 2097 3386 2226 3458; x_wconf 88' lang='lat' dir='ltr'><strong>ejus</strong></span> <span class='ocrx_word' id='word_1_726' title='bbox 2274 3384 2558 3450; x_wconf 89' lang='lat' dir='ltr'><strong>medium,</strong></span> <span class='ocrx_word' id='word_1_727' title='bbox 2604 3382 2693 3439; x_wconf 89' lang='lat' dir='ltr'><strong>vel</strong></span> <span class='ocrx_word' id='word_1_728' title='bbox 2743 3382 2904 3438; x_wconf 91' lang='lat' dir='ltr'><strong>aliud</strong></span> <span class='ocrx_word' id='word_1_729' title='bbox 2951 3382 2994 3439; x_wconf 90' lang='lat' dir='ltr'>F</span> <span class='ocrx_word' id='word_1_730' title='bbox 3043 3380 3243 3454; x_wconf 90' lang='lat' dir='ltr'><strong>duplo,</strong></span> <span class='ocrx_word' id='word_1_731' title='bbox 3274 3379 3363 3437; x_wconf 90' lang='lat' dir='ltr'><strong>vel</strong></span> <span class='ocrx_word' id='word_1_732' title='bbox 3413 3380 3654 3437; x_wconf 85' lang='lat' dir='ltr'><strong>tertium</strong></span> <span class='ocrx_word' id='word_1_733' title='bbox 3704 3380 3749 3436; x_wconf 88' lang='lat' dir='ltr'>F</span> 
     </span>
    </p>
   </div>
   <div class='ocr_carea' id='block_1_97' title="bbox 2095 3467 3745 3548">
    <p class='ocr_par' dir='ltr' id='par_1_97' title="bbox 2095 3467 3745 3548">
     <span class='ocr_line' id='line_1_98' title="bbox 2095 3467 3745 3548; baseline -0.005 -16"><span class='ocrx_word' id='word_1_734' title='bbox 2095 3473 2446 3548; x_wconf 86' lang='lat' dir='ltr'><strong>quadruplo.</strong></span> <span class='ocrx_word' id='word_1_735' title='bbox 2493 3474 2554 3529; x_wconf 87' lang='lat' dir='ltr'><strong>F.</strong></span> <span class='ocrx_word' id='word_1_736' title='bbox 2589 3472 2658 3529; x_wconf 89' lang='lat' dir='ltr'><strong>G.</strong></span> <span class='ocrx_word' id='word_1_737' title='bbox 2694 3474 2761 3528; x_wconf 90' lang='lat' dir='ltr'><strong>A.</strong></span> <span class='ocrx_word' id='word_1_738' title='bbox 2794 3472 2857 3528; x_wconf 91' lang='lat' dir='ltr'><strong>B.</strong></span> <span class='ocrx_word' id='word_1_739' title='bbox 2897 3470 2956 3526; x_wconf 78' lang='grc' dir='ltr'><strong>Ο.</strong></span> <span class='ocrx_word' id='word_1_740' title='bbox 2995 3470 3062 3527; x_wconf 94' lang='lat' dir='ltr'><strong>D.</strong></span> <span class='ocrx_word' id='word_1_741' title='bbox 3097 3471 3159 3527; x_wconf 89' lang='lat' dir='ltr'><strong>E.</strong></span> <span class='ocrx_word' id='word_1_742' title='bbox 3194 3470 3254 3526; x_wconf 89' lang='lat' dir='ltr'><strong>F.</strong></span> <span class='ocrx_word' id='word_1_743' title='bbox 3289 3470 3355 3526; x_wconf 90' lang='lat' dir='ltr'><strong>G.</strong></span> <span class='ocrx_word' id='word_1_744' title='bbox 3387 3473 3454 3525; x_wconf 87' lang='lat' dir='ltr'><strong>G.</strong></span> <span class='ocrx_word' id='word_1_745' title='bbox 3484 3471 3551 3525; x_wconf 85' lang='lat' dir='ltr'><strong>A.</strong></span> <span class='ocrx_word' id='word_1_746' title='bbox 3583 3468 3646 3524; x_wconf 88' lang='grc' dir='ltr'><strong>Β.</strong></span> <span class='ocrx_word' id='word_1_747' title='bbox 3679 3467 3745 3524; x_wconf 86' lang='lat' dir='ltr'><strong>C.</strong></span> 
     </span>
    </p>
   </div>
   <div class='ocr_carea' id='block_1_98' title="bbox 2315 3685 3525 3735">
    <p class='ocr_par' dir='ltr' id='par_1_98' title="bbox 2315 3685 3525 3735">
     <span class='ocr_line' id='line_1_99' title="bbox 2315 3685 3525 3735; baseline -0.004 -1"><span class='ocrx_word' id='word_1_748' title='bbox 2315 3695 2584 3735; x_wconf 81' lang='lat' dir='ltr'><strong>MONITUM</strong></span> <span class='ocrx_word' id='word_1_749' title='bbox 2611 3693 2685 3733; x_wconf 79' lang='lat' dir='ltr'><strong>AD</strong></span> <span class='ocrx_word' id='word_1_750' title='bbox 2718 3691 3076 3733; x_wconf 81' lang='lat' dir='ltr'><strong>SEMITONIUM</strong></span> <span class='ocrx_word' id='word_1_751' title='bbox 3106 3685 3525 3731; x_wconf 68' lang='lat' dir='ltr'><strong>INVENIENDUM.</strong></span> 
     </span>
    </p>
   </div>
   <div class='ocr_carea' id='block_1_99' title="bbox 2160 3770 3751 3856">
    <p class='ocr_par' dir='ltr' id='par_1_99' title="bbox 2160 3770 3751 3856">
     <span class='ocr_line' id='line_1_100' title="bbox 2160 3770 3751 3856; baseline -0.006 -14"><span class='ocrx_word' id='word_1_752' title='bbox 2160 3787 2202 3842; x_wconf 82' lang='grc' dir='ltr'><strong>Α</strong></span> <span class='ocrx_word' id='word_1_753' title='bbox 2224 3801 2460 3842; x_wconf 90' lang='lat' dir='ltr'><strong>summa</strong></span> <span class='ocrx_word' id='word_1_754' title='bbox 2480 3798 2831 3856; x_wconf 88' lang='lat' dir='ltr'><strong>quacunque</strong></span> <span class='ocrx_word' id='word_1_755' title='bbox 2853 3782 3045 3839; x_wconf 85' lang='lat' dir='ltr'><strong>locata</strong></span> <span class='ocrx_word' id='word_1_756' title='bbox 3063 3780 3406 3854; x_wconf 79' lang='lat' dir='ltr'><strong>vigesimum</strong></span> <span class='ocrx_word' id='word_1_757' title='bbox 3432 3770 3751 3851; x_wconf 75' lang='lat' dir='ltr'><strong>septimam</strong></span> 
     </span>
    </p>
   </div>
   <div class='ocr_carea' id='block_1_100' title="bbox 2090 3868 3750 3941">
    <p class='ocr_par' dir='ltr' id='par_1_100' title="bbox 2090 3868 3750 3941">
     <span class='ocr_line' id='line_1_101' title="bbox 2090 3868 3750 3941; baseline -0.005 -10"><span class='ocrx_word' id='word_1_758' title='bbox 2090 3874 2428 3941; x_wconf 86' lang='lat' dir='ltr'><strong>subtrahas,</strong></span> <span class='ocrx_word' id='word_1_759' title='bbox 2458 3890 2527 3929; x_wconf 82' lang='lat' dir='ltr'><strong>ex</strong></span> <span class='ocrx_word' id='word_1_760' title='bbox 2584 3871 2789 3929; x_wconf 88' lang='lat' dir='ltr'><strong>relicta</strong></span> <span class='ocrx_word' id='word_1_761' title='bbox 2834 3874 3098 3928; x_wconf 89' lang='lat' dir='ltr'><strong>octavam</strong></span> <span class='ocrx_word' id='word_1_762' title='bbox 3152 3868 3441 3925; x_wconf 89' lang='lat' dir='ltr'><strong>decimam</strong></span> <span class='ocrx_word' id='word_1_763' title='bbox 3490 3883 3750 3941; x_wconf 70' lang='lat' dir='ltr'><strong>qumras,</strong></span> 
     </span>
    </p>
   </div>
   <div class='ocr_carea' id='block_1_101' title="bbox 2088 4064 3757 4139">
    <p class='ocr_par' dir='ltr' id='par_1_101' title="bbox 2088 4064 3757 4139">
     <span class='ocr_line' id='line_1_102' title="bbox 2088 4064 3757 4139; baseline -0.005 -12"><span class='ocrx_word' id='word_1_764' title='bbox 2088 4071 2213 4127; x_wconf 80' lang='lat' dir='ltr'><strong>latis</strong></span> <span class='ocrx_word' id='word_1_765' title='bbox 2263 4072 2505 4125; x_wconf 80' lang='lat' dir='ltr'><strong>octavam</strong></span> <span class='ocrx_word' id='word_1_766' title='bbox 2537 4068 2629 4139; x_wconf 86' lang='lat' dir='ltr'><strong>(e).</strong></span> <span class='ocrx_word' id='word_1_767' title='bbox 2666 4067 2732 4123; x_wconf 85' lang='lat' dir='ltr'><strong>Si</strong></span> <span class='ocrx_word' id='word_1_768' title='bbox 2789 4067 2872 4124; x_wconf 91' lang='lat' dir='ltr'><strong>bis</strong></span> <span class='ocrx_word' id='word_1_769' title='bbox 2926 4067 3212 4138; x_wconf 82' lang='lat' dir='ltr'><strong>diapason,</strong></span> <span class='ocrx_word' id='word_1_770' title='bbox 3251 4064 3431 4138; x_wconf 85' lang='lat' dir='ltr'><strong>major</strong></span> <span class='ocrx_word' id='word_1_771' title='bbox 3476 4064 3757 4139; x_wconf 82' lang='lat' dir='ltr'><strong>minorem</strong></span> 
     </span>
    </p>
   </div>
   <div class='ocr_carea' id='block_1_102' title="bbox 2088 4138 3755 4220">
    <p class='ocr_par' dir='ltr' id='par_1_102' title="bbox 2088 4138 3755 4220">
     <span class='ocr_line' id='line_1_103' title="bbox 2088 4138 3755 4220; baseline -0.005 -23"><span class='ocrx_word' id='word_1_772' title='bbox 2088 4140 2506 4220; x_wconf 48' lang='lat' dir='ltr'><strong>quadruplozei</strong></span> <span class='ocrx_word' id='word_1_773' title='bbox 2521 4138 2753 4220; x_wconf 64' lang='lat' dir='ltr'><strong>insuper</strong></span> <span class='ocrx_word' id='word_1_774' title='bbox 2778 4140 3161 4220; x_wconf 55' lang='lat' dir='ltr'><strong>ejusguatuor</strong></span> <span class='ocrx_word' id='word_1_775' title='bbox 3207 4140 3445 4220; x_wconf 63' lang='lat' dir='ltr'><strong>octavas,</strong></span> <span class='ocrx_word' id='word_1_776' title='bbox 3470 4139 3525 4191; x_wconf 85' lang='lat' dir='ltr'><strong>et</strong></span> <span class='ocrx_word' id='word_1_777' title='bbox 3552 4138 3755 4220; x_wconf 66' lang='lat' dir='ltr'><strong>potura:</strong></span> 
     </span>
    </p>
   </div>
   <div class='ocr_carea' id='block_1_103' title="bbox 2088 4204 3753 4283">
    <p class='ocr_par' dir='ltr' id='par_1_103' title="bbox 2088 4204 3753 4283">
     <span class='ocr_line' id='line_1_104' title="bbox 2088 4204 3753 4283; baseline -0.005 -13"><span class='ocrx_word' id='word_1_778' title='bbox 2088 4204 2334 4283; x_wconf 72' lang='lat' dir='ltr'><strong>octavam</strong></span> <span class='ocrx_word' id='word_1_779' title='bbox 2362 4210 2456 4283; x_wconf 80' lang='lat' dir='ltr'><strong>(f).</strong></span> <span class='ocrx_word' id='word_1_780' title='bbox 2483 4204 2726 4283; x_wconf 76' lang='lat' dir='ltr'><strong>Majoris</strong></span> <span class='ocrx_word' id='word_1_781' title='bbox 2783 4204 3069 4265; x_wconf 76' lang='lat' dir='ltr'><strong>claritatis</strong></span> <span class='ocrx_word' id='word_1_782' title='bbox 3126 4208 3320 4283; x_wconf 69' lang='lat' dir='ltr'><strong>gratia</strong></span> <span class='ocrx_word' id='word_1_783' title='bbox 3376 4204 3753 4283; x_wconf 62' lang='lat' dir='ltr'><strong>singulorum</strong></span> 
     </span>
    </p>
   </div>
   <div class='ocr_carea' id='block_1_104' title="bbox 2088 4276 3748 4363">
    <p class='ocr_par' dir='ltr' id='par_1_104' title="bbox 2088 4276 3748 4363">
     <span class='ocr_line' id='line_1_105' title="bbox 2088 4276 3748 4363; baseline -0.004 -24"><span class='ocrx_word' id='word_1_784' title='bbox 2088 4276 2723 4363; x_wconf 35' lang='lat' dir='ltr'><strong>exempta&#39;éuhbju&#39;ngo,</strong></span> <span class='ocrx_word' id='word_1_785' title='bbox 2757 4298 2904 4363; x_wconf 58' lang='lat' dir='ltr'><strong>quas,</strong></span> <span class='ocrx_word' id='word_1_786' title='bbox 2956 4296 3092 4363; x_wconf 82' lang='lat' dir='ltr'><strong>cum</strong></span> <span class='ocrx_word' id='word_1_787' title='bbox 3129 4276 3364 4335; x_wconf 65' lang='lat' dir='ltr'><strong>&#39;tabella</strong></span> <span class='ocrx_word' id='word_1_788' title='bbox 3407 4276 3748 4334; x_wconf 77' lang='lat' dir='ltr'><strong>ﬁstularum</strong></span> 
     </span>
    </p>
   </div>
   <div class='ocr_carea' id='block_1_105' title="bbox 2090 4351 3335 4564">
    <p class='ocr_par' dir='ltr' id='par_1_105' title="bbox 2090 4351 3335 4564">
     <span class='ocr_line' id='line_1_106' title="bbox 2090 4351 3034 4421; baseline -0.005 -10"><span class='ocrx_word' id='word_1_789' title='bbox 2090 4354 2200 4412; x_wconf 91' lang='lat' dir='ltr'><strong>col.</strong></span> <span class='ocrx_word' id='word_1_790' title='bbox 2231 4351 2362 4421; x_wconf 81' lang='lat'>665,</span> <span class='ocrx_word' id='word_1_791' title='bbox 2389 4353 2497 4408; x_wconf 89' lang='lat'>666</span> <span class='ocrx_word' id='word_1_792' title='bbox 2517 4351 2790 4408; x_wconf 72' lang='lat' dir='ltr'><strong>conferri</strong></span> <span class='ocrx_word' id='word_1_793' title='bbox 2804 4351 3034 4408; x_wconf 89' lang='lat' dir='ltr'><strong>debent.</strong></span> 
     </span>
     <span class='ocr_line' id='line_1_107' title="bbox 2160 4419 3335 4564; baseline -0.005 -83"><span class='ocrx_word' id='word_1_794' title='bbox 2160 4426 2274 4564; x_wconf 50' lang='lat' dir='ltr'><strong>E45;</strong></span> <span class='ocrx_word' id='word_1_795' title='bbox 2305 4424 2412 4489; x_wconf 85' lang='lat' dir='ltr'><strong>Qui</strong></span> <span class='ocrx_word' id='word_1_796' title='bbox 2447 4424 2511 4525; x_wconf 74' lang='lat' dir='ltr'><strong>fit</strong></span> <span class='ocrx_word' id='word_1_797' title='bbox 2534 4428 2732 4479; x_wconf 84' lang='lat' dir='ltr'><strong>octava</strong></span> <span class='ocrx_word' id='word_1_798' title='bbox 2762 4439 2898 4495; x_wconf 87' lang='lat' dir='ltr'><strong>pars</strong></span> <span class='ocrx_word' id='word_1_799' title='bbox 2928 4419 3335 4504; x_wconf 80' lang='lat' dir='ltr'><strong>longitudinis.</strong></span> 
     </span>
     <span class='ocr_line' id='line_1_108' title="bbox 2185 4493 3207 4552; baseline -0.005 0"><span class='ocrx_word' id='word_1_800' title='bbox 2185 4498 2253 4552; x_wconf 82' lang='lat'><strong>46</strong></span> <span class='ocrx_word' id='word_1_801' title='bbox 2302 4496 2465 4551; x_wconf 86' lang='lat' dir='ltr'><strong>Adde</strong></span> <span class='ocrx_word' id='word_1_802' title='bbox 2499 4538 2512 4552; x_wconf 94' lang='lat'><strong>.</strong></span> <span class='ocrx_word' id='word_1_803' title='bbox 2547 4495 2681 4552; x_wconf 84' lang='lat' dir='ltr'><strong>Cum</strong></span> <span class='ocrx_word' id='word_1_804' title='bbox 2710 4498 2898 4550; x_wconf 87' lang='lat' dir='ltr'><strong>octava</strong></span> <span class='ocrx_word' id='word_1_805' title='bbox 2926 4493 3207 4548; x_wconf 73' lang='lat' dir='ltr'><strong>diametri.</strong></span> 
     </span>
    </p>
   </div>
   <div class='ocr_carea' id='block_1_106' title="bbox 2185 4493 3207 4552">
    <p class='ocr_par' dir='ltr' id='par_1_106' title="bbox 2185 4493 3207 4552">
     <span class='ocr_line' id='line_1_109' title="bbox 2185 4493 3207 4552; baseline -0.005 0"><span class='ocrx_word' id='word_1_806' title='bbox 2185 4493 2274 4552; x_wconf 80' lang='grc'><strong>46)</strong></span> <span class='ocrx_word' id='word_1_807' title='bbox 2302 4496 2465 4551; x_wconf 86' lang='lat' dir='ltr'><strong>Adde</strong></span> <span class='ocrx_word' id='word_1_808' title='bbox 2499 4513 2512 4552; x_wconf 89' lang='lat'>:</span> <span class='ocrx_word' id='word_1_809' title='bbox 2547 4495 2681 4552; x_wconf 84' lang='lat' dir='ltr'><strong>Cum</strong></span> <span class='ocrx_word' id='word_1_810' title='bbox 2710 4493 2898 4550; x_wconf 68' lang='lat' dir='ltr'><strong>octava</strong></span> <span class='ocrx_word' id='word_1_811' title='bbox 2926 4493 3207 4548; x_wconf 81' lang='lat' dir='ltr'><strong>diametri.</strong></span> 
     </span>
    </p>
   </div>
   <div class='ocr_carea' id='block_1_107' title="bbox 2161 4559 3747 4639">
    <p class='ocr_par' dir='ltr' id='par_1_107' title="bbox 2161 4559 3747 4639">
     <span class='ocr_line' id='line_1_110' title="bbox 2161 4559 3747 4639; baseline -0.003 -17"><span class='ocrx_word' id='word_1_812' title='bbox 2161 4559 2275 4639; x_wconf 86' lang='grc'>(47)</span> <span class='ocrx_word' id='word_1_813' title='bbox 2306 4568 2369 4639; x_wconf 88' lang='lat' dir='ltr'><strong>In</strong></span> <span class='ocrx_word' id='word_1_814' title='bbox 2401 4566 2491 4622; x_wconf 91' lang='lat' dir='ltr'><strong>his</strong></span> <span class='ocrx_word' id='word_1_815' title='bbox 2524 4570 2582 4622; x_wconf 92' lang='lat' dir='ltr'><strong>et</strong></span> <span class='ocrx_word' id='word_1_816' title='bbox 2612 4566 2995 4636; x_wconf 90' lang='lat' dir='ltr'><strong>sequentibus</strong></span> <span class='ocrx_word' id='word_1_817' title='bbox 3033 4564 3367 4620; x_wconf 89' lang='lat' dir='ltr'><strong>conferatur</strong></span> <span class='ocrx_word' id='word_1_818' title='bbox 3390 4560 3609 4619; x_wconf 82' lang='lat' dir='ltr'><strong>tabella</strong></span> <span class='ocrx_word' id='word_1_819' title='bbox 3634 4559 3747 4619; x_wconf 91' lang='lat' dir='ltr'><strong>col.</strong></span> 
     </span>
    </p>
   </div>
   <div class='ocr_carea' id='block_1_108' title="bbox 2089 4638 2648 4783">
    <p class='ocr_par' dir='ltr' id='par_1_108' title="bbox 2089 4638 2648 4783">
     <span class='ocr_line' id='line_1_111' title="bbox 2089 4638 2373 4704; baseline -0.011 -9"><span class='ocrx_word' id='word_1_820' title='bbox 2089 4638 2218 4704; x_wconf 90' lang='lat'>667,</span> <span class='ocrx_word' id='word_1_821' title='bbox 2247 4638 2373 4693; x_wconf 89' lang='lat'>668.</span> 
     </span>
     <span class='ocr_line' id='line_1_112' title="bbox 2164 4710 2648 4783; baseline -0.008 -17"><span class='ocrx_word' id='word_1_822' title='bbox 2164 4710 2279 4783; x_wconf 84' lang='grc'>(48)</span> <span class='ocrx_word' id='word_1_823' title='bbox 2311 4710 2648 4765; x_wconf 87' lang='lat' dir='ltr'><strong>Paramese.</strong></span> 
     </span>
    </p>
   </div>
   <div class='ocr_carea' id='block_1_109' title="bbox 2256 4427 2275 4639">
    <p class='ocr_par' dir='ltr' id='par_1_109' title="bbox 2256 4427 2275 4639">
     <span class='ocr_line' id='line_1_113' title="bbox 2256 4427 2275 4639; baseline 0 0"><span class='ocrx_word' id='word_1_824' title='bbox 2256 4427 2275 4639; x_wconf 68' lang='grc' dir='ltr'>ἒ</span> 
     </span>
    </p>
   </div>
   <div class='ocr_carea' id='block_1_110' title="bbox 2152 4917 3751 4987">
    <p class='ocr_par' dir='ltr' id='par_1_110' title="bbox 2152 4917 3751 4987">
     <span class='ocr_line' id='line_1_114' title="bbox 2152 4917 3751 4987; baseline -0.004 -15"><span class='ocrx_word' id='word_1_825' title='bbox 2152 4922 2230 4987; x_wconf 76' lang='grc' dir='ltr'>(ίῖ)</span> <span class='ocrx_word' id='word_1_826' title='bbox 2261 4920 2486 4987; x_wconf 76' lang='lat' dir='ltr'><strong>minoris</strong></span> <span class='ocrx_word' id='word_1_827' title='bbox 2504 4918 2695 4987; x_wconf 67' lang='lat' dir='ltr'><strong>ﬁstulae</strong></span> <span class='ocrx_word' id='word_1_828' title='bbox 2724 4921 2845 4970; x_wconf 89' lang='lat'><strong>2304</strong></span> <span class='ocrx_word' id='word_1_829' title='bbox 2875 4918 3115 4982; x_wconf 89' lang='lat' dir='ltr'><strong>duplum.</strong></span> <span class='ocrx_word' id='word_1_830' title='bbox 3622 4917 3751 4987; x_wconf 61' lang='lat' dir='ltr'><strong>460g</strong></span> 
     </span>
    </p>
   </div>
   <div class='ocr_carea' id='block_1_111' title="bbox 2342 4978 3753 5046">
    <p class='ocr_par' dir='ltr' id='par_1_111' title="bbox 2342 4978 3753 5046">
     <span class='ocr_line' id='line_1_115' title="bbox 2342 4978 3753 5046; baseline -0.004 -13"><span class='ocrx_word' id='word_1_831' title='bbox 2342 4982 2461 5046; x_wconf 85' lang='lat' dir='ltr'><strong>ejus</strong></span> <span class='ocrx_word' id='word_1_832' title='bbox 2491 4985 2698 5032; x_wconf 82' lang='lat' dir='ltr'><strong>octava.</strong></span> <span class='ocrx_word' id='word_1_833' title='bbox 2951 4978 2969 4982; x_wconf 71' lang='grc'><strong><em>“</em></strong></span> <span class='ocrx_word' id='word_1_834' title='bbox 3657 4978 3753 5027; x_wconf 81' lang='grc'>288</span> 
     </span>
    </p>
   </div>
   <div class='ocr_carea' id='block_1_112' title="bbox 2142 5050 3751 5126">
    <p class='ocr_par' dir='ltr' id='par_1_112' title="bbox 2142 5050 3751 5126">
     <span class='ocr_line' id='line_1_116' title="bbox 2142 5050 3751 5126; baseline 0 0"><span class='ocrx_word' id='word_1_835' title='bbox 2142 5074 2167 5126; x_wconf 91' lang='grc'><strong>·.</strong></span> <span class='ocrx_word' id='word_1_836' title='bbox 2206 5053 2595 5126; x_wconf 65' lang='grc' dir='ltr'><strong>.Ῑ⁴’·.ἀί⁸Ρ³³,9¹ἓ</strong></span> <span class='ocrx_word' id='word_1_837' title='bbox 2628 5051 2696 5126; x_wconf 67' lang='lat' dir='ltr'><strong>9d</strong></span> <span class='ocrx_word' id='word_1_838' title='bbox 2722 5051 2835 5126; x_wconf 61' lang='grc' dir='ltr'><strong>ξε-.</strong></span> <span class='ocrx_word' id='word_1_839' title='bbox 2876 5114 2886 5126; x_wconf 95' lang='grc'><em>.</em></span> <span class='ocrx_word' id='word_1_840' title='bbox 2930 5113 2939 5122; x_wconf 92' lang='grc'>.</span> <span class='ocrx_word' id='word_1_841' title='bbox 2981 5112 2994 5126; x_wconf 86' lang='grc'><em>.</em></span> <span class='ocrx_word' id='word_1_842' title='bbox 3529 5105 3532 5108; x_wconf 58' lang='grc' dir='ltr'><strong>ρ</strong></span> <span class='ocrx_word' id='word_1_843' title='bbox 3621 5050 3751 5126; x_wconf 57' lang='grc' dir='ltr'><strong>ἐξίῗέ</strong></span> 
     </span>
    </p>
   </div>
   <div class='ocr_carea' id='block_1_113' title="bbox 2153 5112 3745 5188">
    <p class='ocr_par' dir='ltr' id='par_1_113' title="bbox 2153 5112 3745 5188">
     <span class='ocr_line' id='line_1_117' title="bbox 2153 5112 3745 5188; baseline -0.006 -21"><span class='ocrx_word' id='word_1_844' title='bbox 2153 5116 2221 5181; x_wconf 74' lang='grc' dir='ltr'>(ε)</span> <span class='ocrx_word' id='word_1_845' title='bbox 2252 5112 2477 5188; x_wconf 74' lang='lat' dir='ltr'><strong>minoris</strong></span> <span class='ocrx_word' id='word_1_846' title='bbox 2506 5112 2695 5188; x_wconf 39' lang='lat' dir='ltr'><strong>ﬁetu-lae</strong></span> <span class='ocrx_word' id='word_1_847' title='bbox 2721 5113 2843 5163; x_wconf 88' lang='lat'><strong>2304</strong></span> <span class='ocrx_word' id='word_1_848' title='bbox 2873 5112 3114 5176; x_wconf 87' lang='lat' dir='ltr'><strong>triplum.</strong></span> 
     </span>
    </p>
   </div>
   <div class='ocr_carea' id='block_1_114' title="bbox 2338 5174 3753 5312">
    <p class='ocr_par' dir='ltr' id='par_1_114' title="bbox 2338 5174 3753 5312">
     <span class='ocr_line' id='line_1_118' title="bbox 2338 5174 3753 5312; baseline -0.004 -23"><span class='ocrx_word' id='word_1_849' title='bbox 2338 5179 2881 5312; x_wconf 50' lang='grc' dir='ltr'><strong>ἓεῖἓνίὲιέῗὲῳεξᾲίε.</strong></span> <span class='ocrx_word' id='word_1_850' title='bbox 2909 5311 2912 5312; x_wconf 12' lang='grc' dir='ltr'><em>ν</em></span> <span class='ocrx_word' id='word_1_851' title='bbox 2929 5302 2940 5312; x_wconf 36' lang='grc' dir='ltr'><strong><em>ι</em></strong></span> 
     </span>
    </p>
   </div>
   <div class='ocr_carea' id='block_1_115' title="bbox 2336 5297 3747 5366">
    <p class='ocr_par' dir='ltr' id='par_1_115' title="bbox 2336 5297 3747 5366">
     <span class='ocr_line' id='line_1_119' title="bbox 2336 5297 3747 5366; baseline -0.004 -16"><span class='ocrx_word' id='word_1_852' title='bbox 2336 5301 2501 5366; x_wconf 87' lang='lat' dir='ltr'><strong>hujus</strong></span> <span class='ocrx_word' id='word_1_853' title='bbox 2529 5299 2833 5351; x_wconf 82' lang='lat' dir='ltr'><strong>medietatis</strong></span> <span class='ocrx_word' id='word_1_854' title='bbox 2861 5302 3067 5350; x_wconf 82' lang='lat' dir='ltr'><strong>octava.</strong></span> <span class='ocrx_word' id='word_1_855' title='bbox 3687 5297 3747 5346; x_wconf 89' lang='grc'>18</span> 
     </span>
    </p>
   </div>
   <div class='ocr_carea' id='block_1_116' title="bbox 2338 5376 3746 5443">
    <p class='ocr_par' dir='ltr' id='par_1_116' title="bbox 2338 5376 3746 5443">
     <span class='ocr_line' id='line_1_120' title="bbox 2338 5376 3746 5443; baseline -0.005 -12"><span class='ocrx_word' id='word_1_856' title='bbox 2338 5382 2395 5431; x_wconf 87' lang='grc' dir='ltr'><strong>Β.</strong></span> <span class='ocrx_word' id='word_1_857' title='bbox 2426 5381 2684 5443; x_wconf 81' lang='lat' dir='ltr'><strong>diapason</strong></span> <span class='ocrx_word' id='word_1_858' title='bbox 2713 5382 2767 5429; x_wconf 82' lang='lat' dir='ltr'><strong>et</strong></span> <span class='ocrx_word' id='word_1_859' title='bbox 2792 5377 3043 5443; x_wconf 77' lang='lat' dir='ltr'><strong>diapente</strong></span> <span class='ocrx_word' id='word_1_860' title='bbox 3074 5377 3226 5443; x_wconf 82' lang='lat' dir='ltr'><strong>adF.</strong></span> <span class='ocrx_word' id='word_1_861' title='bbox 3619 5376 3746 5443; x_wconf 62' lang='lat'>1660</span> 
     </span>
    </p>
   </div>
   <div class='ocr_carea' id='block_1_117' title="bbox 2155 5438 3748 5508">
    <p class='ocr_par' dir='ltr' id='par_1_117' title="bbox 2155 5438 3748 5508">
     <span class='ocr_line' id='line_1_121' title="bbox 2155 5438 3748 5508; baseline -0.009 -12"><span class='ocrx_word' id='word_1_862' title='bbox 2155 5444 2229 5508; x_wconf 83' lang='lat' dir='ltr'><strong>(f)</strong></span> <span class='ocrx_word' id='word_1_863' title='bbox 2259 5443 2483 5508; x_wconf 85' lang='lat' dir='ltr'><strong>minoris</strong></span> <span class='ocrx_word' id='word_1_864' title='bbox 2510 5438 2703 5492; x_wconf 70' lang='lat' dir='ltr'><strong>ﬁstulis</strong></span> <span class='ocrx_word' id='word_1_865' title='bbox 2732 5444 2855 5508; x_wconf 84' lang='lat'><strong>2304</strong></span> <span class='ocrx_word' id='word_1_866' title='bbox 2881 5438 3275 5505; x_wconf 63' lang='lat' dir='ltr'><strong>&#39;quadruplum.</strong></span> <span class='ocrx_word' id='word_1_867' title='bbox 3620 5438 3748 5508; x_wconf 57' lang='grc'>0218</span> 
     </span>
    </p>
   </div>
   <div class='ocr_carea' id='block_1_118' title="bbox 2344 5500 3749 5570">
    <p class='ocr_par' dir='ltr' id='par_1_118' title="bbox 2344 5500 3749 5570">
     <span class='ocr_line' id='line_1_122' title="bbox 2344 5500 3749 5570; baseline -0.006 -14"><span class='ocrx_word' id='word_1_868' title='bbox 2344 5507 2460 5570; x_wconf 87' lang='lat' dir='ltr'><strong>ejus</strong></span> <span class='ocrx_word' id='word_1_869' title='bbox 2488 5507 2722 5568; x_wconf 86' lang='lat' dir='ltr'><strong>quatuor</strong></span> <span class='ocrx_word' id='word_1_870' title='bbox 2749 5500 2967 5555; x_wconf 66' lang='lat' dir='ltr'><strong>octavis.</strong></span> <span class='ocrx_word' id='word_1_871' title='bbox 3106 5500 3125 5505; x_wconf 83' lang='grc'><strong>’</strong></span> <span class='ocrx_word' id='word_1_872' title='bbox 3624 5500 3749 5570; x_wconf 59' lang='grc'>1182</span> 
     </span>
    </p>
   </div>
   <div class='ocr_carea' id='block_1_119' title="bbox 2343 5563 3748 5618">
    <p class='ocr_par' dir='ltr' id='par_1_119' title="bbox 2343 5563 3748 5618">
     <span class='ocr_line' id='line_1_123' title="bbox 2343 5563 3748 5618; baseline -0.005 0"><span class='ocrx_word' id='word_1_873' title='bbox 2343 5563 2541 5618; x_wconf 67' lang='grc' dir='ltr'><strong>οὶῐανὰξ</strong></span> <span class='ocrx_word' id='word_1_874' title='bbox 2572 5571 2774 5617; x_wconf 83' lang='lat' dir='ltr'><strong>octava.</strong></span> <span class='ocrx_word' id='word_1_875' title='bbox 3682 5563 3748 5611; x_wconf 85' lang='lat'>36</span> 
     </span>
    </p>
   </div>
   <div class='ocr_carea' id='block_1_120' title="bbox 2337 5641 3746 5710">
    <p class='ocr_par' dir='ltr' id='par_1_120' title="bbox 2337 5641 3746 5710">
     <span class='ocr_line' id='line_1_124' title="bbox 2337 5641 3746 5710; baseline -0.005 -12"><span class='ocrx_word' id='word_1_876' title='bbox 2337 5648 2393 5698; x_wconf 80' lang='grc'><strong>1³³.</strong></span> <span class='ocrx_word' id='word_1_877' title='bbox 2421 5647 2503 5698; x_wconf 88' lang='lat' dir='ltr'><strong>bis</strong></span> <span class='ocrx_word' id='word_1_878' title='bbox 2531 5645 2792 5710; x_wconf 81' lang='lat' dir='ltr'><strong>diapason</strong></span> <span class='ocrx_word' id='word_1_879' title='bbox 2821 5644 2889 5696; x_wconf 92' lang='lat' dir='ltr'><strong>ad</strong></span> <span class='ocrx_word' id='word_1_880' title='bbox 2918 5646 2974 5697; x_wconf 86' lang='lat' dir='ltr'><strong>F.</strong></span> <span class='ocrx_word' id='word_1_881' title='bbox 3596 5641 3746 5692; x_wconf 77' lang='lat'><strong>10404</strong></span> 
     </span>
    </p>
   </div>
  </div>
