3984 6166
361 279 436 339 67
442 281 478 339 5

1113 269 1428 364 SEC._XI
1471 270 1701 334 AUCT.
1749 270 2063 332 INCERTI
2109 267 2298 330 ANNI
2342 266 2440 330 ET
2486 268 2782 330 sempr.
2824 223 3052 324 4mm.

3657 266 3803 328 6’16

362 411 521 468 stitio
569 406 880 481 tripartito,
914 410 970 460 et
1019 408 1228 477 quarta
1275 403 1474 458 addita
1517 401 1673 458 linea
1720 403 1896 458 ducta
1942 402 2002 458 E.
2037 409 2086 470 Α
2121 400 2366 456 dimidio
2399 400 2498 456 sed
2527 399 2863 472 imperfecto
2893 403 3030 454 tono
3074 399 3325 470 (semum
3375 393 3532 454 enim
3581 398 3800 456 Grece

362 501 644 574 signetur.
681 502 825 552 Item
857 512 892 551 a
919 495 986 550 T.
1025 509 1207 566 usque
1238 493 1308 547 ad
1359 493 1418 547 E.
1452 491 1767 564 epiphania
1806 492 1865 545 in
1896 490 2010 545 tria

362 591 678 661 disparata,
711 590 770 642 et
790 587 996 657 quarta
1027 580 1473 655 superapposita
1502 580 1657 636 linea
1686 581 2006 636 B.notetur.

361 678 442 734 De
473 676 610 732 hinc
641 692 674 730 a
701 675 769 730 Τ.
801 688 988 744 usque
1019 672 1092 726 ad
1129 669 1498 726 D.interva1lo
1529 667 1591 724 in
1623 673 1876 740 quatuor
1894 667 2010 724 dis-

361 767 572 839 sipato,
605 762 705 820 ubi
751 762 924 819 tertia
978 758 1250 816 ceciderit
1300 758 1456 815 linea
1512 759 1579 815 G.
1633 757 2006 814 inscribatur.

360 855 587 911 Rursus
616 871 651 909 a
679 853 746 910 T.
777 867 964 922 usque
994 850 1067 905 ad
1095 852 1162 904 G.
1195 847 1473 922 bipartita
1502 846 1809 919 superﬁcie
1838 844 2011 902 tertia

361 941 842 1018 adjungatur,ubi
874 944 932 994 Ο.
965 936 1403 1010 apponatur.De
1435 934 1571 989 hinc
1601 950 1635 990 a
1657 934 1916 1004 T.usque
1935 931 2006 986 ad

360 1036 421 1092 C.
451 1031 819 1091 intervallum
852 1026 1371 1100 quadripartiatur,
1401 1027 1457 1079 et
1483 1023 1656 1078 tertia
1684 1021 1917 1094 signata
1945 1020 2006 1075 F.

360 1127 706 1198 apponatur.
739 1120 832 1176 Sic
862 1115 1230 1174 Diatonicum
1256 1117 1543 1170 exaratur.

430 1215 483 1269 3.
514 1215 592 1270 De
618 1210 754 1267 hinc
781 1209 971 1273 linere,
999 1222 1125 1277 quae
1160 1209 1216 1260 Β.
1249 1207 1307 1259 et
1336 1202 1396 1257 Ο.
1430 1205 1708 1258 notantur
1745 1201 1805 1254 in
1839 1200 2008 1255 chro-

360 1303 642 1361 maticum
673 1301 986 1361 ducantur,
1019 1300 1075 1350 et
1105 1293 1361 1366 spatium
1395 1293 1546 1347 inter
1577 1292 1704 1345 D.et
1733 1290 1792 1344 E.
1819 1289 2010 1361 bipar-

357 1394 540 1450 tiatur
571 1408 584 1446 :
618 1394 674 1445 et
704 1393 854 1444 retro
883 1387 1038 1440 inter
1067 1384 1198 1439 D.et
1223 1380 1608 1437 C.medietate
1639 1377 2009 1451 posita,linea

359 1484 630 1539 ducatur.
663 1477 793 1534 Pari
827 1476 997 1531 modo
1027 1474 1091 1528 E.
1141 1478 1199 1527 et
1248 1472 1308 1526 F.
1361 1471 1670 1535 ducantur,
1724 1473 1780 1522 et
1809 1466 2004 1538 spatii,

360 1572 516 1644 quod
542 1574 627 1626 est
660 1568 812 1623 inter
841 1566 905 1621 Ο.
939 1568 994 1619 et
1020 1563 1084 1619 Il.
1121 1560 1428 1616 medietate
1459 1563 1632 1625 retro,
1665 1557 1818 1612 inter
1853 1557 1916 1611 G.
1950 1560 2007 1612 et

363 1661 422 1716 F.
457 1661 593 1714 data
642 1655 798 1711 linea
847 1652 1127 1708 trahatur.
1176 1653 1312 1704 Post
1360 1647 1424 1702 Il.
1473 1651 1530 1702 et
1576 1646 1620 1701 Ι.
1672 1649 1728 1700 et
1760 1646 1818 1700 L.
1853 1649 1918 1699 ut
1947 1645 2005 1699 in

361 1746 673 1814 diatonico,
706 1744 790 1798 sic
819 1747 875 1798 et
904 1742 961 1795 in
994 1741 1105 1795 isto
1139 1739 1387 1792 ducatur
1411 1752 1431 1839 ἐ
1464 1739 1522 1790 et
1551 1734 1915 1839 a‘b'H.us‘que
1931 1733 2003 1788 ad
2037 1775 2084 1839 B

361 1839 403 1893 Ι,
437 1837 592 1893 linea
621 1830 923 1889 divisionis
949 1830 1218 1894 ducatur,
1250 1829 1308 1881 et
1336 1825 1546 1879 subtus
1578 1823 1656 1878 M.
1689 1827 1746 1879 et
1787 1826 1854 1877 N.
1890 1827 2006 1877 tra-

360 1928 596 1983 bantur.
624 1924 765 1979 Item
792 1917 1194 1983 interstitium,
1228 1913 1381 1985 quod
1405 1912 1556 1967 inter
1575 1913 1641 1967 K.
1676 1916 1734 1966 et
1764 1911 1826 1965 L.
1859 1911 2004 1966 divi-

360 2019 552 2080 datur,
575 2018 631 2071 et
659 2017 811 2068 retro
839 2009 990 2064 inter
1021 2008 1080 2062 K.
1115 2009 1172 2060 et
1203 2005 1265 2058 L.
1301 2001 1552 2057 mediate
1574 2000 1763 2074 posita
1792 1999 2006 2055 lineam

357 2112 754 2163 transversam
785 2097 1077 2154 transiens
1101 2098 1351 2149 notetur.
1383 2090 1530 2145 Ilinc
1559 2089 1732 2162 spatii
1760 2090 1911 2144 inter
1940 2089 2003 2144 P.

359 2201 418 2253 et
473 2196 537 2250 L.
588 2190 870 2248 medietas
921 2187 1070 2242 inter
1119 2184 1158 2238 Ι.
1211 2187 1267 2238 et
1313 2186 1378 2235 K.
1429 2185 1698 2253 ponatur,
1755 2183 1812 2234 et
1854 2177 2009 2233 linea

360 2285 570 2341 subtus
601 2286 995 2338 transversam
1028 2275 1288 2329 ducatur.
1303 2271 1514 2326 Eodem
1548 2268 1720 2324 modo
1753 2268 1812 2322 P.
1856 2272 1913 2323 et
1940 2268 2002 2332 Ο.

359 2375 670 2439 ducantur,
701 2373 758 2424 et
787 2365 978 2423 medio
1011 2361 1328 2429 interstitii,
1362 2359 1516 2432 quod
1575 2358 1727 2413 inter
1764 2357 1831 2412 Β.
1864 2365 1914 2413 et
1948 2360 2003 2412 Β.

358 2467 510 2519 retro
540 2460 694 2516 inter
724 2458 790 2513 R.
823 2459 879 2511 et
909 2455 971 2518 Ο.
1003 2453 1138 2508 dato
1185 2449 1339 2505 linea
1387 2448 1657 2514 ducatur,
1690 2448 1747 2500 et
1800 2444 2008 2500 ultima

357 2553 413 2608 S.
451 2553 635 2606 tracta
684 2544 1110 2602 chromaticum
1159 2537 1540 2610 compleatur.
1575 2534 1794 2590 Deinde
1843 2534 1905 2588 B.
1946 2537 2004 2589 C.

359 2646 425 2696 ut
453 2640 513 2693 in
544 2635 833 2693 diatonico
873 2637 929 2688 et
969 2629 1346 2692 chromatico,
1380 2625 1463 2681 sic
1494 2629 1550 2679 et
1579 2623 1637 2678 in
1669 2623 2007 2678 enarmonio

359 2729 877 2792 ducantur,earum
907 2717 1284 2774 interstitium
1305 2713 1459 2768 linea
1477 2712 1670 2768 media
1691 2711 2002 2766 dividatur.

339 2817 588 2872 'Rursus
619 2814 680 2867 E.
716 2820 767 2867 et
795 2810 1166 2870 F.ducantur,
1199 2807 1256 2859 et
1285 2802 1344 2856 in
1376 2802 1522 2857 duas
1555 2801 1746 2856 dieses
1779 2800 2008 2855 semito-

359 2905 521 2960 nium
554 2902 884 2958 diducatur.
902 2900 1039 2951 Post
1059 2895 1311 2950 H.ducta
1340 2895 1396 2947 et
1428 2892 1492 2946 L.
1527 2890 1681 2945 linea
1706 2888 2006 2945 divisionis

360 2997 425 3049 ut
454 2992 513 3047 in
547 2990 678 3047 aliis
709 2989 780 3044 ad
830 2988 896 3042 Η.
931 2985 1002 3041 ad
1065 2985 1120 3038 l..
1154 2983 1423 3047 ducatur,
1473 2983 1529 3035 et
1576 2978 1726 3034 inler
1755 2983 1821 3032 II.
1857 2983 1914 3032 ct
1943 2979 2002 3032 L.

360 3082 552 3139 media
581 3083 850 3152 ponatur.
886 3075 980 3132 Sic
1012 3074 1122 3128 sub
1153 3076 1486 3126 transversa
1517 3068 1592 3123 M.
1628 3074 1682 3123 et
1715 3067 2004 3134 N.ductis,

359 3173 553 3230 media
581 3141 1031 3226 inseratur.Pari
1063 3163 1234 3218 modo
1267 3160 1324 3215 P.
1357 3159 1420 3223 Ο.
1454 3157 1511 3212 S.
1547 3158 1830 3225 tractis,et
1856 3157 2006 3212 inter
2036 3141 2078 3207 C

359 3263 420 3318 P.
480 3265 538 3317 et
590 3263 654 3326 Ο.
702 3255 895 3313 media
945 3254 1136 3326 posita
1178 3248 1585 3306 enarmonium
1626 3246 1882 3301 finiatur.
1915 3244 2006 3300 Sic

357 3349 718 3407 diatonicum
750 3361 852 3418 per
890 3349 1060 3398 tonos
1109 3345 1166 3396 et
1213 3337 1542 3403 semitonia,
1573 3335 2004 3392 Chromaticum

359 3457 462 3512 per
491 3434 889 3499 semitonium,
924 3429 1327 3494 semitonium,
1357 3432 1414 3482 et
1460 3424 1885 3480 triemitonium
1917 3423 2004 3477 in-

359 3519 1196 3599 compositum,Enarmonium
1228 3533 1360 3572 vero
1385 3531 1486 3587 per
1504 3513 1693 3568 diesin
1717 3517 1772 3568 et
1793 3512 2005 3577 diesin,

325 3683 328 3685 Α
357 3615 416 3670 id
449 3619 556 3681 est,
581 3611 894 3666 dimidium
925 3606 1299 3662 semitonium
1321 3609 1380 3659 et
1409 3603 1674 3658 ditonum
1708 3601 2006 3673 incompo-

361 3705 539 3759 situm
573 3701 864 3756 exaratur.

428 3791 482 3847 Δ.
516 3789 628 3845 Sed
661 3786 939 3858 quoniam
984 3780 1361 3838 mensurandi
1406 3777 1669 3851 regulam
1714 3776 2005 3842 dedimus,

359 3879 600 3936 nomina
629 3875 979 3933 chordarum
1005 3886 1294 3943 apponere
1321 3882 1748 3939 supervacuum
1773 3882 1889 3920 non
1908 3865 2006 3948 ju-

357 3969 644 4025 dicamus.
680 3964 876 4020 Prima
905 3961 1239 4035 igitur,qua3
1270 3955 1574 4013 A.titulata
1601 3952 2006 4027 est,proslam-

356 4061 718 4115 banomenos
747 4053 982 4119 dicitur,
1021 4055 1080 4104 Β.
1116 4049 1325 4122 hypate
1358 4046 1634 4119 hypaton,
1686 4048 1745 4099 C.
1796 4042 2005 4114 parhy-

357 4154 490 4220 pate
521 4143 872 4219 hypaton,D.
902 4139 1181 4212 lychanos
1210 4134 2004 4210 hypaton,E.hypatemeson,

356 4237 416 4291 F.
455 4235 1002 4308 parhypatemeson,
1032 4227 1100 4284 G.
1136 4226 1645 4299 lychanosmeson,
1669 4223 1924 4285 H.mese,
1959 4225 2002 4274 Ι.

357 4324 492 4379 trite
520 4335 963 4394 synemmenon,
1011 4317 1075 4371 K.
1129 4319 1405 4387 paranete
1454 4326 1896 4384 synemmenon,
1940 4309 2003 4363 L.

358 4416 490 4468 nete
521 4423 965 4481 synemmenon,
998 4405 1074 4459 M.
1119 4418 1442 4475 paramese,
1471 4400 1538 4455 N.
1574 4399 1706 4455 trite
1738 4399 2016 4469 diezeug:

2119 497 2530 569 imperfectum
2557 497 2780 569 dicunt)
2811 502 2869 553 et
2904 497 3136 552 duobus
3181 495 3336 552 tonis
3384 495 3798 568 complentur.

2117 591 2341 642 Tenum
2373 603 2508 642 vero
2539 585 2792 642 dicimus
2819 585 3286 657 sesquioctavam
3313 584 3795 658 proportionem,

2119 690 2294 746 quem
2325 675 2503 730 etiam
2531 675 2862 748 epogdoum
2881 678 3110 731 vocant.
3144 674 3290 729 Nam
3321 673 3370 729 si
3400 690 3435 729 a
3477 674 3544 728 T.
3579 689 3795 746 usque

2119 764 2190 819 ad
2223 764 2280 819 S.
2313 763 2374 819 in
2407 767 2535 819 octo
2577 763 2872 836 partiaris,
2922 767 2979 818 et
3025 779 3242 818 nonam
3296 761 3787 834 superadjiceris,

2117 856 2322 908 tonum
2351 852 2503 907 inter
2530 853 2588 908 S.
2621 855 2680 907 et
2727 851 2795 906 R.
2845 855 2901 906 te
2949 851 3243 907 invenisse
3291 850 3514 906 videbis
3545 867 3559 906 :
3590 853 3650 907 et
3690 850 3791 906 sic

2119 941 2375 1013 spatium
2407 958 2441 996 a
2469 941 2534 996 T.
2569 957 2756 1012 usque
2788 940 2859 996 ad
2906 939 2975 996 R.
3021 937 3390 996 intervallum
3422 955 3456 994 a
3482 939 3548 994 Τ.
3581 955 3788 1010 usque

2119 1030 2192 1084 ad
2222 1029 2282 1085 S.
2304 1033 2579 1100 totum,et
2608 1029 2849 1101 insuper
2877 1029 3005 1099 ejus
3038 1033 3300 1084 octavam
3331 1027 3685 1084 continebit:
3709 1032 3788 1083 ut

2117 1116 2167 1173 si
2198 1133 2401 1173 novem
2453 1117 2749 1172 octonario
2778 1116 3115 1180 contuleris,
3149 1133 3284 1172 eum
3332 1120 3522 1171 totum
3551 1119 3609 1171 et
3635 1116 3780 1186 ejus

2117 1205 2374 1261 continet
2402 1210 2688 1271 octavam,
2722 1204 2990 1260 videlicet
3021 1203 3328 1260 unitatem.
3354 1204 3449 1260 Sic
3478 1208 3676 1270 tonus,
3704 1209 3776 1258 ut

2117 1294 2463 1367 simpliciter
2492 1300 2548 1350 et
2573 1294 2823 1350 breviter
2852 1293 3240 1362 describatur,
3271 1292 3331 1348 in
3361 1293 3776 1365 sesquioctava

2116 1384 2488 1456 proportione
2537 1382 2846 1438 invenitur.
2882 1381 3277 1436 Tetrachorda
3317 1381 3498 1453 igitur
3537 1381 3774 1438 duobus

2116 1472 2269 1527 tonis
2299 1477 2357 1527 et
2387 1472 2698 1528 semitonio
2729 1470 3128 1542 complentur;
3159 1475 3216 1526 et
3245 1470 3382 1525 inde
3409 1469 3769 1525 vocabulum

2115 1561 2539 1633 trahunt,quod
2574 1562 2683 1616 sub
2715 1565 2968 1632 quatuor
2998 1559 3192 1614 nervis
3222 1558 3310 1614 vel
3340 1558 3564 1615 voculis
3589 1560 3774 1614 conti-

2117 1650 2616 1714 nentur.Quorum
2651 1649 2908 1720 primum
2929 1653 3017 1703 est
3042 1648 3082 1702 Β
3105 1649 3143 1703 C
3169 1653 3210 1702 D
3231 1648 3455 1719 E.quod
3487 1647 3765 1720 hypaton,

2115 1738 2172 1792 id
2220 1743 2328 1802 est,
2377 1736 2697 1809 principale
2755 1737 2988 1802 dicitur,
3049 1736 3203 1808 quod
3265 1737 3522 1808 primum
3571 1735 3767 1792 locum

2116 1827 2348 1900 hypatis
2379 1837 2638 1898 occupet,
2661 1831 2718 1880 et
2749 1825 2972 1881 caeteris
3003 1825 3238 1897 gravius
3267 1829 3326 1880 et
3352 1824 3647 1881 morosius
3677 1841 3768 1881 so-

2116 1921 2232 1972 net.
2266 1916 2600 1972 Secundum
2634 1931 2764 1970 vero
2797 1919 2886 1970 est
2914 1915 2954 1970 E
2988 1915 3028 1969 F
3061 1914 3108 1968 G
3137 1919 3206 1968 Η.
3241 1914 3395 1986 quod
3429 1930 3652 1982 meson,
3707 1915 3767 1969 id

2115 2008 2224 2072 est,
2256 2003 2516 2060 medium
2549 2003 3097 2076 nuncupatur.Nam
3131 2001 3265 2057 hinc
3294 2001 3562 2074 illi,quod
3587 2001 3768 2076 hypa-

2115 2098 2216 2149 ton
2272 2093 2548 2160 diximus,
2611 2091 3014 2165 conjungitur;
3070 2090 3206 2146 hinc
3260 2107 3394 2147 vero
3443 2090 3548 2156 illi,
3609 2092 3769 2164 quod

2116 2197 2536 2252 synemmenon
2567 2179 3566 2253 dicitur,copulatur.Synemmenon
3583 2180 3766 2248 enim,

2116 2270 2173 2325 id
2204 2275 2313 2336 est,
2344 2270 2744 2341 conjunctum,
2779 2269 2888 2324 sub
2920 2268 2964 2323 H
2999 2267 3020 2322 Ι
3052 2268 3098 2323 Κ
3125 2268 3527 2323 L.continetur
3557 2284 3570 2322 :
3605 2267 3768 2339 quod

2114 2359 2330 2414 idcirco
2361 2359 2445 2415 sic
2474 2363 2734 2426 vocatur,
2767 2357 2922 2429 quod
2977 2357 3172 2412 medio
3219 2357 3640 2429 conjungatur;
3689 2357 3769 2412 ad

2119 2448 2506 2504 differentiam
2538 2446 2761 2503 scilicet
2793 2445 2984 2517 quarti
3018 2445 3072 2500 M
3097 2445 3144 2500 N
3175 2445 3218 2500 Ο
3249 2445 3472 2517 P.quod
3503 2444 3775 2518 diezeug-

2116 2553 2349 2606 menon,
2374 2537 2430 2591 id
2463 2540 2550 2591 est
2580 2535 2942 2607 disjunctum
2977 2533 3328 2607 appellatur,
3355 2535 3494 2606 quia
3513 2537 3651 2590 tono
3673 2534 3770 2590 in-

2115 2627 2352 2695 teriecto
2383 2642 2415 2680 a
2449 2625 2639 2680 medio
2668 2624 3021 2696 disparatur.
3047 2623 3326 2687 Quintum
3359 2627 3576 2692 autem,
3608 2624 3773 2695 quod

2115 2717 2202 2769 est
2233 2717 2274 2768 Ρ
2304 2715 2347 2778 Q
2381 2714 2425 2769 Β
2455 2714 2513 2769 S.
2547 2710 2960 2784 hyperboleOn,
2995 2711 3053 2766 id
3079 2715 3188 2778 est,
3222 2709 3508 2767 excellens
3529 2711 3776 2779 dicitur,

2116 2803 2270 2874 quod
2304 2803 2360 2858 in
2395 2801 2755 2858 acutioribus
2797 2807 2852 2856 et
2882 2799 3096 2856 idcirco
3127 2799 3631 2856 excellentioribus
3663 2817 3776 2856 vo-

2116 2891 2284 2947 cibus
2313 2890 2659 2946 inveniatur.
2690 2891 2758 2944 Et
2786 2889 2910 2945 haec
2941 2889 3200 2960 quinque
3243 2888 3612 2944 tetrachorda
3640 2887 3774 2960 pari

2117 2981 2290 3052 modo
2321 2979 2630 3036 semitonio
2662 2985 2720 3034 et
2749 2978 2979 3034 duobus
3011 2978 3166 3034 tonis
3197 2977 3610 3049 adimplentur.

2183 3068 2477 3136 6.Sed,his
2509 3068 2758 3123 breviter
2786 3067 3083 3136 1ibatis,ad
3109 3066 3552 3122 consonantiam
3573 3065 3775 3122 venia—

2117 3157 2670 3214 mus.Consonantia
2699 3159 2788 3212 est
2817 3155 3178 3212 diversarum
3211 3160 3421 3210 vocum
3449 3161 3774 3211 concentus

2117 3247 2371 3303 suaviter
2395 3251 2452 3302 et
2485 3245 2852 3302 uniformiter
2899 3245 3170 3300 accidens
3213 3243 3476 3312 auribus,
3508 3249 3574 3300 ut
3622 3243 3673 3298 si
3705 3243 3774 3300 in

2116 3338 2225 3393 lira
2253 3335 2338 3392 vel
2371 3334 2485 3390 alio
2516 3333 2712 3406 aliquo
2753 3333 2977 3388 musico
3023 3334 3416 3388 instrumento
3457 3331 3777 3406 diligenter

2116 3424 2302 3481 tensis
2331 3429 2388 3479 et
2414 3423 2674 3478 remissis
2703 3422 2918 3487 nervis,
2952 3422 3204 3494 primam
3245 3424 3302 3476 et
3333 3426 3626 3493 quartam,
3659 3437 3772 3476 seu

2116 3513 2366 3586 primam
2417 3517 2472 3566 et
2520 3511 2809 3582 quintam,
2842 3510 2928 3565 vel
2977 3511 3229 3583 primam
3278 3515 3539 3565 octavam
3585 3509 3773 3566 simul

2117 3602 2289 3658 ferias
2318 3617 2517 3656 vocem
2553 3618 2565 3657 :
2599 3616 2850 3672 quarum
2881 3601 3224 3672 prima,quar
3257 3604 3315 3656 et
3344 3599 3608 3665 minima,
3644 3599 3777 3655 dia-

2115 3697 2380 3747 tessaron
2439 3689 2681 3757 dicitur;
2733 3690 2992 3744 secunda
3037 3688 3327 3761 diapente,
3360 3694 3496 3744 tono
3529 3689 3722 3760 major
3753 3706 3770 3757 ;

2115 3779 2286 3835 tertia
2331 3795 2399 3834 ex
2444 3779 2536 3834 his
2585 3778 2818 3833 duabus
2859 3784 3161 3850 compacta
3207 3777 3520 3850 diapason;
3551 3782 3774 3849 quarta

2117 3867 2399 3940 diapason
2431 3872 2488 3922 et
2517 3866 2819 3938 diapente;
2853 3865 3173 3938 quintabis
3203 3865 3614 3940 diapason,vel
3645 3867 3779 3922 dis-

2116 3956 2650 4030 diapason.Quibus
2683 3956 2731 4012 si
2758 3957 3084 4012 secundum
3112 3955 3409 4012 Ptolomaei
3429 3955 3786 4012 rationabile

2107 4045 2396 4117 judicium
2430 4045 2711 4117 diapason
2735 4049 2790 4100 et
2817 4045 3182 4102 diatessaron
3205 4045 3578 4116 adjicias;sex
3598 4044 3785 4102 habe-

2115 4135 2207 4191 bis
2237 4134 2789 4191 consonantias.Sed
2823 4151 2956 4190 cum
2987 4134 3109 4190 haec
3139 4140 3196 4189 et
3227 4151 3438 4190 nomen
3455 4137 3523 4197 ,et
3551 4133 3777 4189 difﬁni-

2114 4225 2333 4280 tionem
2385 4222 2478 4279 sui
2521 4223 2750 4295 generis
2798 4223 3056 4295 recipiat,
3090 4240 3197 4278 cur
3227 4221 3590 4290 excludatur,
3624 4222 3778 4278 ratio

2117 4329 2231 4368 non
2265 4313 2701 4384 apportat.Nam
2735 4313 2782 4367 si
2815 4329 3002 4384 equus
3037 4316 3127 4368 est
3155 4311 3488 4368 substantia
3507 4311 3777 4367 animata

2115 4399 2432 4469 sensibilis,
2465 4417 2566 4474 pro
2615 4407 2771 4456 certo
2821 4402 3126 4473 speciebus
3167 4400 3432 4456 intererit
3461 4399 3770 4456 animalis:

358 4515 595 4563 menon,
648 4497 714 4552 Ο.
767 4499 1041 4566 paranete
1090 4492 1568 4562 diezeugmenon,
1614 4488 1674 4542 P.
1720 4491 1851 4542 nete
1883 4486 2005 4540 die-
2038 4509 2084 4574 Ι)
2115 4490 2269 4562 quod
2302 4490 2352 4545 si
2384 4490 2667 4562 diapason
2699 4494 2756 4546 et
2780 4490 3145 4546 diatessaron
3168 4495 3256 4545 est
3280 4488 3646 4545 diversarum
3677 4505 3776 4544 vo-

356 4601 740 4659 zeugmenon,
775 4585 838 4649 Ο.
875 4581 1009 4636 trite
1038 4578 1450 4652 hyperboleon,
1485 4577 1550 4632 R.
1585 4579 1858 4648 paranete
1901 4573 2004 4646 hy-

357 4673 691 4750 perboleon,
714 4677 769 4727 S.
806 4675 934 4725 nete
963 4667 1372 4742 hyperboleon.
1398 4667 1467 4721 Et
1497 4665 1618 4720 haec
1649 4668 1788 4720 sunt
1805 4679 2006 4719 earum

356 4764 809 4834 nomina,quaru
821 4776 874 4813 m
892 4759 1056 4813 invcn
1069 4757 1346 4812 tionisord
1359 4757 1508 4810 inem
1524 4751 2002 4809 etvocabulorum

355 4855 640 4911 rationem
668 4855 724 4907 et
745 4849 980 4905 Boetius
997 4848 1053 4902 in
1072 4845 1293 4901 Musiea
1315 4841 1654 4916 plenissime
1679 4841 2004 4913 exequitur.

356 4947 488 5010 Quae
519 4942 709 5007 nobis,
745 4938 1025 5011 quoniam
1051 4934 1318 4991 brevitati
1351 4933 1678 4998 studemus,
1710 4935 1767 4984 et
1798 4945 2004 5001 parum

356 5039 456 5090 aut
474 5030 618 5087 nihil
639 5027 910 5085 utilitatis
927 5021 1696 5096 alferunt,przetermittenda
1715 5019 2002 5082 videntur,

356 5126 422 5177 ut
452 5137 651 5177 eorum
686 5119 809 5174 loco
841 5117 1112 5172 dicantur
1141 5112 1398 5184 utiliora.
1430 5109 1722 5174 Quantum
1746 5107 1901 5163 enim
1932 5106 2004 5161 ad

356 5209 663 5264 utilitatem
698 5205 976 5275 attinet,si
1011 5203 1264 5275 primum
1298 5216 1538 5255 nervum
1570 5196 2006 5269 proslambano-

357 5314 561 5353 menos
589 5295 824 5360 dixeris,
860 5299 1088 5350 tantum
1119 5292 1165 5348 si
1193 5306 1328 5346 eum
1355 5285 2001 5350 A.nominaveris.0ua-

357 5401 443 5452 re,
474 5384 565 5439 his
597 5379 856 5450 emissis,
892 5381 1006 5436 alia
1037 5381 1361 5436 videamus.

424 5472 751 5544 5.0uinque
775 5467 1218 5526 tetrachorda‘in
1234 5463 1614 5522 monochordi
1636 5463 2004 5518 dimensione

357 5560 754 5632 inveniuntur,
787 5575 914 5638 qum
945 5558 1071 5635 pari
1094 5558 1265 5618 modo
1295 5553 1626 5626 semitonio,
1652 5553 1710 5611 id
1742 5557 1853 5624 est,
1887 5569 2002 5612 non

2116 4596 2250 4637 cum
2299 4585 2618 4634 concentus
2671 4578 2925 4634 suaviter
2972 4584 3030 4634 et
3081 4577 3452 4634 uniformiter
3498 4577 3774 4634 accidens

2119 4668 2383 4734 auribus,
2407 4669 2542 4738 jure
2575 4667 2981 4741 interponetur
3010 4668 3404 4724 consonantia
3437 4666 3772 4740 speciebus;

2103 4757 2214 4811 'sed
2249 4773 2375 4812 eam
2410 4755 2518 4812 hoc
2550 4773 2677 4812 esse
2709 4773 2880 4811 nemo
2914 4773 3122 4829 negare
3150 4755 3389 4827 poterit;
3423 4754 3601 4828 igitur
3631 4771 3774 4811 con-

2115 4845 2400 4900 sonantiis
2428 4845 2708 4900 intererit.
2741 4839 2932 4901 Prima
2974 4861 3132 4917 ergo,
3180 4861 3358 4916 quam
3405 4845 3770 4900 diatessaron

2114 4933 2458 5000 diximus,in
2491 4933 2864 5006 sesquitertia
2896 4934 3267 5007 proportione
3297 4933 3566 4990 consistit
3591 4950 3604 4988 :
3632 4937 3697 4988 ut
3721 4933 3770 4988 si

2115 5023 2367 5078 ternario
2399 5023 2733 5078 conferatur
2756 5024 3191 5094 quaternarius.
3233 5023 3514 5096 Diapente
3542 5039 3678 5078 vero
3711 5022 3770 5077 in

2115 5111 2532 5183 sesquialtera:
2558 5115 2623 5165 ut
2652 5110 2701 5166 si
2732 5112 3106 5183 quaternario
3128 5114 3459 5168 conferatur
3475 5111 3766 5167 senarius.

2113 5199 2404 5272 Diapason
2435 5199 2494 5254 in
2527 5199 2707 5272 dupla
2758 5217 2770 5254 :
2823 5205 2887 5256 ut
2931 5201 2980 5256 si
3017 5201 3287 5273 praedicto
3327 5201 3579 5257 ternario
3612 5200 3769 5256 idem

2113 5288 2698 5360 senarius.Diapason
2730 5294 2786 5344 et
2815 5290 3177 5345 diatessaron
3209 5290 3265 5344 in
3299 5288 3518 5362 duplici
3545 5287 3769 5360 sesqui-

2113 5375 2314 5445 tertia;
2346 5382 2410 5431 ut
2440 5377 2488 5432 si
2519 5377 2706 5434 eidem
2740 5379 2969 5434 senario
2995 5377 3688 5450 quatuordecim.Diapas
3702 5393 3768 5432 )n

2111 5469 2168 5522 et
2197 5465 2472 5538 diapente
2505 5467 2562 5521 in
2595 5466 2862 5540 triplazut
2891 5467 2939 5522 si
2971 5468 3282 5539 saepedicto
3308 5466 3770 5526 senariodecem

2110 5559 2168 5614 et
2198 5571 2431 5614 novem.
2465 5556 2563 5615 Bis
2593 5555 2874 5633 diapason
2905 5556 2964 5616 in
2999 5555 3330 5634 quadrupla
3361 5573 3374 5615 :
3414 5559 3476 5614 ut
3504 5551 3554 5614 si
3576 5553 3769 5617 eidem
