4000 6168
144 352 154 359 -
172 294 294 375 6'81

1479 296 1837 377 ANONYMI
1881 316 1933 376 11
1962 298 2294 379 ‘MUSICA.

3470 304 3590 380 682

180 445 482 518 Septimus
523 446 734 502 modus
784 445 1109 503 intenditur
1154 448 1227 503 ab
1260 448 1319 503 F.
1355 448 1423 502 ad
1458 449 1521 504 R.
1569 453 1828 505 rarenter
1856 449 1912 516 Α
1937 446 2037 520 qui
2069 430 2334 522 quamvis
2362 436 2629 507 eamdem
2659 455 2851 507 teneat
2872 452 3147 523 speciem,
3172 431 3461 507 diversam
3482 449 3588 506 ha-

181 538 379 591 autem
411 535 482 591 ad
515 535 574 592 S.
605 534 912 593 continens
934 537 1245 610 septimam
1269 536 1421 593 inter
1441 539 1506 592 G.
1533 540 1590 594 et
1611 538 1678 594 R.
1705 538 1828 595 dia-

175 639 363 696 pason
395 623 671 696 speciem,
707 641 886 697 supra
914 642 1047 682 vero
1080 629 1138 682 et
1167 626 1319 682 infra
1367 642 1586 683 vocem.
1638 628 1828 697 Hujus

173 714 385 769 cantus
415 712 705 785 principia
735 716 791 768 et
821 712 1230 770 distinctiones
1262 718 1400 769 sunt
1430 730 1529 770 sex
1560 714 1600 769 F
1629 714 1673 770 G
1705 715 1750 769 H
1774 715 1828 770 M

170 800 220 857 N
253 800 320 857 Ο.
354 800 602 858 Octavus
635 802 846 859 modus
873 803 1137 860 ascendit
1163 804 1233 859 ad
1266 802 1331 859 Ο.
1364 820 1494 859 raro
1527 808 1722 859 autem
1756 804 1827 859 ad

171 890 232 946 P.
266 889 579 963 possidens
611 893 883 963 quartam
914 909 948 948 a
972 893 1014 948 D
1033 892 1105 947 ad
1129 891 1193 947 Ο.
1220 892 1547 947 secundum
1567 892 1825 964 primum

170 978 525 1052 magistrum
552 978 835 1052 diapason
869 981 1138 1048 formam,
1169 997 1347 1053 supra
1369 997 1501 1036 vero
1524 980 1821 1037 chordam.

168 1066 319 1124 Huic
366 1068 437 1124 N.
489 1066 838 1125 Ptolomaeus
888 1069 1186 1125 annexuit.
1239 1069 1309 1125 Et
1357 1070 1496 1142 quia
1542 1069 1825 1142 diapason

168 1160 378 1214 octava
406 1156 597 1231 specie
625 1160 800 1227 caret,
832 1161 1104 1230 quartam
1153 1161 1218 1213 ut
1261 1158 1489 1231 primus
1535 1157 1823 1216 obtinuit:

1939 537 2037 594 bet
2066 538 2322 607 ﬁnalem,
2357 543 2415 594 et
2445 558 2560 597 non
2609 542 2875 598 eamdem
2924 541 2994 597 ad
3045 544 3127 619 (3.⁴
3159 539 3586 596 remissionem.

1938 628 2127 698 Hujus
2149 633 2359 684 cantus
2384 629 2552 684 initia
2572 635 2637 685 ut
2658 629 2906 687 aliorum
2930 629 3355 703 discipulorum
3380 626 3591 702 legalia

1939 720 2078 772 sunt
2108 722 2378 789 quatuor,
2409 719 2453 773 D
2484 719 2525 773 E
2559 720 2599 774 F
2628 718 2693 774 G.
2740 718 3143 776 distinctiones
3171 735 3294 788 sex,
3324 724 3369 773 D
3397 718 3443 773 E
3472 717 3513 774 F
3542 716 3590 773 G

1938 806 1983 861 H
2015 806 2071 861 M
2101 805 2188 862 vel
2228 808 2272 861 Ι.
2323 807 2391 861 Et
2432 807 2493 862 hi
2544 812 2682 864 sunt
2730 811 2976 880 quartus
3024 807 3305 880 magister
3344 807 3591 880 ejusque

1935 894 2281 967 discipulus.
2316 895 2374 950 Si
2408 895 2675 969 magistri
2704 902 2941 953 cantum
2962 898 3002 952 F
3019 896 3111 953 vel
3133 897 3198 952 G.
3221 895 3589 953 inchoaveris

1936 984 2009 1038 ad
2027 984 2090 1049 Q.
2111 983 2187 1039 sit
2206 983 2488 1040 minimus
2507 985 2717 1042 modus
2734 984 3101 1053 intensionis,
3135 984 3409 1057 discipuli
3428 1000 3583 1057 vero,

1936 1088 2125 1128 causa}
2160 1072 2508 1144 supradictae
2541 1074 2898 1143 differentiae,
2937 1074 3007 1131 ad
3034 1074 3075 1129 E
3107 1072 3493 1131 remissionis.

716 1420 1295 1530 ANONYMI
1365 1436 1452 1527 II
1525 1435 2246 1533 TRACTATUS
2323 1440 2488 1533 DE
2567 1439 3038 1536 MUSICA

236 1767 508 1839 Quinque
539 1768 679 1821 sunt
708 1765 1106 1821 consonantiae
1138 1764 1400 1836 musicae,
1421 1765 1819 1834 Diatessaron,
1848 1770 1897 1836 B
1927 1771 2046 1823 tres
2078 1767 2386 1824 continuos
2414 1772 2582 1824 tonos
2613 1773 2670 1825 et
2701 1768 3103 1824 semitonium.
3127 1766 3419 1839 Diapason
3445 1782 3587 1839 quo-

160 1870 294 1930 quee
326 1860 383 1914 et
415 1854 791 1927 sesquitertia
820 1854 1071 1909 dicitur:
1104 1854 1407 1927 Diapente,
1443 1872 1570 1927 qua:
1603 1859 1659 1911 et
1698 1871 1821 1911 ses-

157 1945 481 2019 quialtera:
516 1944 832 2016 Diapason,
858 1960 984 2015 quae
1007 1947 1064 1999 et
1087 1943 1267 2015 dupla
1286 1948 1527 2000 vocatur
1540 1944 1821 2017 Diapente

156 2042 218 2091 et
235 2035 549 2108 Diapason,
569 2050 697 2106 quae
714 2036 770 2087 et
783 2032 958 2104 tripla
976 2036 1379 2104 nuncupatur:
1401 2033 1497 2087 Bis
1516 2034 1818 2105 diapason,

156 2141 291 2196 quaa
323 2127 381 2180 et
409 2121 759 2195 quadrupla.
790 2122 945 2176 Duas
975 2121 1209 2188 harum,
1244 2122 1299 2176 id
1323 2126 1432 2188 est,
1457 2119 1819 2177 diatessaron

155 2217 219 2269 et
251 2213 522 2286 diapente
553 2211 611 2266 in
641 2210 1020 2282 frequentiori
1053 2227 1163 2266 usu
1194 2214 1497 2278 tenemus;
1534 2211 1725 2279 tertia,
1759 2210 1818 2266 id

154 2306 272 2369 est,
303 2301 589 2375 diapason
620 2316 751 2356 raro
783 2298 1027 2366 utimur,
1064 2303 1302 2355 caeteras
1323 2299 1382 2354 in
1404 2299 1620 2355 nostris
1641 2299 1822 2355 canti-

156 2392 313 2448 lenis
332 2406 451 2447 non
474 2389 843 2447 adhibemus.
867 2388 1237 2445 Diatessaron
1260 2388 1441 2461 igitur
1459 2405 1664 2443 vocum
1689 2388 1818 2459 qui-

154 2482 295 2537 dem
326 2483 416 2537 est
446 2482 725 2551 quatuor;
759 2477 899 2550 quia
924 2482 1178 2551 quatuor
1208 2477 1559 2533 chordarum
1580 2481 1690 2546 est,
1716 2479 1817 2534 sed

146 2565 813 2626 'tamenintervallorum
832 2566 1035 2623 trium:
1062 2570 1303 2623 Constat
1323 2583 1392 2622 ex
1412 2567 1644 2623 duobus
1662 2568 1818 2623 tonis

153 2664 213 2715 et
226 2656 542 2715 semitonio
556 2655 801 2713 minore.
830 2656 931 2712 Est
948 2659 1142 2712 autem
1161 2661 1337 2712 tonus
1360 2657 1512 2727 quod
1536 2661 1587 2711 el
1611 2672 1814 2725 sonus;

152 2747 540 2805 semitonium
570 2762 704 2802 vero
736 2750 826 2801 est
858 2747 1052 2817 majus
1079 2748 1136 2801 et
1169 2745 1385 2800 minus.
1429 2744 1813 2802 Semitonium

153 2839 358 2892 autem
373 2835 611 2899 dicitur,
627 2834 782 2907 quod
800 2851 915 2889 non
938 2832 1220 2889 dimidius
1238 2833 1314 2888 sit
1329 2838 1524 2902 tonus,
1550 2835 1651 2889 sed
1676 2833 1815 2905 quia

152 2941 275 2980 non
309 2923 386 2980 sit
416 2922 667 2996 perfecte
717 2928 911 2978 tonus.
963 2921 1244 2994 Diapente
1291 2922 1425 2977 vero
1469 2938 1677 2978 vocum
1727 2926 1817 2977 est

150 3013 440 3086 quinque,
474 3012 613 3086 quia
642 3012 903 3085 quinque
930 3011 1282 3068 chordarum
1322 3015 1429 3078 est,
1480 3011 1812 3066 intervallo-

151 3114 290 3158 rum
321 3105 592 3175 quatuor,
625 3100 763 3174 quia
787 3104 1016 3157 constat
1034 3100 1226 3156 tribus
1246 3099 1402 3156 tonis
1424 3103 1482 3154 et
1502 3099 1809 3155 semitonio
1840 3138 1883 3207 Ο

152 3191 404 3248 minore.
438 3188 726 3262 Diapason
759 3205 967 3244 rursus
996 3191 1225 3244 constat
1254 3205 1322 3244 ex
1352 3189 1715 3244 diatessaron
1753 3193 1811 3244 et

153 3282 453 3353 diapente,
485 3277 547 3334 id
577 3281 685 3346 est,
717 3293 787 3334 ex
816 3277 1075 3349 quinque
1106 3276 1258 3333 tonis
1288 3281 1346 3333 et
1367 3277 1599 3332 duobus
1628 3276 1809 3333 semis

153 3368 340 3426 toniis
370 3366 718 3438 mineribus,
752 3366 853 3439 qui
885 3383 1003 3422 non
1032 3365 1317 3439 impleant
1345 3370 1573 3422 tonum.

228 3457 328 3514 Hae
358 3457 540 3531 igitur
566 3460 686 3513 tres
711 3454 1061 3528 principales
1086 3455 1498 3526 consonantiae,
1522 3455 1807 3510 diatessa-

150 3564 260 3603 ron
292 3544 580 3612 videlicet,
624 3544 893 3616 diapente
943 3559 1009 3597 ac
1058 3542 1339 3614 diapason
1394 3544 1451 3596 in
1501 3544 1702 3597 decem
1752 3545 1808 3596 et

149 3641 287 3692 octo
317 3633 550 3691 chordis
580 3648 683 3705 per
700 3631 1072 3687 tetrachorda
1091 3634 1146 3686 et
1164 3630 1557 3702 pentachorda
1580 3634 1636 3686 et
1656 3635 1807 3685 octo-

150 3722 377 3781 chorda
404 3726 536 3795 apte
584 3721 1049 3793 distinguuntur.
1095 3719 1241 3774 Nam
1292 3735 1463 3775 omne
1510 3720 1664 3791 quod
1716 3721 1807 3776 est

148 3795 587 3871 tetrachordum
620 3814 854 3866 resonat
900 3808 1346 3865 consonantiam
1396 3808 1801 3877 diatessaron;

148 3907 295 3959 sunt
314 3902 471 3957 enim
494 3900 753 3973 quinque
775 3896 1118 3971 principalia
1142 3897 1527 3963 tetrachorda,
1548 3897 1803 3969 hypaton

146 3989 435 4057 videlicet,
497 4005 722 4055 meson,
786 4003 1248 4060 synemmenon,
1310 3986 1802 4058 diezeugmenon,

148 4078 544 4153 byperboleon
575 4094 587 4132 :
623 4094 749 4149 quae
800 4076 859 4131 in
914 4075 1206 4132 diatonico
1261 4091 1469 4149 genere
1517 4073 1804 4131 melorum

151 4170 433 4225 resonant
460 4165 906 4223 consonantiam
938 4164 1321 4221 diatessaron.
1347 4164 1481 4220 Tria
1510 4164 1804 4236 siquidem

152 4261 295 4313 sunt
322 4273 539 4329 genera
560 4255 871 4321 melorum,
899 4253 1176 4309 diatonon
1210 4253 1448 4320 scilicet,
1483 4254 1723 4309 chroma
1752 4256 1808 4309 et

152 4345 587 4413 enarmonium;
622 4343 722 4401 sed
754 4344 1033 4400 diatonon
1067 4342 1275 4399 durius
1293 4346 1350 4397 et
1372 4340 1698 4398 naturalius
1719 4346 1809 4398 est

154 4434 409 4490 caeteris:
446 4432 601 4489 unde
632 4432 801 4505 quasi
834 4430 1156 4504 repudiatis
1206 4429 1336 4485 aliis
1385 4429 1493 4485 hoc
1532 4430 1807 4486 usitatius

1933 1874 2043 1929 que
2060 1858 2443 1913 consonantia
2464 1857 2849 1929 distinguitur
2870 1872 2969 1929 per
2987 1862 3117 1913 octo
3138 1856 3408 1913 chordas.
3441 1855 3585 1913 Con-

1933 1949 2049 2001 stat
2078 1947 2257 2012 enim,
2279 1950 2343 2001 ut
2361 1946 2584 2002 dictum
2602 1950 2709 2016 est,
2735 1963 2803 2001 ex
2823 1946 3087 2019 quinque
3107 1945 3334 2002 toniset
3350 1944 3583 2001 duobus

1931 2034 2257 2091 semitoniis
2288 2036 2639 2103 minoribus,
2673 2035 2978 2092 continens
3009 2034 3276 2092 videlicet
3297 2033 3357 2089 in
3380 2050 3442 2090 se
3462 2033 3582 2090 dia-

1928 2127 2194 2179 tessaron
2225 2128 2282 2179 et
2312 2125 2605 2196 diapente.
2638 2124 2820 2180 Habet
2851 2129 3046 2181 autem
3076 2128 3134 2180 et
3180 2124 3309 2196 ipsa
3356 2124 3580 2196 species

1930 2217 2178 2284 septem,
2210 2229 2337 2284 quae
2369 2214 2646 2284 quoniam
2670 2214 2739 2269 in
2772 2230 2902 2269 raro
2926 2230 3037 2269 usu
3058 2212 3369 2280 habentur,
3393 2211 3579 2268 brevi-

1928 2300 2064 2356 tatis
2095 2316 2274 2358 causa
2299 2318 2333 2357 a
2362 2302 2533 2357 nobis
2572 2301 3112 2375 pretermittentur.

1999 2389 2475 2446 Nominaautem
2507 2390 2881 2459 chordarum,
2914 2391 2971 2446 in
3007 2390 3222 2462 quibus
3253 2389 3339 2445 hae
3371 2404 3576 2446 conso-

1929 2478 2143 2533 nantiae
2175 2479 2641 2551 distinguuntur,
2674 2479 2796 2535 hrec
2823 2483 2980 2535 sunt.
3010 2479 3204 2534 Prima
3250 2481 3309 2533 et
3355 2477 3578 2551 gravis-

1927 2565 2079 2621 sima
2090 2567 2355 2623 omnium
2369 2566 3340 2640 estproslambanomenos,duplici
3351 2567 3578 2623 ratione

1925 2654 2269 2722 immobilis,
2301 2656 2388 2711 vel
2422 2657 2560 2727 quia
2592 2655 2813 2712 scilicet
2839 2656 3291 2712 fundamentum
3316 2659 3405 2710 est
3437 2653 3579 2710 reli-

1925 2760 2176 2815 quarum
2208 2760 2438 2811 vocum,
2467 2744 2556 2800 vel
2587 2746 2727 2816 quia
2756 2745 2816 2800 in
2850 2745 3038 2801 tribus
3069 2743 3383 2818 generibus
3406 2742 3580 2799 melo-

1924 2849 2078 2899 rum,
2111 2833 2402 2889 diatonico
2436 2832 2725 2902 videlicet,
2761 2833 3116 2890 chromatico
3137 2836 3195 2889 et
3212 2832 3576 2900 enarmonio,

1922 2938 2065 2977 sono
2097 2926 2153 2977 et
2183 2923 2419 2978 nomine
2442 2926 2747 2994 permanet
2770 2922 3099 2978 uniformis.
3124 2923 3207 2978 Ad
3232 2936 3410 2994 quam
3432 2920 3579 2977 obti-

1923 3014 2020 3065 net
2048 3010 2167 3066 toni
2200 3012 2637 3083 proportionem
2669 3027 2922 3083 sequens
2953 3011 3169 3083 hypate
3199 3011 3479 3084 hypaton,
3518 3014 3577 3066 et

1922 3098 2050 3171 ipsa
2080 3099 2352 3155 similiter
2379 3098 2597 3171 duplici
2629 3116 2697 3155 ex
2726 3116 2904 3155 causa
2930 3098 3282 3155 immobilis:
3314 3098 3404 3154 vel
3435 3097 3577 3170 quia

1921 3186 2142 3244 scilicet
2172 3188 2233 3243 in
2266 3188 2454 3243 tribus
2484 3187 2797 3260 generibus
2823 3190 2914 3243 est
2943 3186 3290 3253 consimilis,
3321 3186 3409 3242 vel
3433 3186 3573 3259 quia

1918 3293 1952 3332 a
1983 3275 2174 3348 prima
2202 3278 2563 3348 praecedente
2590 3277 2662 3332 ad
2691 3276 2923 3332 tertiam
2947 3279 3290 3347 sequentem
3313 3273 3439 3330 sine
3460 3274 3570 3329 hac

1919 3381 2033 3421 non
2067 3368 2255 3438 potest
2302 3365 2594 3421 cantilena
2641 3365 2886 3431 intendi,
2940 3381 3128 3434 neque
3175 3381 3210 3417 a
3256 3363 3429 3418 tertia
3478 3379 3569 3419 se-

1919 3458 2131 3526 quente
2162 3454 2232 3508 ad
2266 3454 2516 3525 primam
2549 3453 2675 3509 sine
2704 3452 2813 3508 hac
2835 3450 3074 3508 remitti.
3097 3450 3294 3507 Tertia
3313 3465 3570 3523 namque
3630 3507 3639 3510 ,

1918 3559 2017 3613 seq
2029 3559 2173 3598 nens
2186 3546 2316 3613 post
2330 3541 2433 3597 has
2449 3545 2538 3597 est
2550 3541 2871 3614 parhypate
2892 3541 3168 3614 hypaton,
3186 3556 3291 3596 nec
3303 3540 3362 3596 in
3374 3542 3568 3596 totum

1917 3629 2171 3698 mobilis,
2206 3648 2311 3687 nec
2340 3631 2398 3685 in
2432 3634 2619 3686 totum
2650 3629 3003 3686 immobilis:
3036 3629 3256 3702 quiain
3279 3628 3569 3686 diatonico

1917 3720 2152 3791 quidem
2194 3724 2251 3775 et
2299 3719 2656 3775 chromatico
2705 3736 2914 3793 genere
2942 3718 3270 3777 uniformis
3300 3719 3572 3787 habetur,

1913 3808 1973 3863 in
2004 3808 2345 3864 enarmonio
2372 3825 2504 3865 vero
2529 3808 2805 3864 variatur.
2826 3809 2896 3864 Et
2924 3825 3131 3865 rursus
3161 3825 3195 3864 a
3215 3808 3575 3882 praecedente

1916 3898 2179 3953 secunda
2211 3899 2281 3952 ad
2311 3902 2653 3969 sequentem
2684 3901 2955 3969 quartam
2990 3898 3116 3953 sine
3147 3896 3254 3952 hac
3274 3896 3443 3952 tertia
3474 3913 3603 3973 po-i

1914 3990 2033 4041 test
2063 3993 2272 4042 cantus
2307 3988 2553 4054 intendi,
2602 3986 2753 4043 vela
2803 3990 3014 4059 quarta
3062 3988 3454 4056 consequente
3502 3984 3578 4040 ad

1915 4074 2238 4130 secundam
2272 4075 2693 4146 praecedentem
2726 4074 2964 4130 remitti.
2992 4074 3090 4128 Est
3112 4072 3309 4144 itaque
3336 4070 3579 4128 semito‘

1916 4163 1998 4218 nii
2040 4162 2192 4218 inter
2239 4164 2449 4236 hypate
2497 4164 2775 4236 hypaton,
2826 4165 2883 4218 et
2931 4161 3252 4234 parhypate
3291 4161 3574 4234 hypaton.

1920 4253 2058 4309 Post
2086 4252 2195 4309 has
2225 4253 2422 4326 itaque
2453 4252 2835 4325 consequitur
2860 4255 3072 4324 quarta
3089 4250 3372 4324 lychanos
3392 4250 3577 4323 hypa-

1917 4347 2018 4398 ton
2060 4343 2296 4399 mobilis
2346 4359 2450 4415 per
2498 4341 2719 4413 omnia,
2771 4341 2912 4415 quia
2957 4340 3227 4398 videlicet
3274 4341 3332 4396 in
3382 4339 3575 4396 tribus

1917 4431 2232 4504 generibus
2261 4433 2541 4499 variatur,
2573 4435 2630 4489 et
2659 4432 2730 4488 ab
2754 4430 3128 4488 inferioribus
3150 4431 3223 4486 ad
3245 4429 3569 4503 superiora,

160 4525 429 4581 habetur.
467 4504 690 4579 Dicitur
722 4525 915 4578 autem
965 4518 1290 4587 diatonum,
1343 4519 1497 4590 quod
1552 4518 1610 4572 in
1654 4520 1813 4575 omni
1845 4504 1891 4569 Ι)
1922 4520 2009 4575 vel
2039 4538 2067 4576 a
2102 4521 2503 4592 superioribus
2532 4522 2604 4576 ad
2635 4521 2911 4578 inferiora
2940 4521 3067 4577 sine
3099 4520 3208 4576 hac
3245 4518 3433 4576 facilis
3467 4535 3575 4591 pa-

160 4611 531 4669 tetrachordo
552 4628 655 4684 per
674 4615 877 4666 tonum
901 4625 966 4665 ac
984 4612 1187 4664 tonum
1212 4611 1268 4662 et
1288 4605 1665 4661 semitonium
1689 4624 1816 4679 pro-

159 4703 476 4774 grediatur.
530 4700 715 4756 Habet
764 4702 958 4754 autem
1008 4697 1131 4751 haec
1181 4695 1384 4751 eadem
1435 4695 1815 4753 consonantia

161 4791 523 4848 diatessaron
558 4792 677 4844 tres
707 4785 961 4859 species:
987 4785 1243 4840 Primam
1267 4783 1550 4852 videlicet,
1575 4801 1692 4855 qua
1713 4800 1814 4856 per

161 4886 367 4936 tonum
399 4893 465 4933 ac
496 4883 703 4933 tonum
737 4874 1234 4945 semitoniumque
1263 4874 1663 4946 progreditur:
1716 4877 1813 4929 Se-

160 4968 413 5023 cundam
444 4983 600 5036 vero,
635 4981 751 5037 qua
769 4981 872 5038 per
892 4968 1096 5019 tonum
1122 4964 1498 5019 semitonium
1521 4980 1587 5019 ac
1608 4967 1813 5019 tonum

162 5055 534 5112 modulatur:
570 5052 825 5110 Tertiam
859 5068 1111 5124 quoque,
1146 5067 1262 5122 qua
1287 5068 1390 5123 per
1433 5050 1813 5107 semitonium

163 5144 363 5201 tenam
387 5161 453 5201 ac
474 5149 680 5200 tonum
703 5142 952 5198 canitur.
980 5140 1258 5212 Diapente
1279 5145 1472 5196 autem
1496 5157 1818 5196 consonan-

160 5233 239 5290 tia
250 5232 641 5307 distinguitur
654 5248 756 5305 per
771 5229 1186 5304 pentachorda,
1203 5245 1328 5301 quae
1342 5232 1397 5284 et
1416 5227 1545 5301 ipsa
1565 5234 1816 5301 quatuor

161 5322 338 5378 habet
367 5321 614 5395 species.
660 5321 731 5377 Et
776 5319 967 5392 prima
1014 5317 1381 5392 progreditur
1429 5318 1665 5390 quidem
1715 5335 1817 5390 per

161 5416 368 5467 tonum
396 5414 608 5467 tonum
642 5409 1021 5467 semitonium
1052 5410 1108 5464 et
1137 5412 1372 5463 tonum:
1405 5408 1672 5463 Secunda
1714 5425 1818 5481 per

162 5504 366 5556 tonum
399 5498 780 5556 semitonium
815 5501 1023 5553 tonum
1072 5513 1137 5552 ac
1184 5500 1417 5552 tonum:
1471 5496 1666 5551 Tertia
1715 5515 1817 5571 per

163 5588 545 5648 semitonium
571 5593 628 5645 et
674 5592 792 5645 tres
838 5589 1008 5645 tonos
1056 5585 1401 5644 continuos:
1451 5583 1668 5651 Quarta
1713 5602 1818 5663 per

484 5715 750 5781 PATROL.
798 5712 943 5778 CLI.

1923 4612 2004 4663 tet
2033 4608 2092 4662 in
2124 4608 2450 4665 intensione
2480 4610 2566 4665 vel
2600 4611 2944 4667 remissione
2972 4608 3319 4665 modulandi
3339 4607 3448 4663 via.
3473 4607 3576 4662 Est

1924 4700 2119 4752 autem
2152 4702 2327 4752 tonus
2358 4699 2508 4753 inter
2538 4699 2856 4772 parhypate
2886 4698 3143 4771 hypaton
3191 4700 3249 4752 et
3296 4695 3575 4769 lychanos

1924 4784 2199 4857 hypaton.
2251 4788 2297 4839 A
2349 4787 2536 4857 prima
2584 4786 2764 4857 igitur
2824 4786 3453 4860 proslambanomenos
3499 4781 3573 4838 ad

1924 4878 2195 4944 quartam
2225 4872 2503 4945 lychanos
2532 4874 2789 4946 hypaton
2819 4875 3145 4931 intenditur
3193 4870 3576 4929 consonantia

1924 4963 2307 5029 diatessaron,
2335 4966 2391 5018 et
2430 4964 2501 5018 ab
2552 4963 2755 5019 eadem
2804 4969 3013 5034 quarta
3056 4964 3127 5018 ad
3176 4962 3430 5034 primam
3473 4973 3577 5029 per

1924 5056 2128 5107 tonum
2159 5055 2215 5106 et
2244 5051 2622 5107 semitonium
2654 5055 2711 5107 et
2739 5054 2944 5107 tonum
2986 5050 3322 5108 remittitur.

1995 5140 2209 5207 Quinta
2240 5140 2449 5196 dehinc
2483 5140 2864 5212 subsequitur
2893 5140 3105 5213 hypate
3135 5154 3337 5196 meson
3370 5137 3576 5191 immo~

1925 5228 2079 5297 bilis,
2106 5229 2258 5285 sicut
2286 5232 2342 5285 et
2371 5229 2583 5302 hypate
2616 5229 2894 5303 hypaton,
2930 5232 3066 5285 tono
3088 5228 3326 5300 quidem
3346 5225 3575 5282 distans

1925 5336 1958 5374 a
1987 5318 2265 5391 lychanos
2296 5318 2571 5391 hypaton,
2606 5319 2676 5375 ad
2709 5318 2920 5391 hypate
2951 5319 3205 5392 hypaton
3237 5319 3432 5372 autem
3484 5330 3575 5371 re-

1925 5425 2143 5465 sonans
2169 5408 2609 5465 consonantiam
2636 5407 3019 5478 diatessaron,
3044 5408 3115 5464 ad
3138 5405 3577 5481 proslambano-

1925 5514 2129 5555 menos
2164 5514 2395 5570 quoque
2426 5497 2834 5572 sympheniam
2863 5498 3154 5570 diapente,
3188 5495 3307 5553 sive
3338 5512 3372 5551 a
3399 5510 3577 5567 supe-

1924 5586 2179 5648 rioribus
2209 5588 2281 5647 ad
2313 5587 2589 5647 inferiora
2613 5586 2945 5647 remittatur
2974 5585 3283 5657 cantilena,
3337 5584 3456 5645 sive
3501 5583 3576 5644 ab
