4000 6168
361 280 480 342 683

1099 284 1289 346 S/EC.
1334 283 1411 344 XI
1457 283 1686 348 AUCT.
1733 281 2052 345 INCERTI
2099 281 2289 344 ANNI
2335 281 2434 344 ET
2478 283 2783 345 SCRIPT.
2829 292 3054 341 ’AAEXII.

3667 280 3792 341 684

363 411 739 472 inferioribus
771 415 840 468 ad
871 415 1175 488 superiora
1207 417 1561 472 intendatur.
1597 415 1816 470 Deinde
1848 420 2009 470 sexto
2040 417 2088 482 Α
2125 420 2240 469 tres
2275 421 2440 470 tonos
2472 416 2779 470 continuos
2810 421 2866 470 et
2917 413 3322 476 semitonium,
3375 412 3490 468 sed
3542 413 3615 467 ad
3657 429 3793 484 par-

365 498 490 572 loco
515 502 751 571 ponitur
781 505 1101 577 parhypate
1134 523 1359 568 meson,
1395 521 1497 558 nec
1527 503 1586 558 in
1619 507 1805 558 totum
1831 504 2014 559 mobi-

364 588 456 656 lis,
492 605 594 643 nec
629 591 686 645 in
718 595 907 648 totum
937 592 1282 658 immobilis,
1318 592 1472 647 sicut
1491 595 1547 646 et
1572 592 1895 664 parhypate
1916 592 2019 664 hy-

365 680 572 749 paton;
607 681 665 734 et
695 679 822 752 ipsa
853 699 1085 754 quoque
1116 680 1424 737 semitonio
1457 680 1651 736 differt
1685 682 1756 736 ab
1810 681 2022 754 hypate

367 782 592 823 meson.
627 768 738 823 Sed
771 770 842 824 ad
866 771 1186 842 parhypate
1208 769 1464 843 hypaton
1493 769 1717 826 obtinet
1743 770 2022 842 sympho-

366 856 528 912 niam
561 857 921 914 diatessaron
955 859 1246 914 intensam
1278 859 1368 914 vel
1400 858 1731 914 remissam.
1764 857 2022 930 Septimo

369 944 619 1021 denique
649 947 849 1002 ordine
869 948 1125 1004 succedit
1147 947 1428 1018 lychanos
1453 964 1677 1014 meson,
1705 965 1807 1018 per
1827 946 2024 1002 omnia

371 1033 624 1102 mobilis,
661 1035 812 1091 sicut
842 1041 899 1092 et
931 1037 1213 1109 lychanos
1251 1036 1542 1110 hypaton;
1595 1053 1722 1108 qua:
1757 1054 1790 1092 a
1814 1036 2024 1108 parhy-

369 1125 502 1194 pate
533 1139 732 1179 meson
761 1124 998 1196 quidem
1028 1129 1165 1181 tono
1198 1125 1396 1192 distat,
1432 1125 1502 1180 ad
1537 1125 1814 1197 lychanos
1847 1125 2025 1196 hypa-

370 1212 469 1263 ton
484 1213 679 1266 autem
696 1210 1060 1267 diatessaron
1075 1216 1331 1278 resonat,
1350 1212 1420 1266 ad
1439 1212 1757 1284 parhypate
1771 1213 2026 1285 hypaton

371 1314 504 1353 vero
536 1299 807 1372 diapente
834 1305 1162 1373 concrepat.
1199 1301 1410 1356 Octavo
1443 1301 1716 1374 deinceps
1757 1301 1881 1357 loco
1911 1301 2028 1357 col—

372 1385 598 1443 locatur
628 1404 806 1459 mese,
841 1407 966 1462 quae
997 1395 1085 1446 est
1115 1390 1306 1445 media
1329 1390 1698 1462 superiorum
1717 1393 1774 1446 et
1795 1390 2030 1446 infcrio-

377 1494 530 1545 rum,
555 1477 877 1535 immobilis
899 1483 954 1534 et
975 1480 1102 1551 ipsa
1125 1480 1278 1534 sicut
1309 1483 1364 1534 et
1385 1478 2030 1551 proslambanomenos;

379 1566 519 1636 quia
576 1584 678 1623 nec
731 1586 762 1622 a
821 1569 1223 1640 superioribus
1290 1568 1530 1624 vocibus
1591 1569 1660 1622 ad
1731 1568 2034 1623 inferiores

380 1655 612 1724 pervius
645 1655 985 1722 descensus,
1018 1673 1124 1712 nec
1155 1657 1227 1711 ab
1261 1654 1637 1712 inferioribus
1668 1656 1739 1712 ad
1773 1656 2033 1727 superio-

380 1760 473 1798 res
503 1744 630 1798 sine
660 1743 767 1800 hac
800 1745 987 1800 facilis
1021 1749 1177 1816 patet
1204 1761 1502 1800 ascensus.
1537 1745 1605 1798 Et
1655 1745 1775 1799 haec
1828 1760 2034 1798 rursus

381 1831 723 1904 alychanOS
756 1849 952 1888 mesen
987 1834 1215 1889 distans
1242 1837 1400 1899 tono,
1444 1833 1513 1888 ad
1570 1832 1780 1905 hypate
1833 1849 2032 1887 meson

381 1937 514 1975 vero
546 1921 684 1976 facit
714 1922 1157 1978 consonantiam
1203 1922 1580 1987 diatessaron,
1635 1922 1705 1976 ad
1757 1920 2035 1992 lychanos

383 2007 638 2079 hypaton
695 2013 893 2064 autem
940 2009 1233 2082 diapente,
1285 2010 1357 2064 ad
1416 2007 2036 2080 proslambanomenos

386 2113 619 2169 quoque
642 2103 875 2154 resonat
896 2099 1198 2171 diapason.
1222 2098 1330 2154 Ubi
1353 2103 1549 2170 aperte
1571 2100 1744 2154 datur
1766 2097 2036 2170 intelligi,

384 2187 540 2256 quod
573 2187 977 2259 supradictum
1009 2192 1118 2255 est,
1154 2187 1519 2242 diatessaron
1553 2190 1612 2241 et
1657 2186 1929 2258 diapente
1980 2185 2036 2238 in

386 2273 669 2345 diapason
697 2275 1000 2332 contineri.
1033 2277 1180 2331 Nam
1212 2293 1247 2332 a
1279 2291 1437 2331 mese
1470 2275 1528 2330 in
1577 2274 1788 2346 hypate
1839 2291 2038 2329 meson

384 2362 678 2419 invenitur
725 2364 908 2421 missa
957 2365 1343 2429 diatessaron,
1378 2367 1434 2419 et
1465 2363 1538 2418 ab
1579 2363 1790 2435 hypate
1839 2378 2039 2418 meson

384 2451 443 2505 in
478 2453 1100 2524 proslambanomenos
1133 2454 1406 2525 diapente
1457 2451 1734 2508 remissa:
1785 2452 2044 2522 itemque

386 2542 654 2613 diapente
683 2541 930 2597 remissa
957 2560 990 2596 a
1024 2559 1181 2597 mese
1206 2543 1262 2596 in
1288 2542 1567 2612 lychanos
1593 2541 1872 2612 hypaton,
1893 2545 1949 2595 et
1971 2539 2043 2594 ab

387 2630 588 2686 eadem
621 2631 678 2683 in
707 2630 1330 2702 proslambanomenos
1363 2629 1611 2684 remissa
1641 2629 2041 2693 diatessaron;

390 2717 831 2789 conversimque
885 2735 919 2772 a
976 2715 1599 2789 proslambanomenos
1656 2717 1713 2770 in
1767 2716 2045 2788 lychanos

391 2805 644 2878 hypaton
676 2806 908 2861 intensa
936 2806 1322 2873 diatessaron,
1355 2810 1412 2860 et
1442 2806 1512 2860 ab
1545 2806 1747 2861 eadem
1787 2805 1844 2859 in
1887 2820 2046 2860 mese

334 2964 336 2966 ν
391 2894 622 2950 intensa
653 2893 952 2966 diapente;
990 2909 1312 2966 rursusque
1349 2912 1381 2948 a
1424 2893 2047 2966 proslambanomenos

393 2985 451 3038 in
479 2983 692 3056 hypate
723 2999 924 3039 meson
957 2983 1190 3038 intensa
1222 2983 1516 3055 diapente,
1548 2986 1606 3037 et
1634 2983 1707 3038 ab
1750 2981 1951 3037 eadem
1988 2982 2046 3036 in

394 3088 552 3127 mese
574 3070 806 3128 intensa
829 3071 1211 3128 diatessaron.
1236 3073 1280 3126 Α
1306 3087 1463 3127 mese
1488 3071 1668 3143 igitur
1688 3071 1745 3126 in
1769 3071 2050 3142 proslam-

393 3162 752 3216 banomenos
785 3160 1032 3216 remissa
1062 3160 1368 3232 diapason.

466 3249 684 3305 Deinde
706 3253 1038 3320 sequuntur
1059 3249 1173 3305 duo
1195 3248 1567 3305 tetrachorda
1589 3248 1801 3320 partim
1825 3265 2057 3321 synem-

395 3354 606 3393 menon
631 3338 843 3408 partim
871 3339 1327 3407 diezeugmenon
1351 3356 1363 3404 ;
1391 3339 1490 3394 sed
1517 3354 1941 3410 synemmenon
1971 3343 2052 3394 te-

394 3424 773 3481 trachordum
801 3423 1178 3496 conjungitur
1201 3441 1333 3479 eum
1358 3442 1517 3480 mese
1538 3426 2052 3496 persemitonium,

399 3513 553 3584 quod
584 3516 674 3567 est
705 3512 859 3566 inter
889 3528 1050 3566 mese
1073 3515 1130 3567 et
1151 3513 1285 3567 trite
1309 3527 1759 3584 synemmenon;
1785 3513 2050 3584 diezeug-

403 3615 615 3654 menon
650 3604 845 3654 autem
877 3599 1316 3654 tetrachordum
1343 3599 1752 3671 disjungitura
1775 3617 1929 3656 mese
1950 3618 2052 3672 per

400 3692 626 3756 tonum,
661 3687 761 3758 qui
789 3687 1058 3742 estinter
1108 3703 1266 3742 mese
1314 3693 1371 3743 et
1420 3704 1741 3759 paramese.
1791 3687 1950 3743 Unde
1995 3693 2051 3745 et

398 3776 544 3831 illud
559 3775 886 3849 appellatur
903 3791 1345 3848 synemmenon,
1371 3777 1425 3830 id
1443 3781 1552 3843 est,
1577 3777 2042 3848 conjunctarum;

392 3865 552 3920 istud
585 3881 716 3920 vero
749 3863 1226 3938 diezeugmenon,
1262 3864 1319 3918 id
1350 3868 1456 3931 est,
1489 3864 1938 3934 disjunctarum.
1984 3867 2043 3921 Si

392 3953 572 4027 igitur
602 3972 635 4008 a
664 3970 843 4024 mese,
865 3971 994 4026 quae
1011 3958 1100 4010 est
1116 3957 1336 4021 octava,
1355 3953 1624 4009 intendas
1643 3954 2042 4024 semitonium,

383 4048 645 4098 occurret
665 4060 818 4100 nona
867 4043 998 4099 trite
1041 4059 1486 4116 synemmenon,
1509 4059 1613 4099 nec
1635 4042 1694 4097 in
1718 4046 1905 4098 totum
1925 4061 2043 4098 mo-

388 4131 546 4198 bilis,
583 4150 687 4188 nec
718 4133 775 4187 in
801 4137 988 4188 totum
1013 4131 1355 4199 immobilis,
1384 4132 1600 4188 faciens
1625 4133 1695 4188 ad
1721 4133 2036 4205 parhypate

383 4237 586 4276 meson
620 4221 1062 4277 consonantiam
1094 4221 1478 4277 diatessaron.
1512 4222 1558 4276 A
1591 4237 1707 4292 qua
1738 4221 1785 4276 si
1833 4239 2039 4276 rursus

375 4308 718 4364 intendatur
737 4314 932 4377 tonus,
956 4314 1222 4365 occurret
1242 4311 1489 4377 decima,
1517 4310 1794 4380 parahete
1813 4327 2040 4380 synem-

379 4412 614 4464 menon,
652 4397 885 4452 mobilis
915 4413 1015 4467 per
1046 4395 1264 4461 omnia,
1299 4399 1355 4450 et
1387 4396 1522 4450 facit
1554 4396 1916 4452 diatessaron
1962 4399 2031 4452 ad

2129 502 2340 576 hypate.
2395 521 2595 559 meson
2640 522 2752 558 non
2802 503 3308 562 valetremittere
3367 500 3734 558 diatessaron
3774 519 3790 570 ;

2132 593 2286 647 unde
2318 596 2374 648 et
2401 597 2624 648 remota
2671 593 2901 648 videtur
2949 611 2982 648 a
3031 589 3402 649 tetrachordo
3450 605 3680 656 meson,
3737 593 3800 645 et

2132 681 2488 736 omnimodis
2519 686 2609 736 est
2638 682 2931 738 contraria
2963 680 3096 737 trite
3141 694 3591 752 synemmenon,
3626 679 3795 746 adeo,

2136 775 2197 823 ut
2229 770 2273 824 si
2305 769 2581 829 utralibet
2625 770 2833 826 harum
2870 771 2928 825 in
2983 773 3158 825 cantu
3209 768 3558 840 proferatur,
3611 766 3799 822 altera

2136 858 2471 914 nullatenus
2503 859 2808 929 inferatur.
2840 858 2925 913 Ab
2953 859 3154 915 eadem
3203 873 3510 929 paramese
3554 855 3788 912 intenso

2136 965 2256 1002 sem
2271 947 2446 1001 ilonio
2465 945 3259 1019 consequiturdecimatertia
3284 945 3418 1001 trite
3435 945 3796 1017 diezeugme-

2139 1054 2276 1104 non,
2306 1052 2411 1090 nec
2441 1035 2500 1090 in
2529 1039 2719 1091 totum
2752 1035 2991 1091 mobilis
3025 1052 3128 1091 nec
3157 1035 3213 1089 in
3239 1038 3424 1090 totum
3448 1032 3793 1099 immobilis,

2139 1124 2287 1180 sicut
2321 1129 2374 1180 et
2409 1124 2726 1198 parhypate
2756 1124 3031 1199 hypaton,
3067 1125 3137 1179 ad
3163 1140 3341 1195 quam
3365 1123 3486 1178 haec
3507 1123 3635 1195 ipsa
3655 1122 3798 1177 facit

2141 1213 2584 1270 consonantiam
2636 1213 2944 1284 diapason.
2996 1214 3064 1268 Et
3112 1217 3198 1280 est
3249 1229 3316 1267 ea
3365 1211 3491 1283 ipsa
3537 1227 3797 1266 consona

2141 1306 2421 1374 paranete
2455 1317 2896 1372 synemmenon,
2933 1301 3171 1356 nomine
3201 1303 3430 1356 tantum
3454 1298 3797 1370 discrepans

2143 1391 2216 1445 ab
2247 1406 2334 1458 ea,
2368 1395 2420 1444 et
2475 1391 2630 1461 quod
2676 1407 2710 1445 a
2759 1407 2916 1446 mese
2963 1390 3036 1446 ad
3086 1389 3238 1445 hanc
3291 1388 3356 1442 ﬁt
3395 1386 3648 1443 intensio
3699 1403 3803 1459 per

2142 1485 2344 1533 tonum
2369 1484 2425 1533 et
2449 1479 2849 1544 semitonium,
2874 1480 2944 1534 ad
2968 1478 3126 1534 illam
3143 1493 3279 1534 vero
3300 1494 3400 1550 per
3419 1476 3800 1532 semitonium

2143 1572 2200 1623 et
2231 1572 2456 1621 tonum.
2492 1568 2579 1621 Ab
2611 1582 2677 1622 eo
2710 1584 2917 1622 rursus
2947 1567 3176 1621 intenso
3205 1571 3342 1620 tono
3388 1570 3653 1621 occurret
3695 1565 3798 1620 de-

2145 1657 2298 1710 cima
2330 1660 2538 1727 quarta
2586 1660 2859 1727 paranete
2912 1655 3367 1726 diezeugmenon
3416 1653 3652 1710 mobilis
3699 1669 3800 1725 per

2145 1745 2365 1814 omnia,
2399 1745 2551 1798 sicut
2581 1749 2637 1799 et
2668 1743 2946 1816 lychanos
2995 1743 3271 1816 hypaton,
3323 1743 3393 1798 ad
3445 1758 3624 1814 quam
3673 1741 3799 1813 ipsa

2146 1834 2283 1888 facit
2314 1832 2757 1888 consonantiam
2791 1833 3096 1902 diapason.
3132 1832 3262 1887 Haec
3291 1831 3493 1887 eodem
3528 1847 3634 1886 suo
3657 1846 3798 1886 sono

2147 1937 2543 1992 sonorumque
2577 1921 2953 1992 proportione
2980 1920 3127 1992 aequi
3137 1925 3305 1992 parat
3325 1924 3457 1974 nete
3479 1934 3802 1991 synemme-

2148 2027 2282 2065 non.
2309 2011 2449 2065 Nam
2477 2011 2627 2064 sicut.
2648 2027 2679 2063 a
2707 2026 2864 2065 mese
2886 2010 2956 2063 ad
2981 2009 3142 2064 illam
3166 2008 3491 2064 intenditur
3511 2007 3794 2064 diatessa-

2148 2116 2251 2155 ron
2277 2115 2379 2170 per
2395 2098 2772 2153 semitonium
2798 2102 3002 2152 tonum
3027 2103 3083 2152 et
3105 2101 3331 2164 tonum,
3355 2097 3438 2150 sic
3460 2100 3516 2153 et
3538 2097 3609 2151 ad
3631 2095 3802 2151 istam

2149 2204 2252 2259 per
2265 2192 2468 2242 tonum
2490 2187 2867 2242 semitonium
2887 2191 2942 2242 et
2955 2191 3178 2241 tonum.
3205 2185 3470 2241 Remittit
3487 2185 3608 2239 hazc
3627 2185 3804 2239 etiam

2151 2277 2306 2333 sicut
2335 2281 2392 2330 et
2420 2275 2540 2343 illa,
2587 2275 3043 2334 consonantiam,
3086 2275 3358 2346 diapente
3406 2273 3479 2328 ad
3526 2272 3807 2344 lychanos

2151 2380 2378 2420 meson.
2441 2366 2585 2418 Item
2645 2365 2718 2418 ab
2775 2363 2979 2418 eadem
3029 2366 3304 2435 paranete
3351 2361 3810 2434 diezeugmenon

2150 2453 2380 2508 intenso
2395 2457 2530 2508 tono
2547 2452 2815 2524 sequitur
2835 2453 3063 2508 decima
3081 2453 3286 2523 quinta
3303 2455 3434 2506 nete
3449 2451 3813 2522 diezeugme-

2154 2558 2291 2608 non,
2327 2541 2649 2596 immobilis
2683 2541 2833 2596 sicut
2865 2546 2922 2595 et
2968 2540 3179 2614 hypate
3232 2556 3456 2605 meson,
3507 2540 3577 2594 ad
3627 2554 3810 2610 quam

2155 2631 2281 2701 ipsa
2307 2630 2498 2684 reddit
2522 2629 2964 2684 consonantiam
2997 2628 3302 2702 diapason.
3335 2628 3587 2682 Resonat
3606 2631 3811 2681 autem

2154 2719 2263 2773 hoc
2291 2717 2728 2772 tetrachordum
2760 2735 2793 2771 a
2828 2732 3130 2788 paramese
3165 2717 3528 2784 inchoatum,
3573 2716 3726 2770 sicut
3756 2721 3817 2770 et

2157 2806 2404 2878 reliqua,
2440 2806 2882 2861 consonantiam
2914 2805 3298 2862 diatessaron.
3325 2805 3425 2859 Cui
3449 2804 3646 2860 addito
3666 2808 3808 2859 tono

2157 2895 2394 2966 quidem
2449 2895 2600 2948 inter
2648 2910 2805 2950 mese
2854 2898 2910 2949 et
2957 2909 3260 2965 paramese
3314 2894 3378 2947 fit
3423 2893 3813 2948 consonantia

2159 2984 2446 3055 diapente.
2484 2982 2628 3037 Huic
2661 2986 2896 3054 aptatur
2924 2981 3358 3037 tetrachordum
3385 2979 3818 3051 hyperboleon:

2158 3071 2390 3127 intenso
2424 3071 2581 3126 enim
2614 3069 2922 3126 semitonio
2954 3087 2988 3125 a
3019 3073 3150 3125 nete
3200 3070 3657 3142 diezeugmenon
3706 3085 3821 3123 na-

2080 3143 2122 3211 C
2162 3160 2347 3216 scitur
2376 3158 2604 3214 decima
2635 3164 2799 3214 sexta
2827 3159 2962 3215 trite
2981 3157 3392 3230 hyperboleon,
3418 3173 3522 3213 nec
3545 3157 3601 3212 in
3625 3159 3821 3212 totum

2163 3247 2419 3314 mobilis,
2455 3263 2560 3302 nec
2583 3247 2643 3301 in
2665 3250 2851 3302 totum
2876 3246 3219 3313 immobilis,
3245 3245 3398 3301 sicut
3417 3250 3474 3301 et
3497 3244 3824 3317 parhypate

2163 3354 2388 3403 meson,
2419 3337 2491 3392 ad
2524 3352 2700 3407 quam
2731 3337 2858 3407 ipsa
2890 3339 3125 3391 resonat
3155 3334 3597 3392 consonantiam
3618 3332 3824 3404 diapa-

2162 3443 2289 3482 son.
2321 3426 2406 3480 Ab
2441 3441 2508 3480 ea
2537 3441 2768 3496 quoque
2819 3424 3047 3480 intenso
3099 3429 3235 3480 tono
3278 3421 3536 3480 succedit
3581 3420 3821 3476 decima

2160 3514 2412 3586 septima
2442 3517 2717 3584 paranete
2747 3512 3139 3584 hyperboleon
3173 3511 3407 3567 mobilis
3438 3527 3540 3583 per
3589 3509 3818 3577 omnia,

2159 3602 2312 3657 sicut
2341 3606 2398 3658 et
2425 3600 2706 3673 lychanos
2737 3616 2963 3669 meson,
2998 3601 3070 3656 ad
3103 3617 3280 3672 quam
3315 3600 3442 3672 ipsa
3488 3598 3625 3654 facit
3673 3615 3817 3654 con-

2159 3691 2494 3746 sonantiam
2525 3690 2830 3762 diapason.
2879 3691 2925 3744 A
2975 3706 3091 3761 qua
3139 3705 3347 3745 rursus
3392 3687 3622 3742 intenso
3671 3691 3819 3744 tono

2159 3779 2542 3850 subsequitur
2569 3777 2797 3834 decima
2827 3782 3029 3833 octava
3058 3782 3189 3833 nete
3220 3781 3352 3833 nete
3394 3774 3817 3848 hyperboleon,

2154 3866 2481 3923 immobilis
2511 3867 2664 3922 sicut
2694 3871 2749 3921 et
2770 3882 2948 3933 mese,
2974 3866 3044 3921 ad
3069 3882 3246 3938 quam
3266 3865 3396 3938 ipsa
3418 3864 3610 3919 reddit
3627 3863 3824 3936 dupli-

2154 3973 2278 4020 cem
2304 3972 2539 4011 sonum.
2563 3955 3066 4020 Quemadmodum
3089 3955 3243 4010 enim
3271 3953 3818 4026 proslambanome~

2152 4063 2260 4100 nos
2287 4046 2358 4100 ad
2391 4060 2592 4099 mesen
2626 4044 2877 4100 intendit
2907 4044 3214 4116 diapason,
3248 4043 3328 4098 ita
3359 4058 3518 4098 mese
3547 4042 3617 4097 ad
3673 4047 3814 4098 nete

2151 4133 2561 4206 hyperboleon.
2598 4132 2758 4188 Unde
2789 4138 2845 4188 et
2884 4133 3502 4205 proslambanomenos
3553 4131 3623 4187 ad
3673 4135 3813 4187 nete

2148 4221 2542 4294 hyperboleon
2577 4221 2715 4277 facit
2745 4221 3147 4294 bisdiapason,
3191 4238 3317 4293 quze
3367 4225 3425 4276 et
3473 4218 3810 4292 quadrupla

2149 4315 2541 4382 nuncupatur.
2573 4310 2682 4365 Sed
2734 4309 2875 4378 hinc,
2926 4314 2990 4364 ut
3037 4310 3258 4365 dictum
3308 4313 3415 4378 est,
3473 4309 3533 4364 in
3583 4308 3810 4364 nostris

2147 4397 2455 4454 cantilenis
2488 4415 2603 4454 non
2637 4398 2965 4454 adhibetur.

379 4481 659 4554 lychanos
692 4500 893 4539 meson
926 4501 1028 4556 per
1059 4488 1261 4538 tonum
1294 4482 1670 4538 semitonium
1706 4487 1762 4539 et
1793 4488 2031 4554 tonum;
2066 4511 2115 4574 ο
2217 4489 2299 4543 Ex
2328 4486 2682 4559 supradictis
2715 4487 2895 4559 igitur
2923 4487 3229 4560 speciebus
3279 4487 3802 4544 consonantiarum

383 4571 455 4626 ad
501 4571 818 4644 parhypate
869 4588 1070 4627 meson
1123 4588 1255 4626 vero
1308 4577 1541 4628 resonat
1588 4575 2032 4631 consonantiam

384 4660 676 4732 diapente.
713 4662 844 4716 Post
876 4660 1028 4716 hanc
1055 4676 1286 4732 quoque
1318 4661 1546 4717 intenso
1594 4665 1728 4717 tono
1771 4663 2038 4735 sequitur

383 4753 514 4805 nete
544 4767 966 4822 synemmenon
999 4749 1327 4818 undecima,
1361 4766 1488 4821 quae
1533 4751 1602 4806 ad
1657 4767 1852 4808 mesen
1905 4752 2032 4825 qui-

381 4839 514 4894 dem
546 4845 779 4895 resonat
810 4839 1194 4895 consonantia
1223 4838 1608 4906 diatessaron,
1641 4841 1712 4895 ad
1753 4840 2032 4913 lychanos

378 4944 510 4984 vero
542 4945 744 4984 meson
773 4929 1065 5001 diapente.
1099 4927 1156 4982 Si
1191 4931 1386 4982 autem
1419 4944 1452 4983 a
1483 4945 1638 4983 mese
1669 4930 1802 5000 quis
1845 4930 2030 4985 inten-

379 5018 477 5071 dat
509 5021 732 5084 tonum,
767 5021 1030 5073 occurret
1064 5033 1388 5088 paramese,
1440 5034 1564 5088 quae
1617 5017 1812 5074 relicto
1858 5024 2028 5074 tetra-

379 5105 595 5162 chordo
621 5123 1036 5174 synemmenon
1072 5107 1240 5177 quasi
1276 5109 1406 5176 post
1437 5122 1634 5160 mesen
1657 5107 1884 5162 videtur
1904 5123 2032 5164 esse

381 5209 553 5259 nona,
589 5195 687 5250 sed
718 5196 825 5249 hoc
853 5199 1048 5267 aptato
1077 5194 1494 5265 comprobatur
1515 5210 1641 5249 esse
1663 5196 2026 5251 duodecima.

380 5279 482 5335 East
509 5286 704 5337 autem
738 5282 1058 5338 immobilis
1088 5286 1145 5336 et
1175 5281 1303 5352 ipsa
1331 5281 1482 5336 sicut
1511 5287 1567 5336 et
1599 5281 1809 5355 hypate
1848 5284 2028 5356 hypa-

382 5370 506 5433 ton,
556 5370 627 5422 ad
677 5387 853 5441 quam
901 5370 1170 5426 videlicet
1219 5369 1348 5441 ipsa
1395 5369 1534 5424 facit
1587 5373 2028 5429 consonantiam

383 5454 684 5521 diapason.
715 5458 842 5514 Haec
873 5461 1076 5515 eadem
1109 5474 1340 5531 quoque
1367 5474 1668 5530 paramese
1698 5462 1770 5516 ad
1818 5462 2029 5535 hypate

383 5558 585 5603 meson
616 5545 854 5618 quidem
881 5547 1126 5608 remittit
1157 5548 1596 5606 consonantiam
1629 5549 1898 5625 diapente
1925 5567 2030 5627 per

2145 4580 2462 4632 nascentur
2488 4580 2613 4631 octo
2664 4576 2822 4631 modi
2873 4576 2991 4632 sive
3039 4575 3208 4648 tropi,
3257 4592 3360 4648 per
3403 4591 3551 4647 quos
3599 4571 3798 4630 omnis

2147 4668 2362 4720 cantus
2393 4664 2751 4720 moderatur.
2785 4664 3004 4720 Horum
3037 4664 3265 4737 primus
3291 4667 3347 4720 et
3375 4663 3639 4719 omnium
3673 4678 3808 4734 gra-

2143 4752 2423 4809 vissimus
2449 4755 2688 4807 vocatur
2718 4752 3096 4825 hypodorius,
3125 4753 3418 4809 secundus
3464 4751 3800 4824 hypophry-

2141 4841 2295 4913 gius,
2328 4841 2536 4896 tertius
2569 4840 2938 4913 hypolydius,
2974 4846 3220 4914 quartus
3270 4841 3494 4909 dorius,
3549 4840 3799 4912 quintus
3888 4841 3894 4845 ’

2143 4928 2444 5002 phrygius,
2479 4933 2676 4984 sextus
2704 4928 2921 5001 lydius,
2971 4930 3257 5002 septimus
3308 4929 3659 5002 mixolydius
3705 4927 3795 4983 vel

2142 5017 2546 5088 hypcrdorius,
2573 5023 2810 5072 octavus
2856 5017 3410 5091 hypermixolydius.
3447 5018 3515 5074 Et
3566 5018 3793 5089 primus

2141 5107 2377 5177 quidem
2410 5109 2720 5176 superatur
2751 5123 2783 5161 a
2815 5108 3072 5162 secundo
3103 5107 3164 5162 in
3197 5107 3498 5163 cacumine
3520 5111 3676 5160 tono:
3709 5122 3794 5160 se-

2140 5193 2370 5248 cundus
2399 5197 2592 5248 autem
2626 5210 2659 5247 a
2691 5193 2859 5251 tertio
2889 5199 3058 5251 tono:
3092 5196 3299 5251 tertius
3322 5211 3457 5250 vero
3499 5211 3534 5250 a
3582 5197 3793 5265 quarto

2139 5281 2482 5338 semitonio:
2519 5287 2764 5352 quartus
2796 5299 3034 5356 quoque
3061 5302 3096 5339 a
3141 5284 3344 5356 quinto
3396 5287 3563 5338 tono:
3615 5281 3791 5353 quin-

2137 5376 2234 5427 tus
2259 5374 2452 5426 autem
2485 5387 2519 5425 a
2548 5375 2707 5427 sexto
2740 5375 2904 5428 tono:
2942 5376 3138 5429 sextus
3167 5388 3300 5429 vero
3332 5388 3366 5427 a
3395 5371 3645 5444 septimo
3697 5387 3790 5426 se-

2139 5459 2411 5516 mitonio:
2448 5458 2734 5530 septimus
2767 5466 2962 5518 autem
2995 5463 3067 5517 ab
3097 5467 3295 5517 octavo
3323 5465 3496 5516 tono:
3530 5458 3687 5532 quod
3729 5459 3791 5514 in

2138 5547 2517 5612 monochordi
2548 5549 2864 5624 partitione
2891 5550 2951 5610 in
2980 5554 3257 5627 promptu
3286 5554 3378 5610 est
3414 5548 3631 5622 videre,
3682 5547 3790 5611 ubi
