4000 6168
220 251 342 314 €85

1505 247 1867 312 ANONYMI
1909 246 1993 309 III
2039 247 2355 313 MUSICA.

3507 243 3677 315 686_

217 403 308 449 ea,
343 402 471 457 quae
502 392 589 441 est
611 400 766 442 mese
790 384 1115 457 hypodorii,
1140 383 1459 455 aequiparat
1482 383 1539 437 in
1564 384 1650 437 sui
1673 383 1865 454 dispo-
1900 386 1949 449 Α
2054 384 2218 437 Prius
2244 383 2551 437 dividenda
2584 387 2671 437 est
2702 387 2820 437 tota
2851 381 3003 436 linea
3042 383 3099 435 in
3143 383 3393 452 quatuor
3441 377 3626 450 parti—

214 475 434 539 sitione
463 473 740 547 lychanos
773 490 973 527 meson
1007 472 1411 545 hypophrygii,
1446 478 1501 525 et
1552 472 1865 543 parhypate

210 580 418 620 meson
465 561 783 635 hypolydii,
833 579 937 617 nec
982 578 1098 616 non
1151 561 1364 633 hypate
1424 578 1626 616 meson
1694 560 1863 617 dorii.

205 654 366 709 Mese
397 659 594 707 autem
625 651 1009 723 hypophrygii
1043 656 1133 706 est
1165 667 1470 722 paramese
1518 649 1823 722 hypodorii
1853 666 1865 705 :

201 758 368 799 mese
415 756 649 814 quoque
696 740 993 812 hypolydii
1043 742 1132 796 est
1197 739 1332 794 trite
1409 739 1864 811 diezeugmenon

201 826 841 902 ejusdem‘hypodorii:
875 829 1132 901 itemque
1168 845 1328 882 mese
1360 826 1506 883 dorii
1558 832 1649 883 est
1697 843 1865 898 para-

203 916 349 976 nete
369 919 825 990 diezeugmenon
857 917 1124 987 ejusdem
1156 916 1492 989 hypodorii;
1527 917 1708 972 distat
1757 915 1864 987 igi-

204 1013 309 1064 tur
339 1023 496 1063 mese
524 1006 672 1062 dorii
705 1005 1066 1061 diatessaron
1101 1005 1595 1075 consonantia(l).
1629 1005 1864 1075 Sicque-

207 1101 526 1170 sequentes
555 1095 705 1167 tropi
751 1112 879 1150 sese
927 1093 1279 1150 alterutrum
1335 1094 1392 1147 in
1444 1093 1714 1149 acumine
1764 1110 1865 1148 su-

206 1189 437 1259 perant,
471 1189 537 1240 ut
575 1189 705 1239 nete
744 1182 1132 1255 hyperbolcon
1177 1182 1483 1254 hypodorii
1531 1181 1865 1237 inveniatur

202 1290 367 1328 mese
400 1271 898 1344 hypermixolidii;
942 1270 1196 1343 facitque
1243 1271 1445 1325 eadem
1498 1270 1863 1343 hypermixo-

200 1360 348 1434 lydil
380 1361 453 1417 ad
496 1359 645 1417 dorii
698 1377 898 1417 mesen
948 1359 1394 1416 consonantiam
1444 1358 1737 1431 diapente,
1791 1359 1862 1414 ad

195 1466 427 1507 mesem
449 1466 580 1505 vero
601 1449 905 1522 hypodorii
929 1454 1161 1504 resonat
1183 1465 1400 1504 conson
1417 1448 1637 1502 antiam
1662 1448 1864 1519 diapa-

202 1556 343 1606 son;
380 1537 669 1611 siquidem
704 1555 770 1593 ea
803 1538 951 1610 ipsa;
984 1555 1110 1608 qua:
1150 1542 1239 1592 est
1291 1537 1484 1592 media
1532 1536 1726 1609 primi,
1779 1539 1867 1591 est

198 1632 260 1685 et
291 1628 482 1700 prima
510 1626 713 1682 octavi.
739 1627 1021 1691 Quocirca
1049 1625 1393 1698 plerumque
1444 1625 1749 1697 contingit,
1802 1630 1868 1679 ut

198 1720 412 1772 cantus
440 1714 896 1771 eminentiorum
920 1720 1221 1788 troporum
1245 1733 1279 1769 a
1296 1714 1389 1769 sui
1411 1717 1602 1770 status
1634 1714 1868 1769 rectitu-

201 1805 341 1860 dine
371 1804 742 1861 resolvantur
767 1805 827 1858 in
860 1803 1110 1859 chordas
1142 1803 1467 1859 inferiores.
1500 1803 1581 1857 Ex
1614 1802 1707 1859 his
1755 1801 1866 1857 ita-

203 1910 320 1967 que
342 1898 596 1966 quatuor
623 1893 901 1948 dieuntur
930 1891 1273 1959 authentici,
1326 1891 1382 1945 id
1435 1895 1545 1956 est,
1599 1891 1866 1965 magistri

204 1982 292 2039 vel
328 1982 710 2055 principales:
745 1982 949 2053 eisque
979 1981 1237 2036 vicissim
1298 1985 1716 2052 supponuntur
1767 1981 1862 2035 alii

207 2078 484 2144 quatuor,
519 2071 617 2143 qui
650 2075 934 2125 vocantur
978 2069 1156 2141 plagi,
1191 2070 1246 2123 id
1299 2074 1407 2135 est,
1460 2069 1730 2125 lateralcs
1780 2069 1865 2125 vel

206 2159 594 2232 particulares
624 2160 722 2230 (2).

311 2249 514 2303 Indicis
545 2265 580 2301 a
606 2264 815 2302 summo
843 2248 1062 2318 capiens
1093 2247 1321 2302 exordia
1345 2248 1561 2318 primus

320 2339 381 2393 In
410 2337 639 2392 minimi
659 2337 842 2408 primo
871 2337 1020 2406 ﬂexu
1045 2343 1320 2407 postrema
1348 2337 1582 2407 reponit,

310 2427 439 2495 Qum
468 2426 620 2481 sedes
648 2428 756 2480 stat
784 2426 1125 2497 principium
1154 2423 1393 2498 ﬁnisque
1436 2424 1681 2491 secundi,

314 2516 523 2572 Tertius
556 2533 591 2569 a
619 2530 829 2570 summo
858 2530 1081 2569 rursum
1111 2515 1257 2585 capit
1286 2513 1486 2569 indicis
1514 2516 1713 2569 ortum.

310 2604 376 2659 In
403 2619 617 2659 summa
645 2604 813 2674 finem
834 2603 1173 2671 distinguens
1202 2603 1558 2657 auricularis.

310 2694 411 2749 Hic
436 2695 600 2765 caput
629 2695 681 2747 et
710 2691 840 2761 ﬁnis
868 2692 1054 2763 quarti
1081 2691 1382 2746 dinoscitur
1407 2708 1534 2745 esse.

311 2781 515 2838 Indicis
544 2783 607 2836 in
634 2780 811 2836 medio
840 2781 1061 2853 quintus
1088 2781 1257 2835 sumit
1286 2789 1448 2851 caput
1473 2784 1675 2844 artum,

312 2872 378 2926 Et
407 2870 581 2926 medii
601 2871 767 2941 finem
788 2868 1180 2926 modulaminis
1208 2872 1357 2940 aptat
1388 2870 1449 2923 in.
1473 2886 1684 2940 anque:

313 2960 421 3028 Qui
449 2960 595 3016 locus
622 2962 873 3015 exortum
900 2960 1046 3016 sexti
1067 2959 1335 3031 ﬁnemque
1360 2963 1565 3014 tuetur.

310 3048 517 3105 Indicis
537 3048 667 3105 hinc
685 3048 850 3104 radix
879 3050 1088 3119 septeni
1111 3048 1325 3119 perﬁcit
1356 3055 1553 3103 ortum.

307 3141 570 3194 Summus
598 3154 743 3210 apex
768 3137 936 3193 medii
962 3137 1117 3197 cuius
1145 3144 1415 3209 postrema
1442 3138 1688 3203 resumit,

316 3226 546 3283 Octavus
578 3227 681 3282 hac
706 3225 825 3282 sede
854 3235 1017 3299 caput
1046 3228 1314 3298 ﬁnemque
1343 3228 1577 3297 reponit.

282 3386 361 3463 (1)
393 3386 648 3513 Supple:
684 3388 721 3442 A
749 3403 891 3443 mese
919 3387 1225 3458 hypodorii.

282 3460 362 3513 (2)
392 3461 479 3513 Ha
522 3461 653 3513 etur
683 3457 777 3513 hic
803 3457 860 3513 in
896 3473 1007 3513 ms.
1042 3458 1225 3513 tonari

282 3458 362 3527 (2)
392 3457 653 3513 [labetur
683 3457 777 3514 hic
803 3457 860 3513 in
896 3457 1007 3513 ms.
1042 3458 1309 3513 tonarius
1342 3475 1443 3529 per
1492 3474 1695 3513 omnes
1739 3462 1866 3514 octo

211 3530 446 3611 modos,
480 3529 739 3611 antiquis
770 3529 923 3611 notis
947 3529 1191 3611 musicis
1217 3529 1595 3611 perscriptus,
1620 3530 1692 3609 oh
1725 3546 1866 3599 qua-

202 3616 343 3655 rum
375 3604 571 3672 tamen
618 3599 931 3669 defectum,
973 3605 1040 3655 ut
1091 3599 1271 3672 supra
1309 3599 1620 3672 monitum,
1672 3599 1866 3672 ipsum

206 3671 511 3727 tonarium
541 3672 811 3728 omittere
844 3670 1307 3728 necessum'fuit.
1331 3671 1538 3727 Postea
1556 3670 1667 3727 hoc
1698 3670 1869 3727 modo

216 3840 1603 3870 π

1980 474 2088 525 Ιωε
2122 488 2223 543 per
2254 472 2366 526 tria
2401 477 2614 543 puncta
2647 487 2877 543 semper
2906 490 2940 525 a
2971 472 3208 526 dextero
3230 469 3407 524 latere
3429 483 3629 539 proce-

1978 561 2145 626 dens,
2180 560 2235 614 id
2270 566 2379 626 est,
2414 577 2445 613 a
2491 561 2694 615 dextra
2744 560 3012 631 magada.
3066 559 3127 614 In
3174 558 3363 631 primo
3411 558 3630 629 puncto

1978 665 2127 720 pone
2159 649 2220 704 P.
2256 667 2383 721 qum
2416 649 2633 703 chorda
2660 653 2897 703 vocatur
2928 652 3058 704 nete
3101 645 3514 720 hyperboleon.
3567 644 3631 699 In

1982 739 2239 792 secundo
2272 754 2422 809 pone
2456 738 2520 792 H.
2556 743 2612 791 et
2642 742 2882 793 vocatur
2904 753 3082 792 mese.
3136 738 3200 792 In
3250 735 3423 792 tertio
3463 738 3528 788 D.
3576 736 3635 789 et

1978 830 2219 880 vocatur
2250 826 2525 898 lychanos
2550 825 2828 897 hypaton.
2850 827 2912 881 In
2937 829 3144 897 quarto
3172 830 3370 881 autem
3391 839 3541 896 pone
3562 822 3627 876 A.

1975 914 2062 969 vel
2095 915 2152 969 in
2187 914 2429 971 sinistra
2460 916 2727 987 magada,
2755 916 2922 986 cujus
2945 914 3162 970 chorda
3186 913 3629 986 proslambano-

1977 1020 2201 1059 menos.
2240 1005 2458 1059 Deinde
2491 1004 2682 1059 divide
2712 1021 2815 1075 per
2845 1008 2973 1058 octo
3006 1008 3200 1076 partes
3233 1018 3420 1074 usque
3452 1001 3523 1056 ad
3566 1000 3625 1055 P.

1976 1099 2034 1147 et
2067 1110 2213 1164 pone
2249 1109 2451 1148 novem
2490 1108 2675 1164 usque
2718 1094 2791 1148 ad
2841 1093 2904 1147 Ο.
2957 1097 3015 1148 et
3060 1092 3171 1148 erit
3216 1096 3414 1157 tonus,
3458 1090 3631 1161 cujus

1976 1182 2194 1236 chorda
2223 1187 2463 1237 vocatur
2494 1182 2626 1236 trite
2667 1180 3086 1254 hyperboleon:
3139 1184 3197 1236 ct
3245 1180 3458 1235 iterum
3501 1181 3629 1233 octo

1976 1275 2171 1341 partes
2205 1286 2391 1341 usque
2419 1271 2487 1324 ad
2524 1270 2589 1325 Ο.
2622 1274 2680 1325 et
2702 1286 2906 1325 novem
2939 1286 3128 1342 usque
3180 1269 3253 1324 ad
3301 1268 3376 1324 N.
3419 1271 3477 1323 et
3521 1265 3634 1322 erit

1976 1363 2183 1426 tonus;
2216 1358 2434 1414 chorda
2464 1360 2593 1431 eius
2613 1363 2851 1415 vocatur
2900 1358 3036 1414 trite
3077 1356 3489 1431 hyperboleon.
3562 1357 3634 1411 Et

1975 1447 2097 1502 haec
2128 1452 2266 1503 sunt
2297 1447 2715 1519 sesquioctavze
2751 1447 3178 1521 proportiones.
3201 1446 3419 1502 Deinde
3438 1443 3632 1502 divide

1975 1554 2163 1608 usque
2192 1539 2262 1593 ad
2297 1538 2356 1592 P.
2389 1538 2446 1592 in
2481 1543 2596 1594 tres
2629 1544 2847 1610 partes,
2882 1541 2938 1595 et
2962 1539 3018 1593 in
3053 1540 3262 1610 quarta
3292 1552 3443 1609 pone
3474 1535 3553 1590 M.
3576 1537 3635 1589 et

1975 1627 2084 1681 erit
2116 1626 2467 1699 symphonia
2496 1627 2860 1684 diatessaron
2888 1645 2900 1695 ;
2955 1627 3175 1683 chorda
3212 1626 3341 1696 ejus
3389 1627 3635 1680 vocatur

1979 1716 2109 1771 trite
2142 1715 2620 1789 diezeugmenon.
2653 1716 2857 1783 Divide
2887 1717 3101 1771 iterum
3130 1714 3191 1769 in
3240 1715 3389 1769 duas
3436 1714 3633 1785 partes

1977 1822 2162 1875 usque
2190 1806 2258 1859 ad
2291 1805 2353 1859 P.
2385 1810 2441 1861 et
2475 1806 2533 1859 in
2564 1806 2737 1860 tertia
2766 1822 2915 1877 pone
2946 1804 2992 1860 Ι.
3024 1808 3082 1860 et
3128 1803 3238 1859 erit
3282 1799 3633 1875 symphonia

1978 1893 2277 1965 diapente;
2303 1893 2521 1949 chorda
2547 1894 2674 1965 ejus
2703 1898 2945 1949 vocatur
2974 1908 3296 1965 paramese.
3343 1891 3520 1945 Porro
3541 1888 3629 1944 di-

1978 1983 2105 2037 vide
2138 1984 2209 2037 ab
2242 1985 2281 2038 1.
2319 2000 2507 2056 usque
2539 1983 2608 2038 ad
2637 1982 2700 2039 II.
2739 1987 2796 2038 et
2828 1982 2883 2037 in
2917 1982 3128 2037 horum
3183 1979 3375 2036 medio
3423 1995 3628 2051 super-

1977 2087 2125 2142 pone
2143 2072 2391 2144 ﬁguram
2406 2073 2561 2138 trite,
2577 2073 2747 2142 cujus
2762 2072 3230 2127 chordavocatur
3246 2068 3380 2125 trite
3403 2083 3631 2142 synem-

1977 2177 2209 2216 menon.
2248 2163 2385 2217 Item
2414 2162 2601 2216 divide
2633 2178 2819 2233 usque
2850 2162 2922 2216 ad
2954 2161 2997 2216 Ι.
3031 2160 3088 2215 in
3120 2160 3267 2217 duas
3305 2162 3522 2231 partes,
3570 2160 3628 2212 et

1972 2248 2030 2303 in
2054 2249 2387 2321 tertiapone
2411 2250 2455 2305 G
2504 2254 2561 2305 et
2584 2250 2794 2305 iterum
2817 2249 2927 2305 erit
2948 2248 3299 2322 symphonia
3356 2247 3629 2320 diapente

1973 2338 2143 2409 cujus
2175 2337 2395 2393 chorda
2425 2342 2666 2394 vocatur
2695 2338 2974 2412 lychanos
3009 2353 3234 2393 meson.
3270 2336 3473 2391 Divide
3521 2335 3631 2390 ite-

1900 2466 1905 2473 .
1971 2443 2102 2481 rum
2130 2426 2189 2480 in
2221 2427 2368 2481 duas
2399 2431 2595 2497 partes
2626 2444 2814 2499 usque
2847 2427 2916 2481 ad
2939 2426 3008 2482 H.
3035 2430 3091 2482 et
3112 2426 3168 2480 in
3188 2424 3360 2481 tertia
3379 2440 3534 2497 pone
3563 2423 3623 2478 F.

1970 2516 2139 2585 cujus
2208 2514 2427 2570 chorda
2500 2519 2740 2571 vocatur
2808 2515 3356 2588 parhypatemeson.
3426 2512 3625 2569 Divide

1968 2604 2179 2658 iterum
2232 2603 2289 2658 in
2339 2605 2487 2659 duas
2536 2608 2730 2676 partes
2776 2620 2963 2676 usque
3007 2604 3078 2658 ad
3126 2603 3166 2657 Ι.
3210 2607 3267 2658 et
3327 2602 3388 2656 in
3451 2600 3623 2669 tertia

1967 2709 2116 2763 pone
2147 2692 2208 2746 E.
2243 2693 2414 2762 cujus
2445 2692 2663 2747 chorda
2690 2697 2929 2748 vocatur
2958 2691 3170 2764 hypate
3204 2706 3429 2746 meson.
3471 2689 3618 2744 Item

1966 2782 2157 2836 divide
2197 2798 2381 2853 usque
2415 2782 2486 2836 ad
2517 2783 2573 2837 F.
2608 2782 2667 2836 in
2690 2785 2811 2837 tres
2834 2785 3051 2853 partes,
3078 2784 3136 2836 et
3156 2778 3216 2835 in
3236 2781 3449 2850 quarta
3470 2793 3619 2850 pone

1964 2870 2022 2925 C.
2058 2876 2114 2926 et
2143 2871 2253 2926 erit
2281 2870 2633 2943 symphonia
2660 2870 3045 2937 diatessaron,
3079 2869 3248 2940 cujus
3271 2867 3488 2923 chorda
3524 2881 3624 2921 vo-

1962 2963 2129 3015 catur
2158 2960 2473 3032 parhypate
2503 2960 2779 3032 hypaton.
2812 2958 3009 3014 Divide
3040 2958 3179 3014 item
3210 2973 3398 3030 usque
3445 2956 3518 3012 ad
3556 2956 3620 3011 E.

1966 3046 2023 3102 in
2057 3053 2172 3103 tres
2206 3053 2419 3121 partes,
2454 3052 2511 3103 et
2541 3048 2600 3103 in
2633 3053 2842 3120 quarta
2867 3063 3017 3120 pone
3058 3047 3119 3102 B.
3167 3047 3336 3120 cujus
3404 3046 3625 3103 chorda

1889 3122 1933 3187 (ἶ
1967 3142 2211 3194 vocatur
2236 3137 2448 3209 hypate
2478 3137 2739 3209 hypaton
2776 3137 2850 3208 (3)

1978 3386 2195 3459 pergit;
2232 3386 2454 3459 Indicis,
2489 3389 2597 3440 etc.
3053 3453 3102 3459 __
3195 3456 3201 3459 Α
3361 3455 3389 3459 ι
3446 3430 3453 3435 .

2072 3453 2125 3527 3)
2156 3457 2285 3511 Haec
2318 3457 2375 3509 in
2422 3456 2533 3509 line
2578 3471 2793 3527 manca
2835 3470 2965 3511 esse
3010 3453 3301 3527 videntur.
3354 3454 3641 3526 Sequitur

1979 3526 2113 3583 inde
2163 3528 2231 3583 de
2285 3532 2435 3599 octo
2466 3526 2643 3599 tonis,
2703 3531 2767 3581 ut
2817 3543 3040 3599 supra,
3082 3526 3156 3599 in
3234 3528 3510 3597 Amumo,
3581 3530 3641 3582 et

1978 3599 2037 3654 in
2065 3600 2397 3681 AuaELIANo
2423 3597 2708 3667 habetur;
2742 3597 2909 3670 quae;
2928 3615 3000 3655 ne
3028 3597 3229 3656 itidem
3274 3600 3636 3671 repetantur,

1980 3687 2314 3727 omnelmus.

1608 3839 3633 3874 Μ

750 4003 1327 4097 ΑΝΟΝΥΜΙ
1407 4002 1542 4095 ΙΙΙ
1602 4002 2471 4096 FRAGMENTUM
2549 4004 3118 4098 MUSICES.

296 4360 376 4414 Ab
407 4361 566 4416 omni
579 4360 1074 4432 superpartieutari
1099 4360 1151 4414 si
1177 4361 1503 4419 continuam
1528 4364 1582 4413 et
1618 4375 1877 4431 superpa-
1909 4362 1955 4426 D
1985 4365 2215 4431 quarta,
2250 4364 2511 4416 remanet
2542 4360 2742 4428 diesis,
2785 4361 2844 4417 id
2888 4366 2995 4427 est,
3048 4368 3254 4436 quarta
3294 4381 3431 4438 pars
3479 4365 3636 4422 toni:

225 4449 522 4504 ticularem
549 4450 671 4521 quis
698 4450 914 4518 auferat
938 4450 1345 4520 proportionem
1376 4451 1476 4502 etc.
1504 4449 1582 4502 Ac
1615 4447 1664 4501 si
1696 4448 1874 4502 dixis-

221 4541 348 4592 set:
380 4536 439 4593 Si
482 4538 675 4592 minor
704 4538 998 4609 proportio
1032 4538 1101 4592 de
1134 4538 1353 4608 majore
1367 4535 1709 4611 detrahatur
1738 4553 1874 4608 pro-

222 4625 515 4697 p‘értione,
564 4625 621 4682 id
668 4626 824 4696 quod
874 4625 1248 4697 relinquitur,
1322 4623 1685 4698 geminatum
1758 4640 1873 4678 non

220 4714 407 4769 efﬁcit
429 4713 824 4787 integritatem
850 4714 1097 4770 minoris
1113 4713 1525 4787 proportionis,
1543 4730 1669 4784 quae
1683 4712 1873 4767 aufer-

220 4809 343 4858 tur.
372 4802 544 4858 Verbi
573 4803 790 4876 gratia:
824 4803 981 4859 Tolle
1027 4802 1412 4871 diatessaron,
1459 4802 1530 4857 de
1581 4800 1873 4873 diapente,

224 4890 288 4947 id
320 4896 429 4959 est,
457 4892 606 4947 duos
634 4896 808 4948 tonos
833 4896 889 4948 et
918 4891 1296 4948 semitonium
1328 4891 1399 4948 de
1432 4891 1617 4946 tribus
1644 4890 1797 4945 tonis
1820 4895 1879 4944 et

227 4980 563 5048 semitonio,
596 4985 652 5035 et
682 4986 944 5036 remanet
974 4986 1181 5036 tonus:
1234 4980 1334 5052 qui
1382 4981 1713 5051 geminatus
1762 4994 1877 5032 non

227 5068 409 5124 ellicit
441 5069 738 5140 integrum
770 5069 1154 5135 diatessaron,
1184 5074 1445 5124 remanet
1475 5069 1630 5123 enim
1646 5068 1881 5124 semito-

228 5157 417 5218 nium.
435 5157 673 5213 lterium
688 5174 862 5230 sesqu
873 5158 1104 5229 iquarta
1117 5157 1415 5214 auferatur
1427 5158 1497 5212 de
1511 5156 1882 5229 sesquitertia

225 5250 501 5302 remanet
531 5246 944 5302 semitonium:
1000 5263 1137 5302 nam
1186 5245 1598 5318 sesquiquarta
1653 5244 1884 5301 duobus

228 5333 390 5389 tonis
416 5338 668 5390 constat.
703 5334 834 5408 Ipso
860 5334 1170 5392 semitonio
1187 5334 1480 5407 triplicato
1515 5333 1886 5407 sesquitertia

231 5439 351 5478 non
382 5424 649 5496 pervenit
676 5424 744 5480 sd
774 5423 1171 5497 integritatem
1212 5424 1658 5496 sesquiquarta}.
1706 5423 1887 5496 quue

230 5511 295 5579 in
324 5511 572 5587 caeteris,
604 5511 714 5576 hoc
742 5517 853 5587 est,
886 5513 1298 5590 sesquiquinta
1316 5511 1559 5573 tollatur
1575 5513 1646 5574 de
1666 5514 1891 5590 sesqui-

1987 4466 2123 4504 nam
2156 4449 2565 4521 sesquiquinta
2594 4454 2825 4507 constat
2855 4468 2924 4507 ex
2954 4456 3112 4520 tono,
3145 4457 3203 4509 et
3231 4454 3542 4512 semitonio
3585 4460 3644 4512 et

1982 4538 2150 4593 diesi.
2191 4539 2376 4594 Diesis
2405 4544 2602 4595 autem
2626 4541 3042 4613 quadruplata,
3064 4543 3206 4615 quia
3226 4545 3644 4618 sesquiquarta

1984 4631 2091 4693 est,
2125 4630 2329 4681 tonum
2352 4627 2647 4699 integrum
2672 4629 2871 4696 efﬁcit,
2896 4634 2953 4686 et
2973 4634 3237 4689 remanet
3259 4634 3642 4692 semitonium

1985 4720 2041 4771 et
2071 4715 2271 4781 diesis,
2306 4716 2394 4770 vel
2425 4717 2694 4771 ulterius.
2719 4719 2832 4774 Sed
2865 4724 3061 4776 tamen
3094 4721 3143 4777 si
3168 4722 3278 4779 hoc
3325 4724 3533 4781 feceris
3582 4724 3641 4778 in

1986 4802 2371 4859 arithmeticis
2416 4805 2914 4876 proportionibus,
2967 4825 3156 4881 usque
3204 4811 3277 4865 ad
3336 4811 3641 4867 infinitum

1987 4892 2374 4965 progreditur.
2409 4893 2552 4947 Nam
2586 4893 2635 4948 si
2668 4896 3105 4967 sesquitertium
3140 4899 3210 4953 de
3256 4897 3641 4971 sesquialtero

1989 4979 2182 5047 tollas,
2218 4980 2371 5051 quod
2408 4982 2771 5047 remanserit,
2805 4983 3279 5056 siduplicaveris,
3302 4987 3374 5042 ad
3413 4987 3640 5059 sesqui-

1989 5067 2222 5124 tertiam
2274 5085 2459 5141 usque
2506 5071 2939 5141 proportionem
2987 5074 3287 5145 pervenire
3354 5075 3641 5147 nequibit,

1994 5157 2272 5229 quoniam
2321 5158 2726 5229 sesquioctava
2774 5163 3094 5233 proportio,
3159 5180 3285 5235 quae
3351 5169 3642 5235 remanet;

1994 5244 2291 5317 duplicata
2338 5245 2733 5319 integritatem
2784 5249 3165 5321 sesquitertiae
3228 5251 3473 5324 implere
3530 5270 3646 5310 non

1996 5334 2226 5405 poterit.
2261 5333 2423 5398 Quod
2450 5335 2683 5406 probari
2716 5341 2910 5408 potest
2938 5338 3114 5394 etiam
3145 5339 3202 5394 in
3236 5341 3652 5415 sesquiquarta

1997 5427 2053 5480 et
2075 5422 2508 5496 sesquiquinta.

2069 5512 2145 5572 Ab
2175 5513 2327 5573 omni
2359 5515 2852 5589 superparticulari
2897 5517 2950 5576 si
2995 5518 3315 5579 continuam
3358 5522 3411 5581 ei
3460 5537 3655 5600 super-
