4000 6168
321 236 437 298 687
1060 247 1252 308 S/EC.
1301 248 1381 310 XI
1425 247 1655 310 AUCT.
1703 245 2016 308 INCERTI
2060 245 2250 306 ANNI
2293 244 2394 306 ET
2439 246 2734 308 SCRIPT.
2777 253 2999 304 ’AAEEII.
3604 244 3730 306 688

322 372 720 442 partioularmn
751 375 869 446 quis
898 377 1116 448 auferat
1139 381 1562 450 proportionem.
1593 379 1755 444 Quod
1801 377 1962 446 dicit,
1998 379 2053 445 Α
2083 393 2198 431 non
2231 382 2498 433 statuunt
2526 378 2986 449 sesquioctavam
3027 376 3459 451 proportionem
3491 377 3629 433 adx.
3672 379 3737 433 et.
3787 386 3794 390 '

324 458 416 515 his
433 459 715 534 exemplis
742 465 975 537 probari
998 470 1210 540 potest.
1235 466 1666 540 Sitpropositus
1680 467 1967 536 terminus
2077 483 2175 520 VII.
2228 483 2364 521 nam
2419 467 2582 524 deest
2602 471 2802 523 octava
2823 485 2957 541 pars
2979 467 3244 534 unitatis,
3269 469 3324 522 et
3344 483 3413 522 ex
3435 466 3542 522 hoc
3555 465 3729 522 intel-

324 566 479 605 unus
511 555 566 606 et
595 550 772 623 idem,
804 557 874 611 ad
909 573 1083 628 quem
1117 560 1346 630 aptetur
1362 557 1746 628 sesquialtera
1762 561 1818 613 et
1852 574 1969 613 ses-
2079 555 2299 628 ligitur,
2323 555 2460 628 quia
2481 574 2596 612 non
2621 557 2839 612 faciunt
2860 555 3463 630 duzesesquiseptima:
3491 556 3730 612 decima:

328 640 607 711 quitertia
635 645 949 717 proportio.
985 647 1087 702 Hic
1114 647 1190 703 sit
1220 664 1296 700 VI.
1331 647 1403 702 ad
1449 663 1621 720 quem
1652 662 1796 702 VIIII.
1848 663 1969 701 ses-
2079 649 2287 700 tonum
2310 646 2622 719 integrum.
2649 647 2729 703 De
2750 665 2804 703 x.
2831 651 2887 703 et
2906 664 3005 703 VII.
3030 649 3167 703 II.et
3183 650 3534 722 octavapars
3552 644 3733 702 unius

329 730 702 802 quialterest,
726 751 842 791 VIII.
861 752 993 791 vero
1009 736 1974 809 sesquitertius:quidisponantur
2083 738 2220 790 sunt
2252 738 2456 791 octava
2483 753 2640 808 pars,
2673 736 2772 808 qui
2807 737 2920 793 duo
2951 740 3008 793 et
3036 739 3236 792 octava
3265 752 3401 808 pars
3433 735 3534 791 uni
3557 734 3607 790 si
3624 735 3734 790 ad-

327 820 438 878 hoc
478 825 669 880 modo.
727 840 803 878 VI.
856 841 972 879 VIII.
1033 842 1175 880 VIIII.
1236 825 1307 880 Et
1363 825 1640 898 quoniam
1691 825 1777 880 hae
1847 825 1973 880 duce

330 912 735 984 proportiones
782 913 1074 969 continuae
1137 915 1625 987 superpaculares
1696 918 1852 981 sunt,
1916 915 1975 968 in

331 1001 520 1070 tribus
551 1001 821 1058 terminis
853 1003 1180 1059 constituta:
1211 1021 1286 1059 VI.
1318 1021 1441 1060 VIII.
1464 1021 1606 1059 VIIII.
1640 1004 1976 1060 auferamus

330 1089 587 1160 primum
615 1090 955 1158 terminum,
988 1093 1061 1148 ad
1083 1110 1258 1165 quem
1280 1111 1402 1150 VIII.
1428 1098 1516 1150 est
1545 1093 1976 1165 sesquitertius,

330 1193 452 1234 VIII.
488 1179 857 1251 sesquialter,
890 1187 1154 1238 remanet
1178 1200 1295 1238 VIII.
1329 1188 1385 1239 et
1416 1201 1558 1240 VIIII.
1595 1183 1695 1256 qui
1751 1183 1978 1255 sesqui-

332 1267 515 1323 octavi
549 1274 708 1325 sunt.
729 1271 838 1326 Sed
863 1272 1264 1344 scsquioctava
1286 1275 1580 1344 proportio
1603 1291 1716 1329 non
1745 1277 1832 1329 est
1867 1287 1983 1328 me-

332 1357 517 1414 dietas
539 1358 786 1415 minoris
817 1359 1227 1433 proportionis,
1285 1362 1341 1416 id
1395 1366 1502 1428 est,
1563 1361 1978 1434 sesquitertiae;

335 1447 611 1518 quoniam
646 1447 945 1520 duplicata
972 1466 1084 1505 non
1118 1451 1296 1506 efﬁcit
1324 1467 1473 1518 eam,
1509 1453 1609 1507 sed
1643 1451 1834 1506 minor
1873 1454 1980 1506 est.

335 1530 711 1608 Duplicemus
741 1537 919 1609 igitur
945 1537 1413 1611 sesquioctavam
1445 1540 1902 1613 proportionem,
1928 1545 1985 1596 et

336 1625 454 1681 sint
486 1631 605 1682 tres
650 1627 878 1682 numeri
927 1627 1009 1682 ita
1051 1629 1341 1701 dispositi,
1392 1630 1488 1702 qui
1535 1647 1568 1686 a
1612 1631 1986 1702 proportione

230 1777 236 1783 ,
336 1731 458 1772 VIII.
493 1719 549 1770 et
575 1732 716 1771 VIIII.
750 1733 866 1772 non
898 1718 1189 1787 recedant,
1227 1720 1482 1791 ﬁantque
1531 1719 1710 1775 octies
1758 1735 1878 1776 VIII.
1931 1726 2060 1812 etB

339 1803 518 1859 octies
566 1821 708 1859 VIIII.
761 1808 817 1860 et
865 1806 1063 1862 novies
1111 1824 1248 1863 VIIII.
1300 1808 1357 1863 id
1410 1813 1520 1863 est.
1569 1826 1744 1864 LXIIII.
1813 1827 1982 1864 Lxxu.

338 1909 519 1967 Lxxm.
553 1891 641 1947 vel
670 1893 806 1963 duo,
837 1895 1116 1967 quoniam
1156 1897 1382 1968 primus
1435 1898 1506 1952 ad
1557 1899 1883 1954 secundum
1930 1901 1988 1952 et

337 1982 633 2038 secundus
656 1983 728 2038 ad
751 1984 987 2046 tertium
1011 1985 1474 2057 sesquioctavam
1499 1987 1861 2043 constituunt
1883 1985 1984 2042 ha—

337 2070 692 2140 bitudinem;
723 2073 823 2128 sed
858 2074 1068 2130 tertius
1100 2075 1170 2131 ad
1193 2077 1449 2148 primum
1479 2076 1677 2132 minus
1698 2081 1786 2132 est
1807 2093 1985 2149 quam

338 2159 768 2232 sesquitertius.
800 2162 924 2219 Non
957 2167 1046 2219 est
1074 2180 1208 2237 ergo
1227 2165 1668 2238 sesquioctavus
1703 2167 1987 2222 medietas

337 2249 714 2321 sesquitertii.
772 2253 838 2308 Et
887 2252 948 2309 in
1012 2255 1286 2310 omnibus
1352 2255 1988 2328 superparticularibus

335 2339 630 2396 continuis
658 2341 767 2397 hoc
789 2341 1212 2414 speculandum
1238 2349 1348 2412 est,
1372 2344 1648 2418 quoniam
1675 2345 1722 2402 si
1748 2345 1988 2402 minora

335 2428 555 2498 majore
588 2430 980 2501 subtrahitur,
1013 2433 1069 2487 id
1103 2435 1260 2504 quod
1293 2433 1662 2506 relinquitur,
1688 2434 1884 2490 minus
1901 2438 1989 2490 est

335 2516 646 2573 medietate
668 2517 976 2574 subtractae
998 2521 1410 2592 proportionis,
1435 2522 1714 2593 quoniam
1730 2522 1991 2594 duplica-

335 2607 463 2657 tum
514 2621 631 2659 non
679 2607 728 2659 ei
777 2612 1128 2678 coaequatur,
1181 2610 1335 2680 quod
1385 2614 1676 2666 monstrat
1726 2611 1990 2681 subjecta

336 2691 669 2762 descriptio.
706 2693 894 2764 Hujus
933 2695 1344 2768 descriptionis
1375 2697 1495 2752 haec
1527 2699 1674 2754 ratio
1705 2703 1793 2756 est
1839 2717 1893 2754 x.
1932 2704 1990 2754 et

338 2795 436 2833 VII.
464 2783 521 2833 et
539 2797 592 2834 x.
618 2784 675 2835 et
693 2798 812 2836 VIII.
828 2783 1344 2856 sesquiseptimam
1363 2786 1651 2843 decimam
1665 2787 1987 2860 proportio-

339 2883 474 2922 nem
496 2867 649 2924 inter
669 2887 729 2925 se
747 2870 963 2927 habent
984 2888 1110 2944 quae
1129 2873 1252 2930 sola
1271 2875 1722 2948 sesquiseptima
1763 2877 1990 2933 decima

341 2955 402 3009 in
432 2955 556 3012 sola
587 2957 810 3016 unitate
841 2958 1211 3033 intelligitur.
1241 2963 1299 3018 Si
1339 2962 1552 3020 iterum
1585 2963 1828 3021 alteram
1873 2982 1990 3022 ses-

340 3044 756 3117 quiseptimam
771 3047 1056 3105 decimam
1072 3067 1175 3123 pro
1185 3052 1989 3124 portionemaddidero,ernnt

338 3150 398 3189 II.
433 3137 489 3190 et
514 3133 562 3190 si
595 3152 655 3192 II.
691 3137 902 3194 addam
937 3155 1116 3212 super
1135 3158 1191 3196 x.
1217 3144 1272 3197 et
1294 3159 1388 3197 VII.
1415 3142 1472 3197 id
1496 3147 1604 3209 est,
1631 3143 1721 3199 bis
1761 3144 1990 3216 sesqui-

337 3223 647 3295 septimam
679 3225 990 3296 decimam,
1018 3233 1189 3285 erunt
1216 3247 1270 3286 II.
1304 3233 1361 3286 et
1389 3232 1529 3287 VIiII.
1566 3231 1667 3304 qui
1697 3251 1750 3288 x.
1772 3238 1988 3292 etVIIII.

2084 823 2300 878 dantur
2329 827 2386 880 et
2417 842 2469 880 x.
2495 829 2550 880 et
2579 843 2676 880 VII.
2715 826 2862 880 ﬁunt
2888 843 2943 880 x.
2978 827 3034 881 et
3060 842 3201 880 VIIII.
3235 827 3293 881 et
3339 826 3544 881 octava
3593 839 3735 896 pars

2087 913 2329 969 unitatis
2358 915 2429 969 ad
2463 933 2518 969 x.
2552 919 2609 970 et
2637 931 2737 970 VII.
2773 914 3236 986 sesquioctavus.
3261 915 3361 969 Est
3382 916 3577 969 autem
3609 912 3734 969 hac

2085 1001 2232 1057 ratio
2265 1002 2590 1058 necessaria
2618 1003 2805 1076 primo
2836 1002 3089 1077 capitulo
3115 1002 3417 1075 sequentis
3448 1001 3605 1057 libri.

2157 1093 2221 1147 Si
2249 1094 2764 1165 superparticularis
2775 1094 3053 1165 proportio
3071 1094 3286 1149 binario
3309 1092 3734 1164 multiplicatur,

2088 1184 2146 1237 id
2175 1182 2314 1253 quod
2343 1179 2423 1253 ﬁt,
2457 1197 2628 1254 neque
2654 1184 3152 1254 superparticulare
3181 1187 3257 1237 est
3279 1198 3453 1252 neque
3467 1181 3741 1253 muliplex

2090 1274 2252 1343 etc.(i
2268 1272 2764 1343 ).Binariodicitur
2777 1271 3154 1344 multiplicari
3173 1271 3487 1344 proportio,
3503 1270 3742 1342 quando

2090 1379 2156 1416 ea
2182 1361 2597 1433 duplicatur,et
2617 1361 2807 1434 qualis
2829 1360 3250 1434 sitprimatalis
3271 1363 3428 1416 estet
3449 1359 3743 1425 secunda;

2093 1451 2148 1505 id
2173 1456 2281 1515 est,
2309 1452 2807 1523 quemadmodum
2832 1451 3008 1507 habet
3032 1466 3094 1506 se
3117 1449 3342 1522 primus
3361 1449 3650 1505 terminus
3668 1448 3742 1504 ad

2095 1540 2442 1608 secundum,
2477 1539 2557 1596 sic
2590 1541 2884 1596 secundus
2915 1555 2977 1596 se
3008 1539 3184 1595 habet
3228 1539 3300 1594 ad
3347 1539 3608 1595 tertium.
3657 1537 3744 1592 Sit

2095 1629 2642 1702 superparlicularis
2673 1628 2990 1702 proportio,
3024 1633 3210 1684 utIIII.
3247 1628 3320 1684 ad
3350 1644 3430 1696 VI,
3462 1628 3739 1699 haecquo-

2094 1721 2251 1775 niam
2277 1737 2392 1775 una
2408 1724 2513 1786 est,
2539 1718 2763 1776 binario
2786 1718 3234 1792 multiplicetur:
3261 1717 3353 1774 bis
3374 1718 3531 1774 enim
3553 1734 3742 1772 unum

2096 1826 2156 1864 II.
2188 1809 2354 1863 ﬁunt.
2391 1809 2628 1880 Oportet
2655 1824 2812 1881 ergo,
2846 1813 2911 1864 ut
2931 1812 3188 1865 suntun.
3213 1808 3286 1864 ad
3310 1825 3386 1864 VI.
3413 1807 3498 1862 sic
3518 1823 3644 1863 esse
3660 1824 3742 1874 VI,

2096 1895 2168 1950 ad
2202 1894 2383 1949 alium
2417 1894 2735 1966 quemlibet
2764 1912 3098 1965 numerum,
3131 1895 3226 1951 hic
3258 1900 3398 1951 sunt
3416 1911 3557 1951 VIIII.
3603 1895 3744 1962 duo,

2097 1985 2374 2055 quoniam
2392 2001 2596 2039 novem
2612 1985 2679 2039 ad
2701 2002 2805 2040 IIII.
2822 2001 2926 2040 nec
2946 1984 3250 2057 multiplex
3274 1990 3384 2053 est,
3408 2001 3514 2040 nec
3540 1999 3745 2056 super-

2097 2072 2464 2144 particulare.
2502 2073 2662 2139 Quod
2690 2073 2738 2128 si
2766 2073 2844 2139 id,
2871 2075 3021 2146 quod
3045 2091 3113 2128 ex
3133 2073 3232 2129 tali
3258 2072 3748 2145 multiplicatione

2096 2168 2387 2229 nascetur,
2420 2179 2607 2235 neque
2639 2162 2944 2235 multiplex
2971 2167 3062 2220 est
3105 2179 3293 2235 neque
3322 2161 3754 2236 superpaarticu-

2095 2250 2252 2308 lare:
2288 2255 2484 2308 tamen
2516 2251 2686 2323 illud,
2721 2252 2876 2323 quod
2911 2249 3371 2324 multiplicatum
3403 2255 3511 2320 est,
3541 2250 3627 2306 vel
3647 2267 3749 2306 su-

2096 2341 2582 2414 perparticularis
2612 2341 2699 2396 vel
2721 2340 2964 2397 alterius
2986 2341 3239 2414 generis,
3263 2358 3379 2397 non
3399 2357 3532 2396 vero
3553 2339 3754 2396 multi-

2096 2431 2267 2504 plicis
2299 2430 2471 2501 (erit).
2503 2429 2662 2493 Quod
2699 2446 2768 2485 ex
2799 2430 2976 2502 priori
3010 2429 3494 2502 multiplicatione
3543 2433 3748 2484 natum

2097 2519 2433 2592 est,duplex
2454 2518 2906 2590 sesquiquartus
2920 2523 3028 2588 est,
3044 2523 3110 2574 ut
3148 2523 3386 2576 suntIIII
3415 2518 3488 2576 ad
3518 2535 3638 2573 VIIII
3689 2518 3748 2572 id

2098 2625 2285 2680 neque
2318 2607 2627 2679 multiplex
2675 2625 2862 2680 neque
2910 2607 3439 2681 superparticulare
3489 2612 3596 2674 est,
3645 2607 3750 2664 sed

2098 2697 2410 2769 multiplex
2435 2697 3006 2770 superparticularis.
3031 2699 3102 2754 Et
3121 2697 3280 2770 quod
3299 2697 3528 2753 binario
3543 2695 3746 2752 multi-

2097 2787 2375 2860 plicatum
2406 2791 2513 2858 est,
2548 2786 2901 2860 multiplicis
2921 2787 3172 2860 generis,
3197 2804 3314 2843 non
3346 2792 3455 2854 est,
3489 2787 3590 2842 sed
3627 2785 3748 2842 vel-

2098 2875 2645 2951 superparticularis
2674 2875 2764 2933 vel
2795 2876 3037 2933 alterius
3067 2877 3318 2949 generis.
3347 2877 3420 2931 At
3441 2874 3536 2930 hic
3559 2892 3753 2947 neque

2098 2965 2442 3038 multiplicis
2474 2982 2664 3038 neque
2689 2965 2953 3034 alterius,
2985 2967 3086 3023 sed
3118 2965 3378 3022 ditﬁnitae
3427 2980 3748 3037 superpar-

2095 3055 2362 3112 ticularis
2383 3059 2473 3112 est
2493 3053 2881 3127 multiplicata
2893 3054 3276 3127 sesquialtera
3294 3054 3611 3127 proportio.
3645 3054 3754 3109 Est

2099 3162 2232 3201 vero
2264 3145 2385 3202 haec
2424 3145 2570 3202 ratio
2622 3144 2952 3201 necessaria
3000 3143 3225 3202 decimo
3267 3142 3523 3218 capitulo
3568 3142 3759 3214 hujus

2100 3235 2253 3291 libri.

412 3347 488 3419 (I)
519 3348 651 3404 Vid.
694 3350 851 3406 Boet.
885 3368 942 3423 p.
967 3352 1107 3408 4093
1137 3358 1194 3408 et
1227 3356 1366 3411 1130
1394 3344 1530 3412 edit.
1574 3356 1888 3416 Basilcensi
1919 3376 1983 3416 an

2103 3362 2259 3417 1546.

336 3469 2999 3514 2W

3003 3483 3752 3511 π

1045 3613 1645 3712 MENSURA
1723 3619 2569 3715 MONOCHORDI
2649 3621 3068 3716 BOETII

1410 3787 1522 3850 Er
1548 3787 1741 3850 codice
1770 3788 2362 3854 Benedz'cto-Burano
2393 3790 2546 3853 Suec.
2581 3809 2692 3853 XII.

411 4013 620 4068 Totum
640 4013 1103 4071 monochordum
1119 4018 1334 4088 partire
1351 4018 1699 4092 inprimisin
1721 4025 1992 4094 quatuor,
2022 4025 2070 4089 D
2095 4023 2318 4095 jusque
2347 4021 2548 4078 litterae
2581 4023 2639 4079 in
2668 4041 2844 4079 suum
2865 4024 3223 4096 aequivocum
3248 4023 3305 4079 id
3337 4029 3427 4080 est
3455 4024 3543 4080 fac
3562 4041 3752 4080 unum

337 4105 394 4156 et
422 4101 481 4156 in
511 4101 675 4158 initio
710 4105 1086 4161 monochordi
1120 4123 1268 4178 pone
1303 4107 1362 4162 F.
1397 4113 1454 4163 et
1485 4109 1541 4163 in
1576 4110 1764 4181 primo
1807 4128 1986 4182 passu

335 4189 425 4244 fac
458 4190 517 4246 B.
547 4191 607 4246 in
639 4193 895 4248 secundo
919 4194 978 4248 F.
1005 4210 1182 4260 mese,
1206 4196 1262 4250 in
1285 4196 1458 4252 tertio
1480 4202 1537 4252 [δ’.
1564 4206 1810 4270 quartus
1834 4201 1981 4255 linit.

332 4278 495 4333 Tunc
525 4297 558 4333 a
588 4279 703 4334 ﬁne
737 4281 824 4335 fac
853 4285 972 4336 tres
1003 4299 1215 4354 passus
1243 4283 1302 4338 in
1336 4284 1610 4346 ultimum
1654 4287 1714 4342 F.
1768 4288 1883 4343 duo
1923 4288 1982 4343 in

333 4366 764 4436 acutissimum,
801 4368 938 4424 etin
966 4375 1174 4440 quarto
1197 4388 1377 4443 passu
1405 4374 1584 4430 habes
1611 4392 1659 4431 c.
1686 4376 1979 4449 superius.

336 4454 477 4508 Item
510 4472 543 4509 a
574 4456 688 4509 ﬁne
721 4457 810 4511 fac
844 4459 990 4514 duos
1022 4476 1232 4530 passus
1285 4461 1344 4516 in
1398 4464 1662 4520 eamdem
1709 4465 1767 4521 F.
1817 4471 1875 4523 et
1924 4467 1980 4522 in

332 4541 502 4598 tertio
533 4543 714 4601 habes
739 4545 796 4601 b.
834 4548 1124 4619 superius.
1159 4550 1320 4606 Tunc
1349 4553 1420 4608 ab
1439 4553 1642 4610 eadem
1672 4555 1730 4611 b.
1765 4557 1854 4611 fac
1909 4559 1982 4613 ad

335 4632 511 4687 ﬁnem
529 4637 782 4705 quatuor
803 4653 1036 4708 passus,
1061 4655 1309 4711 quorum
1335 4642 1563 4714 primus
1588 4644 1787 4701 ﬁnitin
1810 4663 1983 4719 supe-

334 4720 458 4777 rius
489 4740 538 4778 e.
577 4723 716 4779 item
749 4742 782 4781 a
805 4725 919 4783 ﬁne
947 4727 1034 4783 fac
1060 4729 1208 4787 duos
1236 4747 1448 4803 passus
1473 4731 1533 4788 in
1551 4736 1816 4792 eamdem
1837 4753 1887 4792 e.
1929 4740 1986 4792 et

334 4815 485 4867 retro
516 4811 576 4868 in
611 4813 778 4869 tertio
811 4815 992 4876 habes
1023 4834 1075 4873 a.
1101 4820 1393 4892 superius.
1418 4823 1582 4878 Tunc
1602 4825 1674 4880 ab
1692 4826 1894 4880 eodem
1927 4845 1980 4881 II.

333 4901 423 4957 fac
442 4902 513 4957 ad
537 4903 714 4960 ﬁnem
739 4909 991 4978 quatuor
1013 4925 1245 4980 passus,
1269 4927 1522 4983 quorum
1541 4913 1769 4986 primus
1784 4916 1981 4970 termi-

337 5076 572 5134 nabitur
602 5079 660 5135 in
694 5080 759 5136 D.
795 5083 1090 5156 superius.
1125 5089 1168 5138 Α
1204 5087 1320 5142 ﬁne
1362 5088 1451 5144 fac
1503 5093 1620 5146 tres
1662 5106 1874 5162 passus
1923 5091 1982 5147 in

336 5181 366 5217 0

333 5252 392 5306 C.
422 5256 715 5328 superius,
749 5264 805 5315 et
835 5265 987 5319 retro
1015 5264 1072 5319 in
1097 5269 1305 5337 quarto
1322 5265 1503 5322 habes
1529 5195 1913 5342 Gguperius.
1938 5272 1983 5326 A

1119 5355 1155 5407 d

331 5429 447 5484 ﬁne
481 5430 570 5486 fac
601 5434 749 5491 duos
781 5455 993 5509 passus
1022 5442 1082 5498 in
1096 5443 1160 5499 D.
1187 5445 1479 5517 superius,
1503 5448 1561 5501 et
1581 5451 1732 5503 retro
1746 5449 1982 5506 tertium

332 5517 402 5578 G.
433 5535 876 5595 synemmenon.
911 5531 1115 5589 Postea
1144 5533 1382 5608 duplica
1411 5535 1668 5610 spatium
1702 5538 1982 5595 uniuscu-

2098 4129 2340 4185 passum
2373 4130 2406 4168 a
2429 4113 2562 4180 ﬁne,
2585 4111 2641 4168 id
2661 4118 2770 4180 est,
2795 4114 2867 4169 ab
2891 4111 3234 4169 acuminein
3260 4130 3753 4185 unamquamque

2094 4199 2422 4258 litterarum
2445 4202 2837 4274 superiorum,
2858 4203 3181 4260 secundum
3211 4218 3454 4276 passum
3478 4202 3537 4257 in
3569 4219 3751 4258 suum

2093 4292 2500 4362 cognominem
2530 4307 2784 4364 gravem,

2555 4417 2759 4473 Mense
2769 4435 2839 4473 na
2870 4431 3268 4473 MONOCHORDI.

2529 4525 2612 4579 Ea:
2642 4524 2766 4580 Cod.
2802 4524 2855 4579 S.
2889 4525 3037 4580 Bias.
3071 4540 3179 4582 saec
3207 4541 3305 4579 xu.

2167 4647 2628 4704 Monochordum
2649 4648 3057 4721 disparaturus
3069 4653 3250 4705 totum
3272 4647 3651 4721 epiphaniam
3682 4647 3747 4701 in

2091 4753 2220 4792 vom
2251 4742 2448 4809 partes
2480 4737 2790 4806 distribue,
2823 4742 2878 4794 et
2907 4738 2966 4793 in
2994 4737 3183 4812 primo
3216 4742 3434 4810 puncto
3485 4735 3744 4794 sinistrae

2095 4826 2279 4898 partis
2315 4827 2372 4881 F.
2408 4831 2625 4891 notato,
2659 4827 2717 4882 in
2760 4829 3018 4884 secundo
3071 4829 3136 4884 A.
3192 4828 3251 4882 in
3299 4831 3508 4900 quarto
3569 4827 3632 4882 D.
3682 4825 3770 4881 in.

2094 4916 2297 4986 quinto
2329 4916 2385 4970 F.

2378 5021 2411 5060 a
2797 5007 2832 5061 d
3333 5024 3369 5063 a

2093 5093 2154 5148 in
2186 5097 2346 5149 sexto
2375 5095 2441 5149 A.
2475 5093 2533 5149 in
2565 5094 2812 5168 septimo
2843 5095 2910 5152 D.
2945 5095 3005 5152 in
3037 5100 3237 5154 octavo
3266 5113 3320 5153 a.
3368 5096 3515 5152 Item
3555 5111 3768 5167 usque.

2092 5183 2156 5238 A.
2189 5181 2250 5238 in
2281 5199 2486 5240 novem
2517 5183 2848 5256 disparetur
2867 5184 3040 5253 linea,
3063 5190 3121 5243 et
3139 5185 3437 5260 proveniet
3458 5183 3518 5240 in
3551 5184 3745 5257 primo

2093 5272 2166 5327 ab
2194 5275 2261 5326 A.
2296 5274 2554 5330 secundo
2584 5273 2648 5330 B.
2682 5275 2742 5330 in
2772 5275 2942 5331 tertio
2972 5276 3036 5332 E.
3069 5275 3130 5332 in
3161 5277 3369 5349 quinto
3400 5280 3451 5341 ἢ.
3487 5274 3744 5346 quadra-

2091 5454 2241 5516 tum,
2274 5450 2336 5507 in
2362 5457 2522 5510 sexto
2553 5469 2604 5510 e.
2638 5452 2699 5508 in
2729 5453 2978 5526 septimo
3007 5456 3057 5521 ξ.
3092 5455 3235 5512 Item
3267 5457 3389 5511 tota
3426 5453 3746 5528 epiphania

2090 5539 2156 5598 in
2175 5546 2427 5614 quatuor
2439 5542 2696 5600 resoluta
2713 5543 2772 5600 in
2786 5543 3023 5602 sinistro
3037 5544 3307 5604 secundae
3329 5545 3514 5619 partis
3524 5547 3744 5621 puncto
