4000 6168
227 421 351 486 689

1381 423 1762 488 MENSURA
1811 423 2160 490 MONOCH.
2205 426 2491 489 BOETII.

3523 423 3642 486 690

230 556 333 628 dat
353 555 411 614 C.
445 554 506 613 in
537 553 727 625 tertio,
756 555 822 614 G.
845 553 906 613 in
927 559 1155 630 quarto.
1187 559 1332 615 Item
1354 573 1542 630 usque
1570 561 1634 614 G.
1660 556 1721 613 in
1743 573 1882 630 qua-
1908 561 1964 631 Α
1994 559 2306 617 dimidium
2335 560 2398 616 B.
2433 560 2492 615 Z.
2527 559 2725 617 addita
2751 553 2942 628 tertia,
2973 558 3062 617 vel
3112 559 3408 632 duplicato
3458 559 3640 618 altero

226 651 363 704 tuor
395 645 710 704 distributa
737 647 1001 704 redditur
1016 664 1065 703 c.
1082 663 1270 720 usque
1291 647 1352 704 E.
1378 647 1878 720 quadripartitain

227 736 488 794 secundo
509 739 725 808 puncto
747 737 803 792 b.
829 736 1022 806 molle,
1049 736 1109 792 in
1143 735 1313 793 tertio
1350 737 1408 792 F.
1445 737 1515 792 ab
1547 737 1607 792 F.
1642 737 1878 808 quadri-

953 825 990 880 b

223 914 442 989 partita
470 914 540 971 ad
575 914 751 971 ﬁnem
780 913 919 970 facit
953 915 991 970 b
1024 931 1489 986 synnemmenon
1532 915 1880 972 modernum

835 1003 870 1056 d

224 1092 300 1147 ab
320 1107 378 1165 g.
404 1091 696 1164 tripartita
717 1020 873 1148 dat:
895 1091 967 1148 ab
1013 1107 1061 1147 c.
1095 1091 1377 1164 bipartita

1031 1182 1200 1236 Finis.

703 1338 773 1377 DE
811 1336 1084 1378 MENSURA
1117 1337 1510 1379 MONOCHORDI.

510 1412 592 1466 Ex
619 1410 803 1469 eodem
831 1411 948 1469 cod.
980 1428 1110 1468 msc.
1136 1412 1192 1468 S.
1225 1412 1372 1468 Bias.
1407 1428 1529 1467 saec.
1559 1427 1660 1466 x11.

295 1536 356 1593 Si
391 1535 679 1609 regularis
723 1536 1102 1593 monochordi
1153 1537 1500 1594 divisionem
1550 1537 1876 1594 secundum

223 1624 625 1682 authenticam
676 1625 858 1682 Boetii
917 1625 1349 1684 institutionem
1403 1625 1553 1684 scire
1601 1625 1874 1695 volueris,

225 1713 482 1788 simplici
512 1715 663 1770 hanc
687 1731 956 1772 sermone
977 1715 1082 1771 tibi
1104 1716 1351 1772 studebo
1381 1715 1875 1788 patetacere.Cum

221 1820 359 1878 ergo
391 1804 451 1858 in
501 1808 812 1876 utramque
869 1808 1095 1876 partem
1155 1805 1536 1862 monochordi
1597 1805 1877 1878 magadas

223 1893 514 1969 posueris,
547 1897 731 1950 totam
762 1894 890 1966 ejus
919 1893 1347 1966 longitudinem
1379 1894 1531 1949 inter
1569 1895 1871 1968 magadas,

221 2001 324 2058 per
354 1986 608 2056 quatuor
629 1999 799 2054 aequa
821 1982 1120 2054 partire,et
1142 1983 1234 2039 his
1267 1981 1501 2056 punctis
1531 2000 1634 2040 seu
1666 1983 1758 2040 his
1789 1983 1880 2039 lit-

222 2072 365 2130 teris
391 2071 660 2129 convenit
713 2075 911 2127 notare
973 2072 1033 2127 F.
1058 2071 1119 2126 B.
1157 2072 1216 2127 F.
1251 2073 1309 2127 F.
1345 2076 1403 2127 C.
1454 2073 1672 2128 Deinde
1704 2089 1881 2144 quar-

221 2164 342 2218 tam
377 2165 624 2234 partem,
661 2177 786 2232 quae
820 2160 890 2216 ad
923 2161 1186 2216 dextram
1223 2160 1503 2218 dividenti
1525 2161 1797 2232 occurrit,
1821 2161 1877 2216 id

224 2255 334 2317 est,
370 2251 432 2306 F.
469 2251 525 2308 Ζ.
549 2266 650 2322 per
681 2253 809 2306 octo
841 2248 1114 2315 divide,et
1137 2265 1354 2306 nonam
1376 2249 1567 2306 eidem
1589 2251 1757 2314 adde,
1776 2250 1883 2305 ibi-

224 2356 336 2414 que
367 2339 427 2396 E.
453 2354 625 2412 pone,
649 2337 874 2395 scilicet
897 2342 963 2394 ut
984 2339 1044 2394 E.
1083 2339 1141 2393 Z.
1182 2339 1589 2411 sesquioctava
1637 2331 1882 2413 propor-

220 2427 398 2497 tione,
436 2427 494 2483 id
527 2432 636 2497 est,
668 2432 804 2484 tono
838 2427 1032 2484 distet.
1069 2427 1297 2484 Rursus
1326 2428 1388 2483 E.
1414 2429 1476 2486 Z.
1509 2445 1612 2502 per
1632 2432 1760 2485 octo
1792 2429 1881 2484 di-

218 2516 373 2582 vide,
397 2519 455 2574 et
476 2520 738 2573 octavam
761 2516 1044 2589 adjiciens
1070 2517 1137 2573 D.
1162 2516 1412 2590 signato,
1437 2519 1882 2590 secundumque

219 2609 430 2663 tonum
459 2606 692 2663 habeto.
725 2606 934 2662 Postea
963 2606 1277 2679 pristinam
1309 2611 1578 2679 quartam
1628 2612 1878 2679 partem,

222 2696 281 2751 id
313 2699 428 2766 est,
461 2695 520 2751 F.
547 2696 604 2750 Z.
634 2711 737 2768 per
764 2695 880 2751 tria
910 2695 1122 2763 divide,
1157 2700 1213 2752 et
1243 2697 1356 2752 tria
1375 2697 1563 2752 eidem
1589 2697 1758 2763 adde,
1779 2697 1885 2752 ibi-

222 2801 338 2857 que
367 2785 429 2840 C.
481 2801 650 2856 pone,
700 2783 928 2856 eritque
976 2786 1036 2840 C.
1068 2786 1125 2840 Z.
1161 2785 1253 2841 ab.
1303 2786 1364 2840 F.
1396 2787 1454 2841 Z.
1511 2785 1884 2858 sesquitertia

223 2872 600 2946 proportione
628 2871 858 2929 distans
879 2872 966 2928 vel
1007 2873 1262 2945 epitrita,
1298 2874 1355 2930 id
1379 2877 1486 2942 est,
1520 2875 1882 2931 diatessaron

228 2960 632 3027 consonantia,
666 2978 699 3016 a
729 2961 796 3016 D.
829 2963 885 3017 Z.
918 2978 1050 3018 vero
1083 2962 1413 3019 semitonio.
1464 2965 1545 3018 En
1586 2963 1768 3020 habes
1799 2967 1882 3019 te-

225 3049 610 3106 trachordum
642 3049 1052 3123 hyperboleon,
1085 3055 1363 3108 con‘stans
1394 3056 1553 3120 tono,
1598 3056 1755 3120 tono,
1789 3067 1883 3108 se-

225 3138 495 3195 mitonio.
529 3137 674 3194 Exin
703 3139 765 3194 B.
799 3140 955 3211 quod
1001 3157 1035 3194 a
1062 3140 1121 3196 C.
1156 3144 1293 3196 tono
1347 3141 1612 3198 convenit
1640 3141 1879 3208 distare,

224 3227 347 3284 sive
378 3229 581 3283 octava
605 3227 663 3283 G.
690 3228 746 3282 Z.
775 3226 963 3283 eidem
987 3227 1205 3294 addita,
1229 3229 1286 3284 id
1312 3232 1418 3297 est,
1455 3229 1877 3300 sesquioctava,

1992 650 2054 706 E.
2087 651 2144 706 Z.
2182 651 2358 706 debes
2379 651 2659 708 invenire.
2692 650 2759 706 D.
2793 667 2946 717 vero,
2980 649 3137 722 quod
3169 650 3240 708 ab
3272 651 3332 706 E.
3359 653 3494 707 tono
3526 650 3642 708 dis-

1988 742 2095 807 tat,
2128 739 2215 795 vel
2255 756 2359 812 per
2380 744 2642 796 octavam
2673 741 2736 795 E.
2773 741 2830 796 Z.
2867 739 3068 796 addita
3093 756 3268 810 nona,
3299 739 3386 796 vel
3419 757 3522 813 per
3551 741 3642 798 di-

1991 828 2233 885 midiam
2265 831 2330 884 A.
2365 830 2422 885 Ζ.
2457 830 2658 885 addita
2689 829 2876 898 tertia,
2911 845 3015 885 seu
3046 846 3149 902 per
3186 829 3641 903 duplicationem

1989 918 2230 975 alterius
2261 919 2326 974 D.
2359 920 2416 974 Ζ.
2451 919 2670 974 Deinde
2699 920 2758 974 C.
2783 919 2939 991 quod
2971 918 3280 975 semitonio
3312 919 3491 976 distat
3520 922 3636 977 aD.

1989 1007 2108 1064 sive
2139 1024 2241 1078 per
2269 1006 2504 1063 tertiam
2535 1008 2592 1062 F.
2618 1008 2677 1063 Ζ.
2712 1011 2923 1079 quarta
2951 1007 3242 1080 apposita,
3275 1008 3395 1064 sive
3427 1025 3530 1080 per
3551 1009 3639 1064 di-

1991 1095 2233 1151 midiam
2260 1096 2326 1152 G.
2360 1097 2418 1152 Z.
2453 1096 2650 1152 addita
2676 1096 2868 1162 tertia,
2903 1112 3007 1152 seu
3037 1113 3140 1168 per
3179 1094 3639 1168 duplicationem

1989 1183 2230 1241 alterius
2260 1185 2320 1240 C.
2354 1186 2412 1241 Z.
2445 1184 2718 1257 reperies.
2745 1184 2958 1258 Sicque
2986 1189 3043 1244 et
3070 1185 3178 1240 hoc
3201 1185 3640 1243 tetrachordum

1988 1291 2192 1330 meson
2216 1274 2288 1329 ab
2313 1274 2373 1330 F.
2402 1291 2588 1346 usque
2610 1275 2670 1329 0.
2705 1278 2911 1330 tonum
2934 1277 3141 1330 tonum
3173 1291 3239 1329 ac
3264 1273 3640 1342 semitonium

1989 1362 2072 1437 uti
2102 1363 2296 1436 priora
2315 1367 2544 1420 constat
2571 1364 2804 1420 habere.
2828 1363 3035 1420 Postea
3060 1363 3286 1436 B.quod
3306 1365 3440 1420 tono
3463 1363 3642 1442 distat

1988 1470 2021 1509 a
2051 1452 2111 1508 Ο.
2138 1453 2197 1508 in
2229 1457 2438 1524 quarta
2469 1453 2650 1509 totius
2669 1457 2831 1526 parte
2849 1452 3229 1510 monochordi
3260 1453 3516 1526 positum
3544 1470 3639 1508 oc-

1987 1543 2190 1609 currit,
2213 1541 2484 1613 quamvis
2505 1546 2563 1597 et
2595 1541 2762 1598 aliter
2783 1541 3150 1598 multimodis
3171 1541 3415 1598 inveniri
3433 1541 3636 1615 possit.

1985 1633 2050 1686 A.
2072 1645 2228 1699 vero,
2260 1630 2416 1702 quod
2441 1631 2577 1686 item
2601 1634 2734 1687 tono
2761 1631 2957 1686 differt
2987 1648 3020 1686 a
3042 1631 3107 1686 B.
3130 1630 3219 1684 vel
3247 1647 3351 1702 per
3375 1633 3640 1695 octavam

1987 1720 2050 1776 B.
2102 1720 2159 1775 Ζ.
2214 1736 2366 1775 nona
2418 1722 2788 1792 superacuta,
2840 1719 2964 1800 sive
3016 1733 3119 1790 per
3174 1717 3409 1774 tertiam
3457 1718 3526 1773 D.
3578 1719 3638 1773 Ζ.

1989 1813 2198 1883 quarta
2221 1811 2449 1881 juncta,
2504 1824 2608 1865 seu
2639 1825 2741 1881 per
2799 1807 3105 1864 dimidiam
3152 1807 3215 1862 E.
3249 1808 3306 1862 Z.
3366 1806 3540 1862 tertia
3569 1807 3640 1862 ad

1986 1903 2176 1966 acuta,
2197 1915 2300 1954 seu
2331 1914 2433 1970 per
2478 1895 2933 1970 duplicationem
2965 1894 3206 1952 alterius
3234 1896 3300 1950 A.
3331 1896 3390 1950 Ζ.
3424 1910 3638 1966 quaere.

1990 1987 2132 2044 Exin
2162 1988 2228 2043 G.
2264 1987 2417 2059 quod
2449 1986 2759 2043 semitonio
2788 1985 2968 2042 distat
2993 1986 3063 2041 ab
3092 1986 3156 2040 A.
3176 1983 3264 2040 vel
3284 1983 3457 2041 tertia
3486 1983 3548 2039 C.
3580 1985 3639 2040 Z.

1989 2081 2203 2149 quarta
2244 2077 2544 2148 adjuncta,
2577 2091 2682 2132 seu
2741 2092 2844 2148 per
2897 2073 3356 2146 duplicationem
3399 2072 3641 2128 alterius

1989 2169 2053 2220 G.
2094 2167 2153 2224 Ζ.
2181 2165 2461 2233 invenies,
2495 2164 2691 2220 ethoc
2728 2163 3166 2220 tetrachordum
3211 2162 3467 2236 hypaton
3514 2179 3548 2217 a
3578 2161 3638 2217 C.

1991 2271 2179 2326 usque
2208 2253 2268 2309 in
2301 2255 2366 2308 G.
2398 2253 2458 2308 in
2489 2257 2624 2308 tono
2655 2256 2792 2308 tono
2823 2269 2889 2309 ac
2919 2251 3251 2320 semitonio,
3292 2251 3376 2306 uti
3424 2249 3638 2321 priora.

1991 2339 2451 2399 consummabis.
2474 2341 2678 2397 Adhuc
2701 2343 2880 2397 restat
2896 2344 3090 2397 tomus
3115 2357 3149 2394 a
3169 2341 3228 2395 C.
3247 2355 3434 2412 usque
3459 2338 3520 2394 in
3533 2341 3642 2393 ter-

1988 2433 2132 2488 tiam
2151 2432 2212 2487 F.
2231 2431 2288 2486 in
2322 2447 2438 2502 quo
2462 2430 2787 2486 secundum
2810 2429 3092 2500 diapason
3113 2428 3345 2495 finitur,
3375 2433 3432 2484 et
3460 2427 3640 2503 totius

1990 2537 2268 2577 mensura
2298 2518 2676 2575 monochordi
2707 2517 2767 2572 in
2799 2517 3087 2575 diatonico
3113 2515 3404 2573 melorum
3429 2529 3642 2588 genere

1991 2610 2158 2686 plene
2189 2608 2506 2683 perficitur.
2540 2607 2651 2663 Sed
2708 2609 2774 2662 ut
2811 2605 2962 2662 hanc
3021 2620 3363 2661 mensuram
3406 2603 3640 2680 facilius

1990 2698 2182 2772 possis
2214 2695 2497 2753 memoria
2515 2700 2733 2762 tenere,
2756 2694 3008 2750 breviter
3028 2692 3419 2762 universalem
3448 2693 3520 2749 de
3537 2710 3640 2750 .su-

1990 2786 2270 2861 pradictis
2300 2785 2564 2859 regulam
2597 2801 2710 2839 non
2753 2797 3069 2854 gravemur
3115 2781 3465 2874 subpqnere.
3501 2781 3645 2846 Qui-

1989 2893 2245 2948 cumque
2267 2874 2393 2931 soni
2417 2878 2553 2930 tono
2577 2871 2822 2928 invicem
2848 2871 3223 2943 respondent,
3241 2869 3642 2942 sesquioctavo

1989 2982 2091 3024 seu
2125 2965 2383 3038 epogdos
2413 2978 2511 3020 eos
2543 2961 2844 3017 intervallo
2877 2976 3151 3026 secerne;
3195 2959 3252 3013 id
3277 2963 3385 3025 est,
3419 2959 3643 3014 acutio-

1991 3072 2114 3111 rem
2146 3069 2250 3109 seu
2281 3052 2602 3108 breviorem
2633 3049 2913 3106 chordam
2945 3065 3048 3121 per
3075 3052 3202 3104 octo
3234 3063 3400 3118 aequa
3428 3047 3640 3114 divide,

1989 3146 2046 3198 et
2076 3158 2230 3197 nona
2254 3140 2577 3213 graviorem
2609 3155 2713 3194 seu
2742 3137 3065 3209 longiorem
3116 3135 3296 3191 facias
3345 3151 3642 3208 superare,

1991 3235 2056 3286 ut
2087 3229 2278 3284 minor
2307 3231 2437 3283 octo
2469 3230 2690 3299 portes,
2724 3241 2930 3280 novem
2963 3223 3154 3293 maior
3185 3223 3462 3278 obtineat.

225 3317 349 3372 sive
371 3315 432 3371 in
454 3316 516 3371 E.
551 3317 610 3371 Z.
635 3315 748 3389 ipsi
789 3315 1036 3387 adjecta,
1069 3316 1127 3371 id
1157 3321 1268 3384 est,
1291 3316 1542 3389 epitrito,
1571 3298 1681 3373 seu
1712 3315 1884 3372 dimi-
1915 3298 1958 3366 α
2063 3318 2428 3388 Quicumque
2459 3298 2588 3372 soni
2617 3314 2980 3389 diatessaron
3015 3310 3366 3384 symphonia
3395 3309 3642 3365 invicem

222 3405 324 3462 dia
341 3403 918 3477 F.Z.superaucta,id
951 3404 1344 3470 est,hemiolio
1365 3405 1452 3461 vel
1477 3404 1880 3478 sesquialtero,

225 3493 382 3566 quod
415 3495 647 3550 resonat
676 3492 948 3564 diapente
992 3494 1426 3566 symphoniam,
1461 3495 1677 3566 poteris
1727 3494 1886 3549 inve-

225 3583 375 3639 nire.
409 3580 618 3638 Itidem
647 3583 712 3636 A.
747 3581 902 3652 quod
936 3585 1072 3637 tono
1095 3581 1278 3638 distat
1306 3599 1341 3637 a
1370 3583 1430 3636 B.
1457 3582 1576 3638 sive
1607 3599 1709 3654 per
1731 3586 1886 3638 octa-

224 3688 386 3739 vam,
429 3670 900 3742 sesquioctavum
923 3669 1056 3742 ipsi,
1082 3671 1202 3726 sive
1220 3686 1323 3743 per
1345 3670 1576 3726 tertiam
1601 3675 1663 3725 D.
1686 3672 1742 3727 Ζ.
1772 3687 1890 3726 ses-

231 3759 599 3834 quitertium,
625 3775 728 3815 seu
758 3775 862 3831 per
891 3758 1146 3815 mediam
1159 3761 1222 3815 E.
1256 3761 1312 3815 Z.
1337 3759 1788 3831 sesquialterum
1811 3759 1890 3815 ei-

235 3849 374 3905 dem
398 3847 592 3904 facito.
627 3847 946 3904 Confestim
984 3849 1048 3905 G.
1085 3849 1239 3920 quod
1263 3849 1568 3905 semitonio
1617 3848 1794 3905 distat
1823 3849 1893 3904 ab

234 3940 302 3995 A.
337 3953 440 4010 per
470 3936 705 3993 tertiam
737 3940 964 4009 partem
995 3937 1048 3993 ei
1081 3954 1350 4010 praepone
1380 3940 1438 3993 C.
1473 3939 1532 3993 Z.
1574 3937 1896 4010 sesquiter-

233 4025 489 4084 tiumilli
515 4026 724 4094 facere,
748 4026 947 4099 ibique
969 4028 1296 4083 secundum
1321 4026 1760 4083 tetrachordum
1783 4025 1899 4081 die-

235 4131 624 4188 zeugmenon,
654 4115 792 4170 item
826 4117 985 4183 tono,
1010 4119 1169 4183 tono,
1198 4133 1262 4171 ac
1293 4114 1598 4172 semitonis
1623 4118 1902 4171 constans

1994 3411 2285 3472 constant,
2319 3406 2376 3459 in
2409 3405 2638 3460 duobus
2669 3403 2825 3457 tonis
2850 3404 2907 3457 et
2937 3399 3245 3457 semitonio
3277 3397 3508 3471 epitrito
3539 3414 3643 3454 seu

1996 3494 2372 3568 sesquitertio
2403 3493 2624 3548 distant
2654 3488 2980 3557 intervallo,
3013 3488 3206 3544 minor
3251 3487 3470 3543 chorda
3526 3489 3645 3542 tres

1997 3588 2211 3658 partes,
2243 3583 2431 3654 major
2459 3583 2710 3654 quatuor
2734 3578 2930 3634 habet.
2965 3577 3332 3649 Quicumque
3362 3573 3490 3632 soni
3521 3575 3644 3631 dia-

1999 3676 2170 3747 pente
2202 3670 2570 3746 symphonia,
2605 3668 2662 3723 id
2691 3671 2797 3735 est,
2832 3665 3023 3723 tribus
3054 3667 3208 3730 tonis
3239 3669 3297 3722 et
3339 3663 3647 3721 semitonio

2001 3760 2374 3827 concordant,
2404 3756 2680 3814 hemiolia
2704 3773 2805 3813 seu
2837 3754 3107 3828 sescupla
3131 3755 3250 3811 sive
3270 3751 3656 3826 sesquialiera

2003 3849 2375 3924 proportione
2405 3846 2704 3913 differunt,
2738 3845 2932 3900 minor
2961 3843 3179 3915 quippe
3229 3842 3446 3897 chorda
3507 3841 3654 3896 duas

2005 3943 2220 4012 partes,
2235 3937 2425 4006 major
2436 3935 2660 3991 obtinet
2680 3938 2818 3989 tres.
2835 3931 3201 4002 Quicumque
3216 3929 3345 3986 soni
3372 3929 3657 4000 diapason

2007 4024 2358 4099 symphonia
2388 4025 2735 4089 consonant,
2759 4021 2816 4076 id
2840 4023 2946 4086 est,
2981 4019 3243 4089 quinque
3265 4016 3418 4073 tonis
3440 4019 3495 4072 et
3521 4017 3663 4070 duo-

2008 4117 2120 4170 bus
2152 4111 2502 4177 semitoniis,
2536 4111 2758 4166 distant
2787 4107 3057 4180 diplasio,
3092 4106 3150 4160 id
3181 4108 3270 4161 est
3315 4102 3493 4176 duplo
3526 4120 3662 4158 con-

236 4204 516 4262 convenit
536 4203 706 4260 ﬁnire
742 4220 755 4258 :
782 4205 984 4276 sicque
1015 4209 1223 4260 tonum
1257 4220 1447 4276 usque
1471 4205 1542 4260 ad
1575 4203 1900 4260 secundum
2012 4206 2189 4272 stant,
2215 4202 2406 4257 minor
2429 4201 2497 4255 H.
2525 4199 2747 4255 chorda
2777 4193 3074 4269 duplicata
3099 4195 3384 4266 majorem
3417 4189 3662 4246 creat.In

240 4295 304 4352 F.
338 4293 399 4349 in
450 4293 642 4349 medio
675 4292 1055 4350 monochordi
1096 4295 1352 4367 positum
1415 4294 1675 4350 invenies
1715 4309 1902 4349 rema-
2011 4293 2122 4350 hac
2152 4291 2219 4346 H.
2253 4291 2536 4362 diapason
2568 4285 2918 4361 symphonia
2948 4287 3173 4356 septem
3211 4281 3507 4338 variarum
3545 4278 3666 4334 dis-

238 4398 403 4438 nere.
426 4381 544 4437 Hoc
573 4382 636 4437 in
658 4380 785 4437 loco
807 4382 1248 4439 tetrachordum
1283 4398 1705 4456 synemmenon
1729 4382 1905 4438 debes
2015 4381 2264 4440 crimina
2313 4380 2583 4435 constant
2635 4392 2864 4433 vocum.
2927 4373 3144 4430 Octava
3198 4371 3404 4428 eadem
3459 4384 3586 4441 qua:
3613 4370 3670 4423 et

242 4471 562 4537 innectere,
594 4470 764 4541 cujus
810 4471 1158 4528 acutissima
1216 4471 1435 4528 chorda
1475 4469 1812 4543 supradicto
1841 4471 1903 4525 B.
2015 4473 2207 4545 prima
2238 4473 2327 4526 est
2359 4487 2370 4525 :
2405 4468 2532 4523 ideo
2559 4467 2735 4522 etiam
2770 4462 3043 4536 superius
3075 4475 3420 4518 mensuram
3460 4473 3669 4514 mono-

249 4573 514 4618 connexa
543 4562 662 4626 est;
694 4559 955 4615 secunda
985 4559 1260 4632 praedicto
1287 4561 1352 4614 A.
1396 4557 1690 4630 tertiaque
1739 4559 1811 4612 ab
1840 4559 1906 4612 A.
2019 4559 2222 4616 chordi
2254 4557 2511 4630 septenis
2542 4559 2772 4610 tantum
2802 4551 3014 4609 litteris
3045 4551 3105 4607 in
3138 4548 3430 4606 diatonico
3460 4561 3672 4621 genere

247 4653 406 4718 tono,
437 4652 493 4703 et
523 4664 557 4703 a
590 4649 846 4704 secundo
880 4649 943 4705 F.
977 4647 1286 4705 semitonio
1318 4647 1535 4703 distare
1567 4647 1758 4712 debet,
1791 4646 1911 4703 sive
1943 4667 1988 4731 Β
2022 4649 2396 4719 designantes
2426 4643 2908 4701 notavimus.Sed
2942 4641 3003 4697 in
3036 4637 3674 4731 chromaticumgenus

245 4752 353 4811 per
384 4740 646 4792 octavam
669 4739 732 4792 A.
758 4737 815 4793 Ζ.
851 4737 1319 4810 sesquioctavam
1346 4736 1428 4792 illi
1452 4735 1654 4804 facias,
1690 4752 1790 4792 seu
1811 4751 1915 4808 per
1943 4726 1979 4731 ”
2024 4742 2081 4794 et
2105 4735 2546 4817 enarmonicum
2579 4734 2755 4789 etiam
2786 4729 3114 4788 mensurari
3157 4726 3432 4794 volueris,
3466 4726 3525 4817 in
3558 4740 3674 4817 uno

245 4825 504 4883 mediam
532 4825 601 4882 D.
636 4827 694 4881 Z.
735 4826 1076 4884 hemioliam
1129 4845 1194 4884 ac
1239 4825 1690 4899 sesquialteram
1721 4824 1909 4880 eidem
2019 4824 2388 4883 tetrachordo
2416 4813 2689 4878 diatonici
2711 4821 2941 4892 generis
2968 4817 3319 4892 generaliter
3344 4813 3561 4890 poteris
3585 4813 3680 4868 do-

245 4914 482 4972 reddas.
506 4917 630 4981 Quo
661 4920 904 4987 peracto-
927 4920 984 4972 et
1009 4917 1119 4972 hoc
1141 4915 1584 4972 tetrachordum
1609 4916 1912 4982 tono,tono
2023 4915 2157 4973 ceri.
2190 4913 2274 4969 Ad
2308 4910 2665 4967 metiendum
2690 4908 2904 4980 quippe
2934 4905 3360 4962 chromaticum
3384 4918 3553 4958 sume
3575 4900 3680 4954 mi-

247 5019 318 5061 ac
346 5002 658 5060 semitonio
684 5021 873 5076 usque
895 5005 966 5060 ad
998 5005 1323 5062 secundum
1349 5005 1408 5060 F.
1439 5003 1760 5077 perspicies
1789 5019 1918 5058 con-
2025 5006 2255 5061 nimum
2287 5005 2345 5056 et
2369 4996 2777 5054 acutissimum
2802 4996 2861 5051 in
2883 4994 3147 5086 quolibet
3174 4991 3542 5086 tetrachordo
3565 4989 3684 5044 dia-

249 5095 517 5152 stare.En
541 5075 828 5167 diapason
867 5095 1311 5153 consonantiam
1344 5113 1377 5151 a
1426 5075 1608 5168 priori
1641 5093 1702 5150 F.
1734 5109 1920 5165 usque
2029 5090 2212 5148 tonici
2244 5087 2476 5163 generis
2511 5091 2736 5152 tonum,
2766 5087 2821 5139 et
2849 5099 2984 5138 eum
3005 5081 3065 5136 in
3098 5079 3214 5172 duo
3235 5075 3449 5144 divide,
3476 5075 3683 5172 Asicq-ue

250 5183 582 5240 secundum
605 5166 666 5239 in
701 5183 884 5258 dupla
915 5185 1289 5258 proportione
1323 5166 1694 5241 constantem
1730 5183 1922 5238 ﬁnivi-
2031 5180 2316 5239 circinum
2347 5176 2406 5231 in
2441 5176 2783 5245 sequentem
2817 5175 3022 5227 tonum
3055 5169 3341 5258 majorem
3369 5166 3550 5258 verte,
3571 5166 3686 5258 sic-

254 5288 411 5328 mus.
445 5271 591 5327 Huic
624 5251 1098 5346 aliud-diapason
1130 5290 1323 5346 usque
1371 5273 1432 5328 in
1463 5272 1702 5328 tertium
1736 5272 1796 5327 F.
1830 5287 1924 5326 ca-
2033 5288 2146 5344 que
2185 5269 2297 5325 tria
2328 5261 2663 5330 semitonis,
2697 5262 2849 5352 facto
2882 5259 3072 5352 signo,
3109 5254 3308 5352 simul.
3333 5251 3687 5352 complecte-

255 5361 393 5417 dem
425 5375 458 5416 a
489 5362 746 5419 secundo
773 5363 834 5419 F.
863 5339 1246 5427 m-ensurand-i
1275 5361 1522 5430 ratione,
1547 5361 1750 5417 eadem
1781 5359 1931 5415 litte-
2038 5339 2117 5428 re,
2152 5363 2209 5415 et
2240 5358 2354 5413 duo
2380 5354 2609 5427 reliqua
2647 5349 2960 5408 semitonis
2990 5365 3059 5405 ex
3111 5341 3478 5403 tetrachordo
3519 5339 3689 5398 lineis

254 5465 458 5506 rarum
490 5449 771 5507 redeunte
794 5451 1104 5526 positione,
1123 5453 1330 5509 eodem
1362 5456 1638 5530 tonorum
1669 5466 1734 5506 ac
1757 5449 1930 5506 semi-
2041 5448 2354 5522 distingue.
3040 5529 3050 5531 _
3233 5524 3249 5531 _
3503 5519 3537 5531 λ,

253 5538 556 5596 toniorum
585 5523 1002 5599 ordine‘debes
1034 5523 1404 5615 subjungere
1433 5527 1512 5596 Ε.
1549 5540 1597 5596 si
1647 5538 1934 5612 quidquid
2112 5540 2197 5594 Ad
2223 5535 2583 5593 metiendum
2598 5547 2731 5588 vero
2752 5529 3193 5586 enarmonicum
3218 5524 3366 5580 duos
3387 5523 3693 5615 continuos

260 5627 332 5701 ab
365 5627 428 5683 F.
460 5631 600 5685 tono
639 5628 843 5698 distat,
907 5631 994 5688 vel
1029 5612 1160 5706 perv
1191 5612 1458 5687 octavam
1490 5628 1552 5682 E.
1592 5628 1650 5683 Z.
1709 5629 1939 5700 adjecta
2045 5626 2322 5685 diatonici
2352 5624 2580 5699 generis
2611 5625 2778 5678 tonos
2797 5617 3277 5709 compleﬁctere,et
3297 5625 3550 5709 sequens
3571 5612 3695 5663 tan-

263 5699 441 5787 nona,
487 5715 575 5774 vel
606 5734 709 5790 per
738 5720 970 5778 tertiam
1002 5699 1067 5777 At
1099 5721 1157 5777 Z.
1190 5719 1414 5791 adjecta
1444 5720 1671 5791 quarta,
1703 5699 1798 5773 vel
1838 5733 1940 5789 per
2048 5721 2174 5775 tum
2199 5713 2579 5774 semitonium
2601 5710 2660 5767 in
2684 5711 2798 5768 duo
2815 5708 3158 5781 aequa,facta
3175 5705 3350 5773 linea,
3375 5699 3692 5769 distingue,
