4000 6168
340 453 450 517 691

1081 455 1266 520 ΞᾹΞἿ.
1312 454 1390 518 XI
1434 453 1663 519 AUCT.
1710 450 1980 516 INCER’I

2115 450 2262 522 .NNl
2303 449 2407 516 ET
2451 448 2753 516 SCRIPT.
2801 455 3026 510 ’mxn.

3628 452 3749 515 692

340 595 401 649 et
430 592 516 649 sic
544 590 607 647 in
653 591 928 649 omnibus
985 590 1369 648 tctracbordis
1416 587 1691 644 diatonici
1746 588 1979 661 generis
2009 606 2065 672 Α
2094 570 2335 660 quintus
2366 586 2427 644 in
2460 604 2509 642 a.
2545 587 2840 660 superius,
2873 591 3070 644 sextus
3096 586 3161 643 in
3194 582 3251 642 d.
3286 584 3573 660 septimus
3606 586 3663 643 in
3691 606 3747 646 a.

341 681 459 738 duo
489 681 612 738 haec
643 697 856 754 genera
884 680 1109 735 metire.

660 787 796 825 ITEM
833 786 903 824 AD
944 783 1386 824 MONOCHORDUM
1427 783 1664 821 REGULA.

411 858 716 931 Organalis
738 872 1015 913 mensura
1045 856 1153 911 hoc
1178 855 1373 928 exigit,
1410 861 1472 910 ut
1489 855 1642 910 infra
1666 853 1869 910 ﬁnales
1902 858 1987 911 to-

340 965 453 1003 nus
470 945 1086 1018 sit,supraditonus,id
1102 949 1189 1001 est
1201 945 1272 1000 ad
1290 944 1628 1015 A.inG.qum
1643 944 1986 1015 bujusmodi

338 1035 685 1107 disponitur.
721 1034 979 1090 Inscribo
1003 1034 1066 1088 A.
1092 1032 1152 1088 in
1187 1049 1539 1105 quocunque
1571 1032 1695 1088 loco
1728 1032 1983 1099 voluero,

337 1123 396 1179 in
429 1122 619 1179 fronte
644 1122 732 1179 vel
763 1122 824 1177 in
855 1122 1050 1177 medio
1083 1122 1484 1189 monochordi,
1520 1122 1621 1177 sed
1672 1121 1886 1177 melius
1924 1120 1985 1176 in

335 1212 649 1269 medietate
677 1211 941 1284 gravium
973 1216 1030 1267 et
1059 1215 1384 1278 acutarum,
1409 1211 1557 1267 etab
1589 1211 1792 1266 eadem
1817 1211 1883 1265 A.
1908 1210 1988 1265 fa-

335 1300 424 1358 cio
446 1304 698 1373 quatuor
720 1317 931 1372 pasaus
960 1301 1031 1355 ad
1054 1300 1348 1355 dexteram
1376 1300 1435 1355 in
1460 1300 1657 1366 ﬁnem,
1682 1303 1737 1354 et
1759 1298 1985 1370 primus

334 1404 549 1461 passus
579 1388 921 1445 terminabit
961 1387 1023 1444 in
1055 1389 1120 1444 D.
1152 1388 1362 1460 reliqui
1393 1393 1616 1443 vacant.
1663 1388 1881 1443 lterum
1913 1388 1984 1443 ab

335 1479 541 1535 eodem
570 1480 630 1534 Α.
658 1478 898 1534 intendo
915 1473 985 1534 ad
1018 1477 1194 1533 ﬁnem
1214 1481 1334 1534 tres
1350 1493 1842 1550 passus,quorum
1865 1476 1983 1548 pri-

333 1583 469 1624 mus
498 1567 840 1624 terminabit
868 1568 928 1622 in
959 1569 1022 1622 E.
1047 1565 1259 1638 reliqui
1290 1569 1513 1622 vacant.
1542 1565 1794 1620 Remitto
1816 1583 1849 1619 a
1871 1565 1984 1620 ﬁne

336 1655 397 1711 in
427 1656 695 1712 eamdem
717 1655 779 1710 E.
808 1660 927 1711 tres
958 1672 1191 1727 passus,
1225 1660 1500 1726 quartum
1553 1655 1611 1709 in
1644 1655 1705 1708 B.
1742 1654 1981 1709 intendo

333 1744 408 1799 ab
434 1744 637 1799 eadem
658 1748 719 1798 Β.
745 1743 804 1798 in
836 1745 1012 1798 ﬁnem
1037 1747 1158 1799 tres
1176 1760 1409 1815 passus,
1444 1749 1499 1799 et
1521 1743 1747 1814 primus
1772 1742 1901 1797 linit
1923 1743 1980 1797 in

336 1832 397 1890 F.
430 1830 641 1903 reliqui
668 1836 895 1888 vacant.
951 1832 1203 1887 Remitto
1235 1848 1270 1887 a
1299 1832 1413 1886 ﬁne
1460 1831 1520 1885 in
1578 1831 1733 1887 idem
1768 1832 1827 1886 F.
1862 1836 1981 1886 tres

335 1936 572 1993 passus,
604 1924 879 1992 quartum
912 1921 969 1975 in
1020 1920 1082 1975 C.
1117 1916 1358 1975 Intendo
1391 1937 1425 1975 a
1452 1921 1512 1976 C.
1545 1919 1604 1974 in
1649 1921 1823 1985 ﬁnem
1863 1924 1981 1975 tres

336 2024 570 2082 passus,
595 2013 655 2064 et
683 2009 910 2081 primus
941 2008 1071 2064 ﬁnit
1101 2008 1159 2063 in
1192 2008 1254 2063 C.
1288 2009 1530 2064 Intendo
1563 2026 1596 2063 a
1628 2013 1690 2063 Ι).
1715 2008 1774 2062 in
1807 2009 1983 2063 ﬁnem

334 2101 586 2172 quatuor
613 2115 847 2170 passus,
879 2102 937 2153 et
964 2096 1192 2170 primus
1217 2096 1556 2153 terminabit
1582 2097 1640 2150 in
1669 2097 1727 2152 S.
1753 2113 1985 2168 synem-

336 2202 573 2255 menon,
605 2190 662 2243 et
690 2186 858 2243 ﬁnita
889 2190 978 2242 est
1010 2203 1306 2243 mensura.

372 2273 376 2277 ’
868 2292 1141 2332 MENSURA
1177 2292 1467 2331 oUIDONis.

512 2365 597 2419 E1:
629 2364 758 2421 Cod.
804 2365 1352 2421 Bazedzcto-Burano
1397 2382 1519 2419 δατ.
1555 2382 1654 2420 xu.
1691 2364 1805 2435 (l):

402 2452 548 2509 Cum
579 2454 838 2525 primum
861 2471 895 2509 a
925 2454 990 2510 G.
1026 2455 1098 2509 ad
1122 2454 1299 2510 ﬁnem
1333 2470 1538 2509 novem
1571 2453 1844 2525 passibus
1867 2470 1985 2509 mo-

332 2540 696 2600 nochordum
719 2542 976 2613 partiris,
1007 2544 1236 2613 primus
1257 2559 1469 2614 passus
1494 2541 1904 2597 terminabitur
1923 2542 1984 2597 in

329 2630 397 2685 A.
432 2630 729 2685 secundus
758 2634 946 2695 vacat,
1004 2631 1213 2685 tertius
1252 2629 1311 2683 in
1345 2630 1417 2685 D.
1477 2635 1725 2701 quartus
1769 2635 1935 2686 vacat
1966 2647 1979 2685 :

406 2733 484 2805 (1)
514 2733 649 2790 Vid.
677 2734 805 2790 Pez.
837 2739 880 2789 t.
909 2734 977 2789 V.
1001 2737 1240 2802 Anecd.,
1275 2737 1481 2807 p.225.

2101 676 2313 748 reliqui
2345 682 2573 732 vacant.

2172 766 2314 821 Item
2347 784 2480 820 cum
2512 766 2584 819 ab
2613 767 2678 819 A.
2712 766 2781 820 ad
2818 767 2992 822 ﬁnem
3025 766 3306 822 novennis
3337 765 3594 838 partiris,
3627 766 3751 839 pri-

2098 871 2232 909 mus
2266 872 2475 926 parsus
2505 854 2919 909 terminabitur
2943 855 2999 909 in
3030 855 3093 909 B.
3120 855 3415 911 secundus
3434 861 3620 919 vacat,
3644 860 3755 912 ter-

2097 944 2216 999 tius
2275 943 2333 997 in
2367 945 2427 999 E.
2463 948 2711 1014 quartus
2751 946 2934 998 vacat.
2967 944 3217 1010 Quintus
3267 944 3325 998 in
3377 945 3667 1015 quadrum
3700 951 3751 1011 ξ.

2098 1032 2308 1087 Sextus
2340 1032 2398 1086 in
2430 1047 2479 1086 e.
2515 1031 2803 1104 septimus
2833 1032 2892 1086 in
2912 1039 2962 1100 ἢ.
3008 1030 3216 1103 reliqui
3248 1036 3471 1088 vacant.

2167 1121 2328 1175 Tunc
2361 1139 2396 1176 a
2422 1124 2488 1175 G.
2519 1121 2590 1176 ad
2622 1120 2799 1175 ﬁnem
2821 1120 3124 1192 quaternis
3155 1119 3402 1190 dividas,
3436 1124 3493 1177 et
3521 1121 3756 1194 primus

2095 1210 2513 1265 terminabitur
2568 1209 2627 1264 in
2681 1209 2742 1265 Ο.
2778 1209 3074 1266 secundus
3126 1209 3187 1265 in
3216 1213 3282 1265 G.
3316 1210 3523 1267 tertius
3578 1210 3637 1266 in
3689 1228 3750 1284 g.

2096 1303 2343 1370 quartus
2375 1298 2525 1353 ﬁnit.

2165 1386 2444 1443 Similiter
2476 1403 2510 1442 a
2564 1386 2627 1442 C.
2658 1389 3080 1459 quaternorum
3133 1403 3377 1459 passum
3432 1390 3489 1444 et
3545 1388 3748 1458 ﬁnem,

2094 1475 2322 1547 primus
2354 1474 2766 1531 terminabitur
2794 1474 2853 1530 in
2876 1476 2935 1530 F.
2959 1475 3253 1532 secundus
3283 1474 3344 1531 in
3364 1490 3413 1532 c.
3449 1476 3657 1532 tertius
3686 1477 3751 1532 in

2092 1579 2144 1618 e.
2178 1566 2425 1634 quartus
2452 1563 2600 1618 ﬁnit.
2957 1554 2965 1563 ’

2161 1653 2246 1707 Ab
2280 1653 2340 1707 F.
2373 1658 2571 1707 autem
2630 1657 3050 1723 quaternorum
3103 1669 3387 1725 passuum
3443 1653 3515 1709 ad
3547 1653 3743 1723 ﬁnem,

2092 1741 2320 1812 primus
2350 1740 2768 1797 terminabitur
2799 1741 2857 1795 in
2889 1742 2946 1796 b.
2980 1742 3322 1807 rotundum,
3352 1743 3646 1798 secundus
3683 1743 3748 1799 in

2093 1830 2365 1899 superius
2397 1830 2437 1885 f.
2469 1828 2680 1901 reliqui
2705 1834 2936 1885 vacant.

2161 1919 2227 1973 A.
2262 1919 2320 1973 b.
2363 1919 2615 1974 rotundo
2646 1919 2719 1974 ad
2750 1919 2926 1975 ﬁnem
2959 1919 3211 1975 duorum
3261 1936 3546 1992 passuum
3589 1921 3751 1993 prior

2095 2007 2509 2063 terminabitur
2538 2007 2597 2064 in
2629 2006 2916 2064 excellens
2947 2009 3262 2064 rotundum
3295 2009 3351 2064 b.
3386 2010 3448 2065 Δ.
3482 2010 3539 2065 d.
3574 2027 3748 2082 supe-

2096 2095 2233 2151 riori
2263 2096 2322 2151 in
2355 2096 2529 2152 ﬁnem
2564 2097 2815 2152 duorum
2847 2112 3128 2168 passuum
3169 2096 3329 2169 prior
3377 2097 3661 2155 excellens
3689 2116 3745 2154 a.

2094 2184 2204 2241 vel.
2239 2186 2296 2240 b.

2166 2274 2331 2329 Tunc
2360 2274 2598 2329 demum
2632 2275 2723 2331 fac
2752 2292 2785 2330 a
2816 2275 2931 2330 ﬁne
2964 2291 3146 2331 unum
3180 2291 3423 2347 passum
3454 2275 3513 2331 in
3546 2280 3749 2333 rotun-

2095 2362 2236 2417 dum
2273 2364 2545 2434 superius
2574 2365 2633 2418 b.
2668 2363 3001 2419 Secundum
3034 2380 3278 2436 passum
3310 2368 3464 2420 retro
3488 2365 3547 2421 in
3576 2383 3752 2439 grave

2095 2451 2160 2505 T.
2195 2467 2637 2522 synemmenon,
2696 2452 2852 2523 quod
2916 2452 3395 2524 subjungendum
3455 2458 3543 2511 est
3598 2454 3751 2510 inter

2094 2555 2273 2609 grave
2303 2546 2370 2594 A.
2407 2544 2464 2595 et
2492 2557 2665 2612 grave
2690 2540 2754 2595 B.
2783 2544 2839 2595 et
2871 2540 3036 2595 ﬁnita
3066 2545 3174 2596 est.

1025 2974 1465 3089 OTKE
1490 2983 1584 3091 R
1610 2981 1654 3084 ⁷
1758 2980 1854 3085 Β
1882 2977 3085 3090 ATISBONENSIS

532 3156 585 3187 θ’
692 3168 695 3171 ‘
1485 3170 1840 3233 MONACRI
1883 3172 2185 3233 ZETATIS
2230 3170 2595 3245 INCEHT/E

889 3303 1492 3399 MENSURA
1570 3304 2614 3412 QUADRIPARTITE
2696 3304 3196 3399 FIGURAE

1402 3481 1511 3544 Ea:
1548 3480 1677 3542 cod.
1706 3481 2309 3544 Benede'cto-Burano
2347 3500 2479 3544 saec.
2512 3499 2625 3544 x11.

406 3719 1114 3790 QuidamRatisbonensis
1132 3720 1454 3776 monachus
1479 3720 1713 3775 nomine
1734 3721 1983 3776 Otkerus
2015 3722 2057 3790 C
2096 3723 2279 3776 tinam
2314 3724 2536 3793 partem
2565 3722 2781 3793 deputa
2841 3725 3084 3778 Deutero
3141 3725 3199 3778 et
3251 3722 3377 3794 ejus
3424 3722 3746 3797 subjugali,

338 3810 636 3869 adinvenit
665 3811 819 3868 hanc
850 3824 1190 3868 mensuram
1223 3808 1737 3881 quadripartitam,
1771 3814 1830 3865 et
1880 3826 1987 3865 no-

337 3900 580 3958 minavit
609 3915 738 3957 eam
771 3899 1058 3955 Theorema
1089 3904 1388 3969 troporum,
1423 3899 1578 3969 quod
1631 3898 1820 3953 dicere
1852 3915 1985 3976 pos-

337 4007 546 4048 sumus
573 3990 815 4047 cribrum
839 3978 1197 4045 Monochordz‘.
1229 3988 1372 4043 Nam
1403 3987 1458 4043 in
1493 4005 1561 4043 ea
1580 3987 1739 4043 vides
1768 3992 1982 4060 aperte,

335 4080 628 4155 quomodo
656 4077 1011 4136 conveniunt
1037 4093 1241 4134 omnes
1272 4093 1477 4150 graves
1510 4082 1565 4133 et
1595 4093 1798 4133 omnes
1840 4076 1982 4132 ﬁna-

333 4168 439 4239 les,
471 4174 529 4226 et
557 4184 761 4227 omnes
792 4167 1145 4239 superiores,
1179 4183 1245 4222 ac
1276 4182 1481 4223 omnes
1510 4165 1856 4222 excellentes
1883 4182 1894 4219 :
1929 4170 1985 4221 et

254 4262 258 4266 ‘
335 4257 512 4314 simul
540 4257 702 4313 vides
735 4271 935 4312 omnes
989 4254 1213 4328 species
1250 4255 1614 4311 diatessaron
1669 4258 1727 4309 et
1778 4270 1982 4309 omnes

336 4345 560 4418 species
590 4343 884 4417 diapente,
914 4348 973 4400 et
1002 4359 1284 4415 quorsum
1318 4360 1527 4398 cursus
1573 4342 1649 4397 sit
1697 4343 1981 4414 cujusque

332 4433 457 4489 toni
488 4448 695 4489 susum
724 4430 811 4487 vel
836 4433 1064 4503 jusum.
1100 4433 1286 4495 Quam
1317 4446 1656 4486 mensuram
1691 4430 1773 4485 sic
1804 4431 1980 4488 debes

332 4520 661 4594 disponere.

400 4609 619 4667 Partito
642 4624 826 4664 unum
855 4608 1010 4665 latus
1042 4607 1421 4665 monochordi
1454 4607 1511 4662 in
1563 4612 1817 4680 quatuor
1850 4626 1979 4680 par-

327 4702 437 4768 tes,
471 4697 669 4773 spacio
692 4714 871 4770 supra
891 4696 978 4755 vel
1019 4697 1173 4754 infra
1194 4697 1266 4754 ad
1288 4696 1442 4754 latus
1477 4697 1652 4753 unius
1671 4697 1871 4763 culmi,
1897 4716 1980 4754 ro-

325 4787 483 4856 licto,
515 4787 577 4843 in
608 4802 722 4860 quo
753 4776 1035 4858 utrinque
1066 4785 1288 4842 litteras
1310 4802 1597 4843 mensurae
1622 4785 1811 4858 possis
1834 4788 1975 4843 scri-

325 4876 481 4933 bere.
506 4877 577 4933 Et
604 4876 686 4933 ita
716 4892 830 4931 uno
850 4874 1029 4932 latere
1052 4874 1472 4947 quadrifariam
1495 4874 1680 4931 diviso
1698 4892 1977 4932 mensura

321 4964 479 5021 latus
510 4964 850 5029 Guidonice,
883 4967 942 5020 et
995 4965 1227 5037 punctis
1255 4962 1313 5018 in
1369 4980 1605 5018 summa
1660 4964 1811 5019 linea
1840 4981 1973 5020 cum

2098 3809 2207 3865 hoc
2236 3813 2325 3865 est
2351 3810 2519 3865 tertio
2541 3814 2676 3865 tono
2700 3814 2753 3865 et
2776 3815 3004 3883 quarto.
3028 3808 3326 3880 Ultimam,
3353 3810 3409 3866 id
3434 3815 3542 3883 est,
3564 3812 3748 3867 imam

2096 3903 2323 3969 partem
2382 3898 2455 3953 da
2488 3899 2665 3953 Protea
2726 3904 2781 3957 et
2834 3898 2961 3969 ejus
3018 3898 3267 3966 laterali,
3302 3898 3360 3955 id
3418 3904 3509 3957 est
3554 3899 3748 3973 primo

2095 3992 2231 4042 tono
2263 3990 2321 4041 et
2349 3987 2624 4043 secundo.
2662 3988 2917 4042 Summa:
2973 3988 3145 4060 parti,
3180 4004 3306 4060 quae
3345 3992 3435 4044 est
3481 3987 3752 4044 Tetrardi

2096 4076 2170 4131 da
2198 4091 2407 4131 nomen
2441 4077 2552 4132 TE.
2590 4079 2722 4132 ante
2746 4076 3082 4149 penultimae
3106 4077 3254 4149 parti
3286 4078 3361 4133 da
3390 4093 3600 4134 nomen
3627 4078 3748 4133 TR.

2095 4164 2429 4237 penultimae
2461 4164 2610 4238 parti
2643 4166 2718 4221 da
2749 4182 2962 4221 nomen
2995 4166 3109 4221 DE.
3142 4165 3361 4222 ultimae
3385 4165 3535 4238 parti
3555 4166 3631 4221 da
3649 4182 3753 4224 no-

2094 4269 2227 4308 men
2260 4253 2369 4308 PR.

2163 4343 2437 4398 Mensura
2465 4342 2786 4400 Guidonice
2818 4344 2985 4413 facta,
3020 4348 3078 4400 et
3114 4345 3349 4417 punctis
3407 4359 3659 4417 superne
3691 4350 3754 4401 et

2091 4431 2243 4485 infra
2274 4448 2406 4487 cum
2435 4431 2649 4489 litteris
2680 4432 2905 4505 positis,
2930 4437 3071 4488 tunc
3097 4449 3246 4505 pone
3262 4432 3527 4507 regulam
3548 4438 3750 4489 trans-

2088 4520 2302 4575 versim
2334 4538 2368 4576 a
2400 4526 2618 4593 puncto
2652 4521 2709 4577 in
2741 4525 3025 4594 punctum
3059 4526 3115 4578 et
3145 4523 3467 4577 secundum
3485 4520 3607 4577 hac
3629 4538 3756 4577 mo-

2090 4625 2436 4681 nogramma
2458 4609 2647 4666 incide
2667 4609 2957 4683 incipiens
2981 4626 3015 4665 a
3034 4612 3096 4667 G.
3131 4615 3189 4666 et
3207 4627 3385 4682 quam
3409 4616 3633 4683 partem
3654 4610 3759 4667 de-

2088 4698 2227 4753 beas
2257 4698 2534 4766 incidere,
2567 4700 2737 4754 docet
2759 4702 2812 4754 te
2835 4698 2931 4754 bic
2952 4702 3158 4754 cantus
3190 4700 3302 4754 TE.
3336 4699 3454 4755 TR.
3487 4699 3599 4754 TE.
3626 4698 3749 4755 TR.

2088 4786 2194 4842 SY.
2230 4786 2287 4842 id
2320 4791 2429 4852 est,
2462 4802 2903 4859 synemmenon.
2936 4788 3048 4843 TE.
3072 4787 3184 4843 DE.
3206 4787 3310 4842 SE.
3342 4786 3402 4843 id
3431 4791 3542 4854 est,
3563 4788 3750 4843 semi-

2086 4872 2335 4931 lonium.
2379 4876 2485 4931 TE.
2520 4875 2638 4931 TR.
2670 4875 2779 4931 TE.
2814 4876 2924 4931 DE.
2977 4876 3092 4931 PR.
3139 4876 3252 4930 TE.
3303 4876 3419 4931 TR.
3466 4875 3577 4931 DE.
3628 4875 3749 4933 PR.

2084 4964 2193 5019 TE.
2228 4964 2343 5019 TR.
2378 4963 2489 5018 PR.
2524 4964 2634 5019 TE.
2670 4963 2781 5019 DE.
2819 4964 2929 5020 PR.
2964 4965 3073 5021 TE.
3127 4965 3247 5020 TR.
3298 4964 3409 5020 DE.
3455 4964 3569 5021 PR.
3625 4964 3750 5020 TE.

324 5052 558 5121 litteris,
592 5055 738 5109 etin
770 5051 891 5108 ima
918 5052 1072 5108 linea
1102 5052 1321 5108 eisdem
1373 5052 1608 5124 punctis
1657 5058 1713 5107 et
1764 5052 1975 5108 littoris
2010 5098 2049 5124 η
2082 5052 2197 5107 TR.
2233 5052 2343 5106 PR.
2377 5051 2484 5106 SY.
2518 5052 2626 5107 TE.
2683 5053 2793 5108 DE.
2843 5054 2956 5109 PR.
3007 5054 3112 5109 SE.
3160 5054 3273 5109 TE.
3322 5053 3437 5109 TR.
3486 5052 3597 5109 TE.
3629 5052 3746 5108 SY.

324 5098 559 5210 ἱὲᾇὶξὶὲἔζ
582 5098 657 5197 (ἶεὶ
677 5098 1974 5214 ginngag’gg;tgggiggntmesis;13.5;
2004 5098 2050 5162 Ι)
2081 5098 2197 5195 iiii
2234 5098 2347 5195 bii
2377 5098 2492 5195 Eii.
2528 5098 2632 5196 si".
2664 5098 2793 5197 νιῖιῖξ
2834 5098 3273 5199 saepe?“
3300 5098 3437 5198 νιῖιὲῗ
3461 5098 3597 5197 Ti?
3629 5098 3743 5197 ἑέξ

323 5231 381 5281 et
409 5229 533 5285 suis
564 5228 915 5303 plagalibus,
949 5228 1170 5285 scilicet
1190 5244 1486 5283 summam
1511 5234 1734 5298 partem
1767 5229 1840 5283 da
1858 5230 1963 5283 Tc-

321 5315 516 5372 trardo
547 5321 605 5372 et
632 5318 759 5389 ejus
788 5316 999 5390 plagis,
1033 5317 1141 5373 hoc
1171 5319 1259 5372 est
1289 5316 1538 5386 septimo
1595 5320 1730 5371 tono
1761 5322 1817 5371 et
1870 5334 1965 5371 oc-

318 5404 468 5457 tavo.
500 5404 646 5457 Ante
677 5405 1059 5474 penultimam
1094 5408 1317 5477 partem
1351 5404 1425 5459 da
1460 5402 1599 5458 trito
1631 5405 1964 5467 authentico

315 5493 374 5546 et
401 5491 530 5561 ejus
556 5491 863 5564 discipulo,
895 5493 954 5548 id
977 5496 1085 5562 est,
1115 5492 1319 5565 quinto
1338 5495 1473 5548 tono
1493 5496 1550 5549 et
1571 5492 1965 5549 sexto.Penul-

2080 5230 2191 5283 PR.
2226 5229 2334 5283 TE.
2370 5228 2482 5283 DE.
2518 5229 2626 5284 PR.
2659 5230 2769 5285 TE.
2805 5232 2918 5287 TR.
2963 5231 3076 5288 DE.
3118 5230 3232 5286 PR.
3288 5231 3398 5287 TE.
3449 5229 3566 5286 TR.
3618 5229 3738 5287 PR.

2076 5316 2178 5372 SE.
2213 5317 2325 5371 PR.
2361 5318 2478 5372 TR.
2512 5318 2625 5373 DE.
2660 5318 2770 5373 PR.
2808 5319 2922 5375 PR.

2075 5406 2239 5462 Tunc
2268 5404 2471 5461 metire
2502 5405 2574 5462 ab
2604 5408 2762 5481 gravi
2797 5410 2859 5463 A.
2886 5408 3035 5465 Triti
3061 5410 3134 5465 ad
3158 5410 3336 5466 ﬁnem
3368 5423 3574 5465 novem
3598 5423 3740 5479 pas-

2075 5510 2198 5558 sus,
2232 5498 2288 5549 et
2317 5494 2545 5565 primus
2574 5512 2786 5567 passus
2817 5515 2871 5570 y.
2906 5515 2962 5571 y.
2998 5499 3076 5569 (Ι)

325 5641 724 5785 ςυςὲῃαῳιῗτδι
771 5642 1020 5771 cdegunt,
1081 5661 1206 5716 quae
1272 5642 1470 5699 omnia
1532 5642 1867 5701 distinctius
1941 5643 2327 5718 explanantur
2384 5644 2442 5700 in
2520 5645 2743 5702 Musica
2801 5651 2855 5704 S.
2921 5648 3219 5705 Wilhelmi
3295 5645 3737 5721 Hirsaugiensis

562 5729 624 5771 1n
652 5730 716 5771 ra
813 5730 846 5771 a
889 5729 1064 5770 imus.

562 5711 716 5771 infra
771 5712 1064 5771 dabimus.
