4000 6168
247 361 374 426 693

1051 361 1259 430 CIVIS
1305 363 1712 428 SPIRENSIS
1755 366 2139 430 EPISTOLA
2179 367 2282 429 AD
2326 369 2870 434 HERIBERTUM.

3542 370 3661 429 694

250 523 3660 563 2W

1079 641 2027 733 MONOCHORDUM
2082 647 2831 736 ENCHERIADIS

405 819 642 894 (Edidit.
676 819 744 876 D.
778 820 1122 887 RAVAISSON,
1155 821 1417 893 Rapports
1445 837 1541 876 sur
1569 822 1645 877 les
1679 821 2037 893 biblothéques
2064 823 2153 878 des
2181 824 2575 896 department:
2603 825 2666 880 de
2699 825 2918 894 l’Ouest,
2949 827 3237 898 Append.,
3270 841 3327 898 p.
3361 826 3509 897 370.)

319 1077 778 1136 Monochordum
827 1076 1205 1134 Eucheriadis
1254 1080 1481 1134 constat
1521 1077 1580 1132 in
1613 1077 1657 1133 X
1687 1082 1743 1133 et
1770 1077 1895 1134 VIII
1921 1081 1976 1146 Α
2007 1079 2251 1151 ipsoque
2283 1080 2610 1137 meditullio
2654 1081 2894 1138 terciam
2927 1082 3178 1138 mediam
3212 1081 3519 1138 constitue.
3555 1083 3662 1138 De-

244 1169 459 1234 cordis,
491 1184 562 1224 ex
607 1171 858 1240 quatuor
899 1166 1166 1222 videlicet
1214 1167 1487 1239 gravibus
1545 1169 1602 1222 et
1650 1170 1900 1236 quatuor

243 1257 527 1314 finalibus
559 1259 927 1328 quatuorque
962 1255 1171 1311 mediis
1203 1272 1268 1311 ac
1305 1254 1544 1310 totidem
1576 1252 1903 1310 excellenti-

245 1349 380 1415 bus,
407 1345 700 1417 adjunctis
731 1345 961 1400 duabus
1006 1343 1638 1416 superexcellentibus;
1670 1359 1903 1414 compo-

247 1438 472 1491 nuntur
496 1451 564 1490 ex
588 1438 725 1489 tono
747 1438 804 1489 et
823 1433 1133 1490 semitonio
1155 1434 1504 1504 duobusque
1523 1433 1696 1488 tonis.
1719 1432 1905 1502 Hujus

245 1530 446 1581 autem
478 1523 817 1579 monocordi
853 1522 1096 1594 particio
1129 1522 1211 1576 sic
1245 1521 1594 1594 disponitur.

316 1613 582 1668 Primum
604 1615 786 1668 totam
809 1609 1072 1666 tabulam
1097 1627 1199 1684 per
1219 1614 1472 1681 quatuor
1488 1610 1681 1665 divide
1703 1609 1905 1665 sectio-

245 1717 639 1773 nes,quarum
663 1700 855 1773 prima
871 1701 928 1754 in
954 1699 1193 1754 sinistra
1215 1699 1463 1770 magoda
1487 1699 1687 1770 primae
1710 1697 1903 1769 gravis

245 1789 485 1846 nomine
507 1789 1073 1845 titulatur.Secunda
1093 1791 1304 1860 quarta
1325 1788 1518 1860 gravis
1545 1787 1898 1843 nominatur.

245 1880 449 1936 Tercia
492 1883 688 1934 autem
721 1882 932 1950 quarta
961 1877 1155 1933 ﬁnalis
1196 1877 1430 1932 dicitur.
1453 1877 1523 1931 Et
1549 1879 1758 1946 quarta
1787 1879 1903 1930 ter-

244 1968 346 2024 ciae
376 1967 710 2024 excellentis
739 1966 1020 2022 vocabulo
1051 1965 1247 2038 pollet.
1275 1967 1489 2020 Iterum
1516 1965 1782 2019 eamdem
1811 1969 1900 2018 ta-

244 2057 448 2114 bulam
480 2055 540 2112 in
575 2071 780 2113 novem
814 2055 1384 2126 divide,nonamque
1405 2059 1630 2126 partem
1662 2053 1719 2107 in
1754 2051 1900 2106 sini-

243 2149 367 2202 stra
411 2149 656 2217 protono
689 2143 1000 2198 constitue.
1033 2144 1221 2214 Atque
1261 2141 1389 2214 ipsa
1438 2142 1614 2197 corda
1643 2141 1900 2197 secunda

240 2235 439 2308 gravis
490 2237 746 2288 vocatur.
808 2231 1027 2288 Deinde
1079 2249 1113 2287 a
1158 2232 1358 2286 dextra
1411 2230 1662 2303 magoda
1714 2245 1901 2299 usque

240 2327 479 2396 qurtam
530 2337 765 2394 gravem
811 2322 870 2375 in
904 2320 1029 2375 VIII
1076 2320 1289 2389 divide,
1323 2335 1655 2390 nonamque
1705 2319 1900 2373 inante

241 2415 573 2486 porrectam
607 2427 709 2482 pro
739 2409 918 2464 tercia
965 2408 1123 2480 gravi
1167 2407 1382 2480 accipe.
1420 2409 1560 2463 Item
1610 2425 1797 2479 usque
1825 2407 1898 2464 ad

243 2501 514 2558 eamdem
547 2502 815 2572 quartam
847 2513 1082 2570 gravem
1115 2513 1216 2570 per
1247 2497 1314 2551 IX
1348 2498 1624 2552 metieris.
1652 2501 1718 2550 Et
1749 2497 1902 2552 non'a

240 2607 380 2664 pars
411 2589 523 2645 erit
552 2588 742 2661 prima
781 2587 957 2642 corda
986 2585 1200 2651 finalis,
1225 2601 1410 2654 usque
1443 2586 1631 2658 ipsam
1665 2583 1898 2642 finalem

239 2695 344 2751 per
367 2681 442 2732 IX
475 2676 790 2732 metiendo.
817 2674 1100 2730 Faciendo
1123 2673 1294 2729 faciet
1323 2690 1477 2728 nona
1507 2691 1642 2745 pars
1675 2675 1721 2728 lI
1753 2677 1902 2730 fina-

243 2767 362 2822 lem
393 2766 454 2822 in
487 2763 980 2822 semitonio.1nde
1004 2779 1188 2834 usque
1214 2763 1609 2834 supradictam
1630 2767 1900 2834 quartam

241 2855 484 2912 ﬁnalem
500 2855 632 2910 VIII
651 2858 846 2924 partes
866 2852 1204 2924 disponens,
1224 2867 1377 2906 nona
1399 2851 1456 2906 in
1475 2855 1607 2906 ante
1628 2856 1903 2922 protensa

246 2942 507 3001 ostendit
538 2943 612 2998 III
644 2940 902 2998 finalem.
927 2941 1056 2997 Mox
1089 2939 1264 2996 etiam
1307 2939 1377 2994 ad
1410 2939 1598 3012 ipsam
1631 2945 1901 3010 quartam

249 3033 487 3090 finalem
535 3047 636 3104 per
683 3031 760 3086 IX
806 3028 1095 3102 partieris,
1129 3043 1399 3100 nonaque
1457 3045 1591 3099 pars
1649 3028 1901 3100 primam

250 3122 507 3178 mediam
531 3118 974 3176 demonstrabit.
992 3117 1135 3172 Hinc
1156 3133 1344 3188 usque
1366 3117 1616 3188 primam
1650 3117 1900 3172 mediam

248 3228 349 3284 per
381 3210 451 3266 IX
480 3209 696 3275 divide,
720 3212 774 3263 et
808 3223 961 3262 nona
1002 3223 1137 3278 pars
1169 3205 1385 3276 pandet
1425 3205 1744 3260 secundam
1784 3221 1902 3260 me-

244 3299 406 3354 diam
439 3298 498 3352 in
533 3295 865 3354 semitonio.
891 3295 1062 3350 Retro
1084 3311 1117 3347 a
1145 3297 1355 3363 quarta
1385 3292 1541 3347 finali
1572 3307 1758 3363 usque
1790 3298 1901 3348 ter-

2014 1168 2150 1223 hinc
2173 1187 2360 1241 usque
2381 1171 2451 1226 ad
2475 1170 2660 1240 ipsam
2685 1170 2926 1226 terciam
2946 1171 3200 1226 mediam
3220 1187 3322 1243 per
3340 1171 3415 1227 IX
3438 1172 3662 1240 metire,

2015 1275 2350 1330 nonamque
2372 1263 2594 1331 partem
2619 1276 2721 1330 pro
2743 1263 2953 1330 quarta
2986 1259 3178 1315 media
3198 1276 3366 1332 pone,
3391 1265 3447 1314 et
3479 1276 3666 1332 usque

2015 1351 2286 1418 quartam
2318 1347 2572 1402 mediam
2617 1363 2718 1419 per
2749 1348 2817 1402 IX
2849 1347 3180 1415 dividendo,
3217 1349 3275 1403 in
3307 1365 3462 1405 nona
3503 1353 3668 1422 parte

2015 1434 2264 1507 primam
2287 1435 2662 1492 excellentem
2686 1436 3046 1491 constituito.
3068 1437 3312 1509 Insuper
3334 1439 3522 1509 ipsam
3549 1437 3667 1510 pri-

2014 1540 2172 1580 mam
2218 1523 2592 1580 excellentem
2641 1542 2744 1596 per
2775 1529 2852 1579 1X
2885 1525 3175 1597 partieris,
3210 1526 3267 1580 in
3302 1532 3462 1598 parte
3514 1540 3669 1582 nona

2012 1613 2112 1668 ﬁet
2142 1613 2399 1668 secunda
2423 1612 2729 1670 excellens.
2755 1613 2949 1686 Usque
2979 1615 3218 1669 terciam
3243 1631 3375 1669 vero
3398 1613 3664 1686 supradi-

2013 1706 2167 1756 ctam
2201 1718 2302 1772 per
2330 1702 2400 1757 1X
2432 1702 2700 1768 metiens,
2726 1719 2881 1758 nona
2931 1719 3065 1774 pars
3111 1702 3462 1758 monstrabit
3489 1720 3664 1774 quar-

2012 1793 2133 1844 tam
2166 1788 2561 1846 excellentem.
2594 1790 2702 1845 Per
2745 1807 2950 1846 novem
2999 1790 3090 1845 bis
3140 1789 3484 1862 multiplica,
3519 1794 3576 1846 et
3606 1790 3666 1846 in

2014 1879 2127 1933 fine
2159 1878 2399 1934 ultimos
2439 1878 2784 1935 excellentes
2828 1878 3155 1951 multiplica
3188 1896 3200 1933 :
3235 1879 3426 1951 prima
3452 1880 3665 1951 gravis,

2011 1967 2271 2022 secunda
2299 1967 2713 2038 gravis,tcrcia
2741 1969 2955 2040 gravis,
2976 1971 3185 2039 quarta
3223 1967 3446 2039 gravis;
3480 1967 3671 2040 prima

2011 2054 2227 2121 finalis,
2260 2057 2520 2111 secunda
2561 2056 2778 2120 ﬁnalis,
2813 2057 2995 2113 tercia
3033 2055 3245 2123 Iinalis,
3282 2059 3493 2127 quarta
3522 2057 3666 2110 ﬁna—

2011 2142 2113 2209 lis;
2168 2144 2356 2214 prima
2413 2144 2626 2209 media,
2661 2145 2920 2200 secunda
2974 2145 3187 2212 media,
3222 2143 3402 2200 tercia
3451 2145 3666 2214 media,

2012 2236 2220 2303 quarta
2250 2231 2461 2297 media,
2494 2232 2685 2303 prima
2725 2232 3036 2300 excellens,
3069 2233 3326 2289 secunda
3355 2231 3664 2300 excellens,

2009 2321 2180 2376 tertia
2207 2320 2512 2387 excellens,
2545 2326 2756 2392 quarta
2793 2319 3101 2389 excellens,
3137 2321 3664 2392 superexcellentes

2009 2409 2157 2464 dua}.
2195 2409 2386 2464 Prima
2419 2409 2612 2464 finalis
2643 2407 2925 2464 inclinum
2956 2409 3012 2463 S.
3048 2411 3120 2464 ad
3153 2414 3329 2482 caput
3361 2410 3443 2465 ita
3470 2411 3540 2476 S;
3573 2427 3664 2465 se-

2009 2499 2201 2552 cunda
2231 2497 2424 2553 ﬁnalis
2455 2498 2730 2552 Eversum
2781 2497 2850 2552 ad
2901 2502 3077 2568 caput
3106 2497 3187 2553 ita
3215 2499 3290 2559 E;
3321 2498 3499 2554 tercia
3548 2497 3666 2562 iota

2011 2585 2259 2659 simplex
2303 2591 2359 2641 et
2408 2585 2692 2640 inclinum
2726 2585 2805 2640 ita
2831 2586 2883 2647 I;
2915 2589 3126 2656 quarta
3156 2585 3348 2642 ﬁnalis
3401 2587 3441 2641 E
3490 2587 3663 2641 dimi-

2010 2675 2174 2730 dium
2206 2675 2278 2729 ad
2311 2679 2485 2745 caput
2505 2675 2585 2728 ita
2605 2677 2666 2729 E.
2693 2675 2907 2730 Graves
2929 2674 3234 2728 retroversi
3262 2673 3468 2730 ﬁnales
3488 2675 3662 2730 ita....

2011 2763 2351 2834 Superiores
2377 2752 2619 2819 demissi
2651 2763 2843 2835 capita
2865 2762 3068 2818 finales
3090 2762 3282 2818 ita.....
3306 2761 3666 2819 Excellentes

2012 2853 2253 2908 demissi
2285 2853 2475 2925 capita
2522 2869 2724 2924 graves
2771 2853 3012 2922 ita......,
3044 2857 3278 2924 excepto
3308 2851 3444 2906 trito
3474 2851 3574 2924 qui
3608 2853 3662 2907 in

2011 2940 2287 3012 gravibus
2327 2945 2522 2996 notam
2574 2941 2748 2996 habet
2795 2940 2862 3007 H,
2897 2939 3202 2996 inclinum.
3238 2940 3301 2995 1n
3349 2939 3663 3012 superiori-

2012 3030 2123 3084 bus
2154 3030 2198 3084 Η
2246 3045 2478 3084 versum
2539 3033 2596 3084 et
2652 3027 3098 3084 inclinum.......
3135 3029 3193 3083 in
3248 3028 3666 3084 excellentibus

2012 3117 2133 3172 iota
2165 3119 2450 3189 perlixum
2486 3122 2512 3182 ’ί
2550 3121 2673 3170 Duo
2705 3116 2924 3196 residui
2972 3117 3139 3186 signa
3168 3115 3387 3170 habent
3409 3117 3664 3187 jacentis

2015 3204 2164 3277 proti
2194 3210 2251 3260 et
2281 3204 2525 3260 deuteri.
2559 3206 2706 3259 Sunt
2741 3220 2944 3259 omnes
2974 3203 3216 3271 XXVIII,
3251 3220 3365 3274 quo
3397 3203 3668 3258 videlicet

2015 3293 2230 3366 singuli
2263 3298 2580 3348 extremam
2613 3310 2781 3348 suam
2822 3289 3232 3364 symphoniam
3264 3291 3574 3362 attingant,
3607 3292 3666 3346 id

242 3387 390 3442 tiam
413 3387 539 3458 jam
563 3385 778 3440 dictam
803 3381 1172 3439 excellentem
1201 3397 1301 3454 per
1323 3381 1581 3436 medium
1607 3382 1816 3451 divide,
1843 3382 1899 3436 in
1934 3382 1976 3449 ί]
2013 3386 2102 3438 est
2134 3381 2233 3436 XV
2265 3398 2498 3437 sonum.

251 3517 3660 3566 Μ

1742 3648 1920 3693 CIRCA
1963 3649 2070 3693 AN.
2117 3649 2184 3692 Μ.

989 3811 1162 3935 Δ.
1260 3806 1789 3938 αινιε
1884 3807 1935 3938 ε

2016 3805 2927 3937 PIRENSIS

1555 4043 2353 4179 EPISTOLA

940 4276 1038 4336 AD
1103 4272 1612 4335 HERIBERTUM
1676 4271 2224 4334 COLONIENSEM
2299 4271 2989 4333 ARCHIEPISCOPUM

1175 4431 1470 4494 Adversus
1495 4448 1908 4510 praepropera:
1929 4446 2308 4510 peccatorum
2348 4429 2747 4491 absolutiones.

1331 4589 1567 4660 (Edidit.
1601 4588 1859 4645 MARTEN.
1893 4589 2082 4662 Ampl.
2116 4587 2352 4647 Collect.
2388 4589 2432 4660 Ι,
2464 4589 2614 4660 357.)

335 4853 723 4911 Nobilissimas
761 4851 917 4909 sedis
965 4848 1401 4920 archiepiscopo
1445 4845 1714 4902 nobiliori
1745 4846 1812 4902 Η.
1848 4848 1912 4902 A.
1947 4856 1994 4920 D
2026 4846 2210 4901 tincre
2239 4843 2592 4917 intelligunt,
2623 4862 2836 4902 manus
2865 4863 3105 4903 sursum
3137 4847 3326 4904 levare
3357 4851 3414 4903 et
3443 4851 3680 4920 peccata

263 4942 595 5016 inquilinus
624 4941 764 4999 civis
794 4958 862 4997 ex
892 4940 1034 4996 urbe
1063 4939 1243 5011 Spirae
1285 4952 1581 4993 summam
1626 4935 1918 4992 felicitatis

265 5039 492 5089 aeternae
523 5033 620 5105 (1).

339 5121 482 5178 Novi
512 5120 798 5193 quosdam
823 5117 996 5174 vestri
1021 5114 1262 5181 ordinis,
1283 5119 1339 5169 et
1369 5114 1603 5186 quidem
1628 5114 1774 5170 satis
1798 5131 1922 5186 pro-

268 5211 377 5267 bos
408 5215 583 5282 atque
632 5207 915 5275 eruditos,
949 5205 1049 5278 qui
1083 5203 1312 5276 quoties
1369 5202 1428 5258 in
1484 5201 1744 5258 ecclesiis
1799 5202 1922 5257 suis

267 5298 486 5372 populo
517 5298 620 5355 Dei
648 5297 910 5354 triticum
942 5292 1244 5368 Spirituale
1275 5291 1658 5359 distribuunt,
1681 5290 1923 5364 expletis

268 5386 549 5445 omnibus
580 5403 707 5458 quae
738 5386 810 5442 ad
837 5385 1094 5441 fructum
1126 5384 1340 5437 sanctae
1371 5380 1769 5437 azdiﬁcationis
1802 5397 1926 5453 per-

344 5533 420 5601 (1)
443 5529 603 5605 Hanc
623 5526 931 5605 epistolam
942 5522 1438 5605 _in_\'etustissimo
1458 5523 1654 5580 codice
1668 5523 1927 5605 fl‘uitien-

274 5596 362 5660 sis
379 5596 718 5660 monasterii
735 5616 914 5674 prope
934 5597 1234 5656 Coloniam
1257 5596 1582 5668 reperimus
1614 5596 1684 5652 ad
1710 5596 1925 5654 calcem

2028 4951 2135 4990 sua
2165 4933 2425 4988 confiteri
2467 4933 2698 5004 jubent,
2725 4952 2840 5006 quo
2873 4935 3043 5002 facto,
3077 4936 3385 4990 confestim
3438 4935 3678 4992 absolu-

2029 5024 2244 5078 tionem
2267 5026 2324 5077 et
2340 5021 2741 5078 remissionem
2763 5041 2965 5079 eorum
2982 5024 3248 5080 omnium
3271 5024 3389 5079 illis
3411 5024 3680 5079 tribuunt

2028 5115 2190 5166 tanta
2222 5109 2752 5182 facilitate,quanta
2785 5111 3027 5168 forsitan
3058 5112 3128 5167 de
3160 5110 3409 5184 pecunia
3446 5111 3682 5183 propria

2030 5199 2231 5257 obolos
2261 5203 2377 5255 tres
2411 5198 2630 5254 nollent
2660 5200 2869 5272 cuique
2901 5199 3179 5257 relaxare.
3203 5200 3320 5256 Hoc
3350 5199 3548 5272 itaque
3579 5215 3682 5254 au-

2032 5291 2278 5357 dientes,
2318 5287 2584 5345 nonnulli
2634 5289 2905 5359 fratrum,
2930 5290 3030 5363 qui
3079 5306 3149 5346 ex
3197 5287 3394 5345 divino
3444 5305 3685 5346 munere

2033 5378 2397 5452 aliquantam
2429 5394 2604 5434 sacras
2636 5377 2943 5452 Scripturae
2985 5377 3322 5436 facultatem
3363 5377 3598 5448 habent,
3631 5382 3689 5434 et

2034 5523 2177 5604 vitae
2211 5523 2268 5578 S.
2303 5522 2611 5591 Heriberti,
2644 5523 2734 5578 cui
2782 5523 3023 5595 proinde
3055 5525 3336 5596 scriptam
3380 5522 3682 5580 existima—

2035 5612 2248 5651 VlInllS.
