4000 6168
380 356 500 421 695

1108 358 1294 420 SIEG.
1340 358 1424 421 XI
1467 359 1700 421 AUCT.
1748 357 2072 425 INCERTI
2110 359 2301 421 ANNl
2346 361 2450 424 ET
2491 364 2797 429 SGRIPT.
2840 375 3065 425 ’ΛΔΕΣΠ.

3671 371 3805 437 696

384 496 581 551 tamen
613 494 851 566 propter
894 492 1276 548 reverentiam
1332 491 1568 564 obloqui
1599 490 1744 546 nihil
1794 492 2030 561 audent,
2056 494 2118 563 Α
2146 492 2418 551 existunt.
2438 495 2639 554 Nonne
2660 498 2770 555 hoc
2791 503 2880 557 est
2898 501 3053 573 quod
3076 501 3146 559 de
3168 500 3801 582 fallacibusprophetis

377 583 753 640 vehementer
799 580 1289 647 scandalizantur,
1322 581 1574 636 scientes
1623 598 1742 637 rem
1795 599 2036 654 prorsus

376 671 645 729 illicitam
676 670 824 739 fieri,
850 688 976 744 quae
1009 669 1171 727 nulla
1200 674 1539 726 sanctorum
1567 670 1803 726 Patrum
1837 675 2035 727 aucto-

374 761 545 818 ritate
577 761 764 834 possit
793 759 1047 825 defendi,
1075 762 1131 814 et
1161 759 1232 815 ad
1264 758 1719 815 internecionem
1752 760 2033 831 imperitae

372 848 775 907 multitudinis
802 847 1047 919 laqueus
1068 846 1394 903 diabolicus
1426 849 1522 915 sit,
1551 848 1943 905 existimantis
1973 866 2035 905 se

371 955 477 996 nec
507 937 874 995 confessione
903 939 1106 1009 postea
1153 936 1438 1009 indigere,
1474 938 1574 992 sed
1606 938 1805 992 omnia
1838 937 2031 993 crimi-

372 1046 449 1084 na
470 1046 579 1085 sua
598 1031 882 1099 tanquam
906 1026 1098 1082 denuo
1120 1026 1457 1098 baptizatis,
1483 1026 1729 1082 dimissa
1749 1026 1861 1082 sibi
1882 1044 2030 1096 esse,

370 1120 725 1189 acceptaque
755 1115 865 1171 hac
912 1115 1212 1170 mortifera
1257 1114 1591 1184 securitate,
1625 1132 1741 1171 non
1773 1115 2035 1187 pericula

370 1206 706 1264 animarum
737 1221 983 1262 suarum
1013 1203 1343 1272 incurrunt,
1368 1208 1426 1259 et
1448 1204 1656 1260 iterare
1681 1204 1903 1277 ﬂagitia
1922 1222 2032 1262 sua

366 1295 458 1352 vel
489 1295 758 1369 graviora
778 1295 990 1351 addere
1024 1311 1127 1366 pro
1162 1292 1345 1349 nihilo
1371 1293 1596 1348 ducunt
1620 1310 1632 1351 :
1659 1294 1873 1367 quippe
1899 1311 2028 1366 quae

366 1385 583 1443 iterum
610 1388 786 1457 atque
807 1384 1018 1440 iterum
1042 1387 1161 1439 tam
1188 1382 1356 1439 facile
1378 1382 1739 1455 ignoscenda
1763 1384 1878 1439 sibi
1900 1401 2028 1441 esse

365 1476 688 1533 confidunt.

433 1564 611 1621 Vides
642 1565 860 1636 itaque,
886 1562 1122 1618 domine
1166 1561 1269 1630 mi,
1295 1577 1473 1633 quam
1527 1561 1644 1617 late
1693 1565 1889 1633 pateat
1918 1562 2026 1619 hoc

364 1653 610 1721 malum,
626 1654 784 1725 quod
806 1652 1119 1720 nefarium,
1137 1651 1291 1723 quod
1314 1650 1555 1723 plenum
1579 1650 1952 1722 blasphemia:
1972 1655 2028 1707 et

364 1742 603 1799 omnino
624 1741 894 1797 illicitum
916 1755 1044 1797 esse
1066 1739 1399 1812 evangelica
1413 1740 1556 1795 tuba
1571 1739 2023 1808 intonante,toto

362 1833 585 1889 mundo
610 1830 956 1887 ostenditur.
975 1830 1105 1897 Quis
1131 1831 1280 1885 enim
1299 1833 1473 1929 potest
1500 1837 1737 1932 peccata.
1752 1829 2024 1886 dimittere
2052 1866 2100 1932 B

360 1923 479 1978 nisi
506 1922 653 1977 solus
682 1922 858 1976 Deus?
887 1918 981 1974 cui
1015 1917 1296 1974 nimirum
1323 1917 1466 1974 dicit
1498 1918 1690 1974 omnis
1723 1918 1900 1974 homo
1928 1936 2023 1975 ve-

362 2010 578 2068 raciter
607 2024 621 2065 :
657 2010 775 2065 Tibi
800 2009 905 2064 soli
928 2008 1165 2080 peccavi.
1189 2007 1407 2063 Putant
1440 2010 1635 2062 autem
1660 2023 1723 2063 se
1743 2007 1893 2063 hanc
1923 2025 2024 2081 po-

360 2103 635 2158 testatem
669 2098 964 2171 accepisse
992 2097 1053 2152 in
1086 2114 1151 2153 eo
1186 2096 1342 2168 quod
1375 2095 1518 2152 dixit
1540 2096 1825 2153 Dominus
1856 2097 2026 2153 disci-

361 2190 519 2266 pulis
541 2189 665 2246 suis
693 2205 705 2245 :
733 2192 1082 2259 Quaecunque
1104 2185 1414 2255 ligaveritis
1438 2202 1600 2258 super
1619 2195 1843 2252 terram,
1865 2194 2027 2246 erunt

362 2283 537 2352 ligata
556 2284 607 2336 et
627 2280 689 2335 in
709 2277 878 2345 caelis,
894 2280 945 2332 et
965 2292 1302 2347 quaecunque
1323 2276 1601 2367 solverifis
1613 2292 1674 2367 sit
1675 2292 1777 2348 per
1799 2278 2022 2367 terram,

361 2377 524 2430 erunt
550 2369 727 2425 soluta
755 2369 804 2422 et
833 2368 895 2421 in
924 2366 1089 2421 caelis.
1124 2364 1237 2421 Sed
1270 2363 1384 2420 hoc
1418 2364 1604 2420 sancti
1637 2365 1904 2421 doctores
1929 2363 2027 2421 no;

358 2460 468 2519 stri
486 2459 554 2516 ad
579 2455 838 2514 ofﬁcium
861 2452 1339 2527 dispensationis,
1364 2470 1479 2510 non
1507 2455 1578 2509 ad
1597 2454 1698 2525 jus
1722 2456 2027 2527 potestatis

359 2549 649 2625 pertinere
677 2546 904 2612 volunt,
939 2547 1004 2599 ut
1033 2543 1189 2615 quod
1222 2547 1355 2599 ante
1386 2541 1644 2599 tribunal
1678 2543 1858 2599 divini
1895 2560 2025 2599 exa-

360 2639 540 2697 minis
572 2638 642 2694 de
673 2634 900 2692 actibus
944 2632 1221 2689 humanis
1267 2631 1641 2687 invisibiliter
1672 2633 2023 2698 decernitur,

358 2730 472 2787 hoc
496 2728 623 2804 ipse
643 2724 803 2782 velut
824 2722 1062 2796 quidam
1086 2721 1356 2777 mortalis
1377 2722 1552 2792 Deus,
1579 2722 1732 2794 apud
1757 2721 2025 2778 homines

362 2817 583 2876 visibili
615 2815 872 2889 quadam
923 2810 1113 2884 specie
1164 2814 1538 2883 exsequatur.
1566 2810 1760 2866 Dictos
1811 2811 2026 2884 quippe

365 2909 516 2967 Deos
546 2921 674 2963 esse
706 2901 1037 2960 sacerdotes
1070 2899 1342 2973 quisquis
1374 2916 1573 2955 sacras
1603 2898 1829 2956 litteras
1860 2917 2022 2956 scru-

373 3000 533 3054 tatur
579 3012 695 3051 non
744 2992 1005 3066 ignorat;
1040 2990 1141 3046 sed
1169 2991 1225 3043 et
1270 2987 1386 3043 ista
1432 2987 1685 3045 Ecclesia
1731 2989 2023 3045 terrestris

369 3087 557 3159 beatae
587 3081 747 3139 illius
777 3079 1028 3137 civitatis
1067 3076 1385 3150 imaginem
1415 3078 1730 3149 quamdam
1762 3077 1931 3150 gerit,
1962 3082 2025 3134 ut

2144 600 2249 656 per
2272 586 2616 657 prophetam
2638 605 2813 644 suum
2836 590 3121 648 Dominus
3151 594 3530 667 conqueritur
3549 595 3752 655 dicens
3777 614 3794 654 :

2144 675 2484 745 Mortiﬁcant
2510 679 2727 733 animos
2757 695 2881 750 quae
2919 697 3029 736 non
3072 684 3407 753 moriuntur,
3438 692 3492 741 et
3514 686 3805 758 viviﬁcant
3832 726 3837 729 -

2143 764 2362 818 animos
2392 780 2518 835 quze
2544 782 2651 822 non
2706 770 2914 823 vivunt.
2950 770 3072 834 Quo
3100 787 3237 845 ergo
3284 771 3485 829 ordine
3533 779 3835 846 potestas

2142 850 2258 907 ista
2286 853 2684 909 administrari
2716 857 2944 925 debeat,
2968 875 3072 930 per
3099 860 3441 932 prophetam
3468 861 3651 921 alium
3683 865 3800 922 evi—

2143 940 2346 995 denter
2378 944 2716 1014 pronuntiat
2750 963 2763 1000 :
2810 946 3183 1015 Probatorem,
3227 950 3438 1023 inquit,
3469 952 3596 1009 dedi
3638 957 3692 1010 te
3734 958 3799 1011 in

2136 1030 2338 1107 populo
2366 1047 2483 1086 meo
2514 1034 2816 1103 robustum,
2843 1040 2894 1091 et
2913 1039 3045 1093 scies
3077 1040 3127 1093 et
3150 1039 3407 1110 probabis
3436 1043 3555 1098 vias
3581 1058 3793 1102 eorum.

2141 1117 2430 1174 Probandi
2462 1120 2666 1193 utique
2697 1128 2836 1179 sunt
2864 1140 3104 1198 gressus
3134 1127 3797 1204 singulorum,qualiter

2138 1207 2487 1265 incesserint
2503 1227 2606 1282 per
2616 1212 2770 1268 viam
2793 1220 3110 1281 morum,et
3130 1221 3445 1291 antequam
3462 1221 3796 1294 proferatur

2138 1295 2468 1353 humanum
2487 1299 2801 1371 judicium,
2818 1319 3100 1374 quorsum
3121 1311 3321 1380 vergat
3338 1308 3537 1366 divina
3555 1315 3827 1369 senten»

2134 1383 2218 1442 tia
2237 1385 2546 1459 vigilanter
2565 1388 2916 1448 intuendum
2942 1396 3049 1449 est.
3074 1395 3335 1468 Denique
3355 1398 3604 1456 Lazarus
3625 1401 3792 1474 prius

2134 1476 2224 1530 est
2245 1492 2279 1531 a
2298 1476 2542 1534 Domino
2562 1478 2909 1550 vivificatus,
2925 1485 2982 1538 et
3000 1488 3203 1555 postea
3231 1503 3265 1541 a
3293 1485 3600 1560 discipulis
3622 1490 3788 1547 solu-

2133 1566 2259 1632 tus;
2280 1580 2454 1636 quem
2479 1566 2528 1623 si
2550 1571 2685 1624 ante
2704 1585 2902 1626 vocem
2922 1572 3157 1629 Domini
3181 1574 3515 1647 solvissent,
3530 1576 3629 1635 ille
3641 1580 3790 1635 nihi-

2132 1651 2390 1709 lominus
2450 1655 2833 1726 insensibilis,
2878 1660 3093 1717 fetidus
3145 1664 3386 1734 jaceret.
3438 1665 3523 1722 Ita
3578 1684 3789 1741 nempe

2131 1742 2416 1799 exanimis
2446 1744 2644 1802 anima
2673 1747 2839 1818 prius
2886 1750 3191 1819 excitetur,
3225 1758 3498 1811 evocante
3541 1756 3788 1815 Domino

2132 1830 2203 1885 ab
2234 1830 2438 1887 inferis
2468 1839 2855 1906 peccatorem,
2880 1842 2941 1893 et
2986 1838 3070 1894 sic
3101 1840 3438 1898 absolvatur
3462 1843 3788 1903 ministerio

2134 1921 2521 1977 sacerdotum.
2555 1923 2835 1996 Quisquis
2868 1926 3036 1983 aliter
3064 1929 3203 2002 agit,
3239 1934 3465 1988 certum
3509 1936 3599 1990 est
3639 1934 3787 2007 nihil

2133 2007 2300 2064 illum
2322 2009 2421 2065 alii
2443 2012 2742 2083 proficere,
2763 2015 2874 2071 sibi
2896 2032 3028 2073 vero
3047 2017 3372 2091 plurimum
3390 2021 3622 2092 obesse;
3648 2025 3791 2097 quia
3814 2099 3818 2102 ~

2135 2097 2286 2153 sicut
2325 2098 2405 2155 ait
2452 2101 2512 2156 B.
2547 2101 2885 2176 Gregorius,
2916 2107 3037 2177 ipsa
3082 2107 3298 2177 ligandi
3343 2119 3505 2183 atque
3543 2113 3790 2171 solvendi

2129 2191 2391 2260 potestate
2418 2207 2475 2246 se
2497 2192 2705 2262 privat,
2728 2195 2826 2264 qui
2866 2193 3007 2251 hanc
3034 2212 3136 2268 pro
3160 2200 3276 2254 suis
3310 2201 3698 2271 voluntatibus,
3730 2213 3788 2260 et

2133 2293 2243 2333 non
2270 2294 2369 2349 pro
2398 2280 2759 2352 subjectorum
2786 2285 3003 2340 meritis
3031 2296 3297 2344 exerceat.

2205 2367 2707 2426 Considerandum
2738 2371 2938 2446 itaque
2969 2378 3058 2432 est
3080 2375 3252 2446 juxta
3271 2378 3530 2452 regulam
3561 2386 3790 2440 sancto-

2134 2471 2265 2510 rum
2299 2456 2533 2512 Patt‘um
2557 2474 2683 2530 quze
2716 2460 2888 2533 culpa
2906 2465 3287 2535 praecesserit,
3311 2484 3437 2540 qua:
3464 2470 3788 2529 satisfactio

2135 2544 2213 2598 sit
2230 2549 2448 2613 secuta,
2464 2545 2779 2619 habitaque
2795 2552 2990 2624 sagaci
3011 2552 3379 2624 discretione,
3392 2560 3522 2614 tum
3543 2560 3787 2618 demum

2132 2631 2336 2689 timide
2354 2638 2527 2705 atque
2544 2634 2845 2695 humiliter
2859 2643 3116 2712 potestas
3134 2643 3308 2699 cilicii
3327 2649 3415 2702 est
3430 2647 3788 2722 adhibenda,

2133 2738 2239 2777 nec
2268 2721 2351 2777 ita
2380 2722 2693 2781 dicendum
2729 2742 2782 2781 τι(
2803 2728 3068 2786 Dimittat
3094 2731 3199 2788 tibi
3237 2735 3517 2793 Dominus
3546 2721 3790 2810 peccata

2133 2813 2253 2879 tua,
2282 2815 2339 2866 et
2367 2827 2472 2884 ego
2505 2813 2611 2869 tibi
2662 2814 2912 2886 dimitto,
2940 2841 2967 2869 »
2992 2820 3106 2876 nisi
3156 2822 3301 2879 forte
3354 2824 3659 2885 familiaris
3704 2829 3789 2886 sit

2133 2897 2369 2970 injuria,
2393 2917 2521 2973 quae
2562 2906 2847 2961 sacerdoti
2891 2907 3004 2980 ipsi
3037 2927 3071 2965 a
3100 2926 3196 2967 reo
3229 2911 3305 2969 sit
3334 2913 3515 2972 illata.
3549 2916 3629 2973 De
3676 2918 3785 2974 tali

2132 2989 2598 3062 utique-peccato
2638 2993 2882 3051 fidenter
2927 2997 3117 3055 dicere
3161 3004 3352 3072 potest
3386 3020 3453 3059 :«
3478 3005 3787 3080 Indulgeat

2130 3077 2236 3132 tibi
2256 3077 2541 3135 Dominus
2572 3085 2628 3137 et
2658 3097 2821 3154 ego.»
2835 3084 2943 3141 Sed
2969 3088 3465 3158 quemadmodum
3504 3077 3674 3151 nemo
3697 3095 3787 3152 ita

373 3173 644 3250 quisquis
674 3172 746 3228 ab
776 3170 878 3227 illa
909 3169 980 3224 ob
1012 3167 1440 3223 immanitatem
1491 3166 1742 3238 alicujus
1786 3165 2022 3223 sceleris
2050 3237 2091 3270 Π
2122 3166 2552 3270 justus,“nemc
2582 3169 2664 3270 ita
2695 3176 2933 3230 sanctus
2964 3180 3073 3243 est,
3099 3181 3165 3233 ut
3195 3178 3385 3236 dicere
3413 3181 3538 3253 ipse
3568 3199 3787 3256 presu-

370 3237 738 3330 exsul-averit,
772 3259 927 3316 idem
959 3258 1033 3314 ab
1072 3257 1183 3312 hac
1229 3260 1512 3328 tanquam
1544 3237 1809 3328 leprosus
1860 3260 2021 3312 extra
2049 3237 2092 3305 (ἔ
2127 3258 2249 3310 mat
2271 3273 2321 3311 :«
2344 3256 2461 3330 Ego
2493 3259 2696 3330 justus
2744 3278 2898 3329 sum,
2923 3280 3029 3338 ego
3078 3283 3212 3322 sum
3263 3274 3522 3340 sanctus,
3545 3294 3573 3323 »
3608 3272 3694 3329 sic
3722 3278 3787 3330 et

370 3357 561 3410 castra
590 3349 954 3424 separandus
994 3347 1099 3415 sit;
1132 3362 1385 3417 cumque
1415 3361 1519 3417 per
1546 3345 1787 3400 modum
1829 3344 2019 3417 legiti-

368 3459 477 3502 mis
504 3437 923 3498 satisfactionis
954 3435 1091 3490 illuc
1127 3434 1372 3490 rediisse
1400 3434 1708 3501 videbitur,
1741 3437 1881 3489 tunc
1916 3451 2019 3506 per

366 3526 724 3589 sacerdotale
753 3523 1146 3581 ministerium
1187 3522 1357 3593 quasi
1388 3522 1709 3577 mundatus
1753 3521 1892 3577 huic
1922 3539 2017 3578 re-

368 3618 753 3689 dintegratur.
780 3612 1036 3683 Denique
1066 3611 1395 3667 sacerdotes
1415 3610 1770 3665 Testamenti
1792 3610 2016 3666 Veteris

367 3723 486 3763 non
508 3702 873 3761 mundabant
891 3699 1172 3772 leprosos,
1189 3699 1291 3753 sed
1310 3699 1624 3754 mundatos
1647 3698 1703 3752 in
1727 3697 2013 3770 templum

366 3793 741 3851 inducebant.
765 3790 890 3855 Qua
907 3804 1042 3861 ergo
1063 3786 1344 3844 tenuitate
1374 3789 1437 3858 [ί.
1461 3786 1808 3858 temeritate]
1832 3803 2016 3847 sacer-

367 3885 533 3941 dotes
562 3880 703 3938 Novi
755 3875 1376 3949 Testamenti-lepram
1426 3875 1789 3948 spiritualem
1841 3894 2041 3933 mun-a

367 3973 506 4030 dare
534 3988 597 4030 se
628 3967 1014 4045 proﬁtentur?
1043 3967 1223 4032 Quem
1263 3982 1524 4037 unquam
1556 3968 1891 4021 sanctorum
1924 3966 2011 4021 in-

364 4064 608 4120 veniunt
636 4060 847 4133 cuique
871 4056 1158 4132 peccatori
1198 4054 1415 4111 dixisse
1450 4073 1462 4111 :
1495 4056 1612 4128 Ego
1643 4054 1751 4110 tibi
1784 4054 2013 4112 dimitto
2061 4080 2070 4088 -

365 4155 602 4226 peccata
629 4154 752 4220 tua,
778 4166 844 4205 ac
874 4165 990 4204 non
1013 4146 1209 4221 potius
1231 4143 1940 4216 communicatisjejuniis
1958 4148 2016 4199 et

364 4239 748 4309 orationibus,
771 4238 829 4293 id
863 4236 947 4293 eis
968 4236 1185 4308 quibus
1215 4234 1522 4290 subvenire
1542 4232 1809 4288 volebant
1839 4250 1873 4287 a
1902 4233 2013 4288 Do-

364 4329 525 4385 mino
571 4329 945 4399 impetrasse;
996 4325 1151 4396 quod
1200 4323 1452 4395 legimus
1512 4323 1570 4376 in
1621 4320 2015 4377 ecclesiastica

362 4416 618 4473 Historia
647 4415 855 4470 fecisse
874 4414 1160 4470 Joannem
1184 4410 1510 4484 apostolum
1538 4410 1869 4483 projuvene
1894 4408 2010 4476 illo,

362 4522 538 4578 quem
570 4522 605 4561 a
632 4502 936 4560 latrocinio
981 4504 1334 4567 revocatum,
1360 4499 1588 4555 Christo
1627 4498 1836 4553 iterum
1882 4516 2012 4571 par-

2127 3343 2314 3400 multo
2344 3346 2533 3420 magis
2564 3351 2821 3405 cavenda
2848 3355 2937 3407 est
2965 3352 3085 3409 haec
3112 3354 3483 3428 blasphemia
3511 3359 3570 3415 in
3600 3361 3782 3434 Spiri-

2126 3436 2250 3488 tum
2283 3440 2575 3505 sanctum,
2612 3440 2782 3510 cujus
2830 3442 3133 3514 proprium
3175 3462 3322 3516 opus
3375 3452 3465 3504 est
3513 3450 3785 3509 remissio

2125 3528 2520 3595 peccatorum,
2545 3543 2617 3581 ne
2647 3527 2899 3599 quisque
2940 3530 3116 3587 homo
3157 3532 3381 3589 homini
3429 3536 3621 3594 dicere
3669 3556 3783 3595 au-

2125 3611 2258 3666 deat
2279 3612 2356 3683 (2)
2378 3630 2429 3667 :«
2453 3614 2570 3685 Ego
2592 3620 2830 3687 peccata
2848 3621 2949 3675 tua
2969 3620 3258 3678 dimitto.»
3279 3623 3334 3677 Si
3358 3624 3516 3681 enim
3547 3625 3657 3683 hoc
3680 3646 3783 3701 po-

2124 3703 2257 3768 test,
2282 3705 2472 3773 potest
2501 3710 2929 3776 consequenter
2956 3706 3100 3765 illud
3132 3710 3323 3769 dicere
3348 3729 3396 3768 ει
3426 3714 3543 3787 Ego
3573 3719 3630 3771 te
3651 3717 3781 3789 jus-

2122 3788 2307 3857 tiﬁco;
2337 3812 2357 3839 ι
2385 3793 2441 3847 et
2470 3808 2587 3848 non
2617 3794 2688 3850 de
2718 3793 2842 3850 solo
2866 3799 2979 3853 Deo
3000 3797 3285 3870 dicemus,
3309 3802 3462 3859 Deus
3483 3803 3582 3876 qui
3601 3788 3753 3876 justi

2122 3877 2260 3932 ﬁcat
2288 3876 2536 3952 impium
2565 3898 2578 3936 :
2602 3882 2759 3954 quod
2784 3886 2904 3950 tam
2935 3884 3183 3958 impium
3206 3893 3297 3945 est
3324 3892 3495 3947 corde
3522 3894 3778 3967 cogitare

2121 3982 2301 4038 quam
2330 3967 2677 4041 sacrilegum
2710 3988 2808 4028 ore
2836 3974 3111 4045 proferre.
3280 4032 3287 4037 ,

2193 4056 2467 4119 Poterant
2495 4062 2693 4114 autem
2724 4061 2825 4131 qui
2854 4061 3191 4133 hujusmodi
3225 4071 3381 4136 sunt,
3411 4072 3469 4125 et
3498 4069 3647 4127 hanc
3677 4088 3776 4128 ca-

2122 4142 2410 4199 lumniam
2433 4144 2600 4201 facile
2621 4147 2893 4218 devitare,
2910 4154 2967 4206 et
2988 4156 3196 4210 caetera
3216 4156 3414 4213 omnia
3435 4158 3620 4216 multo
3639 4160 3783 4219 sim-

2122 4232 2330 4303 plicius
2353 4250 2542 4308 agere,
2558 4236 2605 4289 si
2624 4238 3046 4298 venerabilium
3068 4242 3371 4300 doctorum
3390 4262 3643 4319 quorum
3660 4267 3781 4308 ser-

2124 4338 2327 4377 mones
2359 4323 2690 4381 fructuosos
2730 4328 2993 4398 quotidie
3033 4332 3299 4399 audiunt,
3324 4333 3541 4393 imitari
3581 4353 3781 4395 exem-

2125 4409 2220 4483 pla
2252 4411 2482 4468 vellent.
2504 4411 2592 4469 Illi
2617 4415 2773 4471 enim
2797 4433 2931 4472 cum
2963 4420 3034 4475 ad
3068 4421 3227 4477 verbi
3249 4422 3430 4480 divini
3463 4429 3784 4486 tractatum

2124 4516 2186 4555 se
2208 4502 2612 4573 expediebant,
2636 4506 2826 4576 primo
2849 4507 3114 4565 omnium
3137 4512 3522 4571 attentionem
3544 4518 3787 4574 audien-

359 4593 632 4651 turiebat.
652 4593 763 4649 Sed
797 4596 852 4648 et
881 4591 1007 4664 ipse
1031 4589 1214 4647 Filius
1236 4587 1493 4645 hominis
1516 4587 1741 4643 habens
1761 4590 2013 4658 potesta-
2047 4604 2095 4669 D
2124 4587 2272 4645 tium
2297 4588 2518 4648 blanda
2540 4595 2598 4648 et
2625 4593 2902 4651 benevola
2922 4595 3276 4657 allocutione
3303 4604 3781 4677 praeformabant,

327 4682 566 4755 .tem.in
611 4685 769 4738 terra
796 4679 1128 4736 dimittendi
1180 4682 1436 4752 peccata,
1465 4676 1716 4733 devitata
1756 4693 2015 4757 personae

356 4791 476 4831 suae
507 4771 1037 4847 expressione,nou
1071 4768 1184 4826 ait:
1205 4767 1458 4824 Remitto
1488 4766 1595 4823 tibi
1628 4769 1860 4839 peccata
1890 4769 2011 4837 tua,

355 4864 458 4923 sed
482 4862 652 4936 quasi
681 4861 1005 4920 verecunde
1031 4878 1043 4916 :
1067 4862 1253 4927 Homo,
1286 4857 1497 4931 inquit,
1520 4858 1880 4912 remittuntur
1910 4859 2017 4912 tibi

347 4962 569 5027 peccata
598 4957 714 5009 tua.
733 4953 980 5008 Noverat
1009 4949 1180 5023 plane
1212 4947 1596 5044 paralyticum
1634 4945 1799 5044 illum
1835 4945 2009 5044 longo

354 5047 529 5116 atque
557 5041 938 5098 acerbissimo
981 5039 1178 5097 dolore
1216 5042 1532 5111 purgatum
1579 5033 2005 5133 indulgentiam

352 5131 584 5199 mereri,
608 5132 763 5189 sicut
789 5135 847 5188 et
875 5130 1045 5187 illum
1066 5129 1163 5202 qui
1198 5145 1310 5184 xxx
1329 5130 1386 5183 et
1404 5143 1504 5181 νηί
1536 5140 1722 5180 annos
1754 5122 1811 5177 in
1848 5122 2005 5178 inﬁr-

351 5220 553 5276 mitate
590 5220 903 5277 habentem
952 5220 1013 5274 in
1060 5216 1357 5291 probatica
1404 5213 1652 5287 piscina,
1693 5209 2001 5283 Evangelio

346 5309 616 5375 tastante,
648 5308 889 5367 curavit.
919 5308 988 5364 Et
1035 5308 1252 5365 audent
1298 5304 1399 5359 ﬁlii
1451 5300 1758 5359 hominum
1810 5299 2001 5354 aliena

2128 4677 2335 4734 deinde
2373 4678 2620 4753 ingressi
2670 4684 3060 4756 evangelicam
3093 4687 3211 4745 sive
3259 4693 3639 4763 apostolicam
3671 4712 3783 4755 seu

2123 4766 2299 4822 etiam
2330 4768 2731 4841 propheticam
2757 4772 3246 4846 explanationem,
3270 4795 3374 4851 pro
3395 4786 3568 4855 captu
3594 4800 3782 4857 popu-

2120 4854 2260 4913 laris
2290 4855 2683 4930 intelligentiae
2729 4863 3108 4933 mysticorum
3151 4883 3435 4927 sensuum
3463 4854 3776 4945 caliginem

2119 4944 2440 5002 dilucidare
2471 4947 2804 5019 studebant,
2838 4955 3015 5024 atque
3060 4955 3212 5011 inter
3242 4957 3440 5015 omnia
3488 4944 3775 5027 terrorem

2116 5032 2373 5089 incutere
2407 5037 2714 5106 peccatori.
2739 5037 2847 5094 Per
2878 5041 3305 5101 confessionem
3326 5062 3459 5105 vero
3493 5052 3552 5106 et
3583 5050 3773 5123 poeni-

2116 5122 2358 5178 tentiam
2389 5124 2614 5179 veniam
2651 5126 2929 5198 polliceri,
2948 5131 3180 5203 justum
3212 5135 3286 5191 ad
3316 5132 3531 5194 melius
3558 5138 3772 5196 exhor-

2113 5211 2242 5273 tari,
2279 5217 2402 5267 tum
2452 5213 2522 5268 de
2571 5213 2954 5275 instabilitate
3010 5237 3205 5278 rerum
3254 5226 3655 5300 prementium,
3695 5228 3771 5286 de

2111 5299 2390 5356 brevitate
2423 5306 2597 5374 atque
2642 5304 3055 5366 incertitudine
3096 5310 3273 5384 hujus
3303 5313 3458 5385 vitae,
3479 5316 3552 5373 de
3580 5316 3769 5375 futuri

345 5399 581 5467 peccata
610 5397 809 5469 ignota
837 5401 1011 5468 atque
1042 5396 1371 5452 indiscussa
1402 5392 1715 5458 dimittere,
1742 5405 1996 5461 quorum
2108 5389 2396 5445 examinis
2427 5392 2754 5463 severitate,
2782 5400 3079 5469 postremo
3107 5401 3179 5456 de
3209 5400 3494 5463 ineffabili
3522 5404 3770 5469 beatitu-

344 5499 533 5557 neque
562 5482 669 5556 ipsi
719 5486 933 5543 conscii
983 5490 1140 5552 sunt,
1174 5499 1363 5555 neque
1407 5479 1767 5553 pmnitentiae
1818 5482 1994 5533 testes
2105 5476 2240 5533 dine
2286 5484 2648 5551 sanctorum,
2681 5485 2750 5541 de
2796 5486 3199 5562 infelicissima
3230 5491 3604 5552 damnatione
3653 5495 3766 5550 im~

411 5591 489 5663 (2)
522 5592 602 5647 Ex
630 5594 750 5647 tota
779 5591 959 5659 huius
988 5591 1242 5685 epistolae
1277 5588 2036 5685 serieqajpparct,‘auctorem
2090 5583 2252 5643 illius
2300 5586 2473 5647 aliam
2524 5607 2640 5650 non
2672 5594 2982 5673 admisisse
3022 5598 3408 5684 absolutionis
3456 5602 3515 5660 in
3568 5619 3767 5685 sacra-

414 5667 536 5685 -..a-
574 5663 922 5685 _.._31__12_.
961 5665 1146 5685 D_am--_
1182 5680 1266 5685 -..Α
1329 5661 1435 5685 ..ἕλε
1516 5674 1710 5685 ,ιη-ΑΛ..
1748 5673 1926 5685 ,κε-..ηυν-

342 5658 541 5721 mento
573 5658 926 5736 poenitentiae
959 5658 1296 5733 formulam,
1329 5661 1438 5719 nisi
1471 5658 1951 5733 deprecatoriam.
