4000 6168
461 408 578 474 699

1199 403 1390 467 SIEG.
1434 400 1512 465 XI
1558 401 1786 466 AUCT.
1829 396 2378 470 INCERTIIANNI
2421 409 2523 471 ET
2567 410 2867 474 SCRIPT.
2912 419 3147 472 ’AARXII.’

3752 416 3884 479 700

461 546 585 604 dire
616 542 1008 610 nolens,extra
1036 539 1181 595 ﬁnes
1213 541 1443 594 nostros
1475 535 1638 609 sequi
1670 555 1731 592 se
1759 555 1876 594 non
1908 539 2105 595 admo-
2132 539 2188 608 Α
2217 539 2273 596 in
2306 541 2513 599 alienis
2543 543 2810 615 partibus
2863 545 3184 602 affuturum
3228 544 3524 615 invitavit;
3555 543 3637 605 ita
3665 550 3880 606 tamen

462 637 610 704 nuit,
644 635 844 690 dicens
900 648 962 687 se
1019 628 1408 685 narrationem
1466 631 1726 682 nostram
1767 627 2107 685 auditurum

461 725 782 781 Vindocino
811 721 896 776 vel
931 719 1080 791 apud
1110 721 1445 773 Carnotum.
1473 716 1725 788 Uterque
1755 717 1916 772 locus
1942 719 2108 774 nobis

461 816 709 870 nimium
741 810 1088 867 contrarius.
1121 807 1266 862 Hinc
1320 807 1474 878 quod
1505 807 1763 878 undique
1795 807 2104 863 imminen-

457 905 615 960 tibus
647 899 878 957 insidiis
909 897 1317 963 hostium,tam
1351 912 1665 950 munerum
1699 913 1873 966 quam
1908 914 2103 967 perso-

457 1008 666 1049 narum
681 989 778 1045 tali
793 985 1443 1060 quaestionicongruenti
1455 985 1810 1056 um,copiam
1825 985 1962 1040 illuc
1975 1002 2107 1040 con-

454 1083 665 1138 ducere
690 1078 860 1134 nobis
873 1079 959 1132 vel
979 1074 1340 1146 impossibile
1354 1074 1546 1129 stabat.
1558 1072 1640 1128 vel
1665 1073 2100 1129 difﬁcillimum.

453 1171 593 1226 Inde
625 1168 780 1241 quod
795 1163 1143 1221 adversariis
1156 1163 1354 1217 aderat
1379 1162 1822 1229 facultas,sicuti
1850 1164 2103 1219 dominis

452 1261 572 1316 sive
601 1255 938 1314 domesticis
968 1253 1127 1307 illius
1159 1251 1567 1324 regionis,tam
1601 1252 1859 1323 pecuniae
1882 1253 1950 1306 ad
1977 1253 2103 1307 ani-

452 1365 579 1404 mos
602 1347 872 1419 judicum
921 1342 1399 1413 corrumpendos,
1434 1358 1611 1412 quam
1661 1341 1982 1396 amicorum
2028 1343 2101 1396 ad

450 1438 640 1510 ipsam
665 1432 958 1506 justitiam
985 1430 1172 1502 magis
1194 1429 1535 1501 garrulitate
1567 1429 2099 1500 impudenti,quam

451 1525 726 1583 facundia
755 1520 1034 1578 laudabili
1089 1519 1526 1590 pervertendam
1567 1521 1916 1573 astutorum.
1951 1519 2099 1584 Quid

449 1632 585 1686 ergo
602 1613 738 1669 ?Vix
753 1628 887 1667 cum
908 1610 1109 1682 paucis
1127 1607 1774 1679 suﬂ‘ragiis,Vindocino
1791 1608 2096 1678 praeterito,

449 1705 763 1760 Carnotum
797 1700 1068 1770 ingressi,
1101 1697 1160 1750 in
1202 1696 1362 1751 curia
1411 1695 1702 1766 pontiﬁcis
1735 1701 1801 1749 A.
1838 1695 2097 1765 [Artaldi]

447 1787 968 1846 Vindocinensium
1001 1786 1298 1857 quondam
1317 1784 1585 1839 monachi
1609 1783 1810 1838 multis
1833 1785 2099 1855 personis

2220 632 2373 703 quod
2425 633 2472 687 si
2524 649 2628 688 nec
2676 631 2759 688 illi
2805 634 3048 705 quaestio
3104 634 3391 705 ﬁniretur,
3426 636 3670 694 Romam
3724 639 3879 697 item

2219 721 3081 793 repeteremuslmpedimentis
3113 740 3219 780 nos
3251 740 3368 780 non
3399 740 3569 795 posse
3591 730 3709 782 tres
3733 727 3882 784 heb-

2216 809 2499 864 domadas
2517 811 2643 880 jam
2667 827 2865 866 secum
2890 813 3155 868 demotos
3173 811 3440 883 pluribus
3463 813 3656 886 palam
3678 820 3881 872 osten-

2216 897 2319 962 sis,
2353 898 2614 970 excipere
2647 900 3053 956 necessitatem
3086 901 3292 957 noluit.

2285 986 2431 1049 Quid
2479 987 2686 1055 plura?
2735 989 3026 1045 Gaudium
3075 991 3146 1046 ab
3197 991 3517 1063 apostolica
3561 994 3876 1064 majestate

2211 1080 2406 1130 vestra
2454 1077 2732 1148 adeptum
2781 1079 3140 1151 benignitate
3169 1080 3412 1136 vertitur
3440 1081 3500 1136 in
3533 1099 3867 1139 maerorem.

2213 1165 2398 1229 Quam
2430 1182 2652 1237 aspere,
2688 1166 2804 1221 imo
2838 1184 3017 1238 quam
3049 1167 3364 1224 crudeliter
3410 1187 3516 1226 nos
3561 1171 3868 1241 deterruit,

2212 1254 2735 1325 exasperavit,cum
2766 1257 3121 1326 quibusdam
3153 1257 3383 1328 publice
3415 1260 3732 1329 contendit,
3764 1278 3868 1332 op-

2212 1343 2513 1413 probrium
2545 1344 2696 1411 fecit,
2727 1349 2783 1399 et
2810 1344 2869 1399 in
2901 1345 3187 1401 absconso
3219 1363 3370 1417 saepe
3410 1348 3510 1418 jus
3540 1348 3864 1418 facturum,

2212 1431 2260 1485 si
2295 1432 2614 1487 Romanam
2638 1433 2925 1504 synodum
2951 1435 3866 1506 expeteremus,promisit.Quam

2210 1519 2517 1575 inhoneste
2586 1521 3015 1577 Frotmundum
3075 1524 3220 1578 bene
3276 1525 3440 1580 vobis
3507 1528 3734 1592 notum,
3799 1543 3870 1582 ex

2210 1607 2460 1680 hospitio
2493 1626 2598 1664 suo
2630 1610 2754 1680 ipse
2785 1609 3076 1681 pulsando
3128 1612 3405 1667 manibus
3435 1612 3559 1667 suis
3591 1612 3868 1684 expulit?

2213 1697 2534 1752 Fastidium
2563 1697 2727 1753 vobis
2757 1698 2879 1753 ﬁeri
2910 1702 3255 1770 metuentes,
3291 1700 3505 1772 quippe
3536 1700 3760 1757 homini
3793 1703 3862 1759 de

2208 1786 2391 1841 tantis
2439 1786 2612 1841 rebus
2661 1786 2936 1842 tractanti
2996 1804 3110 1843 non
3172 1789 3393 1843 fuimus
3434 1790 3584 1857 ausi,
3611 1790 3858 1862 justitize

448 1885 568 1937 tam
602 1879 712 1935 sub
746 1875 1098 1941 monachali,
1131 1890 1310 1946 quam
1342 1874 1449 1929 sub
1483 1873 1731 1928 clericali
1765 1873 1968 1928 habitu
2001 1874 2097 1929 de-
2129 1904 2176 1968 B
2211 1874 2599 1945 adipiscendae
2651 1891 2885 1930 omnem
2935 1892 3100 1947 spem
3150 1893 3391 1948 prorsus
3442 1877 3711 1968 abscidit.
3746 1883 3858 1936 Nos

447 1967 874 2044 gentibus,ipso
897 1964 1363 2020 G.narrationem
1388 1979 1522 2018 cum
1546 1962 1852 2017 contrariis
1877 1961 2097 2018 nullius

447 2056 712 2132 opposita
734 2052 1144 2125 objicientibus
1179 2051 1451 2122 ponderis
1483 2049 1819 2116 habuimus,
1858 2068 1974 2121 qua
2004 2051 2097 2106 his

445 2151 547 2204 aut
575 2144 831 2217 amplius
861 2144 1010 2197 duos
1039 2141 1163 2196 dies
1195 2139 1623 2194 dilucidissime
1654 2144 2093 2210 pcrorata,cun-

443 2238 552 2293 ctis
580 2239 997 2309 praetereorum
1016 2233 1266 2288 fautores
1291 2229 1872 2294 susurrantibus,seu
1897 2234 2095 2301 aperte

442 2325 875 2382 afﬁrmantibus
905 2321 1248 2377 S.Albinnm
1291 2336 1530 2374 causam
1576 2318 1791 2374 habere
1831 2318 2094 2389 justissi-

443 2432 601 2471 mam
621 2417 678 2470 et
697 2408 1339 2468 honestissimamzillos
1363 2424 1496 2463 vero
1510 2407 1989 2463 econtrario.Nos
2006 2424 2094 2463 ex-

441 2506 772 2577 spectantes
803 2500 1130 2556 sententias
1148 2498 1423 2569 judicum
1453 2513 1520 2550 ex
1551 2497 1894 2551 auctoritate
1921 2513 2092 2552 cano-

440 2610 581 2648 num
612 2595 668 2647 et
689 2588 1002 2646 cardinalis
1037 2586 1437 2642 deﬁnitionem
1463 2585 1634 2654 juxta
1678 2601 1836 2656 papze
1875 2601 2091 2656 praece-

440 2686 629 2753 ptum,
661 2677 826 2734 nulla
853 2694 987 2732 eum
1023 2674 1379 2745 impediente
1414 2673 1819 2744 repugnantia,
1854 2678 2091 2744 excepto

439 2765 884 2824 Carnotensium
912 2765 1205 2834 episcopo,
1241 2761 1496 2827 homine,
1532 2765 1593 2814 ut
1636 2761 1858 2828 dicunt,
1893 2777 2089 2816 versu-

439 2858 657 2913 tiarum
691 2854 1000 2926 magistro;
1052 2867 1120 2905 ex
1170 2854 1452 2905 conventu
1498 2848 1622 2919 ipse
1671 2848 1987 2904 cardinalis
2035 2853 2092 2905 et

442 2945 756 3020 prmdictus
786 2944 852 2997 A.
880 2941 940 2995 in
975 2939 1273 3012 quoddam
1305 2938 1693 2993 diversorium
1745 2938 2089 2994 consulendi

439 3034 629 3109 gratia
659 3032 1082 3088 conduxerunt.
1116 3027 1294 3084 Nobis
1318 3030 1512 3083 autem
1535 3026 1968 3099 possessionem
2001 3044 2090 3082 ec-

438 3123 624 3180 clesiae
647 3124 782 3193 jure
813 3117 1179 3176 hcereditario
1212 3116 1481 3172 stabilem
1513 3120 1748 3188 propter
1774 3117 2084 3189 pecuniam

437 3215 808 3269 numeratam
831 3207 1212 3265 renuentibus
1224 3223 1292 3261 ex
1305 3205 1581 3277 petitione
1597 3222 1797 3260 eorum
1821 3205 2080 3273 alienari,

2207 1963 2384 2034 igitur
2415 1963 2655 2019 tristitia
2697 1964 3040 2020 constrictos
3091 1967 3399 2022 redeuntes
3448 1967 3762 2040 episcopus
3790 1974 3856 2025 A.

2207 2052 2492 2124 arripiens
2524 2053 2803 2108 ducentes
2834 2053 3014 2108 libras
3046 2059 3279 2126 propter
3309 2055 3613 2111 ecclesiam
3656 2062 3860 2114 contra

2207 2157 2497 2196 canonum
2530 2141 2836 2196 interdicta
2858 2141 3061 2198 multis
3093 2143 3364 2214 precibus
3395 2144 3712 2215 persuasit.
3739 2147 3856 2202 Heu

2206 2229 2402 2285 tristes
2433 2229 2489 2284 in
2522 2229 2792 2302 capitolio
2843 2247 2950 2286 suo
2997 2232 3134 2302 fuga
3175 2231 3422 2302 justitize
3469 2231 3858 2304 compellente

2205 2318 2540 2373 annuimus.
2577 2318 2821 2389 Insuper
2851 2318 2923 2373 ab
2955 2319 3162 2375 abbate
3191 2324 3390 2376 nostro
3420 2321 3859 2394 extorsit,quod

2206 2405 2366 2461 illam
2399 2407 2840 2461 conventionem
2870 2406 2930 2461 in
2963 2407 3216 2479 capitulo
3248 2424 3354 2464 suo
3385 2409 3707 2466 Andecavis
3731 2426 3858 2466 ωο-

2204 2495 2407 2550 nachis
2441 2494 2565 2550 suis
2594 2496 2807 2550 faceret
2837 2495 3168 2551 conﬁrmari
3204 2515 3216 2551 :
3251 2513 3366 2568 qua
3395 2497 3466 2553 de
3497 2514 3557 2553 re
3589 2499 3856 2555 nondum

2202 2600 2492 2639 consensu
2523 2584 2990 2656 congregationis
3015 2585 3071 2640 S.
3105 2584 3297 2640 Albini
3329 2585 3550 2654 audito,
3583 2587 3855 2645 chartam

2201 2676 2404 2728 contra
2427 2672 2910 2728 consuetudinem
2929 2673 3053 2728 ﬁeri
3084 2673 3332 2729 Carnoto
3344 2675 3860 2747 praecepit.Noster

2200 2761 2380 2833 igitur
2401 2761 2801 2832 abbas,priore
2825 2777 2930 2816 suo
2962 2762 3335 2830 absente,nec
3351 2763 3566 2820 vocatis
3587 2764 3852 2833 decanis,

2200 2866 2305 2905 nec
2334 2849 2475 2905 viris
2501 2850 2741 2921 majoris
2771 2849 3165 2922 intelligentiae
3206 2855 3265 2907 et
3316 2853 3523 2918 aetatis,
3559 2853 3854 2910 minorem

2198 2943 2577 3010 partem,qua3
2609 2955 2863 3010 praesens
2895 2938 3084 2994 inerat
3114 2939 3174 2994 in
3205 2939 3481 3012 capitulo,
3517 2958 3623 2997 suo
3666 2958 3853 2998 sensu

2197 3026 2283 3083 vel
2315 3031 2479 3083 aetate
2507 3026 2789 3099 puerilem
2820 3027 3188 3083 conventioni
3222 3045 3477 3085 annuere
3507 3029 3858 3102 coegit,qui-

2196 3116 2448 3171 busdam
2481 3120 2673 3187 aperte
2697 3116 3415 3189 repugnantibus,cunctis
3429 3134 3572 3190 pene
3593 3117 3857 3174 claman~

2193 3205 2374 3272 tibus,
2410 3221 2472 3259 se
2502 3204 2731 3271 invitos,
2762 3221 2823 3259 se
2852 3209 3103 3271 coactos,
3136 3204 3239 3260 tali
3266 3207 3617 3262 concordare
3654 3210 3850 3278 pacto.

438 3301 688 3360 asseruit
717 3297 1032 3355 cardinalis
1055 3313 1115 3352 se
1143 3295 1286 3350 nihil
1301 3294 1917 3366 causaeimpositurum
1941 3295 2082 3350 deﬁ-
2115 3267 2158 3335 (ἶ
2199 3293 2360 3348 Unde
2390 3292 2541 3349 inter
2568 3310 2671 3348 nos
2701 3292 2918 3348 exarsit
2947 3294 3240 3350 contentio
3271 3295 3434 3367 pejor
3454 3311 3630 3366 quam
3662 3294 3852 3352 civilis

436 3390 676 3446 nitionis
707 3389 765 3443 in
796 3387 1058 3444 sessione
1091 3384 1382 3456 praesenti,
1403 3384 1622 3454 jubens
1668 3399 1864 3439 secum
1897 3383 1981 3438 ire
2013 3384 2083 3438 ad

435 3480 593 3536 aliud
607 3475 920 3534 concilium
941 3473 1199 3529 Parisius
1211 3476 1574 3545 postpaucos
1587 3471 1712 3526 dies
1725 3471 2084 3539 adfuturum.

433 3568 550 3623 Nos
580 3582 712 3621 vero
730 3566 789 3619 in
809 3565 936 3634 ipso
961 3563 1166 3617 itinere
1185 3560 1714 3632 arripiens,cuique
1745 3559 2085 3632 singulatim

435 3671 638 3726 capere
671 3669 946 3707 nummos
973 3649 1598 3719 suadendo,quantum
1630 3664 2086 3720 precum,quan-

434 3749 561 3799 tum
588 3740 904 3805 minarum,
941 3754 1093 3792 nunc
1129 3736 1505 3802 blandiendo,
1543 3753 1698 3791 nunc
1741 3737 2085 3792 deterrendo

434 3829 823 3902 consumpsit,
856 3827 913 3881 in
947 3824 1194 3898 cpistola
1224 3824 1398 3879 scribi
1431 3841 1544 3880 non
1576 3823 1799 3896 potuit:
1825 3824 1926 3880 Vel
1952 3825 2086 3880 inde

432 3921 534 3976 lux
576 3918 791 3975 clarius
841 3914 1112 3988 apparuit
1161 3929 1291 3968 eum
1351 3913 1538 3985 magis
1579 3916 1851 3984 paratum
1892 3920 2085 3985 partes

431 4026 634 4067 eorum
685 4006 1013 4080 specialiter
1066 4003 1397 4070 defendere,
1460 4019 1637 4074 quam
1693 4002 1842 4058 inter
1891 4007 2085 4074 partes

431 4096 836 4172 aequanimiter
858 4094 1146 4166 judicare,
1181 4107 1315 4162 cum
1347 4091 1504 4164 leges
1537 4091 1844 4148 saeculares
1895 4092 2085 4164 prohi-

429 4191 571 4245 bent
596 4203 772 4259 quem
804 4184 1169 4240 defensorem
1204 4180 1381 4237 simul
1412 4197 1540 4237 esse
1572 4181 2084 4250 cljudicem.Pari-

432 4277 554 4332 sius
587 4275 764 4332 etiam
799 4271 1050 4327 multum
1083 4276 1134 4326 et
1169 4288 1202 4325 a
1233 4269 1548 4326 multis.....
1583 4273 1752 4324 xatus
1794 4286 2081 4324 coram....

431 4363 839 4436 episcopisque
871 4359 1138 4432 pluribus
1165 4359 1264 4429 qui
1298 4359 1558 4424 aderant,
1593 4362 1658 4412 ut
1692 4359 1868 4413 ﬁnem
1898 4357 2084 4413 labori

434 4456 632 4508 nostro
663 4451 846 4516 daret,
880 4449 1131 4503 testibus
1165 4446 1382 4502 nostris
1415 4445 1821 4517 praesentibus,
1847 4447 1948 4516 jus
1981 4464 2083 4502 no-

434 4545 623 4598 strum
655 4538 948 4594 afﬁrmare
981 4536 1364 4606 paratis,cum
1396 4534 1579 4590 nimia
1609 4534 1696 4588 ira
1725 4533 1871 4589 nihil
1893 4535 2086 4607 profu-

435 4636 599 4687 turos
633 4625 1015 4698 respondens,
1049 4624 1120 4678 ad
1153 4621 1294 4678 illud
1342 4623 1537 4678 nescio
1584 4624 1740 4694 quod
1773 4623 2086 4680 consilium
2117 4633 2165 4698 1)

441 4749 2144 4780 ΕΞ

2196 3382 2428 3451 seditio,
2460 3397 2526 3437 ac
2556 3386 2791 3454 propter
2839 3381 2946 3436 hoc
2995 3399 3251 3453 praesens
3302 3382 3525 3438 malum
3568 3384 3853 3440 noveritis

2197 3471 2333 3526 hinc
2363 3471 2692 3543 germinare
2715 3487 2828 3526 non
2861 3487 3104 3541 parvum
3129 3471 3389 3527 Ecclesiae
3415 3471 3650 3528 inantea
3668 3473 3855 3528 detri-

2197 3564 2484 3614 mentum.
2520 3559 2664 3614 Nam
2698 3558 2842 3613 nulli
2871 3557 3128 3614 ecclesiae
3161 3559 3417 3616 ministri
3440 3560 3853 3617 auctoritatem

2195 3663 2262 3702 ex
2293 3646 2611 3718 apostolico
2644 3646 2831 3719 legato
2865 3646 3452 3716 retinentes,veudere
3483 3653 3583 3704 aut
3632 3649 3856 3705 donare

2197 3737 2453 3808 amplius
2513 3735 2887 3802 verebuntur,
2943 3737 3427 3808 parvipendentes
3487 3736 3854 3793 calumniam

2195 3841 2520 3896 pauperum
2534 3825 2604 3880 ab
2627 3824 2961 3880 haereditate
2990 3823 3383 3881 ecclesiastica
3416 3826 3627 3898 stipem
3648 3841 3858 3898 exspe—

2195 3912 2578 3968 ctantium.Et
2608 3913 2714 3968 hoc
2747 3930 2850 3985 pro
2881 3918 3036 3969 certo
3060 3913 3526 3981 sciatis,nullum
3548 3914 3852 3986 deinceps,

2195 4002 2395 4058 audito
2427 4018 2615 4057 causae
2649 4007 2856 4058 nostrae
2889 4003 3285 4067 ﬁne,Romam
3318 4003 3638 4074 petiturum
3669 4019 3857 4060 causa

2188 4091 2456 4162 justitiaa.
2495 4090 2555 4146 In
2589 4090 2854 4146 oreenim
2887 4091 3152 4147 omnium
3181 4091 3433 4148 volvitur
3452 4091 3601 4148 illud
3623 4109 3857 4164 prover-

2192 4180 2356 4235 bium
2387 4180 3045 4252 Jugurtinumﬂomam
3075 4179 3337 4236 venalem
3363 4197 3511 4247 esse,
3536 4181 3586 4237 si
3617 4185 3849 4253 empto-

2194 4284 2316 4323 rem
2348 4268 2650 4334 invenerit,
2682 4273 2738 4323 et
2769 4285 2972 4325 omnes
3000 4269 3184 4324 Roma
3212 4269 3599 4326 discedentes.
3635 4269 3852 4337 Quare,

2192 4356 2279 4412 vir
2309 4356 2785 4428 prudentissime,
2818 4357 2966 4413 tanti
3001 4357 3188 4413 morbi
3220 4355 3626 4429 pullulationis
3671 4357 3852 4415 resis-

2194 4447 2318 4513 tite,
2352 4462 2423 4502 ne
2455 4451 2580 4501 rata
2611 4449 2911 4502 remaneat
2941 4445 3254 4502 elaborate.
3288 4447 3406 4502 Hoc
3435 4445 3744 4519 apostolici
3776 4448 3857 4504 vi-

2193 4533 2397 4606 gilanti
2430 4536 2746 4607 suggerite,
2781 4539 2845 4590 ut
2875 4535 2946 4591 ad
2981 4534 3228 4590 nihilum
3262 4536 3583 4609 redigatur.

2151 4748 3856 4778 Μ

1123 4861 1895 4976 ΑΝΟΝῩΜΙ
1992 4861 3196 4976 FISCANNENSIS

1873 5046 2430 5134 LIBELLUS

678 5193 769 5249 DE
811 5189 1330 5254 REVELATIONE,
1374 5189 1889 5243 JEDIFICATIONE
1928 5189 2013 5243 ET
2059 5187 2558 5245 AUCTORITATE
2603 5187 3100 5242 FISCANNENSIS
3143 5187 3608 5245 MONASTERII.

1093 5315 1179 5383 (lt.
1213 5315 1274 5369 P.
1307 5314 1425 5367 Art.
1460 5329 1534 5367 nu
1566 5316 1879 5379 MONSTIER,
1913 5316 2092 5370 Νθιιςιι

2206 5315 2320 5378 Ρία,
2356 5311 2724 5383 Rothomagi,
2759 5311 2918 5380 1663,
2949 5328 3007 5384 p.
3043 5312 3190 5385 193.)

1483 5507 2189 5604 ADMONITIO
2275 5508 2800 5602 PRZEV-IA.

516 5674 764 5740 Quidam
786 5674 1006 5747 Opinati
1027 5683 1161 5734 sunt
1185 5677 1479 5736 abbatiam
1502 5677 1955 5737 Fiscannensem
1977 5695 2045 5736 ex
2062 5679 2480 5738 recentioribus
2497 5693 2625 5737 esse
2647 5693 2772 5750 quae
2795 5678 2904 5737 sub
2927 5678 3105 5736 ﬁnem
3129 5679 3396 5738 secundae
3421 5675 3624 5750 stirpis
3647 5691 3865 5749 regum
