  <div class='ocr_page' id='page_1' title='image "/cluster/home/n/w/nwhite01/storage/ocr_20150623/151/hvd.32044054760095/356.png"; bbox 0 0 4000 6168; ppageno 0'>
   <div class='ocr_carea' id='block_1_1' title="bbox 129 408 3550 477">
    <p class='ocr_par' dir='ltr' id='par_1_1' title="bbox 129 408 3550 477">
     <span class='ocr_line' id='line_1_1' title="bbox 129 408 3550 477; baseline -0.001 -3"><span class='ocrx_word' id='word_1_1' title='bbox 129 410 249 474; x_wconf 71' lang='lat'>701</span> <span class='ocrx_word' id='word_1_2' title='bbox 1310 409 1749 477; x_wconf 80' lang='lat' dir='ltr'>ANONYMUS</span> <span class='ocrx_word' id='word_1_3' title='bbox 1792 408 2378 477; x_wconf 81' lang='lat' dir='ltr'>FISCANNENSIS.</span> <span class='ocrx_word' id='word_1_4' title='bbox 3428 408 3550 473; x_wconf 77' lang='lat'>702</span> 
     </span>
    </p>
   </div>
   <div class='ocr_carea' id='block_1_2' title="bbox 134 542 3554 620">
    <p class='ocr_par' dir='ltr' id='par_1_2' title="bbox 134 542 3554 620">
     <span class='ocr_line' id='line_1_2' title="bbox 134 542 3554 620; baseline -0.001 -16"><span class='ocrx_word' id='word_1_5' title='bbox 134 545 495 604; x_wconf 81' lang='lat' dir='ltr'>Francorum</span> <span class='ocrx_word' id='word_1_6' title='bbox 528 542 763 620; x_wconf 87' lang='lat' dir='ltr'>initium</span> <span class='ocrx_word' id='word_1_7' title='bbox 795 544 1130 620; x_wconf 85' lang='lat' dir='ltr'>sumpsere;</span> <span class='ocrx_word' id='word_1_8' title='bbox 1163 549 1222 620; x_wconf 82' lang='lat' dir='ltr'>at</span> <span class='ocrx_word' id='word_1_9' title='bbox 1242 562 1420 619; x_wconf 91' lang='lat' dir='ltr'>quam</span> <span class='ocrx_word' id='word_1_10' title='bbox 1440 545 2050 620; x_wconf 58' lang='lat' dir='ltr'>longeaberraverint,</span> <span class='ocrx_word' id='word_1_11' title='bbox 2072 546 2205 620; x_wconf 72' lang='lat' dir='ltr'>inde</span> <span class='ocrx_word' id='word_1_12' title='bbox 2228 543 2442 620; x_wconf 86' lang='lat' dir='ltr'>clarius</span> <span class='ocrx_word' id='word_1_13' title='bbox 2465 543 2686 620; x_wconf 79' lang='lat' dir='ltr'>patebit</span> <span class='ocrx_word' id='word_1_14' title='bbox 2707 544 2863 620; x_wconf 88' lang='lat' dir='ltr'>quod</span> <span class='ocrx_word' id='word_1_15' title='bbox 2887 544 3088 620; x_wconf 85' lang='lat' dir='ltr'>eadem</span> <span class='ocrx_word' id='word_1_16' title='bbox 3113 544 3367 620; x_wconf 76' lang='lat' dir='ltr'>abbatis,</span> <span class='ocrx_word' id='word_1_17' title='bbox 3389 547 3554 619; x_wconf 90' lang='lat' dir='ltr'>prius</span> 
     </span>
    </p>
   </div>
   <div class='ocr_carea' id='block_1_3' title="bbox 132 615 3552 691">
    <p class='ocr_par' dir='ltr' id='par_1_3' title="bbox 132 615 3552 691">
     <span class='ocr_line' id='line_1_3' title="bbox 132 615 3552 691; baseline -0.001 -16"><span class='ocrx_word' id='word_1_18' title='bbox 132 623 307 691; x_wconf 12' lang='lat' dir='ltr'>esset,</span> <span class='ocrx_word' id='word_1_19' title='bbox 325 618 749 691; x_wconf 75' lang='lat' dir='ltr'>monasterium</span> <span class='ocrx_word' id='word_1_20' title='bbox 780 615 1342 691; x_wconf 77' lang='lat' dir='ltr'>sanctimonialium,</span> <span class='ocrx_word' id='word_1_21' title='bbox 1374 615 1635 691; x_wconf 70' lang='lat' dir='ltr'>construi</span> <span class='ocrx_word' id='word_1_22' title='bbox 1667 617 2079 691; x_wconf 17' lang='lat' dir='ltr'>emptum‘aB.</span> <span class='ocrx_word' id='word_1_23' title='bbox 2108 616 2425 691; x_wconf 73' lang='lat' dir='ltr'>Waningo,</span> <span class='ocrx_word' id='word_1_24' title='bbox 2464 615 2586 691; x_wconf 52' lang='lat' dir='ltr'>tiro</span> <span class='ocrx_word' id='word_1_25' title='bbox 2618 615 3020 691; x_wconf 83' lang='lat' dir='ltr'>illustrissimo</span> <span class='ocrx_word' id='word_1_26' title='bbox 3060 622 3323 691; x_wconf 83' lang='lat' dir='ltr'>tempore</span> <span class='ocrx_word' id='word_1_27' title='bbox 3345 615 3408 691; x_wconf 73' lang='grc' dir='ltr'><em>εξ</em></span> <span class='ocrx_word' id='word_1_28' title='bbox 3437 621 3552 673; x_wconf 85' lang='lat' dir='ltr'>Au-</span> 
     </span>
    </p>
   </div>
   <div class='ocr_carea' id='block_1_4' title="bbox 134 686 3552 763">
    <p class='ocr_par' dir='ltr' id='par_1_4' title="bbox 134 686 3552 763">
     <span class='ocr_line' id='line_1_4' title="bbox 134 686 3552 763; baseline -0.001 -17"><span class='ocrx_word' id='word_1_29' title='bbox 134 689 311 763; x_wconf 17' lang='lat' dir='ltr'>dioeni</span> <span class='ocrx_word' id='word_1_30' title='bbox 345 690 833 763; x_wconf 81' lang='lat' dir='ltr'>Rothomagcnsis</span> <span class='ocrx_word' id='word_1_31' title='bbox 864 689 1411 763; x_wconf 77' lang='lat' dir='ltr'>archiepiscopo,_et</span> <span class='ocrx_word' id='word_1_32' title='bbox 1437 690 1503 763; x_wconf 93' lang='lat' dir='ltr'>D_.</span> <span class='ocrx_word' id='word_1_33' title='bbox 1526 686 1965 763; x_wconf 72' lang='lat' dir='ltr'>Wandregisili.</span> <span class='ocrx_word' id='word_1_34' title='bbox 2001 686 2462 763; x_wconf 75' lang='lat' dir='ltr'>Fontanellensis</span> <span class='ocrx_word' id='word_1_35' title='bbox 2492 687 2743 763; x_wconf 80' lang='lat' dir='ltr'>abbatis,</span> <span class='ocrx_word' id='word_1_36' title='bbox 2774 688 2926 743; x_wconf 80' lang='lat' dir='ltr'>circa</span> <span class='ocrx_word' id='word_1_37' title='bbox 2952 686 3406 763; x_wconf 47' lang='lat' dir='ltr'>annum—Christi</span> <span class='ocrx_word' id='word_1_38' title='bbox 3425 691 3552 763; x_wconf 73' lang='lat'>662.</span> 
     </span>
    </p>
   </div>
   <div class='ocr_carea' id='block_1_5' title="bbox 129 758 3555 834">
    <p class='ocr_par' dir='ltr' id='par_1_5' title="bbox 129 758 3555 834">
     <span class='ocr_line' id='line_1_5' title="bbox 129 758 3555 834; baseline 0.001 -19"><span class='ocrx_word' id='word_1_39' title='bbox 129 762 353 818; x_wconf 85' lang='lat' dir='ltr'>Verum</span> <span class='ocrx_word' id='word_1_40' title='bbox 388 766 453 818; x_wconf 89' lang='lat' dir='ltr'>ut</span> <span class='ocrx_word' id='word_1_41' title='bbox 482 758 718 818; x_wconf 65' lang='lat' dir='ltr'>debitus</span> <span class='ocrx_word' id='word_1_42' title='bbox 748 763 910 834; x_wconf 88' lang='lat' dir='ltr'>ordo,</span> <span class='ocrx_word' id='word_1_43' title='bbox 944 762 1004 817; x_wconf 92' lang='lat' dir='ltr'>in</span> <span class='ocrx_word' id='word_1_44' title='bbox 1036 758 1441 834; x_wconf 78' lang='lat' dir='ltr'>compluribus</span> <span class='ocrx_word' id='word_1_45' title='bbox 1471 761 1716 834; x_wconf 77' lang='lat' dir='ltr'>hujusce</span> <span class='ocrx_word' id='word_1_46' title='bbox 1759 758 1983 834; x_wconf 66' lang='lat' dir='ltr'>inclyta:</span> <span class='ocrx_word' id='word_1_47' title='bbox 2017 760 2261 815; x_wconf 67' lang='lat' dir='ltr'>abbatis:</span> <span class='ocrx_word' id='word_1_48' title='bbox 2296 758 2674 834; x_wconf 82' lang='lat' dir='ltr'>monimentis</span> <span class='ocrx_word' id='word_1_49' title='bbox 2706 775 2845 814; x_wconf 84' lang='lat' dir='ltr'>mox</span> <span class='ocrx_word' id='word_1_50' title='bbox 2876 777 2911 814; x_wconf 91' lang='lat' dir='ltr'>a</span> <span class='ocrx_word' id='word_1_51' title='bbox 2939 760 3107 834; x_wconf 79' lang='lat' dir='ltr'>nobis</span> <span class='ocrx_word' id='word_1_52' title='bbox 3138 761 3555 834; x_wconf 83' lang='lat' dir='ltr'>producendis,</span> 
     </span>
    </p>
   </div>
   <div class='ocr_carea' id='block_1_6' title="bbox 133 830 3557 906">
    <p class='ocr_par' dir='ltr' id='par_1_6' title="bbox 133 830 3557 906">
     <span class='ocr_line' id='line_1_6' title="bbox 133 830 3557 906; baseline -0.001 -17"><span class='ocrx_word' id='word_1_53' title='bbox 133 839 424 906; x_wconf 78' lang='lat' dir='ltr'>servetur,</span> <span class='ocrx_word' id='word_1_54' title='bbox 437 849 642 906; x_wconf 69' lang='lat' dir='ltr'>operte</span> <span class='ocrx_word' id='word_1_55' title='bbox 658 833 909 906; x_wconf 83' lang='lat' dir='ltr'>pretium</span> <span class='ocrx_word' id='word_1_56' title='bbox 927 840 984 906; x_wconf 87' lang='lat' dir='ltr'>et</span> <span class='ocrx_word' id='word_1_57' title='bbox 999 830 1363 906; x_wconf 73' lang='lat' dir='ltr'>dignumque</span> <span class='ocrx_word' id='word_1_58' title='bbox 1382 833 1439 887; x_wconf 89' lang='lat' dir='ltr'>in</span> <span class='ocrx_word' id='word_1_59' title='bbox 1462 830 2098 906; x_wconf 60' lang='lat' dir='ltr'>primisjudica&#39;vimus,</span> <span class='ocrx_word' id='word_1_60' title='bbox 2123 830 2472 906; x_wconf 86' lang='lat' dir='ltr'>opusculum</span> <span class='ocrx_word' id='word_1_61' title='bbox 2490 836 2656 906; x_wconf 81' lang='lat' dir='ltr'>vetus</span> <span class='ocrx_word' id='word_1_62' title='bbox 2677 847 2787 885; x_wconf 91' lang='lat' dir='ltr'>ms.</span> <span class='ocrx_word' id='word_1_63' title='bbox 2808 830 3155 906; x_wconf 65' lang='lat' dir='ltr'>venerandae</span> <span class='ocrx_word' id='word_1_64' title='bbox 3166 832 3557 906; x_wconf 83' lang='lat' dir='ltr'>antiquitatis,</span> 
     </span>
    </p>
   </div>
   <div class='ocr_carea' id='block_1_7' title="bbox 132 901 3560 976">
    <p class='ocr_par' dir='ltr' id='par_1_7' title="bbox 132 901 3560 976">
     <span class='ocr_line' id='line_1_7' title="bbox 132 901 3560 976; baseline 0 -15"><span class='ocrx_word' id='word_1_65' title='bbox 132 903 321 961; x_wconf 85' lang='lat' dir='ltr'>simul</span> <span class='ocrx_word' id='word_1_66' title='bbox 352 910 409 960; x_wconf 90' lang='lat' dir='ltr'>et</span> <span class='ocrx_word' id='word_1_67' title='bbox 436 901 726 961; x_wconf 69' lang='lat' dir='ltr'>historicas</span> <span class='ocrx_word' id='word_1_68' title='bbox 754 905 1016 962; x_wconf 80' lang='lat' dir='ltr'>veritatis</span> <span class='ocrx_word' id='word_1_69' title='bbox 1047 901 1418 976; x_wconf 80' lang='lat' dir='ltr'>schediasma</span> <span class='ocrx_word' id='word_1_70' title='bbox 1447 901 1860 976; x_wconf 82' lang='lat' dir='ltr'>peroptimum,</span> <span class='ocrx_word' id='word_1_71' title='bbox 1886 902 1942 957; x_wconf 89' lang='lat' dir='ltr'>in</span> <span class='ocrx_word' id='word_1_72' title='bbox 1968 901 2639 976; x_wconf 29' lang='lat' dir='ltr'>lucem’nuncedendum</span> <span class='ocrx_word' id='word_1_73' title='bbox 2662 908 2717 956; x_wconf 90' lang='lat' dir='ltr'>et</span> <span class='ocrx_word' id='word_1_74' title='bbox 2748 901 3361 976; x_wconf 80' lang='lat' dir='ltr'>s_cho_liisquibusdam</span> <span class='ocrx_word' id='word_1_75' title='bbox 3387 901 3560 961; x_wconf 49' lang='lat' dir='ltr'>illus;</span> 
     </span>
    </p>
   </div>
   <div class='ocr_carea' id='block_1_8' title="bbox 134 972 3561 1047">
    <p class='ocr_par' dir='ltr' id='par_1_8' title="bbox 134 972 3561 1047">
     <span class='ocr_line' id='line_1_8' title="bbox 134 972 3561 1047; baseline 0 -16"><span class='ocrx_word' id='word_1_76' title='bbox 134 976 440 1047; x_wconf 89' lang='lat' dir='ltr'>trandum,</span> <span class='ocrx_word' id='word_1_77' title='bbox 472 992 585 1047; x_wconf 93' lang='lat' dir='ltr'>quo</span> <span class='ocrx_word' id='word_1_78' title='bbox 616 982 739 1032; x_wconf 87' lang='lat' dir='ltr'>tota</span> <span class='ocrx_word' id='word_1_79' title='bbox 770 975 852 1032; x_wconf 86' lang='lat' dir='ltr'>rei</span> <span class='ocrx_word' id='word_1_80' title='bbox 882 976 1171 1032; x_wconf 71' lang='lat' dir='ltr'>historica:</span> <span class='ocrx_word' id='word_1_81' title='bbox 1204 975 1384 1047; x_wconf 87' lang='lat' dir='ltr'>series</span> <span class='ocrx_word' id='word_1_82' title='bbox 1416 972 1896 1047; x_wconf 74' lang='lat' dir='ltr'>comprobaretur</span> <span class='ocrx_word' id='word_1_83' title='bbox 1923 990 1989 1029; x_wconf 90' lang='lat' dir='ltr'>ac</span> <span class='ocrx_word' id='word_1_84' title='bbox 2019 973 2341 1047; x_wconf 77' lang='lat' dir='ltr'>fulciretur,</span> <span class='ocrx_word' id='word_1_85' title='bbox 2376 972 2733 1047; x_wconf 74' lang='lat' dir='ltr'>animusque</span> <span class='ocrx_word' id='word_1_86' title='bbox 2762 974 3002 1047; x_wconf 82' lang='lat' dir='ltr'>Benigni</span> <span class='ocrx_word' id='word_1_87' title='bbox 3034 972 3268 1047; x_wconf 81' lang='lat' dir='ltr'>lectoris</span> <span class='ocrx_word' id='word_1_88' title='bbox 3286 974 3561 1047; x_wconf 87' lang='lat' dir='ltr'>haudpa-</span> 
     </span>
    </p>
   </div>
   <div class='ocr_carea' id='block_1_9' title="bbox 132 1044 3562 1174">
    <p class='ocr_par' dir='ltr' id='par_1_9' title="bbox 132 1044 3562 1174">
     <span class='ocr_line' id='line_1_9' title="bbox 132 1044 3562 1174; baseline 0 -72"><span class='ocrx_word' id='word_1_89' title='bbox 132 1046 277 1103; x_wconf 85' lang='lat' dir='ltr'>rum</span> <span class='ocrx_word' id='word_1_90' title='bbox 311 1044 631 1174; x_wconf 53' lang='lat' dir='ltr'>jiilvaretur.</span> <span class='ocrx_word' id='word_1_91' title='bbox 678 1048 877 1103; x_wconf 77' lang='lat' dir='ltr'>Exstat</span> <span class='ocrx_word' id='word_1_92' title='bbox 924 1052 1123 1104; x_wconf 87' lang='lat' dir='ltr'>autem</span> <span class='ocrx_word' id='word_1_93' title='bbox 1157 1046 1382 1103; x_wconf 85' lang='lat' dir='ltr'>Fiscani</span> <span class='ocrx_word' id='word_1_94' title='bbox 1418 1044 1571 1120; x_wconf 88' lang='lat' dir='ltr'>apud</span> <span class='ocrx_word' id='word_1_95' title='bbox 1622 1046 1689 1101; x_wconf 92' lang='lat' dir='ltr'>D.</span> <span class='ocrx_word' id='word_1_96' title='bbox 1721 1044 2023 1102; x_wconf 84' lang='lat' dir='ltr'>Nicolaum</span> <span class='ocrx_word' id='word_1_97' title='bbox 2056 1044 2127 1100; x_wconf 88' lang='lat' dir='ltr'>de</span> <span class='ocrx_word' id='word_1_98' title='bbox 2180 1045 2527 1111; x_wconf 65' lang='lat' dir='ltr'>Marsaeillcs,</span> <span class='ocrx_word' id='word_1_99' title='bbox 2573 1044 2822 1116; x_wconf 87' lang='lat' dir='ltr'>hujusce</span> <span class='ocrx_word' id='word_1_100' title='bbox 2879 1044 3123 1099; x_wconf 69' lang='lat' dir='ltr'>abbatis:</span> <span class='ocrx_word' id='word_1_101' title='bbox 3172 1044 3562 1103; x_wconf 77' lang='lat' dir='ltr'>infirmarium</span> 
     </span>
     <span class='ocr_line' id='line_1_10' title="bbox 135 1134 521 1174; baseline 0 0"><span class='ocrx_word' id='word_1_102' title='bbox 135 1134 352 1174; x_wconf 83' lang='lat' dir='ltr'><strong>monac</strong></span> <span class='ocrx_word' id='word_1_103' title='bbox 398 1135 521 1174; x_wconf 91' lang='lat' dir='ltr'>um.</span> 
     </span>
    </p>
   </div>
   <div class='ocr_carea' id='block_1_10' title="bbox 135 1134 521 1175">
    <p class='ocr_par' dir='ltr' id='par_1_10' title="bbox 135 1134 521 1175">
     <span class='ocr_line' id='line_1_11' title="bbox 135 1134 521 1175; baseline 0 -1"><span class='ocrx_word' id='word_1_104' title='bbox 135 1134 521 1175; x_wconf 65' lang='lat'>11101186111131.</span> 
     </span>
    </p>
   </div>
   <div class='ocr_carea' id='block_1_11' title="bbox 1323 1328 2423 1420">
    <p class='ocr_par' dir='ltr' id='par_1_11' title="bbox 1323 1328 2423 1420">
     <span class='ocr_line' id='line_1_12' title="bbox 1323 1328 2423 1420; baseline -0.001 -2"><span class='ocrx_word' id='word_1_105' title='bbox 1323 1330 1731 1420; x_wconf 86' lang='lat' dir='ltr'>INCIPIT</span> <span class='ocrx_word' id='word_1_106' title='bbox 1791 1328 2423 1418; x_wconf 83' lang='lat' dir='ltr'>PROLOGUS</span> 
     </span>
    </p>
   </div>
   <div class='ocr_carea' id='block_1_12' title="bbox 133 1479 3567 1563">
    <p class='ocr_par' dir='ltr' id='par_1_12' title="bbox 133 1479 3567 1563">
     <span class='ocr_line' id='line_1_13' title="bbox 133 1479 3567 1563; baseline 0.001 -18"><span class='ocrx_word' id='word_1_107' title='bbox 133 1482 371 1563; x_wconf 78' lang='lat' dir='ltr'>Incipit.</span> <span class='ocrx_word' id='word_1_108' title='bbox 398 1480 649 1543; x_wconf 80' lang='lat' dir='ltr'>libellus</span> <span class='ocrx_word' id='word_1_109' title='bbox 696 1482 773 1544; x_wconf 92' lang='lat' dir='ltr'>de</span> <span class='ocrx_word' id='word_1_110' title='bbox 819 1482 1203 1544; x_wconf 89' lang='lat' dir='ltr'>revelatione</span> <span class='ocrx_word' id='word_1_111' title='bbox 1252 1488 1314 1543; x_wconf 91' lang='lat' dir='ltr'>et</span> <span class='ocrx_word' id='word_1_112' title='bbox 1370 1482 1753 1543; x_wconf 78' lang='lat' dir='ltr'>auctoritate</span> <span class='ocrx_word' id='word_1_113' title='bbox 1806 1481 2263 1563; x_wconf 17' lang='lat' dir='ltr'>Fiscannensisi</span> <span class='ocrx_word' id='word_1_114' title='bbox 2289 1479 2684 1563; x_wconf 81' lang='lat' dir='ltr'>monasterii;</span> <span class='ocrx_word' id='word_1_115' title='bbox 2736 1480 2819 1563; x_wconf 33' lang='lat' dir='ltr'>in“</span> <span class='ocrx_word' id='word_1_116' title='bbox 2859 1499 2985 1559; x_wconf 92' lang='lat' dir='ltr'>quo</span> <span class='ocrx_word' id='word_1_117' title='bbox 3031 1481 3305 1563; x_wconf 88' lang='lat' dir='ltr'>quidem</span> <span class='ocrx_word' id='word_1_118' title='bbox 3355 1484 3567 1547; x_wconf 92' lang='lat' dir='ltr'>libello</span> 
     </span>
    </p>
   </div>
   <div class='ocr_carea' id='block_1_13' title="bbox 220 1561 3564 1643">
    <p class='ocr_par' dir='ltr' id='par_1_13' title="bbox 220 1561 3564 1643">
     <span class='ocr_line' id='line_1_14' title="bbox 220 1561 3564 1643; baseline 0.001 -19"><span class='ocrx_word' id='word_1_119' title='bbox 220 1561 505 1625; x_wconf 74' lang='lat' dir='ltr'>invenire</span> <span class='ocrx_word' id='word_1_120' title='bbox 552 1568 753 1643; x_wconf 82' lang='lat' dir='ltr'>potes,</span> <span class='ocrx_word' id='word_1_121' title='bbox 803 1563 854 1623; x_wconf 89' lang='lat' dir='ltr'>si</span> <span class='ocrx_word' id='word_1_122' title='bbox 899 1563 1119 1624; x_wconf 91' lang='lat' dir='ltr'>sedulo</span> <span class='ocrx_word' id='word_1_123' title='bbox 1170 1564 1370 1641; x_wconf 82' lang='lat' dir='ltr'>legas,</span> <span class='ocrx_word' id='word_1_124' title='bbox 1422 1563 1703 1642; x_wconf 77' lang='lat' dir='ltr'>qualiter</span> <span class='ocrx_word' id='word_1_125' title='bbox 1763 1562 2074 1623; x_wconf 69' lang='lat' dir='ltr'>tediﬁcata</span> <span class='ocrx_word' id='word_1_126' title='bbox 2122 1568 2184 1622; x_wconf 93' lang='lat' dir='ltr'>et</span> <span class='ocrx_word' id='word_1_127' title='bbox 2230 1561 2519 1623; x_wconf 89' lang='lat' dir='ltr'>dedicata</span> <span class='ocrx_word' id='word_1_128' title='bbox 2575 1561 2715 1636; x_wconf 85' lang='lat' dir='ltr'>fuit,</span> <span class='ocrx_word' id='word_1_129' title='bbox 2763 1561 2934 1623; x_wconf 86' lang='lat' dir='ltr'>dicta</span> <span class='ocrx_word' id='word_1_130' title='bbox 2979 1561 3412 1625; x_wconf 86' lang='lat' dir='ltr'>Fiscannensis</span> <span class='ocrx_word' id='word_1_131' title='bbox 3463 1585 3564 1628; x_wconf 91' lang='lat' dir='ltr'>ec-</span> 
     </span>
    </p>
   </div>
   <div class='ocr_carea' id='block_1_14' title="bbox 224 1643 1924 1717">
    <p class='ocr_par' dir='ltr' id='par_1_14' title="bbox 224 1643 1924 1717">
     <span class='ocr_line' id='line_1_15' title="bbox 224 1643 1924 1717; baseline -0.001 -13"><span class='ocrx_word' id='word_1_132' title='bbox 224 1643 441 1717; x_wconf 89' lang='lat' dir='ltr'>clesia,</span> <span class='ocrx_word' id='word_1_133' title='bbox 472 1644 536 1705; x_wconf 91' lang='lat' dir='ltr'>in</span> <span class='ocrx_word' id='word_1_134' title='bbox 568 1644 821 1705; x_wconf 87' lang='lat' dir='ltr'>nomine</span> <span class='ocrx_word' id='word_1_135' title='bbox 850 1650 1085 1704; x_wconf 70' lang='lat' dir='ltr'>sanctae</span> <span class='ocrx_word' id='word_1_136' title='bbox 1116 1649 1176 1703; x_wconf 89' lang='lat' dir='ltr'>et</span> <span class='ocrx_word' id='word_1_137' title='bbox 1206 1643 1548 1704; x_wconf 68' lang='lat' dir='ltr'>individua:</span> <span class='ocrx_word' id='word_1_138' title='bbox 1578 1643 1924 1704; x_wconf 79' lang='lat' dir='ltr'>Trinitatis.</span> 
     </span>
    </p>
   </div>
   <div class='ocr_carea' id='block_1_15' title="bbox 214 1799 3569 1876">
    <p class='ocr_par' dir='ltr' id='par_1_15' title="bbox 214 1799 3569 1876">
     <span class='ocr_line' id='line_1_16' title="bbox 214 1799 3569 1876; baseline 0.001 -17"><span class='ocrx_word' id='word_1_139' title='bbox 214 1803 508 1861; x_wconf 87' lang='lat' dir='ltr'>Libellum</span> <span class='ocrx_word' id='word_1_140' title='bbox 539 1804 613 1858; x_wconf 94' lang='lat' dir='ltr'>de</span> <span class='ocrx_word' id='word_1_141' title='bbox 638 1802 1008 1867; x_wconf 89' lang='lat' dir='ltr'>revelatione,</span> <span class='ocrx_word' id='word_1_142' title='bbox 1032 1802 1438 1871; x_wconf 61' lang='lat' dir='ltr'>aedificatione,</span> <span class='ocrx_word' id='word_1_143' title='bbox 1476 1806 1533 1858; x_wconf 92' lang='lat' dir='ltr'>et</span> <span class='ocrx_word' id='word_1_144' title='bbox 1563 1803 1809 1858; x_wconf 83' lang='lat' dir='ltr'>auctori-</span> <span class='ocrx_word' id='word_1_145' title='bbox 1840 1803 1893 1870; x_wconf 79' lang='grc' dir='ltr'><strong>Α</strong></span> <span class='ocrx_word' id='word_1_146' title='bbox 1924 1801 2181 1873; x_wconf 64' lang='lat' dir='ltr'>quantis,</span> <span class='ocrx_word' id='word_1_147' title='bbox 2212 1801 2427 1874; x_wconf 89' lang='lat' dir='ltr'>agresti</span> <span class='ocrx_word' id='word_1_148' title='bbox 2458 1806 2515 1857; x_wconf 85' lang='lat' dir='ltr'>et</span> <span class='ocrx_word' id='word_1_149' title='bbox 2535 1799 2780 1873; x_wconf 86' lang='lat' dir='ltr'>ignobili</span> <span class='ocrx_word' id='word_1_150' title='bbox 2802 1799 3189 1874; x_wconf 84' lang='lat' dir='ltr'>stylo,aperui</span> <span class='ocrx_word' id='word_1_151' title='bbox 3212 1806 3269 1859; x_wconf 88' lang='lat' dir='ltr'>et</span> <span class='ocrx_word' id='word_1_152' title='bbox 3290 1806 3569 1876; x_wconf 86' lang='lat' dir='ltr'>exposui;</span> 
     </span>
    </p>
   </div>
   <div class='ocr_carea' id='block_1_16' title="bbox 136 1888 3571 1964">
    <p class='ocr_par' dir='ltr' id='par_1_16' title="bbox 136 1888 3571 1964">
     <span class='ocr_line' id='line_1_17' title="bbox 136 1888 3571 1964; baseline 0 -15"><span class='ocrx_word' id='word_1_153' title='bbox 136 1890 1804 1963; x_wconf 82' lang='lat' dir='ltr'>tateFiscannensismonasterii,PaterinclyteGuillelme,</span> <span class='ocrx_word' id='word_1_154' title='bbox 1918 1889 1978 1944; x_wconf 92' lang='lat' dir='ltr'>in</span> <span class='ocrx_word' id='word_1_155' title='bbox 2010 1907 2125 1963; x_wconf 91' lang='lat' dir='ltr'>quo</span> <span class='ocrx_word' id='word_1_156' title='bbox 2160 1889 2356 1959; x_wconf 82' lang='lat' dir='ltr'>libello</span> <span class='ocrx_word' id='word_1_157' title='bbox 2400 1890 2566 1945; x_wconf 90' lang='lat' dir='ltr'>nulla</span> <span class='ocrx_word' id='word_1_158' title='bbox 2614 1888 2762 1946; x_wconf 88' lang='lat' dir='ltr'>falsa</span> <span class='ocrx_word' id='word_1_159' title='bbox 2791 1889 3073 1946; x_wconf 85' lang='lat' dir='ltr'>fallaciter</span> <span class='ocrx_word' id='word_1_160' title='bbox 3101 1891 3443 1964; x_wconf 87' lang='lat' dir='ltr'>interposui,</span> <span class='ocrx_word' id='word_1_161' title='bbox 3476 1911 3571 1951; x_wconf 81' lang='lat' dir='ltr'>ve-</span> 
     </span>
    </p>
   </div>
   <div class='ocr_carea' id='block_1_17' title="bbox 136 1978 3572 2055">
    <p class='ocr_par' dir='ltr' id='par_1_17' title="bbox 136 1978 3572 2055">
     <span class='ocr_line' id='line_1_18' title="bbox 136 1978 3572 2055; baseline 0 -15"><span class='ocrx_word' id='word_1_162' title='bbox 136 1980 478 2055; x_wconf 87' lang='lat' dir='ltr'>composui,</span> <span class='ocrx_word' id='word_1_163' title='bbox 506 1985 567 2038; x_wconf 87' lang='lat' dir='ltr'>et</span> <span class='ocrx_word' id='word_1_164' title='bbox 614 1981 1011 2053; x_wconf 89' lang='lat' dir='ltr'>compositum</span> <span class='ocrx_word' id='word_1_165' title='bbox 1054 1985 1169 2035; x_wconf 81' lang='lat' dir='ltr'>tuae</span> <span class='ocrx_word' id='word_1_166' title='bbox 1221 1979 1552 2035; x_wconf 86' lang='lat' dir='ltr'>dilectionis</span> <span class='ocrx_word' id='word_1_167' title='bbox 1584 1979 1808 2037; x_wconf 87' lang='lat' dir='ltr'>sincero</span> <span class='ocrx_word' id='word_1_168' title='bbox 1920 1996 2051 2033; x_wconf 91' lang='lat' dir='ltr'>rum</span> <span class='ocrx_word' id='word_1_169' title='bbox 2091 1995 2289 2035; x_wconf 87' lang='lat' dir='ltr'>sacras</span> <span class='ocrx_word' id='word_1_170' title='bbox 2333 1978 2627 2043; x_wconf 87' lang='lat' dir='ltr'>historias,</span> <span class='ocrx_word' id='word_1_171' title='bbox 2684 1979 3064 2051; x_wconf 88' lang='lat' dir='ltr'>antiquorum</span> <span class='ocrx_word' id='word_1_172' title='bbox 3109 1981 3368 2038; x_wconf 90' lang='lat' dir='ltr'>virorum</span> <span class='ocrx_word' id='word_1_173' title='bbox 3414 1983 3572 2040; x_wconf 84' lang='lat' dir='ltr'>ﬁdeli</span> 
     </span>
    </p>
   </div>
   <div class='ocr_carea' id='block_1_18' title="bbox 130 2068 1807 2145">
    <p class='ocr_par' dir='ltr' id='par_1_18' title="bbox 130 2068 1807 2145">
     <span class='ocr_line' id='line_1_19' title="bbox 130 2068 1807 2145; baseline -0.003 -17"><span class='ocrx_word' id='word_1_174' title='bbox 130 2071 389 2145; x_wconf 86' lang='lat' dir='ltr'>judicio,</span> <span class='ocrx_word' id='word_1_175' title='bbox 418 2071 830 2144; x_wconf 90' lang='lat' dir='ltr'>corrigendum</span> <span class='ocrx_word' id='word_1_176' title='bbox 881 2075 939 2126; x_wconf 92' lang='lat' dir='ltr'>et</span> <span class='ocrx_word' id='word_1_177' title='bbox 988 2069 1458 2125; x_wconf 83' lang='lat' dir='ltr'>conﬁrmandum</span> <span class='ocrx_word' id='word_1_178' title='bbox 1502 2068 1807 2135; x_wconf 83' lang='lat' dir='ltr'>destinavi,</span> 
     </span>
    </p>
   </div>
   <div class='ocr_carea' id='block_1_19' title="bbox 143 2156 1808 2234">
    <p class='ocr_par' dir='ltr' id='par_1_19' title="bbox 143 2156 1808 2234">
     <span class='ocr_line' id='line_1_20' title="bbox 143 2156 1808 2234; baseline -0.004 -17"><span class='ocrx_word' id='word_1_179' title='bbox 143 2163 446 2234; x_wconf 81' lang='lat' dir='ltr'>quatenus</span> <span class='ocrx_word' id='word_1_180' title='bbox 492 2163 609 2217; x_wconf 68' lang='lat' dir='ltr'>tute</span> <span class='ocrx_word' id='word_1_181' title='bbox 656 2157 1022 2216; x_wconf 86' lang='lat' dir='ltr'>celsitudinis</span> <span class='ocrx_word' id='word_1_182' title='bbox 1076 2174 1377 2221; x_wconf 86' lang='lat' dir='ltr'>assensus,</span> <span class='ocrx_word' id='word_1_183' title='bbox 1433 2162 1489 2213; x_wconf 89' lang='lat' dir='ltr'>et</span> <span class='ocrx_word' id='word_1_184' title='bbox 1546 2156 1808 2212; x_wconf 88' lang='lat' dir='ltr'>libellum</span> 
     </span>
    </p>
   </div>
   <div class='ocr_carea' id='block_1_20' title="bbox 145 2246 1811 2321">
    <p class='ocr_par' dir='ltr' id='par_1_20' title="bbox 145 2246 1811 2321">
     <span class='ocr_line' id='line_1_21' title="bbox 145 2246 1811 2321; baseline -0.003 -15"><span class='ocrx_word' id='word_1_185' title='bbox 145 2248 325 2306; x_wconf 88' lang='lat' dir='ltr'>edere</span> <span class='ocrx_word' id='word_1_186' title='bbox 353 2248 671 2321; x_wconf 68' lang='lat' dir='ltr'>praecipiat,</span> <span class='ocrx_word' id='word_1_187' title='bbox 704 2252 761 2304; x_wconf 88' lang='lat' dir='ltr'>et</span> <span class='ocrx_word' id='word_1_188' title='bbox 789 2247 943 2303; x_wconf 92' lang='lat' dir='ltr'>edito</span> <span class='ocrx_word' id='word_1_189' title='bbox 983 2246 1183 2303; x_wconf 89' lang='lat' dir='ltr'>libello</span> <span class='ocrx_word' id='word_1_190' title='bbox 1216 2246 1446 2318; x_wconf 90' lang='lat' dir='ltr'>pondus</span> <span class='ocrx_word' id='word_1_191' title='bbox 1478 2254 1536 2301; x_wconf 88' lang='lat' dir='ltr'>et</span> <span class='ocrx_word' id='word_1_192' title='bbox 1566 2247 1811 2301; x_wconf 90' lang='lat' dir='ltr'>auctori-</span> 
     </span>
    </p>
   </div>
   <div class='ocr_carea' id='block_1_21' title="bbox 146 2334 1808 2409">
    <p class='ocr_par' dir='ltr' id='par_1_21' title="bbox 146 2334 1808 2409">
     <span class='ocr_line' id='line_1_22' title="bbox 146 2334 1808 2409; baseline -0.002 -16"><span class='ocrx_word' id='word_1_193' title='bbox 146 2341 341 2394; x_wconf 82' lang='lat' dir='ltr'>tatem</span> <span class='ocrx_word' id='word_1_194' title='bbox 370 2337 673 2395; x_wconf 81' lang='lat' dir='ltr'>concedat.</span> <span class='ocrx_word' id='word_1_195' title='bbox 716 2338 837 2409; x_wconf 82' lang='lat' dir='ltr'>Ego</span> <span class='ocrx_word' id='word_1_196' title='bbox 868 2336 1129 2409; x_wconf 85' lang='lat' dir='ltr'>quidem,</span> <span class='ocrx_word' id='word_1_197' title='bbox 1186 2335 1353 2391; x_wconf 86' lang='lat' dir='ltr'>Pater</span> <span class='ocrx_word' id='word_1_198' title='bbox 1396 2334 1611 2399; x_wconf 87' lang='lat' dir='ltr'>inclite,</span> <span class='ocrx_word' id='word_1_199' title='bbox 1646 2335 1808 2406; x_wconf 83' lang='lat' dir='ltr'>igno-</span> 
     </span>
    </p>
   </div>
   <div class='ocr_carea' id='block_1_22' title="bbox 148 2423 1809 2496">
    <p class='ocr_par' dir='ltr' id='par_1_22' title="bbox 148 2423 1809 2496">
     <span class='ocr_line' id='line_1_23' title="bbox 148 2423 1809 2496; baseline -0.003 -13"><span class='ocrx_word' id='word_1_200' title='bbox 148 2444 257 2483; x_wconf 89' lang='lat' dir='ltr'>ran</span> <span class='ocrx_word' id='word_1_201' title='bbox 265 2425 413 2483; x_wconf 90' lang='lat' dir='ltr'>tiam</span> <span class='ocrx_word' id='word_1_202' title='bbox 427 2441 616 2482; x_wconf 90' lang='lat' dir='ltr'>meam</span> <span class='ocrx_word' id='word_1_203' title='bbox 631 2424 974 2482; x_wconf 83' lang='lat' dir='ltr'>maluissem</span> <span class='ocrx_word' id='word_1_204' title='bbox 988 2429 1150 2481; x_wconf 91' lang='lat' dir='ltr'>tanto</span> <span class='ocrx_word' id='word_1_205' title='bbox 1163 2423 1393 2480; x_wconf 89' lang='lat' dir='ltr'>silentio</span> <span class='ocrx_word' id='word_1_206' title='bbox 1406 2428 1618 2496; x_wconf 88' lang='lat' dir='ltr'>tegere,</span> <span class='ocrx_word' id='word_1_207' title='bbox 1633 2441 1809 2496; x_wconf 89' lang='lat' dir='ltr'>quam</span> 
     </span>
    </p>
   </div>
   <div class='ocr_carea' id='block_1_23' title="bbox 149 2511 1808 2587">
    <p class='ocr_par' dir='ltr' id='par_1_23' title="bbox 149 2511 1808 2587">
     <span class='ocr_line' id='line_1_24' title="bbox 149 2511 1808 2587; baseline -0.003 -16"><span class='ocrx_word' id='word_1_208' title='bbox 149 2514 411 2586; x_wconf 87' lang='lat' dir='ltr'>alicujus</span> <span class='ocrx_word' id='word_1_209' title='bbox 440 2515 740 2587; x_wconf 71' lang='lat' dir='ltr'>scriptura:</span> <span class='ocrx_word' id='word_1_210' title='bbox 774 2513 1150 2587; x_wconf 68' lang='lat' dir='ltr'>praesumenti</span> <span class='ocrx_word' id='word_1_211' title='bbox 1193 2511 1418 2584; x_wconf 91' lang='lat' dir='ltr'>judicio</span> <span class='ocrx_word' id='word_1_212' title='bbox 1470 2512 1808 2585; x_wconf 88' lang='lat' dir='ltr'>publicare;</span> 
     </span>
    </p>
   </div>
   <div class='ocr_carea' id='block_1_24' title="bbox 150 2600 1809 2673">
    <p class='ocr_par' dir='ltr' id='par_1_24' title="bbox 150 2600 1809 2673">
     <span class='ocr_line' id='line_1_25' title="bbox 150 2600 1809 2673; baseline -0.004 -11"><span class='ocrx_word' id='word_1_213' title='bbox 150 2604 279 2671; x_wconf 90' lang='lat' dir='ltr'>sed,</span> <span class='ocrx_word' id='word_1_214' title='bbox 313 2604 560 2659; x_wconf 83' lang='lat' dir='ltr'>fratrum</span> <span class='ocrx_word' id='word_1_215' title='bbox 589 2608 925 2659; x_wconf 89' lang='lat' dir='ltr'>nostrorum</span> <span class='ocrx_word' id='word_1_216' title='bbox 951 2602 1222 2673; x_wconf 87' lang='lat' dir='ltr'>jussione</span> <span class='ocrx_word' id='word_1_217' title='bbox 1244 2601 1485 2658; x_wconf 84' lang='lat' dir='ltr'>instanti</span> <span class='ocrx_word' id='word_1_218' title='bbox 1511 2604 1564 2656; x_wconf 89' lang='lat' dir='ltr'>et</span> <span class='ocrx_word' id='word_1_219' title='bbox 1588 2600 1809 2656; x_wconf 89' lang='lat' dir='ltr'>instan-</span> 
     </span>
    </p>
   </div>
   <div class='ocr_carea' id='block_1_25' title="bbox 150 2688 1812 2765">
    <p class='ocr_par' dir='ltr' id='par_1_25' title="bbox 150 2688 1812 2765">
     <span class='ocr_line' id='line_1_26' title="bbox 150 2688 1812 2765; baseline -0.003 -17"><span class='ocrx_word' id='word_1_220' title='bbox 150 2692 239 2748; x_wconf 89' lang='lat' dir='ltr'>tia</span> <span class='ocrx_word' id='word_1_221' title='bbox 256 2692 518 2765; x_wconf 88' lang='lat' dir='ltr'>jubenti,</span> <span class='ocrx_word' id='word_1_222' title='bbox 568 2691 942 2764; x_wconf 87' lang='lat' dir='ltr'>compellitur</span> <span class='ocrx_word' id='word_1_223' title='bbox 992 2695 1193 2747; x_wconf 89' lang='lat' dir='ltr'>noster</span> <span class='ocrx_word' id='word_1_224' title='bbox 1243 2690 1481 2746; x_wconf 89' lang='lat' dir='ltr'>animus</span> <span class='ocrx_word' id='word_1_225' title='bbox 1522 2688 1812 2762; x_wconf 86' lang='lat' dir='ltr'>possibili-</span> 
     </span>
    </p>
   </div>
   <div class='ocr_carea' id='block_1_26' title="bbox 149 2777 1810 2852">
    <p class='ocr_par' dir='ltr' id='par_1_26' title="bbox 149 2777 1810 2852">
     <span class='ocr_line' id='line_1_27' title="bbox 149 2777 1810 2852; baseline -0.003 -14"><span class='ocrx_word' id='word_1_226' title='bbox 149 2785 338 2838; x_wconf 86' lang='lat' dir='ltr'>tatem</span> <span class='ocrx_word' id='word_1_227' title='bbox 359 2781 655 2849; x_wconf 83' lang='lat' dir='ltr'>excedere,</span> <span class='ocrx_word' id='word_1_228' title='bbox 675 2796 965 2852; x_wconf 87' lang='lat' dir='ltr'>suamque</span> <span class='ocrx_word' id='word_1_229' title='bbox 972 2779 1271 2852; x_wconf 85' lang='lat' dir='ltr'>justitiam</span> <span class='ocrx_word' id='word_1_230' title='bbox 1296 2777 1619 2834; x_wconf 89' lang='lat' dir='ltr'>multorum</span> <span class='ocrx_word' id='word_1_231' title='bbox 1644 2795 1810 2851; x_wconf 86' lang='lat' dir='ltr'>aspe-</span> 
     </span>
    </p>
   </div>
   <div class='ocr_carea' id='block_1_27' title="bbox 150 2867 1811 2942">
    <p class='ocr_par' dir='ltr' id='par_1_27' title="bbox 150 2867 1811 2942">
     <span class='ocr_line' id='line_1_28' title="bbox 150 2867 1811 2942; baseline -0.003 -15"><span class='ocrx_word' id='word_1_232' title='bbox 150 2871 352 2927; x_wconf 86' lang='lat' dir='ltr'>ctibus</span> <span class='ocrx_word' id='word_1_233' title='bbox 379 2869 687 2926; x_wconf 86' lang='lat' dir='ltr'>hominum</span> <span class='ocrx_word' id='word_1_234' title='bbox 736 2868 1089 2942; x_wconf 85' lang='lat' dir='ltr'>improvisus</span> <span class='ocrx_word' id='word_1_235' title='bbox 1120 2867 1366 2941; x_wconf 88' lang='lat' dir='ltr'>aperire.</span> <span class='ocrx_word' id='word_1_236' title='bbox 1409 2867 1811 2939; x_wconf 88' lang='lat' dir='ltr'>Compellitur,</span> 
     </span>
    </p>
   </div>
   <div class='ocr_carea' id='block_1_28' title="bbox 152 2955 1810 3032">
    <p class='ocr_par' dir='ltr' id='par_1_28' title="bbox 152 2955 1810 3032">
     <span class='ocr_line' id='line_1_29' title="bbox 152 2955 1810 3032; baseline -0.004 -17"><span class='ocrx_word' id='word_1_237' title='bbox 152 2960 427 3032; x_wconf 88' lang='lat' dir='ltr'>inquam,</span> <span class='ocrx_word' id='word_1_238' title='bbox 451 2961 651 3015; x_wconf 87' lang='lat' dir='ltr'>noster</span> <span class='ocrx_word' id='word_1_239' title='bbox 662 2957 897 3014; x_wconf 89' lang='lat' dir='ltr'>animus</span> <span class='ocrx_word' id='word_1_240' title='bbox 915 2974 1086 3013; x_wconf 90' lang='lat' dir='ltr'>suam</span> <span class='ocrx_word' id='word_1_241' title='bbox 1107 2956 1378 3029; x_wconf 85' lang='lat' dir='ltr'>ignorare</span> <span class='ocrx_word' id='word_1_242' title='bbox 1398 2955 1810 3028; x_wconf 83' lang='lat' dir='ltr'>ignorantiam,</span> 
     </span>
    </p>
   </div>
   <div class='ocr_carea' id='block_1_29' title="bbox 151 3044 1813 3119">
    <p class='ocr_par' dir='ltr' id='par_1_29' title="bbox 151 3044 1813 3119">
     <span class='ocr_line' id='line_1_30' title="bbox 151 3044 1813 3119; baseline -0.003 -15"><span class='ocrx_word' id='word_1_243' title='bbox 151 3054 211 3105; x_wconf 92' lang='lat' dir='ltr'>et</span> <span class='ocrx_word' id='word_1_244' title='bbox 237 3052 582 3118; x_wconf 87' lang='lat' dir='ltr'>nostrorum</span> <span class='ocrx_word' id='word_1_245' title='bbox 605 3047 848 3103; x_wconf 84' lang='lat' dir='ltr'>fratrum</span> <span class='ocrx_word' id='word_1_246' title='bbox 874 3046 1101 3119; x_wconf 87' lang='lat' dir='ltr'>roganti</span> <span class='ocrx_word' id='word_1_247' title='bbox 1122 3044 1372 3118; x_wconf 89' lang='lat' dir='ltr'>imperio</span> <span class='ocrx_word' id='word_1_248' title='bbox 1392 3044 1661 3100; x_wconf 83' lang='lat' dir='ltr'>exhibere</span> <span class='ocrx_word' id='word_1_249' title='bbox 1682 3045 1813 3100; x_wconf 88' lang='lat' dir='ltr'>obe-</span> 
     </span>
    </p>
   </div>
   <div class='ocr_carea' id='block_1_30' title="bbox 1920 2068 3573 2143">
    <p class='ocr_par' dir='ltr' id='par_1_30' title="bbox 1920 2068 3573 2143">
     <span class='ocr_line' id='line_1_31' title="bbox 1920 2068 3573 2143; baseline 0.004 -20"><span class='ocrx_word' id='word_1_250' title='bbox 1920 2068 2252 2124; x_wconf 89' lang='lat' dir='ltr'>narratione</span> <span class='ocrx_word' id='word_1_251' title='bbox 2271 2069 2554 2142; x_wconf 75' lang='lat' dir='ltr'>cognitas,</span> <span class='ocrx_word' id='word_1_252' title='bbox 2581 2085 2940 2141; x_wconf 89' lang='lat' dir='ltr'>suorumque</span> <span class='ocrx_word' id='word_1_253' title='bbox 2960 2074 3329 2143; x_wconf 88' lang='lat' dir='ltr'>posterorum</span> <span class='ocrx_word' id='word_1_254' title='bbox 3351 2073 3573 2130; x_wconf 88' lang='lat' dir='ltr'>tenacis</span> 
     </span>
    </p>
   </div>
   <div class='ocr_carea' id='block_1_31' title="bbox 1921 2156 3574 2232">
    <p class='ocr_par' dir='ltr' id='par_1_31' title="bbox 1921 2156 3574 2232">
     <span class='ocr_line' id='line_1_32' title="bbox 1921 2156 3574 2232; baseline 0.004 -21"><span class='ocrx_word' id='word_1_255' title='bbox 1921 2158 2215 2212; x_wconf 69' lang='lat' dir='ltr'>memoria:</span> <span class='ocrx_word' id='word_1_256' title='bbox 2248 2157 2380 2213; x_wconf 86' lang='lat' dir='ltr'>sinu</span> <span class='ocrx_word' id='word_1_257' title='bbox 2400 2156 2723 2212; x_wconf 88' lang='lat' dir='ltr'>custoditas</span> <span class='ocrx_word' id='word_1_258' title='bbox 2746 2161 2804 2212; x_wconf 92' lang='lat' dir='ltr'>et</span> <span class='ocrx_word' id='word_1_259' title='bbox 2829 2158 3047 2215; x_wconf 88' lang='lat' dir='ltr'>nostris</span> <span class='ocrx_word' id='word_1_260' title='bbox 3071 2161 3574 2232; x_wconf 89' lang='lat' dir='ltr'>temporibussuc-</span> 
     </span>
    </p>
   </div>
   <div class='ocr_carea' id='block_1_32' title="bbox 1920 2236 3571 2324">
    <p class='ocr_par' dir='ltr' id='par_1_32' title="bbox 1920 2236 3571 2324">
     <span class='ocr_line' id='line_1_33' title="bbox 1920 2236 3571 2324; baseline 0.005 -26"><span class='ocrx_word' id='word_1_261' title='bbox 1920 2246 2252 2301; x_wconf 81' lang='lat' dir='ltr'>cedentium</span> <span class='ocrx_word' id='word_1_262' title='bbox 2275 2246 2530 2301; x_wconf 79' lang='lat' dir='ltr'>virorum</span> <span class='ocrx_word' id='word_1_263' title='bbox 2556 2244 2816 2318; x_wconf 88' lang='lat' dir='ltr'>diligenti</span> <span class='ocrx_word' id='word_1_264' title='bbox 2836 2246 3321 2307; x_wconf 83' lang='lat' dir='ltr'>relationeillatas</span> <span class='ocrx_word' id='word_1_265' title='bbox 3342 2236 3571 2324; x_wconf 81' lang='lat' dir='ltr'>scripsi,</span> 
     </span>
    </p>
   </div>
   <div class='ocr_carea' id='block_1_33' title="bbox 1920 2334 3572 2404">
    <p class='ocr_par' dir='ltr' id='par_1_33' title="bbox 1920 2334 3572 2404">
     <span class='ocr_line' id='line_1_34' title="bbox 1920 2334 3572 2404; baseline 0.004 -15"><span class='ocrx_word' id='word_1_266' title='bbox 1920 2338 1972 2389; x_wconf 91' lang='lat' dir='ltr'>et</span> <span class='ocrx_word' id='word_1_267' title='bbox 2006 2334 2278 2404; x_wconf 87' lang='lat' dir='ltr'>scriptas,</span> <span class='ocrx_word' id='word_1_268' title='bbox 2314 2334 2384 2388; x_wconf 84' lang='lat' dir='ltr'>ad</span> <span class='ocrx_word' id='word_1_269' title='bbox 2426 2334 2831 2390; x_wconf 85' lang='lat' dir='ltr'>auctoritatem</span> <span class='ocrx_word' id='word_1_270' title='bbox 2864 2335 3272 2393; x_wconf 85' lang='lat' dir='ltr'>Fiscannensis</span> <span class='ocrx_word' id='word_1_271' title='bbox 3316 2339 3572 2396; x_wconf 67' lang='lat' dir='ltr'>ecclesia:</span> 
     </span>
    </p>
   </div>
   <div class='ocr_carea' id='block_1_34' title="bbox 1919 2422 3576 2501">
    <p class='ocr_par' dir='ltr' id='par_1_34' title="bbox 1919 2422 3576 2501">
     <span class='ocr_line' id='line_1_35' title="bbox 1919 2422 3576 2501; baseline 0.005 -24"><span class='ocrx_word' id='word_1_272' title='bbox 1919 2426 1976 2478; x_wconf 91' lang='lat' dir='ltr'>et</span> <span class='ocrx_word' id='word_1_273' title='bbox 1996 2423 2067 2477; x_wconf 89' lang='lat' dir='ltr'>ad</span> <span class='ocrx_word' id='word_1_274' title='bbox 2083 2422 2205 2477; x_wconf 90' lang='lat' dir='ltr'>utili</span> <span class='ocrx_word' id='word_1_275' title='bbox 2218 2425 2391 2478; x_wconf 88' lang='lat' dir='ltr'>tatem</span> <span class='ocrx_word' id='word_1_276' title='bbox 2408 2422 2725 2495; x_wconf 87' lang='lat' dir='ltr'>legentium</span> <span class='ocrx_word' id='word_1_277' title='bbox 2743 2424 2987 2479; x_wconf 80' lang='lat' dir='ltr'>fratrum</span> <span class='ocrx_word' id='word_1_278' title='bbox 3003 2425 3375 2499; x_wconf 89' lang='lat' dir='ltr'>edidi.Hujus</span> <span class='ocrx_word' id='word_1_279' title='bbox 3396 2428 3576 2501; x_wconf 87' lang='lat' dir='ltr'>igitur</span> 
     </span>
    </p>
   </div>
   <div class='ocr_carea' id='block_1_35' title="bbox 1920 2509 3571 2588">
    <p class='ocr_par' dir='ltr' id='par_1_35' title="bbox 1920 2509 3571 2588">
     <span class='ocr_line' id='line_1_36' title="bbox 1920 2509 3571 2588; baseline 0.006 -23"><span class='ocrx_word' id='word_1_280' title='bbox 1920 2509 2100 2566; x_wconf 91' lang='lat' dir='ltr'>libelli</span> <span class='ocrx_word' id='word_1_281' title='bbox 2150 2511 2526 2584; x_wconf 85' lang='lat' dir='ltr'>principium,</span> <span class='ocrx_word' id='word_1_282' title='bbox 2585 2529 2700 2567; x_wconf 89' lang='lat' dir='ltr'>non</span> <span class='ocrx_word' id='word_1_283' title='bbox 2746 2513 3035 2584; x_wconf 90' lang='lat' dir='ltr'>omnium,</span> <span class='ocrx_word' id='word_1_284' title='bbox 3080 2517 3180 2570; x_wconf 88' lang='lat' dir='ltr'>sed</span> <span class='ocrx_word' id='word_1_285' title='bbox 3230 2532 3571 2588; x_wconf 88' lang='lat' dir='ltr'>paucorum,</span> 
     </span>
    </p>
   </div>
   <div class='ocr_carea' id='block_1_36' title="bbox 1920 2600 3577 2673">
    <p class='ocr_par' dir='ltr' id='par_1_36' title="bbox 1920 2600 3577 2673">
     <span class='ocr_line' id='line_1_37' title="bbox 1920 2600 3577 2673; baseline 0.005 -19"><span class='ocrx_word' id='word_1_286' title='bbox 1920 2600 2103 2655; x_wconf 89' lang='lat' dir='ltr'>ration</span> <span class='ocrx_word' id='word_1_287' title='bbox 2114 2600 2355 2656; x_wconf 87' lang='lat' dir='ltr'>abilium</span> <span class='ocrx_word' id='word_1_288' title='bbox 2371 2600 2687 2657; x_wconf 88' lang='lat' dir='ltr'>relatorum</span> <span class='ocrx_word' id='word_1_289' title='bbox 2703 2603 3109 2657; x_wconf 89' lang='lat' dir='ltr'>auctoritatem</span> <span class='ocrx_word' id='word_1_290' title='bbox 3127 2608 3385 2673; x_wconf 90' lang='lat' dir='ltr'>secutus,</span> <span class='ocrx_word' id='word_1_291' title='bbox 3405 2607 3577 2663; x_wconf 90' lang='lat' dir='ltr'>mira-</span> 
     </span>
    </p>
   </div>
   <div class='ocr_carea' id='block_1_37' title="bbox 1921 2687 3575 2762">
    <p class='ocr_par' dir='ltr' id='par_1_37' title="bbox 1921 2687 3575 2762">
     <span class='ocr_line' id='line_1_38' title="bbox 1921 2687 3575 2762; baseline 0.004 -18"><span class='ocrx_word' id='word_1_292' title='bbox 1921 2687 2119 2744; x_wconf 91' lang='lat' dir='ltr'>culum</span> <span class='ocrx_word' id='word_1_293' title='bbox 2172 2690 2243 2743; x_wconf 92' lang='lat' dir='ltr'>de</span> <span class='ocrx_word' id='word_1_294' title='bbox 2295 2706 2460 2745; x_wconf 89' lang='lat' dir='ltr'>cervo</span> <span class='ocrx_word' id='word_1_295' title='bbox 2501 2691 2800 2761; x_wconf 87' lang='lat' dir='ltr'>proposui,</span> <span class='ocrx_word' id='word_1_296' title='bbox 2850 2697 2909 2745; x_wconf 90' lang='lat' dir='ltr'>et</span> <span class='ocrx_word' id='word_1_297' title='bbox 2948 2693 3117 2762; x_wconf 79' lang='lat' dir='ltr'>juxta</span> <span class='ocrx_word' id='word_1_298' title='bbox 3164 2693 3575 2751; x_wconf 88' lang='lat' dir='ltr'>chronicarum</span> 
     </span>
    </p>
   </div>
   <div class='ocr_carea' id='block_1_38' title="bbox 1921 2778 3575 2855">
    <p class='ocr_par' dir='ltr' id='par_1_38' title="bbox 1921 2778 3575 2855">
     <span class='ocr_line' id='line_1_39' title="bbox 1921 2778 3575 2855; baseline 0.005 -24"><span class='ocrx_word' id='word_1_299' title='bbox 1921 2778 2275 2848; x_wconf 84' lang='lat' dir='ltr'>exquisitam</span> <span class='ocrx_word' id='word_1_300' title='bbox 2339 2778 2726 2850; x_wconf 88' lang='lat' dir='ltr'>diligentiam,</span> <span class='ocrx_word' id='word_1_301' title='bbox 2777 2779 2947 2834; x_wconf 89' lang='lat' dir='ltr'>ducis</span> <span class='ocrx_word' id='word_1_302' title='bbox 3002 2782 3272 2853; x_wconf 88' lang='lat' dir='ltr'>Ansegisi</span> <span class='ocrx_word' id='word_1_303' title='bbox 3321 2783 3575 2855; x_wconf 88' lang='lat' dir='ltr'>primam</span> 
     </span>
    </p>
   </div>
   <div class='ocr_carea' id='block_1_39' title="bbox 1924 2866 3576 2945">
    <p class='ocr_par' dir='ltr' id='par_1_39' title="bbox 1924 2866 3576 2945">
     <span class='ocr_line' id='line_1_40' title="bbox 1924 2866 3576 2945; baseline 0.005 -25"><span class='ocrx_word' id='word_1_304' title='bbox 1924 2866 2107 2922; x_wconf 88' lang='lat' dir='ltr'>fuisse</span> <span class='ocrx_word' id='word_1_305' title='bbox 2156 2866 2568 2922; x_wconf 91' lang='lat' dir='ltr'>revelationem</span> <span class='ocrx_word' id='word_1_306' title='bbox 2616 2868 2917 2924; x_wconf 87' lang='lat' dir='ltr'>constitui.</span> <span class='ocrx_word' id='word_1_307' title='bbox 2969 2870 3128 2933; x_wconf 88' lang='lat' dir='ltr'>Quod</span> <span class='ocrx_word' id='word_1_308' title='bbox 3168 2887 3301 2927; x_wconf 90' lang='lat' dir='ltr'>vero</span> <span class='ocrx_word' id='word_1_309' title='bbox 3344 2872 3418 2928; x_wconf 89' lang='lat' dir='ltr'>ab</span> <span class='ocrx_word' id='word_1_310' title='bbox 3449 2871 3576 2945; x_wconf 90' lang='lat' dir='ltr'>ipso</span> 
     </span>
    </p>
   </div>
   <div class='ocr_carea' id='block_1_40' title="bbox 1924 2955 3577 3029">
    <p class='ocr_par' dir='ltr' id='par_1_40' title="bbox 1924 2955 3577 3029">
     <span class='ocr_line' id='line_1_41' title="bbox 1924 2955 3577 3029; baseline 0.006 -21"><span class='ocrx_word' id='word_1_311' title='bbox 1924 2955 2164 3026; x_wconf 90' lang='lat' dir='ltr'>antiquo</span> <span class='ocrx_word' id='word_1_312' title='bbox 2214 2956 2467 3023; x_wconf 80' lang='lat' dir='ltr'>exordio,</span> <span class='ocrx_word' id='word_1_313' title='bbox 2520 2973 2635 3011; x_wconf 91' lang='lat' dir='ltr'>non</span> <span class='ocrx_word' id='word_1_314' title='bbox 2684 2956 2951 3029; x_wconf 72' lang='lat' dir='ltr'>gloriosae</span> <span class='ocrx_word' id='word_1_315' title='bbox 3000 2964 3055 3014; x_wconf 88' lang='lat' dir='ltr'>et</span> <span class='ocrx_word' id='word_1_316' title='bbox 3104 2958 3577 3019; x_wconf 75' lang='lat' dir='ltr'>incontaminataa</span> 
     </span>
    </p>
   </div>
   <div class='ocr_carea' id='block_1_41' title="bbox 1924 3042 3579 3116">
    <p class='ocr_par' dir='ltr' id='par_1_41' title="bbox 1924 3042 3579 3116">
     <span class='ocr_line' id='line_1_42' title="bbox 1924 3042 3579 3116; baseline 0.006 -20"><span class='ocrx_word' id='word_1_317' title='bbox 1924 3043 2169 3114; x_wconf 84' lang='lat' dir='ltr'>virginis</span> <span class='ocrx_word' id='word_1_318' title='bbox 2216 3042 2429 3110; x_wconf 82' lang='lat' dir='ltr'>Mariae,</span> <span class='ocrx_word' id='word_1_319' title='bbox 2464 3050 2528 3099; x_wconf 90' lang='lat' dir='ltr'>ut</span> <span class='ocrx_word' id='word_1_320' title='bbox 2572 3046 2814 3116; x_wconf 78' lang='lat' dir='ltr'>quidam</span> <span class='ocrx_word' id='word_1_321' title='bbox 2862 3046 3085 3115; x_wconf 87' lang='lat' dir='ltr'>volunt,</span> <span class='ocrx_word' id='word_1_322' title='bbox 3129 3049 3229 3103; x_wconf 92' lang='lat' dir='ltr'>sed</span> <span class='ocrx_word' id='word_1_323' title='bbox 3276 3054 3489 3105; x_wconf 65' lang='lat' dir='ltr'>sancta:</span> <span class='ocrx_word' id='word_1_324' title='bbox 3521 3054 3579 3108; x_wconf 89' lang='lat' dir='ltr'>et</span> 
     </span>
    </p>
   </div>
   <div class='ocr_carea' id='block_1_42' title="bbox 152 3130 3577 3235">
    <p class='ocr_par' dir='ltr' id='par_1_42' title="bbox 152 3130 3577 3235">
     <span class='ocr_line' id='line_1_43' title="bbox 152 3130 3577 3235; baseline 0 -42"><span class='ocrx_word' id='word_1_325' title='bbox 152 3135 473 3223; x_wconf 84' lang='lat' dir='ltr'>dientiam;</span> <span class='ocrx_word' id='word_1_326' title='bbox 496 3137 588 3192; x_wconf 88' lang='lat' dir='ltr'>cui</span> <span class='ocrx_word' id='word_1_327' title='bbox 620 3135 975 3201; x_wconf 58' lang='lat' dir='ltr'>exhibenda,</span> <span class='ocrx_word' id='word_1_328' title='bbox 996 3139 1054 3191; x_wconf 88' lang='lat' dir='ltr'>et</span> <span class='ocrx_word' id='word_1_329' title='bbox 1082 3134 1605 3205; x_wconf 89' lang='lat' dir='ltr'>menlisjudicium</span> <span class='ocrx_word' id='word_1_330' title='bbox 1637 3133 1818 3189; x_wconf 88' lang='lat' dir='ltr'>nulla-</span> <span class='ocrx_word' id='word_1_331' title='bbox 1845 3169 1893 3235; x_wconf 78' lang='grc' dir='ltr'><strong>Β</strong></span> <span class='ocrx_word' id='word_1_332' title='bbox 1928 3130 2247 3187; x_wconf 72' lang='lat' dir='ltr'>individua:</span> <span class='ocrx_word' id='word_1_333' title='bbox 2300 3132 2600 3188; x_wconf 83' lang='lat' dir='ltr'>Trinitatis</span> <span class='ocrx_word' id='word_1_334' title='bbox 2632 3132 2823 3201; x_wconf 88' lang='lat' dir='ltr'>titulo,</span> <span class='ocrx_word' id='word_1_335' title='bbox 2870 3133 3210 3208; x_wconf 87' lang='lat' dir='ltr'>insignitam</span> <span class='ocrx_word' id='word_1_336' title='bbox 3242 3136 3425 3194; x_wconf 88' lang='lat' dir='ltr'>fuisse</span> <span class='ocrx_word' id='word_1_337' title='bbox 3453 3139 3577 3194; x_wconf 87' lang='lat' dir='ltr'>Fis-</span> 
     </span>
    </p>
   </div>
   <div class='ocr_carea' id='block_1_43' title="bbox 156 3222 1815 3298">
    <p class='ocr_par' dir='ltr' id='par_1_43' title="bbox 156 3222 1815 3298">
     <span class='ocr_line' id='line_1_44' title="bbox 156 3222 1815 3298; baseline -0.003 -15"><span class='ocrx_word' id='word_1_338' title='bbox 156 3222 336 3283; x_wconf 88' lang='lat' dir='ltr'>tenus</span> <span class='ocrx_word' id='word_1_339' title='bbox 367 3223 707 3298; x_wconf 89' lang='lat' dir='ltr'>acquiescit,</span> <span class='ocrx_word' id='word_1_340' title='bbox 758 3228 816 3282; x_wconf 92' lang='lat' dir='ltr'>et</span> <span class='ocrx_word' id='word_1_341' title='bbox 846 3224 1129 3297; x_wconf 89' lang='lat' dir='ltr'>propositi</span> <span class='ocrx_word' id='word_1_342' title='bbox 1172 3223 1530 3280; x_wconf 88' lang='lat' dir='ltr'>verecundia</span> <span class='ocrx_word' id='word_1_343' title='bbox 1578 3222 1815 3281; x_wconf 89' lang='lat' dir='ltr'>omnino</span> 
     </span>
    </p>
   </div>
   <div class='ocr_carea' id='block_1_44' title="bbox 157 3310 1816 3383">
    <p class='ocr_par' dir='ltr' id='par_1_44' title="bbox 157 3310 1816 3383">
     <span class='ocr_line' id='line_1_45' title="bbox 157 3310 1816 3383; baseline -0.005 -10"><span class='ocrx_word' id='word_1_344' title='bbox 157 3314 530 3373; x_wconf 84' lang='lat' dir='ltr'>contradicit.</span> <span class='ocrx_word' id='word_1_345' title='bbox 562 3315 800 3383; x_wconf 82' lang='lat' dir='ltr'>Verum,</span> <span class='ocrx_word' id='word_1_346' title='bbox 825 3330 959 3369; x_wconf 92' lang='lat' dir='ltr'>cum</span> <span class='ocrx_word' id='word_1_347' title='bbox 982 3312 1309 3369; x_wconf 89' lang='lat' dir='ltr'>obedientia</span> <span class='ocrx_word' id='word_1_348' title='bbox 1338 3316 1562 3379; x_wconf 79' lang='lat' dir='ltr'>sancta,</span> <span class='ocrx_word' id='word_1_349' title='bbox 1587 3310 1816 3366; x_wconf 89' lang='lat' dir='ltr'>nullum</span> 
     </span>
    </p>
   </div>
   <div class='ocr_carea' id='block_1_45' title="bbox 152 3401 1819 3477">
    <p class='ocr_par' dir='ltr' id='par_1_45' title="bbox 152 3401 1819 3477">
     <span class='ocr_line' id='line_1_46' title="bbox 152 3401 1819 3477; baseline -0.004 -17"><span class='ocrx_word' id='word_1_350' title='bbox 152 3420 314 3477; x_wconf 86' lang='lat' dir='ltr'>_opus</span> <span class='ocrx_word' id='word_1_351' title='bbox 345 3401 583 3459; x_wconf 72' lang='lat' dir='ltr'>difﬁcile</span> <span class='ocrx_word' id='word_1_352' title='bbox 611 3402 700 3458; x_wconf 92' lang='lat' dir='ltr'>vel</span> <span class='ocrx_word' id='word_1_353' title='bbox 727 3401 1094 3475; x_wconf 87' lang='lat' dir='ltr'>impossibile</span> <span class='ocrx_word' id='word_1_354' title='bbox 1120 3403 1375 3468; x_wconf 89' lang='lat' dir='ltr'>excuset,</span> <span class='ocrx_word' id='word_1_355' title='bbox 1412 3403 1514 3455; x_wconf 91' lang='lat' dir='ltr'>aut</span> <span class='ocrx_word' id='word_1_356' title='bbox 1542 3416 1819 3455; x_wconf 80' lang='lat' dir='ltr'>excusare</span> 
     </span>
    </p>
   </div>
   <div class='ocr_carea' id='block_1_46' title="bbox 161 3488 1817 3561">
    <p class='ocr_par' dir='ltr' id='par_1_46' title="bbox 161 3488 1817 3561">
     <span class='ocr_line' id='line_1_47' title="bbox 161 3488 1817 3561; baseline -0.003 -15"><span class='ocrx_word' id='word_1_357' title='bbox 161 3490 395 3557; x_wconf 86' lang='lat' dir='ltr'>debeat,</span> <span class='ocrx_word' id='word_1_358' title='bbox 427 3490 527 3546; x_wconf 92' lang='lat' dir='ltr'>diu</span> <span class='ocrx_word' id='word_1_359' title='bbox 561 3493 846 3547; x_wconf 89' lang='lat' dir='ltr'>cunctans</span> <span class='ocrx_word' id='word_1_360' title='bbox 886 3490 1325 3561; x_wconf 88' lang='lat' dir='ltr'>multarumque</span> <span class='ocrx_word' id='word_1_361' title='bbox 1347 3488 1817 3560; x_wconf 87' lang='lat' dir='ltr'>procrastinatio-</span> 
     </span>
    </p>
   </div>
   <div class='ocr_carea' id='block_1_47' title="bbox 160 3576 1821 3651">
    <p class='ocr_par' dir='ltr' id='par_1_47' title="bbox 160 3576 1821 3651">
     <span class='ocr_line' id='line_1_48' title="bbox 160 3576 1821 3651; baseline -0.001 -16"><span class='ocrx_word' id='word_1_362' title='bbox 160 3594 309 3636; x_wconf 88' lang='lat' dir='ltr'>num</span> <span class='ocrx_word' id='word_1_363' title='bbox 341 3578 611 3636; x_wconf 84' lang='lat' dir='ltr'>inducias</span> <span class='ocrx_word' id='word_1_364' title='bbox 640 3579 891 3650; x_wconf 88' lang='lat' dir='ltr'>ﬁngens,</span> <span class='ocrx_word' id='word_1_365' title='bbox 924 3582 1166 3651; x_wconf 89' lang='lat' dir='ltr'>urgente</span> <span class='ocrx_word' id='word_1_366' title='bbox 1199 3578 1464 3633; x_wconf 62' lang='lat' dir='ltr'>fraterna;</span> <span class='ocrx_word' id='word_1_367' title='bbox 1494 3576 1821 3634; x_wconf 86' lang='lat' dir='ltr'>dilectionis</span> 
     </span>
    </p>
   </div>
   <div class='ocr_carea' id='block_1_48' title="bbox 153 3663 1819 3739">
    <p class='ocr_par' dir='ltr' id='par_1_48' title="bbox 153 3663 1819 3739">
     <span class='ocr_line' id='line_1_49' title="bbox 153 3663 1819 3739; baseline -0.005 -12"><span class='ocrx_word' id='word_1_368' title='bbox 153 3667 437 3727; x_wconf 81' lang='lat' dir='ltr'>continua</span> <span class='ocrx_word' id='word_1_369' title='bbox 451 3668 747 3739; x_wconf 82' lang='lat' dir='ltr'>jussione,</span> <span class='ocrx_word' id='word_1_370' title='bbox 764 3684 913 3722; x_wconf 92' lang='lat' dir='ltr'>onus</span> <span class='ocrx_word' id='word_1_371' title='bbox 926 3667 1158 3723; x_wconf 88' lang='lat' dir='ltr'>tandem</span> <span class='ocrx_word' id='word_1_372' title='bbox 1180 3666 1552 3737; x_wconf 89' lang='lat' dir='ltr'>imperatum,</span> <span class='ocrx_word' id='word_1_373' title='bbox 1568 3663 1819 3736; x_wconf 90' lang='lat' dir='ltr'>suscepi,</span> 
     </span>
    </p>
   </div>
   <div class='ocr_carea' id='block_1_49' title="bbox 148 3752 1823 3831">
    <p class='ocr_par' dir='ltr' id='par_1_49' title="bbox 148 3752 1823 3831">
     <span class='ocr_line' id='line_1_50' title="bbox 148 3752 1823 3831; baseline -0.002 -19"><span class='ocrx_word' id='word_1_374' title='bbox 148 3761 215 3831; x_wconf 81' lang='lat' dir='ltr'>et</span> <span class='ocrx_word' id='word_1_375' title='bbox 243 3755 660 3814; x_wconf 87' lang='lat' dir='ltr'>Fiscannensis</span> <span class='ocrx_word' id='word_1_376' title='bbox 714 3755 1059 3812; x_wconf 89' lang='lat' dir='ltr'>monasterii</span> <span class='ocrx_word' id='word_1_377' title='bbox 1108 3755 1366 3821; x_wconf 83' lang='lat' dir='ltr'>exordia,</span> <span class='ocrx_word' id='word_1_378' title='bbox 1402 3752 1583 3810; x_wconf 90' lang='lat' dir='ltr'>libelli</span> <span class='ocrx_word' id='word_1_379' title='bbox 1618 3753 1823 3810; x_wconf 90' lang='lat' dir='ltr'>subse-</span> 
     </span>
    </p>
   </div>
   <div class='ocr_carea' id='block_1_50' title="bbox 1927 3220 3578 3293">
    <p class='ocr_par' dir='ltr' id='par_1_50' title="bbox 1927 3220 3578 3293">
     <span class='ocr_line' id='line_1_51' title="bbox 1927 3220 3578 3293; baseline 0.004 -18"><span class='ocrx_word' id='word_1_380' title='bbox 1927 3236 2280 3275; x_wconf 90' lang='lat' dir='ltr'>cannensem</span> <span class='ocrx_word' id='word_1_381' title='bbox 2318 3220 2624 3276; x_wconf 90' lang='lat' dir='ltr'>ecclesiam</span> <span class='ocrx_word' id='word_1_382' title='bbox 2655 3226 2999 3293; x_wconf 88' lang='lat' dir='ltr'>prosecutus</span> <span class='ocrx_word' id='word_1_383' title='bbox 3050 3241 3203 3279; x_wconf 89' lang='lat' dir='ltr'>sum.</span> <span class='ocrx_word' id='word_1_384' title='bbox 3253 3225 3418 3282; x_wconf 84' lang='lat' dir='ltr'>Ratio</span> <span class='ocrx_word' id='word_1_385' title='bbox 3466 3227 3578 3282; x_wconf 88' lang='lat' dir='ltr'>fuit</span> 
     </span>
    </p>
   </div>
   <div class='ocr_carea' id='block_1_51' title="bbox 1926 3310 3576 3382">
    <p class='ocr_par' dir='ltr' id='par_1_51' title="bbox 1926 3310 3576 3382">
     <span class='ocr_line' id='line_1_52' title="bbox 1926 3310 3576 3382; baseline 0.005 -19"><span class='ocrx_word' id='word_1_386' title='bbox 1926 3314 2218 3381; x_wconf 89' lang='lat' dir='ltr'>quatenus</span> <span class='ocrx_word' id='word_1_387' title='bbox 2247 3325 2365 3365; x_wconf 89' lang='lat' dir='ltr'>rem</span> <span class='ocrx_word' id='word_1_388' title='bbox 2400 3310 2758 3382; x_wconf 89' lang='lat' dir='ltr'>ambiguam,</span> <span class='ocrx_word' id='word_1_389' title='bbox 2792 3310 2844 3364; x_wconf 90' lang='lat' dir='ltr'>in</span> <span class='ocrx_word' id='word_1_390' title='bbox 2869 3311 3030 3367; x_wconf 86' lang='lat' dir='ltr'>illam</span> <span class='ocrx_word' id='word_1_391' title='bbox 3064 3312 3413 3369; x_wconf 87' lang='lat' dir='ltr'>declinarem</span> <span class='ocrx_word' id='word_1_392' title='bbox 3444 3331 3576 3371; x_wconf 89' lang='lat' dir='ltr'>sen-</span> 
     </span>
    </p>
   </div>
   <div class='ocr_carea' id='block_1_52' title="bbox 1928 3396 3572 3476">
    <p class='ocr_par' dir='ltr' id='par_1_52' title="bbox 1928 3396 3572 3476">
     <span class='ocr_line' id='line_1_53' title="bbox 1928 3396 3572 3476; baseline 0.004 -24"><span class='ocrx_word' id='word_1_393' title='bbox 1928 3396 2190 3463; x_wconf 87' lang='lat' dir='ltr'>tentiam,</span> <span class='ocrx_word' id='word_1_394' title='bbox 2225 3415 2351 3470; x_wconf 70' lang='lat' dir='ltr'>quae</span> <span class='ocrx_word' id='word_1_395' title='bbox 2384 3397 2605 3454; x_wconf 87' lang='lat' dir='ltr'>nullius</span> <span class='ocrx_word' id='word_1_396' title='bbox 2634 3398 2906 3456; x_wconf 83' lang='lat' dir='ltr'>falsitatis</span> <span class='ocrx_word' id='word_1_397' title='bbox 2926 3406 3383 3474; x_wconf 81' lang='lat' dir='ltr'>consequeretur</span> <span class='ocrx_word' id='word_1_398' title='bbox 3411 3402 3572 3476; x_wconf 90' lang='lat' dir='ltr'>igno-</span> 
     </span>
    </p>
   </div>
   <div class='ocr_carea' id='block_1_53' title="bbox 1929 3485 3576 3558">
    <p class='ocr_par' dir='ltr' id='par_1_53' title="bbox 1929 3485 3576 3558">
     <span class='ocr_line' id='line_1_54' title="bbox 1929 3485 3576 3558; baseline 0.004 -16"><span class='ocrx_word' id='word_1_399' title='bbox 1929 3485 2195 3542; x_wconf 89' lang='lat' dir='ltr'>miniam.</span> <span class='ocrx_word' id='word_1_400' title='bbox 2230 3486 2433 3543; x_wconf 84' lang='lat' dir='ltr'>Omnis</span> <span class='ocrx_word' id='word_1_401' title='bbox 2464 3487 2621 3543; x_wconf 90' lang='lat' dir='ltr'>enim</span> <span class='ocrx_word' id='word_1_402' title='bbox 2639 3488 2902 3555; x_wconf 89' lang='lat' dir='ltr'>ecclesia,</span> <span class='ocrx_word' id='word_1_403' title='bbox 2930 3488 3067 3544; x_wconf 90' lang='lat' dir='ltr'>licet</span> <span class='ocrx_word' id='word_1_404' title='bbox 3098 3489 3275 3558; x_wconf 90' lang='lat' dir='ltr'>illius,</span> <span class='ocrx_word' id='word_1_405' title='bbox 3301 3491 3576 3549; x_wconf 91' lang='lat' dir='ltr'>velistius</span> 
     </span>
    </p>
   </div>
   <div class='ocr_carea' id='block_1_54' title="bbox 1929 3574 3574 3651">
    <p class='ocr_par' dir='ltr' id='par_1_54' title="bbox 1929 3574 3574 3651">
     <span class='ocr_line' id='line_1_55' title="bbox 1929 3574 3574 3651; baseline 0.005 -22"><span class='ocrx_word' id='word_1_406' title='bbox 1929 3575 2330 3647; x_wconf 88' lang='lat' dir='ltr'>distinguatur</span> <span class='ocrx_word' id='word_1_407' title='bbox 2352 3574 2526 3632; x_wconf 88' lang='lat' dir='ltr'>titulo</span> <span class='ocrx_word' id='word_1_408' title='bbox 2576 3576 2781 3644; x_wconf 86' lang='lat' dir='ltr'>sancti,</span> <span class='ocrx_word' id='word_1_409' title='bbox 2831 3576 3233 3650; x_wconf 88' lang='lat' dir='ltr'>principaliter</span> <span class='ocrx_word' id='word_1_410' title='bbox 3271 3579 3574 3651; x_wconf 88' lang='lat' dir='ltr'>fundatur,</span> 
     </span>
    </p>
   </div>
   <div class='ocr_carea' id='block_1_55' title="bbox 1932 3665 3577 3743">
    <p class='ocr_par' dir='ltr' id='par_1_55' title="bbox 1932 3665 3577 3743">
     <span class='ocr_line' id='line_1_56' title="bbox 1932 3665 3577 3743; baseline 0.005 -24"><span class='ocrx_word' id='word_1_411' title='bbox 1932 3665 2327 3732; x_wconf 87' lang='lat' dir='ltr'>constituitur,</span> <span class='ocrx_word' id='word_1_412' title='bbox 2363 3665 2684 3731; x_wconf 87' lang='lat' dir='ltr'>dedicatur,</span> <span class='ocrx_word' id='word_1_413' title='bbox 2722 3667 2831 3720; x_wconf 87' lang='lat' dir='ltr'>sub</span> <span class='ocrx_word' id='word_1_414' title='bbox 2884 3668 3119 3723; x_wconf 90' lang='lat' dir='ltr'>nomine</span> <span class='ocrx_word' id='word_1_415' title='bbox 3166 3673 3223 3725; x_wconf 90' lang='lat' dir='ltr'>et</span> <span class='ocrx_word' id='word_1_416' title='bbox 3252 3670 3577 3743; x_wconf 89' lang='lat' dir='ltr'>patrocinio</span> 
     </span>
    </p>
   </div>
   <div class='ocr_carea' id='block_1_56' title="bbox 1932 3753 2935 3812">
    <p class='ocr_par' dir='ltr' id='par_1_56' title="bbox 1932 3753 2935 3812">
     <span class='ocr_line' id='line_1_57' title="bbox 1932 3753 2935 3812; baseline 0.005 -5"><span class='ocrx_word' id='word_1_417' title='bbox 1932 3758 2147 3809; x_wconf 73' lang='lat' dir='ltr'>sancta:</span> <span class='ocrx_word' id='word_1_418' title='bbox 2180 3757 2237 3810; x_wconf 91' lang='lat' dir='ltr'>et</span> <span class='ocrx_word' id='word_1_419' title='bbox 2267 3753 2581 3810; x_wconf 81' lang='lat' dir='ltr'>individuae</span> <span class='ocrx_word' id='word_1_420' title='bbox 2612 3754 2935 3812; x_wconf 91' lang='lat' dir='ltr'>Trinitatis.</span> 
     </span>
    </p>
   </div>
   <div class='ocr_carea' id='block_1_57' title="bbox 1489 3879 2034 3950">
    <p class='ocr_par' dir='ltr' id='par_1_57' title="bbox 1489 3879 2034 3950">
     <span class='ocr_line' id='line_1_58' title="bbox 1489 3879 2034 3950; baseline 0 -17"><span class='ocrx_word' id='word_1_421' title='bbox 1489 3879 1738 3950; x_wconf 69' lang='lat' dir='ltr'>Emplz’cit</span> <span class='ocrx_word' id='word_1_422' title='bbox 1762 3879 2034 3950; x_wconf 77' lang='lat' dir='ltr'>protegas.</span> 
     </span>
    </p>
   </div>
   <div class='ocr_carea' id='block_1_58' title="bbox 1291 4139 2439 4229">
    <p class='ocr_par' dir='ltr' id='par_1_58' title="bbox 1291 4139 2439 4229">
     <span class='ocr_line' id='line_1_59' title="bbox 1291 4139 2439 4229; baseline -0.001 -2"><span class='ocrx_word' id='word_1_423' title='bbox 1291 4142 1701 4229; x_wconf 78' lang='lat' dir='ltr'>INCIPIT</span> <span class='ocrx_word' id='word_1_424' title='bbox 1757 4139 2439 4227; x_wconf 80' lang='lat' dir='ltr'>TRACTA&#39;I‘US</span> 
     </span>
    </p>
   </div>
   <div class='ocr_carea' id='block_1_59' title="bbox 224 4316 1807 4389">
    <p class='ocr_par' dir='ltr' id='par_1_59' title="bbox 224 4316 1807 4389">
     <span class='ocr_line' id='line_1_60' title="bbox 224 4316 1807 4389; baseline 0.001 -17"><span class='ocrx_word' id='word_1_425' title='bbox 224 4317 544 4389; x_wconf 81' lang='lat' dir='ltr'>Postquam</span> <span class='ocrx_word' id='word_1_426' title='bbox 586 4332 832 4373; x_wconf 62' lang='lat' dir='ltr'>summa;</span> <span class='ocrx_word' id='word_1_427' title='bbox 881 4317 1114 4374; x_wconf 89' lang='lat' dir='ltr'>deitatis</span> <span class='ocrx_word' id='word_1_428' title='bbox 1173 4316 1489 4374; x_wconf 69' lang='lat' dir='ltr'>inetfabilis</span> <span class='ocrx_word' id='word_1_429' title='bbox 1530 4317 1807 4385; x_wconf 89' lang='lat' dir='ltr'>Trinitas,</span> 
     </span>
    </p>
   </div>
   <div class='ocr_carea' id='block_1_60' title="bbox 1920 4316 3579 4393">
    <p class='ocr_par' dir='ltr' id='par_1_60' title="bbox 1920 4316 3579 4393">
     <span class='ocr_line' id='line_1_61' title="bbox 1920 4316 3579 4393; baseline 0.003 -21"><span class='ocrx_word' id='word_1_430' title='bbox 1920 4316 2276 4373; x_wconf 89' lang='lat' dir='ltr'>humilitatis</span> <span class='ocrx_word' id='word_1_431' title='bbox 2297 4316 2583 4388; x_wconf 85' lang='lat' dir='ltr'>exemplo,</span> <span class='ocrx_word' id='word_1_432' title='bbox 2621 4320 2920 4374; x_wconf 89' lang='lat' dir='ltr'>creaturas</span> <span class='ocrx_word' id='word_1_433' title='bbox 2940 4317 3300 4387; x_wconf 85' lang='lat' dir='ltr'>informaret,</span> <span class='ocrx_word' id='word_1_434' title='bbox 3325 4319 3579 4393; x_wconf 88' lang='lat' dir='ltr'>qualiter</span> 
     </span>
    </p>
   </div>
   <div class='ocr_carea' id='block_1_61' title="bbox 150 4371 3573 4483">
    <p class='ocr_par' dir='ltr' id='par_1_61' title="bbox 150 4371 3573 4483">
     <span class='ocr_line' id='line_1_62' title="bbox 150 4371 3573 4483; baseline 0 -20"><span class='ocrx_word' id='word_1_435' title='bbox 150 4420 275 4463; x_wconf 62' lang='lat' dir='ltr'>sua</span> <span class='ocrx_word' id='word_1_436' title='bbox 304 4404 624 4467; x_wconf 61' lang='lat' dir='ltr'>clementia</span> <span class='ocrx_word' id='word_1_437' title='bbox 642 4422 854 4463; x_wconf 89' lang='lat' dir='ltr'>arcano</span> <span class='ocrx_word' id='word_1_438' title='bbox 885 4405 1151 4473; x_wconf 89' lang='lat' dir='ltr'>consilio,</span> <span class='ocrx_word' id='word_1_439' title='bbox 1183 4406 1501 4463; x_wconf 90' lang='lat' dir='ltr'>humanam</span> <span class='ocrx_word' id='word_1_440' title='bbox 1535 4410 1805 4461; x_wconf 89' lang='lat' dir='ltr'>naturam</span> <span class='ocrx_word' id='word_1_441' title='bbox 1838 4371 1879 4437; x_wconf 64' lang='grc' dir='ltr'>Ο</span> <span class='ocrx_word' id='word_1_442' title='bbox 1920 4404 2223 4461; x_wconf 86' lang='lat' dir='ltr'>inferiores</span> <span class='ocrx_word' id='word_1_443' title='bbox 2255 4422 2362 4462; x_wconf 91' lang='lat' dir='ltr'>suo</span> <span class='ocrx_word' id='word_1_444' title='bbox 2414 4404 2668 4462; x_wconf 88' lang='lat' dir='ltr'>Creatori</span> <span class='ocrx_word' id='word_1_445' title='bbox 2700 4406 3021 4478; x_wconf 73' lang='lat' dir='ltr'>obedirent&#39;,</span> <span class='ocrx_word' id='word_1_446' title='bbox 3073 4423 3206 4465; x_wconf 88' lang='lat' dir='ltr'>cum</span> <span class='ocrx_word' id='word_1_447' title='bbox 3239 4409 3311 4464; x_wconf 89' lang='lat' dir='ltr'>ab</span> <span class='ocrx_word' id='word_1_448' title='bbox 3330 4371 3573 4483; x_wconf 63' lang='lat' dir='ltr'>1mquali,</span> 
     </span>
    </p>
   </div>
   <div class='ocr_carea' id='block_1_62' title="bbox 148 4494 1813 4569">
    <p class='ocr_par' dir='ltr' id='par_1_62' title="bbox 148 4494 1813 4569">
     <span class='ocr_line' id='line_1_63' title="bbox 148 4494 1813 4569; baseline 0 -19"><span class='ocrx_word' id='word_1_449' title='bbox 148 4494 424 4567; x_wconf 87' lang='lat' dir='ltr'>liberare,</span> <span class='ocrx_word' id='word_1_450' title='bbox 453 4496 684 4567; x_wconf 85' lang='lat' dir='ltr'>antiqui</span> <span class='ocrx_word' id='word_1_451' title='bbox 709 4496 1001 4569; x_wconf 89' lang='lat' dir='ltr'>serpentis</span> <span class='ocrx_word' id='word_1_452' title='bbox 1041 4495 1358 4552; x_wconf 87' lang='lat' dir='ltr'>virulentas</span> <span class='ocrx_word' id='word_1_453' title='bbox 1400 4494 1813 4568; x_wconf 81' lang='lat' dir='ltr'>persuasiones</span> 
     </span>
    </p>
   </div>
   <div class='ocr_carea' id='block_1_63' title="bbox 147 4579 1815 4657">
    <p class='ocr_par' dir='ltr' id='par_1_63' title="bbox 147 4579 1815 4657">
     <span class='ocr_line' id='line_1_64' title="bbox 147 4579 1815 4657; baseline -0.001 -18"><span class='ocrx_word' id='word_1_454' title='bbox 147 4579 459 4655; x_wconf 89' lang='lat' dir='ltr'>publicare</span> <span class='ocrx_word' id='word_1_455' title='bbox 503 4584 815 4657; x_wconf 89' lang='lat' dir='ltr'>disposuit,</span> <span class='ocrx_word' id='word_1_456' title='bbox 884 4585 1195 4657; x_wconf 85' lang='lat' dir='ltr'>cujusdam</span> <span class='ocrx_word' id='word_1_457' title='bbox 1253 4585 1500 4656; x_wconf 89' lang='lat' dir='ltr'>virginis</span> <span class='ocrx_word' id='word_1_458' title='bbox 1534 4583 1815 4656; x_wconf 88' lang='lat' dir='ltr'>.corporis</span> 
     </span>
    </p>
   </div>
   <div class='ocr_carea' id='block_1_64' title="bbox 146 4671 1812 4745">
    <p class='ocr_par' dir='ltr' id='par_1_64' title="bbox 146 4671 1812 4745">
     <span class='ocr_line' id='line_1_65' title="bbox 146 4671 1812 4745; baseline 0 -18"><span class='ocrx_word' id='word_1_459' title='bbox 146 4671 604 4728; x_wconf 86' lang='lat' dir='ltr'>incontaminati</span> <span class='ocrx_word' id='word_1_460' title='bbox 623 4676 848 4745; x_wconf 84' lang='lat' dir='ltr'>partem</span> <span class='ocrx_word' id='word_1_461' title='bbox 868 4672 1647 4741; x_wconf 76' lang='lat' dir='ltr'>&#39;mcontaminatam,excluso</span> <span class='ocrx_word' id='word_1_462' title='bbox 1660 4671 1812 4728; x_wconf 87' lang='lat' dir='ltr'>virili</span> 
     </span>
    </p>
   </div>
   <div class='ocr_carea' id='block_1_65' title="bbox 145 4757 1810 4835">
    <p class='ocr_par' dir='ltr' id='par_1_65' title="bbox 145 4757 1810 4835">
     <span class='ocr_line' id='line_1_66' title="bbox 145 4757 1810 4835; baseline 0.001 -20"><span class='ocrx_word' id='word_1_463' title='bbox 145 4757 347 4833; x_wconf 83' lang='lat' dir='ltr'>opere,</span> <span class='ocrx_word' id='word_1_464' title='bbox 390 4760 861 4818; x_wconf 88' lang='lat' dir='ltr'>inenarrabiliter</span> <span class='ocrx_word' id='word_1_465' title='bbox 887 4761 1042 4831; x_wconf 91' lang='lat' dir='ltr'>tulit,</span> <span class='ocrx_word' id='word_1_466' title='bbox 1065 4779 1268 4835; x_wconf 88' lang='lat' dir='ltr'>quam,</span> <span class='ocrx_word' id='word_1_467' title='bbox 1295 4761 1556 4817; x_wconf 86' lang='lat' dir='ltr'>humana</span> <span class='ocrx_word' id='word_1_468' title='bbox 1596 4761 1810 4833; x_wconf 89' lang='lat' dir='ltr'>speciei</span> 
     </span>
    </p>
   </div>
   <div class='ocr_carea' id='block_1_66' title="bbox 147 4848 1807 4922">
    <p class='ocr_par' dir='ltr' id='par_1_66' title="bbox 147 4848 1807 4922">
     <span class='ocr_line' id='line_1_67' title="bbox 147 4848 1807 4922; baseline 0.001 -18"><span class='ocrx_word' id='word_1_469' title='bbox 147 4848 502 4922; x_wconf 72' lang='lat' dir='ltr'>compagine</span> <span class='ocrx_word' id='word_1_470' title='bbox 531 4850 816 4909; x_wconf 90' lang='lat' dir='ltr'>divinitus</span> <span class='ocrx_word' id='word_1_471' title='bbox 829 4852 1274 4920; x_wconf 85' lang='lat' dir='ltr'>conformatam,</span> <span class='ocrx_word' id='word_1_472' title='bbox 1300 4849 1569 4907; x_wconf 89' lang='lat' dir='ltr'>rationali</span> <span class='ocrx_word' id='word_1_473' title='bbox 1591 4849 1807 4915; x_wconf 89' lang='lat' dir='ltr'>anima,</span> 
     </span>
    </p>
   </div>
   <div class='ocr_carea' id='block_1_67' title="bbox 147 4936 1809 5014">
    <p class='ocr_par' dir='ltr' id='par_1_67' title="bbox 147 4936 1809 5014">
     <span class='ocr_line' id='line_1_68' title="bbox 147 4936 1809 5014; baseline 0.001 -21"><span class='ocrx_word' id='word_1_474' title='bbox 147 4936 448 4994; x_wconf 88' lang='lat' dir='ltr'>urbertate</span> <span class='ocrx_word' id='word_1_475' title='bbox 472 4937 653 4995; x_wconf 87' lang='lat' dir='ltr'>totius</span> <span class='ocrx_word' id='word_1_476' title='bbox 674 4939 921 4997; x_wconf 78' lang='lat' dir='ltr'>cmlestis</span> <span class='ocrx_word' id='word_1_477' title='bbox 942 4940 1142 5014; x_wconf 76' lang='lat' dir='ltr'>gratiae</span> <span class='ocrx_word' id='word_1_478' title='bbox 1159 4940 1467 4997; x_wconf 82' lang='lat' dir='ltr'>fecundata</span> <span class='ocrx_word' id='word_1_479' title='bbox 1490 4939 1809 5007; x_wconf 83' lang='lat' dir='ltr'>viviﬁcans,</span> 
     </span>
    </p>
   </div>
   <div class='ocr_carea' id='block_1_68' title="bbox 149 5026 1810 5101">
    <p class='ocr_par' dir='ltr' id='par_1_68' title="bbox 149 5026 1810 5101">
     <span class='ocr_line' id='line_1_69' title="bbox 149 5026 1810 5101; baseline 0.001 -20"><span class='ocrx_word' id='word_1_480' title='bbox 149 5026 212 5082; x_wconf 93' lang='lat' dir='ltr'>in</span> <span class='ocrx_word' id='word_1_481' title='bbox 244 5026 489 5098; x_wconf 77' lang='lat' dir='ltr'>perfecti</span> <span class='ocrx_word' id='word_1_482' title='bbox 507 5026 767 5085; x_wconf 90' lang='lat' dir='ltr'>hominis</span> <span class='ocrx_word' id='word_1_483' title='bbox 780 5029 1175 5086; x_wconf 89' lang='lat' dir='ltr'>substantiam</span> <span class='ocrx_word' id='word_1_484' title='bbox 1199 5029 1528 5101; x_wconf 90' lang='lat' dir='ltr'>composuit</span> <span class='ocrx_word' id='word_1_485' title='bbox 1548 5033 1607 5085; x_wconf 91' lang='lat' dir='ltr'>et</span> <span class='ocrx_word' id='word_1_486' title='bbox 1637 5042 1810 5100; x_wconf 85' lang='lat' dir='ltr'>expo-</span> 
     </span>
    </p>
   </div>
   <div class='ocr_carea' id='block_1_69' title="bbox 149 5114 1807 5191">
    <p class='ocr_par' dir='ltr' id='par_1_69' title="bbox 149 5114 1807 5191">
     <span class='ocr_line' id='line_1_70' title="bbox 149 5114 1807 5191; baseline 0.004 -23"><span class='ocrx_word' id='word_1_487' title='bbox 149 5114 302 5170; x_wconf 89' lang='lat' dir='ltr'>livit.</span> <span class='ocrx_word' id='word_1_488' title='bbox 354 5114 539 5172; x_wconf 91' lang='lat' dir='ltr'>Istum</span> <span class='ocrx_word' id='word_1_489' title='bbox 590 5134 748 5191; x_wconf 88' lang='lat' dir='ltr'>ergo,</span> <span class='ocrx_word' id='word_1_490' title='bbox 797 5134 868 5174; x_wconf 86' lang='lat' dir='ltr'>ex</span> <span class='ocrx_word' id='word_1_491' title='bbox 915 5118 1263 5190; x_wconf 68' lang='lat' dir='ltr'>incorruptae</span> <span class='ocrx_word' id='word_1_492' title='bbox 1311 5116 1570 5190; x_wconf 87' lang='lat' dir='ltr'>Virginis</span> <span class='ocrx_word' id='word_1_493' title='bbox 1621 5122 1807 5185; x_wconf 90' lang='lat' dir='ltr'>utero,</span> 
     </span>
    </p>
   </div>
   <div class='ocr_carea' id='block_1_70' title="bbox 149 5200 1807 5277">
    <p class='ocr_par' dir='ltr' id='par_1_70' title="bbox 149 5200 1807 5277">
     <span class='ocr_line' id='line_1_71' title="bbox 149 5200 1807 5277; baseline 0.002 -20"><span class='ocrx_word' id='word_1_494' title='bbox 149 5200 455 5259; x_wconf 89' lang='lat' dir='ltr'>hominem</span> <span class='ocrx_word' id='word_1_495' title='bbox 498 5203 625 5262; x_wconf 89' lang='lat' dir='ltr'>sine</span> <span class='ocrx_word' id='word_1_496' title='bbox 670 5204 929 5273; x_wconf 87' lang='lat' dir='ltr'>homine,</span> <span class='ocrx_word' id='word_1_497' title='bbox 964 5208 1086 5261; x_wconf 89' lang='lat' dir='ltr'>tota</span> <span class='ocrx_word' id='word_1_498' title='bbox 1116 5204 1354 5277; x_wconf 89' lang='lat' dir='ltr'>quidem</span> <span class='ocrx_word' id='word_1_499' title='bbox 1398 5210 1599 5260; x_wconf 89' lang='lat' dir='ltr'>sancta</span> <span class='ocrx_word' id='word_1_500' title='bbox 1632 5210 1689 5261; x_wconf 90' lang='lat' dir='ltr'>et</span> <span class='ocrx_word' id='word_1_501' title='bbox 1718 5206 1807 5260; x_wconf 87' lang='lat' dir='ltr'>in-</span> 
     </span>
    </p>
   </div>
   <div class='ocr_carea' id='block_1_71' title="bbox 152 5290 1812 5366">
    <p class='ocr_par' dir='ltr' id='par_1_71' title="bbox 152 5290 1812 5366">
     <span class='ocr_line' id='line_1_72' title="bbox 152 5290 1812 5366; baseline 0.002 -20"><span class='ocrx_word' id='word_1_502' title='bbox 152 5290 593 5348; x_wconf 88' lang='lat' dir='ltr'>commutabilis</span> <span class='ocrx_word' id='word_1_503' title='bbox 608 5292 910 5351; x_wconf 89' lang='lat' dir='ltr'>Trinitatis</span> <span class='ocrx_word' id='word_1_504' title='bbox 921 5294 1271 5366; x_wconf 84' lang='lat' dir='ltr'>composuit,</span> <span class='ocrx_word' id='word_1_505' title='bbox 1286 5294 1700 5362; x_wconf 82' lang='lat' dir='ltr'>sanctiticavit;</span> <span class='ocrx_word' id='word_1_506' title='bbox 1721 5311 1812 5350; x_wconf 78' lang='lat' dir='ltr'>vc-</span> 
     </span>
    </p>
   </div>
   <div class='ocr_carea' id='block_1_72' title="bbox 152 5379 1812 5455">
    <p class='ocr_par' dir='ltr' id='par_1_72' title="bbox 152 5379 1812 5455">
     <span class='ocr_line' id='line_1_73' title="bbox 152 5379 1812 5455; baseline 0.001 -20"><span class='ocrx_word' id='word_1_507' title='bbox 152 5394 291 5435; x_wconf 89' lang='lat' dir='ltr'>rum</span> <span class='ocrx_word' id='word_1_508' title='bbox 315 5379 491 5437; x_wconf 83' lang='lat' dir='ltr'>Verbi</span> <span class='ocrx_word' id='word_1_509' title='bbox 512 5380 697 5438; x_wconf 89' lang='lat' dir='ltr'>solius</span> <span class='ocrx_word' id='word_1_510' title='bbox 719 5381 1073 5452; x_wconf 88' lang='lat' dir='ltr'>sublimitas,</span> <span class='ocrx_word' id='word_1_511' title='bbox 1090 5399 1208 5437; x_wconf 69' lang='lat' dir='ltr'>sua:</span> <span class='ocrx_word' id='word_1_512' title='bbox 1223 5382 1598 5455; x_wconf 88' lang='lat' dir='ltr'>proprietatis</span> <span class='ocrx_word' id='word_1_513' title='bbox 1621 5398 1812 5454; x_wconf 88' lang='lat' dir='ltr'>perso-</span> 
     </span>
    </p>
   </div>
   <div class='ocr_carea' id='block_1_73' title="bbox 152 5470 1812 5544">
    <p class='ocr_par' dir='ltr' id='par_1_73' title="bbox 152 5470 1812 5544">
     <span class='ocr_line' id='line_1_74' title="bbox 152 5470 1812 5544; baseline 0.002 -20"><span class='ocrx_word' id='word_1_514' title='bbox 152 5484 294 5524; x_wconf 84' lang='lat' dir='ltr'>nam</span> <span class='ocrx_word' id='word_1_515' title='bbox 314 5470 705 5542; x_wconf 89' lang='lat' dir='ltr'>personaliter</span> <span class='ocrx_word' id='word_1_516' title='bbox 725 5471 968 5528; x_wconf 88' lang='lat' dir='ltr'>sociavit</span> <span class='ocrx_word' id='word_1_517' title='bbox 986 5477 1045 5528; x_wconf 92' lang='lat' dir='ltr'>et</span> <span class='ocrx_word' id='word_1_518' title='bbox 1063 5471 1367 5543; x_wconf 83' lang='lat' dir='ltr'>conjunxit</span> <span class='ocrx_word' id='word_1_519' title='bbox 1384 5472 1480 5542; x_wconf 87' lang='lat' dir='ltr'>(t).</span> <span class='ocrx_word' id='word_1_520' title='bbox 1496 5471 1812 5544; x_wconf 90' lang='lat' dir='ltr'>Oportebat</span> 
     </span>
    </p>
   </div>
   <div class='ocr_carea' id='block_1_74' title="bbox 151 5557 1811 5633">
    <p class='ocr_par' dir='ltr' id='par_1_74' title="bbox 151 5557 1811 5633">
     <span class='ocr_line' id='line_1_75' title="bbox 151 5557 1811 5633; baseline 0.003 -21"><span class='ocrx_word' id='word_1_521' title='bbox 151 5557 312 5613; x_wconf 90' lang='lat' dir='ltr'>enim</span> <span class='ocrx_word' id='word_1_522' title='bbox 362 5558 597 5616; x_wconf 86' lang='lat' dir='ltr'>duabus</span> <span class='ocrx_word' id='word_1_523' title='bbox 656 5561 923 5633; x_wconf 89' lang='lat' dir='ltr'>personis</span> <span class='ocrx_word' id='word_1_524' title='bbox 971 5562 1204 5618; x_wconf 87' lang='lat' dir='ltr'>obedire</span> <span class='ocrx_word' id='word_1_525' title='bbox 1252 5577 1452 5627; x_wconf 89' lang='lat' dir='ltr'>unam,</span> <span class='ocrx_word' id='word_1_526' title='bbox 1516 5577 1641 5632; x_wconf 65' lang='lat' dir='ltr'>quae</span> <span class='ocrx_word' id='word_1_527' title='bbox 1689 5578 1811 5617; x_wconf 70' lang='lat' dir='ltr'>sum</span> 
     </span>
    </p>
   </div>
   <div class='ocr_carea' id='block_1_75' title="bbox 228 5681 963 5758">
    <p class='ocr_par' dir='ltr' id='par_1_75' title="bbox 228 5681 963 5758">
     <span class='ocr_line' id='line_1_76' title="bbox 228 5681 963 5758; baseline 0.008 -21"><span class='ocrx_word' id='word_1_528' title='bbox 228 5681 307 5754; x_wconf 77' lang='lat'>(1)</span> <span class='ocrx_word' id='word_1_529' title='bbox 338 5682 517 5741; x_wconf 88' lang='lat' dir='ltr'>Caute</span> <span class='ocrx_word' id='word_1_530' title='bbox 547 5684 669 5742; x_wconf 62' lang='lat' dir='ltr'>hac</span> <span class='ocrx_word' id='word_1_531' title='bbox 699 5684 963 5758; x_wconf 88' lang='lat' dir='ltr'>legenda.</span> 
     </span>
    </p>
   </div>
   <div class='ocr_carea' id='block_1_76' title="bbox 1924 4492 3576 4563">
    <p class='ocr_par' dir='ltr' id='par_1_76' title="bbox 1924 4492 3576 4563">
     <span class='ocr_line' id='line_1_77' title="bbox 1924 4492 3576 4563; baseline 0.005 -18"><span class='ocrx_word' id='word_1_532' title='bbox 1924 4492 2248 4563; x_wconf 80' lang='lat' dir='ltr'>aequalibus</span> <span class='ocrx_word' id='word_1_533' title='bbox 2280 4496 2455 4548; x_wconf 71' lang='lat' dir='ltr'>tanta:</span> <span class='ocrx_word' id='word_1_534' title='bbox 2503 4493 2895 4550; x_wconf 90' lang='lat' dir='ltr'>obedientiam</span> <span class='ocrx_word' id='word_1_535' title='bbox 2934 4494 3289 4552; x_wconf 66' lang='lat' dir='ltr'>humilitatis</span> <span class='ocrx_word' id='word_1_536' title='bbox 3320 4496 3576 4554; x_wconf 83' lang='lat' dir='ltr'>exhiberi</span> 
     </span>
    </p>
   </div>
   <div class='ocr_carea' id='block_1_77' title="bbox 1922 4582 3573 4653">
    <p class='ocr_par' dir='ltr' id='par_1_77' title="bbox 1922 4582 3573 4653">
     <span class='ocr_line' id='line_1_78' title="bbox 1922 4582 3573 4653; baseline 0.005 -18"><span class='ocrx_word' id='word_1_537' title='bbox 1922 4585 2353 4653; x_wconf 87' lang='lat' dir='ltr'>cognoscerent.</span> <span class='ocrx_word' id='word_1_538' title='bbox 2414 4582 2599 4652; x_wconf 83' lang='lat' dir='ltr'>Hujus</span> <span class='ocrx_word' id='word_1_539' title='bbox 2648 4587 2843 4641; x_wconf 88' lang='lat' dir='ltr'>autem</span> <span class='ocrx_word' id='word_1_540' title='bbox 2894 4584 3249 4641; x_wconf 88' lang='lat' dir='ltr'>humilitatis</span> <span class='ocrx_word' id='word_1_541' title='bbox 3293 4585 3573 4653; x_wconf 86' lang='lat' dir='ltr'>ofﬁcium,</span> 
     </span>
    </p>
   </div>
   <div class='ocr_carea' id='block_1_78' title="bbox 1922 4669 3574 4745">
    <p class='ocr_par' dir='ltr' id='par_1_78' title="bbox 1922 4669 3574 4745">
     <span class='ocr_line' id='line_1_79' title="bbox 1922 4669 3574 4745; baseline 0.003 -21"><span class='ocrx_word' id='word_1_542' title='bbox 1922 4669 2089 4740; x_wconf 90' lang='lat' dir='ltr'>quasi</span> <span class='ocrx_word' id='word_1_543' title='bbox 2139 4670 2450 4741; x_wconf 89' lang='lat' dir='ltr'>cujusdam</span> <span class='ocrx_word' id='word_1_544' title='bbox 2499 4670 2828 4727; x_wconf 77' lang='lat' dir='ltr'>dilectionis</span> <span class='ocrx_word' id='word_1_545' title='bbox 2878 4673 3200 4745; x_wconf 84' lang='lat' dir='ltr'>privilegio,</span> <span class='ocrx_word' id='word_1_546' title='bbox 3249 4673 3429 4730; x_wconf 80' lang='lat' dir='ltr'>Filius</span> <span class='ocrx_word' id='word_1_547' title='bbox 3472 4675 3574 4731; x_wconf 89' lang='lat' dir='ltr'>Dei</span> 
     </span>
    </p>
   </div>
   <div class='ocr_carea' id='block_1_79' title="bbox 1921 4757 3573 4831">
    <p class='ocr_par' dir='ltr' id='par_1_79' title="bbox 1921 4757 3573 4831">
     <span class='ocr_line' id='line_1_80' title="bbox 1921 4757 3573 4831; baseline 0.002 -17"><span class='ocrx_word' id='word_1_548' title='bbox 1921 4757 2186 4831; x_wconf 79' lang='lat' dir='ltr'>exigebat</span> <span class='ocrx_word' id='word_1_549' title='bbox 2221 4760 2352 4826; x_wconf 91' lang='lat' dir='ltr'>Deo,</span> <span class='ocrx_word' id='word_1_550' title='bbox 2385 4762 2675 4830; x_wconf 89' lang='lat' dir='ltr'>quatenus</span> <span class='ocrx_word' id='word_1_551' title='bbox 2706 4761 3105 4817; x_wconf 88' lang='lat' dir='ltr'>reconciliaret</span> <span class='ocrx_word' id='word_1_552' title='bbox 3136 4761 3424 4831; x_wconf 88' lang='lat' dir='ltr'>homines,</span> <span class='ocrx_word' id='word_1_553' title='bbox 3455 4763 3573 4817; x_wconf 91' lang='lat' dir='ltr'>fac-</span> 
     </span>
    </p>
   </div>
   <div class='ocr_carea' id='block_1_80' title="bbox 1922 4845 3574 4922">
    <p class='ocr_par' dir='ltr' id='par_1_80' title="bbox 1922 4845 3574 4922">
     <span class='ocr_line' id='line_1_81' title="bbox 1922 4845 3574 4922; baseline 0.002 -20"><span class='ocrx_word' id='word_1_554' title='bbox 1922 4850 2021 4903; x_wconf 91' lang='lat' dir='ltr'>tus</span> <span class='ocrx_word' id='word_1_555' title='bbox 2049 4845 2248 4913; x_wconf 91' lang='lat' dir='ltr'>homo,</span> <span class='ocrx_word' id='word_1_556' title='bbox 2280 4862 2428 4917; x_wconf 88' lang='lat' dir='ltr'>quos</span> <span class='ocrx_word' id='word_1_557' title='bbox 2450 4864 2559 4904; x_wconf 86' lang='lat' dir='ltr'>sua</span> <span class='ocrx_word' id='word_1_558' title='bbox 2579 4851 2635 4903; x_wconf 88' lang='lat' dir='ltr'>et</span> <span class='ocrx_word' id='word_1_559' title='bbox 2662 4848 2875 4905; x_wconf 90' lang='lat' dir='ltr'>virtute</span> <span class='ocrx_word' id='word_1_560' title='bbox 2905 4852 2958 4904; x_wconf 89' lang='lat' dir='ltr'>et</span> <span class='ocrx_word' id='word_1_561' title='bbox 2976 4850 3263 4922; x_wconf 86' lang='lat' dir='ltr'>sapientia</span> <span class='ocrx_word' id='word_1_562' title='bbox 3281 4854 3574 4906; x_wconf 89' lang='lat' dir='ltr'>creaverat</span> 
     </span>
    </p>
   </div>
   <div class='ocr_carea' id='block_1_81' title="bbox 1921 4934 3573 5009">
    <p class='ocr_par' dir='ltr' id='par_1_81' title="bbox 1921 4934 3573 5009">
     <span class='ocr_line' id='line_1_82' title="bbox 1921 4934 3573 5009; baseline 0.001 -18"><span class='ocrx_word' id='word_1_563' title='bbox 1921 4953 1989 4991; x_wconf 85' lang='lat' dir='ltr'>ex</span> <span class='ocrx_word' id='word_1_564' title='bbox 2031 4934 2237 4992; x_wconf 89' lang='lat' dir='ltr'>nihilo.</span> <span class='ocrx_word' id='word_1_565' title='bbox 2272 4936 2401 4991; x_wconf 60' lang='lat' dir='ltr'>Sua;</span> <span class='ocrx_word' id='word_1_566' title='bbox 2431 4935 2613 5009; x_wconf 88' lang='lat' dir='ltr'>igitur</span> <span class='ocrx_word' id='word_1_567' title='bbox 2649 4936 2979 4993; x_wconf 91' lang='lat' dir='ltr'>dilectionis</span> <span class='ocrx_word' id='word_1_568' title='bbox 3025 4937 3396 4994; x_wconf 90' lang='lat' dir='ltr'>dulcedinem</span> <span class='ocrx_word' id='word_1_569' title='bbox 3445 4937 3573 4993; x_wconf 92' lang='lat' dir='ltr'>dul-</span> 
     </span>
    </p>
   </div>
   <div class='ocr_carea' id='block_1_82' title="bbox 1921 5024 3572 5099">
    <p class='ocr_par' dir='ltr' id='par_1_82' title="bbox 1921 5024 3572 5099">
     <span class='ocr_line' id='line_1_83' title="bbox 1921 5024 3572 5099; baseline 0.002 -21"><span class='ocrx_word' id='word_1_570' title='bbox 1921 5024 2145 5080; x_wconf 86' lang='lat' dir='ltr'>cedinis</span> <span class='ocrx_word' id='word_1_571' title='bbox 2183 5025 2643 5093; x_wconf 83' lang='lat' dir='ltr'>exuberantiam,</span> <span class='ocrx_word' id='word_1_572' title='bbox 2678 5026 3067 5083; x_wconf 70' lang='lat' dir='ltr'>exuberantia:</span> <span class='ocrx_word' id='word_1_573' title='bbox 3100 5025 3572 5099; x_wconf 87' lang='lat' dir='ltr'>magnitudinem</span> 
     </span>
    </p>
   </div>
   <div class='ocr_carea' id='block_1_83' title="bbox 1921 5112 3571 5180">
    <p class='ocr_par' dir='ltr' id='par_1_83' title="bbox 1921 5112 3571 5180">
     <span class='ocr_line' id='line_1_84' title="bbox 1921 5112 3571 5180; baseline 0.001 -11"><span class='ocrx_word' id='word_1_574' title='bbox 1921 5113 2375 5170; x_wconf 89' lang='lat' dir='ltr'>misericorditer</span> <span class='ocrx_word' id='word_1_575' title='bbox 2405 5112 2744 5170; x_wconf 88' lang='lat' dir='ltr'>hominibus</span> <span class='ocrx_word' id='word_1_576' title='bbox 2766 5114 3163 5180; x_wconf 80' lang='lat' dir='ltr'>manifestam,</span> <span class='ocrx_word' id='word_1_577' title='bbox 3191 5114 3291 5171; x_wconf 93' lang='lat' dir='ltr'>Dei</span> <span class='ocrx_word' id='word_1_578' title='bbox 3316 5114 3571 5171; x_wconf 87' lang='lat' dir='ltr'>Verbum</span> 
     </span>
    </p>
   </div>
   <div class='ocr_carea' id='block_1_84' title="bbox 1920 5201 3568 5277">
    <p class='ocr_par' dir='ltr' id='par_1_84' title="bbox 1920 5201 3568 5277">
     <span class='ocr_line' id='line_1_85' title="bbox 1920 5201 3568 5277; baseline 0.002 -20"><span class='ocrx_word' id='word_1_579' title='bbox 1920 5201 2171 5258; x_wconf 81' lang='lat' dir='ltr'>efficitur</span> <span class='ocrx_word' id='word_1_580' title='bbox 2200 5218 2351 5269; x_wconf 88' lang='lat' dir='ltr'>caro,</span> <span class='ocrx_word' id='word_1_581' title='bbox 2382 5202 2707 5274; x_wconf 85' lang='lat' dir='ltr'>concipitur</span> <span class='ocrx_word' id='word_1_582' title='bbox 2737 5218 2803 5257; x_wconf 84' lang='lat' dir='ltr'>ex</span> <span class='ocrx_word' id='word_1_583' title='bbox 2838 5201 3069 5258; x_wconf 71' lang='lat' dir='ltr'>illibataa</span> <span class='ocrx_word' id='word_1_584' title='bbox 3108 5202 3352 5277; x_wconf 84' lang='lat' dir='ltr'>virginis</span> <span class='ocrx_word' id='word_1_585' title='bbox 3384 5207 3568 5275; x_wconf 88' lang='lat' dir='ltr'>utero,</span> 
     </span>
    </p>
   </div>
   <div class='ocr_carea' id='block_1_85' title="bbox 1919 5290 3570 5363">
    <p class='ocr_par' dir='ltr' id='par_1_85' title="bbox 1919 5290 3570 5363">
     <span class='ocr_line' id='line_1_86' title="bbox 1919 5290 3570 5363; baseline 0.003 -18"><span class='ocrx_word' id='word_1_586' title='bbox 1919 5291 2291 5363; x_wconf 87' lang='lat' dir='ltr'>progreditur</span> <span class='ocrx_word' id='word_1_587' title='bbox 2319 5290 2391 5347; x_wconf 87' lang='lat' dir='ltr'>de</span> <span class='ocrx_word' id='word_1_588' title='bbox 2419 5308 2525 5347; x_wconf 91' lang='lat' dir='ltr'>suo</span> <span class='ocrx_word' id='word_1_589' title='bbox 2560 5290 2840 5357; x_wconf 86' lang='lat' dir='ltr'>thalamo,</span> <span class='ocrx_word' id='word_1_590' title='bbox 2875 5309 2989 5346; x_wconf 90' lang='lat' dir='ltr'>non</span> <span class='ocrx_word' id='word_1_591' title='bbox 3025 5295 3202 5349; x_wconf 87' lang='lat' dir='ltr'>Deum</span> <span class='ocrx_word' id='word_1_592' title='bbox 3229 5297 3570 5350; x_wconf 89' lang='lat' dir='ltr'>convertens</span> 
     </span>
    </p>
   </div>
   <div class='ocr_carea' id='block_1_86' title="bbox 1920 5378 3572 5454">
    <p class='ocr_par' dir='ltr' id='par_1_86' title="bbox 1920 5378 3572 5454">
     <span class='ocr_line' id='line_1_87' title="bbox 1920 5378 3572 5454; baseline 0.004 -20"><span class='ocrx_word' id='word_1_593' title='bbox 1920 5379 1976 5435; x_wconf 90' lang='lat' dir='ltr'>in</span> <span class='ocrx_word' id='word_1_594' title='bbox 2010 5379 2538 5448; x_wconf 89' lang='lat' dir='ltr'>hominem,verum</span> <span class='ocrx_word' id='word_1_595' title='bbox 2561 5378 3026 5437; x_wconf 88' lang='lat' dir='ltr'>incommutabili</span> <span class='ocrx_word' id='word_1_596' title='bbox 3049 5381 3164 5438; x_wconf 88' lang='lat' dir='ltr'>Deo</span> <span class='ocrx_word' id='word_1_597' title='bbox 3191 5381 3572 5454; x_wconf 88' lang='lat' dir='ltr'>personaliter</span> 
     </span>
    </p>
   </div>
   <div class='ocr_carea' id='block_1_87' title="bbox 1919 5470 3567 5543">
    <p class='ocr_par' dir='ltr' id='par_1_87' title="bbox 1919 5470 3567 5543">
     <span class='ocr_line' id='line_1_88' title="bbox 1919 5470 3567 5543; baseline 0.004 -21"><span class='ocrx_word' id='word_1_598' title='bbox 1919 5470 2282 5543; x_wconf 90' lang='lat' dir='ltr'>conjungens</span> <span class='ocrx_word' id='word_1_599' title='bbox 2310 5470 2634 5537; x_wconf 90' lang='lat' dir='ltr'>hominem,</span> <span class='ocrx_word' id='word_1_600' title='bbox 2677 5470 2778 5525; x_wconf 89' lang='lat' dir='ltr'>Dei</span> <span class='ocrx_word' id='word_1_601' title='bbox 2810 5475 2870 5525; x_wconf 92' lang='lat' dir='ltr'>et</span> <span class='ocrx_word' id='word_1_602' title='bbox 2909 5470 3215 5527; x_wconf 89' lang='lat' dir='ltr'>hominum</span> <span class='ocrx_word' id='word_1_603' title='bbox 3248 5470 3567 5543; x_wconf 90' lang='lat' dir='ltr'>benignum</span> 
     </span>
    </p>
   </div>
   <div class='ocr_carea' id='block_1_88' title="bbox 1920 5554 3567 5632">
    <p class='ocr_par' dir='ltr' id='par_1_88' title="bbox 1920 5554 3567 5632">
     <span class='ocr_line' id='line_1_89' title="bbox 1920 5554 3567 5632; baseline 0.003 -20"><span class='ocrx_word' id='word_1_604' title='bbox 1920 5558 2299 5615; x_wconf 88' lang='lat' dir='ltr'>constituens.</span> <span class='ocrx_word' id='word_1_605' title='bbox 2351 5560 2500 5632; x_wconf 89' lang='lat' dir='ltr'>Ergo</span> <span class='ocrx_word' id='word_1_606' title='bbox 2552 5554 2842 5627; x_wconf 88' lang='lat' dir='ltr'>Christus,</span> <span class='ocrx_word' id='word_1_607' title='bbox 2876 5560 3166 5632; x_wconf 88' lang='lat' dir='ltr'>perfectus</span> <span class='ocrx_word' id='word_1_608' title='bbox 3218 5559 3415 5628; x_wconf 91' lang='lat' dir='ltr'>homo,</span> <span class='ocrx_word' id='word_1_609' title='bbox 3448 5577 3567 5617; x_wconf 73' lang='lat' dir='ltr'>sua:</span> 
     </span>
    </p>
   </div>
  </div>
