4000 6168
455 357 572 420 703
1189 361 1378 423 SxEC.
1423 361 1506 423 ΧΙ
1550 361 1782 424 AUCT.
1825 357 2142 422 INCERTI
2185 356 2377 420 ANNI
2421 357 2520 420 ET
2564 357 2870 420 SCRIPT.
2919 363 3141 418 ’AAEzn.
3775 359 3899 420 ’704

455 491 782 569 majestatis
830 491 1148 552 exinanivit
1195 493 1444 552 formam
1495 511 1759 565 suorum,
1803 511 2101 552 servorum
2134 493 2187 560 Α
2289 492 2481 550 CAPUT
2534 508 2781 569 pRIMUu.
2827 523 2896 569 τέ
2940 494 3038 549 Hie
3065 492 3323 569 eaeplieit
3368 505 3539 567 quare
3573 496 3903 552 sanctorum

452 565 645 643 induit
675 590 966 653 naturam,
1010 584 1200 640 induit
1227 585 1654 654 inﬁrmitatem,
1686 591 1980 658 quatenus
2013 603 2100 641 rc-
2294 653 2322 658 ξ
2726 565 2966 658 ῥαδτίίθδῖ
2997 565 3359 658 “dif—09W”-

454 675 1097 733 dimendishominibus
1118 675 1345 731 facilius
1361 653 2099 748 praedicaret—peccatorum
2258 653 2538 748 Pernens
2567 670 2704 748 ergo
2724 653 3720 748 incorfupt8§_Trinitatissublimis
3761 657 3908 713 divi-

451 765 901 838 indulgentiam,
936 762 1296 834 probabilius
1330 765 1602 820 suaderet
1619 766 2016 821 conversionis
2047 770 2089 820 ei

2212 744 2267 799 ni
2281 748 2366 800 Las
2382 761 2500 800 suae
2513 743 2710 816 gratiae
2735 743 3019 816 populum
3043 743 3255 800 divinis
3278 743 3556 801 laudibus
3573 745 3867 802 assistere
3884 809 3899 830 ν

453 832 799 910 reversionis
840 832 1172 921 utilitatem,
1207 870 1457 925 quorum
1502 859 1723 909 naturae
1755 858 1812 910 et
1854 854 2098 909 inﬁrmi-
2211 832 2622 925 ιθφροιτεξιίυω
2655 849 2851 925 rem"?
2904 832 3136 905 ηθεοιία
3182 837 3489 925 contemne
3519 850 3606 925 νέξ
3646 834 3908 925 influant

2211 921 2482 977 aediﬁcari
2515 938 2713 977 sacras
2752 922 2925 989 mdes,
2950 939 3096 994 quas
3116 922 3362 978 terrenis
3393 923 3644 996 negotiis
3674 922 3878 980 claudi

2210 1015 2264 1067 et
2297 1010 2437 1066 solis
2469 1011 2593 1067 suis
2624 1009 3034 1066 laudatoribus
3066 1011 3374 1068 constituit
3425 1011 3658 1084 aperiri.
3687 1013 3892 1072 Edifi-

2210 1104 2418 1155 cantur
2464 1116 2598 1171 ergo
2649 1099 2870 1171 templa
2921 1116 3107 1166 sacra,
3163 1099 3526 1171 templorum
3579 1117 3885 1158 sacrorum

2209 1188 2453 1244 aediﬁcia
2502 1187 2776 1261 gloriosa,
2813 1188 3028 1260 quibus
3077 1187 3475 1245 ecclesiastica
3501 1195 3876 1248 sacramenta

2209 1276 2539 1349 religiosius
2574 1276 2960 1348 celebrentur,
2986 1277 3265 1349 legalium
3287 1277 3720 1349 Scripturarum
3748 1296 3880 1352 my-

2209 1367 2387 1422 steria
2417 1365 2764 1433 revelantur,
2800 1370 3138 1422 sanctorum
3171 1365 3608 1438 Evangeliorum
3633 1372 3874 1424 senteuo

2207 1457 2300 1510 tiae
2331 1455 2650 1512 recitantur
2681 1459 2738 1510 et
2789 1454 3120 1512 audiantur.
3155 1456 3531 1527 Consurgunt
3556 1455 3874 1522 beatorum

2208 1544 2562 1617 pepulerum
2575 1548 2788 1599 sanctae
2803 1543 3056 1600 basilica:
3080 1543 3484 1616 spiritualibus
3503 1542 3713 1602 ofﬁciis
3725 1562 3870 1604 con-

2209 1638 2625 1706 secratae,quas
2642 1633 2860 1690 summi
2879 1631 3253 1705 Imperatoris
3268 1637 3482 1690 interna
3501 1632 3872 1705 providentia

2207 1723 2552 1778 sublimium
2600 1723 2861 1778 virorum
2895 1722 3235 1778 nominibus
3278 1722 3550 1795 insigniri
3580 1739 3647 1778 ac
3677 1722 3865 1780 titulis

2207 1812 2511 1869 constituit
2532 1809 2810 1884 appellari
2834 1827 2846 1866 :
2883 1811 3111 1867 Sanctis
3142 1811 3327 1884 igitur
3350 1810 3616 1868 ecclesiis
3644 1812 3863 1868 sanctis

2206 1901 2549 1957 hominibus
2570 1899 2944 1968 consecratis,
2973 1899 3159 1956 sancti
3181 1899 3450 1957 homines
3471 1905 3789 1957 exorantur
3803 1906 3864 1958 et

2205 1995 2593 2058 venerantur;
2627 1995 2686 2046 et
2715 1989 2877 2045 solus
2903 1990 3058 2045 Deus
3091 1988 3301 2046 colitur
3329 1994 3388 2045 et
3417 1990 3862 2048 adoratur.8u-is

2205 2079 2386 2152 igitur
2414 2079 2557 2136 locis
2587 2083 2695 2134 BB.
2751 2077 3018 2151 apostoli,
3057 2082 3339 2151 martyres
3372 2082 3430 2134 et
3474 2079 3865 2147 confessores,

2204 2187 2430 2225 necnon
2462 2169 2728 2241 gloriosae
2746 2167 3021 2239 virgines,
3048 2183 3185 2224 suas
3208 2166 3482 2224 basilicas
3501 2169 3858 2236 sortiuntur,

2206 2259 2428 2314 sortitis
2461 2261 2918 2325 commorantur,
2953 2256 3170 2328 quibus
3189 2257 3663 2315 concurrentium
3693 2258 3866 2314 devo-

2203 2349 2392 2404 tiones
2423 2347 2733 2419 aspiciant,
2769 2346 3059 2402 orationes
3088 2345 3423 2417 exaudiant,
3450 2345 3755 2419 postulata
3774 2347 3868 2404 be-

2201 2437 2410 2493 neﬁcia
2440 2435 2895 2493 misericorditer
2919 2434 3282 2508 impendant.

2203 2545 2339 2600 CAP.
2371 2545 2438 2600 II.
2467 2576 2534 2584 —
2558 2542 2828 2613 Quomodo
2851 2542 3051 2596 vallem
3073 2544 3494 2598 Fiseannensem
3519 2557 3617 2600 suo
3644 2545 3866 2599 nomini

2625 2613 3050 2671 consecrandam
3077 2615 3238 2686 elegit
3266 2616 3424 2670 Deus.

2273 2705 2639 2762 Constructis
2669 2704 2849 2777 igitur
2878 2706 2936 2758 et
2963 2704 3319 2760 consecratis
3362 2702 3586 2759 sanctis
3611 2718 3864 2760 summae

2201 2795 2540 2851 hominibus
2567 2789 2962 2851 venerationis
2999 2791 3372 2859 habitaculis,
3408 2792 3556 2848 ratio
3583 2792 3865 2865 exigebat

2201 2887 2492 2955 quatenus
2521 2883 2675 2939 trino
2699 2887 2756 2938 et
2785 2880 3042 2950 uniDeo,
3067 2898 3263 2938 rerum
3299 2881 3563 2938 omnium
3595 2880 3864 2939 Creatori

2200 2973 2628 3044 potentissimo,
2683 2972 2907 3028 caeteris
2948 2971 3260 3046 gloriosius
3291 2971 3677 3026 aedificaretur
3703 2974 3863 3028 tem-

2199 3061 2386 3133 plum,
2423 3062 2577 3133 quod
2611 3061 2702 3117 sui
2731 3061 2988 3117 nominis
3006 3059 3185 3134 regali
3207 3059 3508 3132 privilegio
3529 3060 3863 3132 insigniret,

2199 3156 2256 3207 et
2285 3169 2402 3208 suae
2437 3150 2759 3223 singularis
2790 3150 3154 3207 celsitudinis
3195 3148 3504 3221 praesentia
3543 3156 3861 3206 exornaret

449 944 574 1009 tati,
609 943 814 997 divinae
846 941 1234 997 sublimitatis
1267 959 1642 1015 nequaquam
1675 943 2103 1014 dedignabatur

447 1033 573 1103 conj
584 1047 798 1103 ungere
821 1031 1090 1086 formam.
1123 1031 1352 1088 Poterat
1364 1031 1536 1103 plane
1549 1030 1748 1087 multis
1762 1031 1890 1088 aliis
1909 1032 2100 1087 modis

447 1122 722 1177 Satanam
774 1120 1073 1186 damnare,
1137 1137 1276 1175 suas
1319 1121 1772 1193 tergiversantes
1833 1121 2096 1188 insidias,

445 1209 794 1266 insidiantes
843 1209 1281 1281 tergiversutias
1313 1209 1637 1280 excludere,
1673 1213 1773 1265 aut
1804 1211 2100 1283 imperans

445 1302 591 1354 nutu
625 1297 767 1364 solo,
802 1302 903 1352 aut
939 1297 1282 1369 angelorum
1335 1302 1504 1353 utens
1545 1299 1864 1370 obsequio;
1896 1315 2097 1355 verum

443 1385 805 1444 ostendenda
848 1385 1154 1441 videbatur
1202 1386 1544 1442 hominibus
1601 1388 1949 1444 reversiouis
1982 1390 2092 1455 via,

441 1480 732 1548 quatenus
772 1474 1090 1547 potentiam
1140 1477 1489 1548 praecederet
1538 1476 1836 1549 patientia,
1880 1482 1937 1533 et
1997 1495 2097 1551 pa-

443 1565 651 1622 tientia
683 1568 1138 1635 consequeretur
1167 1565 1510 1635 potentiam.

513 1655 780 1710 Clemens
811 1652 988 1725 igitur
1014 1653 1187 1720 Deus,
1222 1658 1446 1710 secreta
1477 1653 1837 1726 providentia
1859 1671 1960 1727 per
1989 1656 2098 1711 ho-

443 1742 662 1798 minem
693 1741 1033 1796 hominibus
1064 1742 1398 1810 consulens,
1434 1744 1503 1799 de
1534 1743 1865 1799 humilitate
1895 1762 2094 1817 super-

441 1831 620 1898 biam,
653 1831 723 1886 de
755 1834 940 1886 morte
971 1830 1272 1886 damnavit
1303 1836 1570 1900 mortem,
1606 1833 1910 1905 originalis
1933 1851 2092 1888 noxae

440 1919 911 1976 maledictionem
930 1919 1300 1988 conculcans,
1328 1937 1486 1976 nova:
1509 1920 1709 1993 gratiae
1742 1923 2095 1978 benedictio-

440 2025 597 2075 nem,
631 2008 720 2063 sui
755 2006 1060 2080 sanguinis
1093 2009 1397 2076 effusione,
1430 2011 1647 2064 renatis
1680 2009 1951 2065 fidelibus
1983 2011 2096 2066 cle-

441 2097 1041 2168 menterimpertiens.
1057 2097 1140 2152 Ad
1155 2097 1329 2154 istius
1343 2097 1956 2171 incomprehensibilis
1973 2117 2099 2171 gra-

438 2189 532 2244 tiae
559 2187 837 2254 solemnis
882 2185 1126 2241 convivii
1149 2188 1581 2257 jucunditatem
1613 2206 1858 2245 summa
1902 2189 2094 2244 Trini-

437 2276 576 2333 tatis
636 2274 947 2331 ineﬂ‘abilis
1010 2275 1341 2348 benignitas
1405 2277 1675 2332 convivas
1735 2279 2090 2345 convocavit,

439 2364 741 2420 convocari
771 2363 1094 2430 constituit,
1125 2381 1377 2435 quorum
1410 2366 1607 2421 avidas
1642 2372 1864 2423 mentes
1892 2368 2094 2424 caeles-

435 2453 594 2510 tibus
625 2451 816 2525 epulis
847 2452 1215 2509 abundanter
1244 2455 1504 2523 satiaret,
1541 2473 1798 2527 suosque
1821 2457 2094 2513 torrentis

435 2541 761 2599 delectabili
792 2541 997 2614 poculo
1029 2542 1339 2598 debriaret.
1374 2544 1720 2617 Diriguntur
1764 2562 1899 2618 ergo
1926 2546 2092 2602 electi

435 2631 708 2704 discipuli
739 2647 842 2703 per
890 2631 1090 2686 orbem
1145 2633 1507 2699 universum,
1540 2633 1793 2689 scelestis
1827 2633 2092 2690 thesauri

434 2721 818 2793 bajulatores,
879 2719 1265 2776 beatitudinis
1330 2722 1568 2777 redditae
1627 2722 2090 2794 annuntiatores,

437 2811 741 2885 promissae
755 2809 953 2882 gratia)
969 2810 1157 2865 nuntii
1177 2809 1398 2866 ﬁdeles.
1424 2811 1741 2867 Praedicatu
1753 2811 2092 2868 rcharitatis

442 2900 735 2966 nimietas,
771 2898 1192 2955 incarnationis
1211 2899 1834 2972 humilitas,passionis
1848 2900 2092 2957 tolerata

440 2988 648 3047 silente
677 2987 1014 3054 crudelitas,
1049 2989 1255 3044 mortis
1289 2992 1559 3062 suscepta
1591 2989 1953 3062 gratulanter
1991 3007 2089 3045 as-

438 3077 678 3151 peritas.
738 3076 1111 3144 Praedicator,
1163 3078 1425 3150 inquam,
1489 3079 1784 3134 conversis
1835 3083 2092 3150 peccato-

441 3167 627 3233 ribus,
684 3168 1058 3238 peccatorum
1137 3167 1394 3238 perfecta
1455 3167 1729 3223 donanda
1797 3168 2084 3236 remissio,

433 3254 643 3313 veteris
675 3254 805 3311 vita;
838 3237 1169 3311 adhibenda
1213 3256 1513 3324 correctio,
1549 3273 1708 3312 ηογερ
1743 3257 1869 3311 vita,
1909 3257 2086 3312 ωάίίῑ-
2120 3239 2164 3307 C
2203 3257 2268 3297 ac
2299 3240 2636 3296 custodiret.
2671 3240 2840 3295 Tanti
2871 3239 3053 3312 igitur
3092 3237 3462 3311 imperatoris
3491 3237 3852 3307 habitacula,

435 3347 622 3402 cauda
635 3345 989 3401 constructio
1007 3362 1020 3413 ;
1038 3344 1413 3416 publicentur
1424 3346 1758 3401 daemonum
1778 3345 2082 3412 falsitates,

435 3432 849 3492 famulantium
914 3434 1281 3489 daemonibus
1339 3435 1767 3492 convincuntur
1838 3452 2080 3491 errores.

435 3523 770 3579 Coelestium
802 3521 1050 3577 nubium
1080 3522 1475 3580 voluntarium
1499 3519 1747 3579 imbrem
1781 3524 2087 3580 miraculo-

435 3628 568 3667 rum
591 3609 945 3665 comitantur
965 3611 1209 3682 copiosaa
1235 3613 1687 3679 coruscationes,
1709 3611 1923 3684 quibus
1945 3613 2084 3668 vali-

436 3700 520 3755 da:
541 3697 880 3754 idololatriae
907 3699 1251 3754 famulantia
1268 3701 1769 3766 comminuuntur,
1783 3705 1840 3757 et
1859 3701 2085 3758 Christo

435 3787 753 3844 militantia
809 3787 983 3843 corda
1031 3789 1500 3858 corroborentur,
1559 3794 1616 3846 et
1681 3790 2082 3846 sublevantur.

437 3876 728 3933 Imbribus
779 3891 914 3948 ergo
964 3876 1214 3932 cmlestis
1247 3878 1465 3950 gratiae,
1517 3879 1698 3935 totius
1729 3879 1935 3934 mundi
1965 3879 2085 3935 cul-

433 3970 568 4022 tura
605 3966 972 4034 fecundatur,
1017 3966 1258 4039 antiqua
1295 3968 1560 4040 veprium
1609 3972 1876 4041 proterva
1919 3985 2083 4041 aspe-

433 4057 578 4112 ritas
625 4055 948 4127 extirpatur
997 4059 1053 4110 et
1096 4054 1444 4128 succiditur;
1503 4056 1644 4113 laetae
1695 4061 2087 4130 prorumpunt

434 4144 648 4217 segetis
709 4145 901 4209 ﬂores,
970 4144 1155 4200 sacris
1221 4144 1581 4218 colliguntur
1644 4145 1841 4203 horeis
1906 4147 2086 4202 beatae

434 4232 680 4290 sationis
756 4236 1060 4288 maturata:
1130 4249 1371 4290 messes.
1447 4235 1760 4290 Promissis
1808 4235 2087 4306 temporis

433 4321 722 4394 completa
769 4321 1092 4393 plenitudo,
1130 4327 1473 4379 cunctarum
1496 4323 1721 4379 deliciis
1751 4323 2087 4380 divitiarum

436 4408 684 4465 cmlestis
736 4410 1087 4465 sacramenti
1132 4411 1371 4482 nuptias
1417 4412 1584 4478 ditat,
1626 4411 1840 4483 quibus
1871 4429 2087 4486 sponso

435 4497 700 4555 omnium
730 4514 928 4554 rerum
960 4499 1340 4570 speciossimo
1380 4499 1660 4556 thalamis
1681 4500 2088 4574 spiritualibus

435 4585 740 4681 copulatur
763 4586 1038 4681 Ecclesia,
1063 4587 1442 4681 immaculata
1463 4588 1638 4681 virgo.
1663 4591 1812 4664 Ergo
1827 4589 2084 4647 invitatze
2115 4614 2162 4681 Β

435 4676 784 4732 conveniunt
813 4680 1154 4732 cunctarum
1185 4679 1446 4751 gentium
1461 4679 1726 4737 nationes
1748 4686 1805 4737 et
1829 4681 2082 4738 caelestis

433 4765 630 4837 sponsi
675 4765 934 4822 convivio
965 4765 1281 4823 concinunt
1318 4767 1569 4824 caelestis
1599 4769 1922 4827 harmoniae
1954 4787 2084 4826 sua-

432 4855 658 4911 vitates.
693 4855 931 4928 Regalia
961 4855 1106 4911 atria
1135 4857 2088 4930 complenturordiuibusdiscum-

434 4944 722 5013 bentium,
757 4961 1009 5017 quorum
1040 4945 1304 5015 intentio,
1353 4949 1629 5020 perennis
1678 4949 1823 5006 aulae
1853 4949 2084 5022 gaudiis

435 5033 774 5099 sublimata,
798 5033 1162 5090 obliviscitur
1183 5037 1592 5109 temporalium
1614 5038 2085 5111 voluptatumJn

433 5124 713 5194 tympano
748 5122 927 5195 igitur
956 5126 1011 5177 et
1043 5123 1238 5192 choro,
1272 5124 1331 5179 in
1364 5125 1588 5182 cithara
1617 5129 1674 5181 et
1707 5126 2000 5198 psalterio,
2026 5126 2085 5181 in

435 5208 669 5266 chordis
695 5216 752 5267 et
775 5227 990 5284 organo
1033 5219 1357 5269 consonant
1382 5213 1642 5271 ccclestes
1675 5215 2082 5288 paranymphi,

437 5311 687 5366 quorum
709 5300 996 5356 continuae
1013 5301 1206 5358 laudis
1225 5302 1523 5358 modulata
1544 5304 1910 5376 symphonia,
1928 5309 2086 5361 totus

437 5391 822 5458 congregatur
878 5391 1161 5460 mundus,
1211 5408 1475 5464 supernae
1524 5391 1694 5448 curiae
1743 5393 2088 5450 conciliat-ur

436 5469 651 5530 chorus
682 5475 1046 5546 angelorum.

2195 3329 2517 3387 Galliarum
2542 3329 2850 3385 maritimae
2886 3330 3031 3384 fines
3049 3328 3364 3401 eliguntur,
3391 3344 3506 3400 qua
3529 3326 3858 3384 Calciacen-

2193 3419 2276 3476 sis
2309 3419 2606 3492 provincia
2621 3418 2937 3490 respiciens
2958 3418 3116 3488 laeva,
3141 3418 3414 3489 Sequana
3435 3419 3564 3472 octo
3585 3415 3856 3474 millibus

2194 3509 2468 3576 distante,
2529 3507 2834 3563 voracitati
2884 3506 3259 3563 occidentalis
3303 3506 3535 3572 Oceani,
3589 3506 3850 3579 quodam

2193 3597 2470 3653 eminenti
2496 3597 2914 3669 promontorio,
2941 3597 3191 3652 duorum
3218 3595 3584 3651 ﬂuviolorum
3616 3595 3860 3669 exponit

2193 3703 2398 3758 aquas.
2432 3684 2516 3741 Ibi
2548 3703 2683 3758 ergo
2726 3684 2962 3758 eligitur
3011 3683 3398 3741 Calciacensis
3424 3683 3731 3756 provinciae
3761 3684 3859 3738 Fi-

2195 3773 2977 3844 scannus,vallismaritima,
2997 3777 3209 3846 qum,et
3223 3773 3501 3829 silvarum
3516 3775 3574 3829 et
3584 3771 3860 3845 veprium

2193 3863 2482 3920 densitate
2504 3864 2772 3930 obscura,
2789 3867 2846 3919 et
2859 3864 3186 3936 ingentium
3204 3861 3662 3935 supereminenti
3679 3860 3863 3918 extol-

2193 3951 2374 4008 lentia
2404 3951 2878 4021 circommunita,
2912 3969 3027 4008 non
3059 3968 3254 4008 rerum
3276 3951 3525 4007 Creatori
3550 3949 3861 4006 habitacu-

2195 4043 2344 4109 lum,
2375 4058 2578 4096 verum
2611 4041 2750 4098 feris
2782 4045 2839 4097 et
2869 4040 3116 4097 marinis
3147 4039 3473 4096 latronibus
3504 4039 3861 4095 credebatur

2195 4131 2448 4202 praebere
2471 4129 2802 4186 latibulum.
2820 4131 2862 4185 Ο
2891 4130 3096 4185 ᾶίνὶῐιᾶ⁵
3112 4129 3439 4199 maiestatis
3456 4126 3857 4184 humilitatem

2196 4217 2540 4275 maximam!
2577 4217 2986 4276 Ohumilitatis
3014 4215 3620 4289 maximaeimaginem
3641 4219 3861 4272 morta-

2193 4308 2352 4365 libus
2382 4309 2852 4381 proponendaml
2891 4325 3007 4365 non
3039 4307 3266 4378 civitas,
3297 4315 3415 4364 non
3459 4321 3596 4378 ager
3623 4303 3850 4371 cultus;

2196 4399 2297 4455 sed
2328 4397 2477 4454 tanti
2508 4397 2666 4456 tituli
2714 4396 2952 4471 speciali
3001 4394 3326 4469 privilegio,
3367 4394 3638 4466 quaedam
3681 4393 3854 4452 vallis

2196 4502 2377 4560 opaca
2405 4490 2463 4544 et
2491 4487 2786 4543 horrenda
2827 4485 3146 4559 insignitur
3187 4484 3532 4543 Fiscannusa
3563 4482 3854 4550 Quaritur

2195 4577 2363 4648 cujus
2424 4575 2793 4633 revelationis
2822 4575 3018 4632 verba
3067 4578 3170 4632 aut
3208 4573 3630 4632 miraculorum
3675 4572 3855 4645 signa

2193 4664 2752 4736 claruerint,quibus
2770 4666 2985 4721 aeterna
2997 4667 3057 4720 et
3069 4661 3572 4720 incommutabilis
3595 4661 3856 4719 Trinitas

2195 4755 2539 4828 praedictum
2570 4753 2763 4810 locum
2794 4770 2900 4810 suo
2941 4753 3188 4828 servitia
3207 4752 3503 4825 segregari
3529 4755 3591 4809 et
3621 4751 3715 4810 sui
3747 4768 3854 4808 no-

2196 4843 2375 4900 minis
2431 4843 2665 4900 oraeulo
2716 4843 3069 4913 judicavcrit
3137 4842 3426 4900 honorari.
3500 4841 3854 4908 Quaestionis

2195 4930 2545 4990 solutionem
2559 4931 2881 5004 praepositae
2903 4932 3108 4988 crebra
3117 4933 3500 5004 antiquorum
3515 4934 3852 4988 nostrorum

2195 5019 2472 5078 relatione
2504 5019 2903 5093 cognovimus,
2937 5020 3352 5094 cognitumque
3385 5019 3532 5092 styli.
3549 5018 3851 5091 sequentis

2196 5109 2499 5182 diligentia
2527 5107 2832 5166 enucleare
2861 5110 3219 5168 curavimus.

2553 5217 2686 5271 CAP.
2723 5217 2822 5273 ΙΙΙ.
2845 5247 2913 5257 —
2943 5219 3017 5273 De
3043 5217 3180 5273 duce
3210 5218 3490 5287 Ansegiso.

2265 5306 2535 5362 Virorum
2566 5306 2745 5379 igitur
2774 5305 2930 5362 ﬁdeli
2961 5307 3293 5364 narratione
3329 5304 3713 5379 cognovimus
3732 5304 3850 5359 Ané

2195 5396 2455 5469 segisum
2468 5394 2862 5452 ducemGallis
2875 5395 3200 5469 antiquitus
3216 5396 3742 5469 imperasse,quem
3755 5408 3855 5449 no-

2193 5484 2405 5541 bilium
2428 5488 2665 5542 actuum
2680 5485 3001 5541 strenuitas
3012 5485 3292 5557 praeclara
3318 5484 3572 5541 exterius
3601 5481 3854 5547 mundo,

2195 5579 2252 5631 et
2282 5573 2477 5630 multae
2509 5573 2807 5648 religionis
2837 5573 3023 5631 virtus
3043 5573 3258 5647 inclyta
3279 5573 3526 5630 interius
3555 5585 3830 5628 commen

2197 5663 2374 5722 dabat
2401 5664 2534 5724 Deo.
2572 5663 2962 5723 Barbarorum
2985 5664 3204 5738 quippe
3252 5664 3407 5724 acies
3437 5660 3763 5730 horrendas
3794 5665 3853 5718 et
