4000 6168
98 302 223 366 705

1284 310 1724 373 ANONYMUS
1771 310 2361 375 FlSCANNENSIS.

3417 312 3535 372 706

104 433 482 496 ‘ncursiones
506 439 869 497 truculentae
887 439 1092 497 audaci
1115 439 1309 514 gladio
1329 442 1629 499 Gallorum
1643 442 1769 499 ﬁni—
1795 444 1850 511 Α
1881 448 2055 516 atque
2069 444 2344 501 demissis
2367 444 2789 511 cornibus,suo
2809 459 3046 517 genere,
3062 442 3379 515 cujusdam
3394 443 3551 500 beni-

99 528 218 585 bus
236 529 504 597 arcebat,
536 533 612 599 et,
629 530 927 602 subjectae
946 530 1275 603 provincias
1295 547 1436 605 pace
1458 532 1765 589 continens

101 617 635 691 securas,justitia3
665 618 944 676 laudibus
974 621 1426 677 commendabat
1445 624 1503 677 et
1533 637 1766 677 morum

100 708 429 765 sanctitate
445 709 785 766 exornabat.
808 709 934 766 Non
953 710 1083 782 ejus
1113 710 1434 766 ambitione
1461 727 1569 767 suo
1591 726 1768 783 regno

102 796 438 868 adjacentia
487 814 666 871 regna
717 798 1057 855 marcebant
1086 803 1190 854 aut
1223 801 1641 869 vastabantur;
1673 816 1767 855 ve-

104 902 243 942 rum
269 903 389 944 sua:
410 885 899 945 virtutisconsilio
927 886 1202 960 vigebant
1218 889 1767 961 etpaciticabantur.

102 975 340 1033 Nullius
371 976 626 1033 avaritiae
658 975 1041 1033 clandestinis
1074 977 1340 1034 consiliis
1384 976 1769 1051 provinciales

104 1083 255 1123 suos
280 1064 573 1125 hostiliter
602 1065 985 1138 exspoliabat,
1020 1067 1125 1124 sed
1153 1084 1271 1123 suae
1317 1066 1612 1123 facultatis
1645 1067 1772 1140 opi-

106 1156 225 1212 bus
254 1171 497 1213 suorum
529 1170 839 1228 procerum
871 1154 1103 1212 divitias
1125 1155 1398 1228 regaliter
1427 1155 1767 1229 ampliabat;

104 1257 438 1317 pauperum
467 1260 602 1300 vero
635 1242 993 1316 indigentiae
1049 1244 1508 1301 misericorditer
1537 1248 1770 1301 susten-

106 1332 296 1388 tabat.
328 1332 650 1389 Tantorum
670 1332 850 1406 igitur
864 1332 1203 1389 meritorum
1223 1333 1346 1389 viro
1361 1332 1773 1390 Fiscannensis

104 1419 370 1478 ecclesia
383 1421 586 1494 prima)
598 1420 967 1479 revelationis
981 1428 1332 1495 argumenta
1348 1423 1563 1479 conced
1574 1426 1771 1489 untur,

103 1508 439 1582 primorum
469 1515 955 1584 argumentorum
986 1510 1365 1567 revelationes
1399 1511 1776 1567 manifestan-

104 1603 226 1655 tur.
260 1598 578 1656 Pradictus
591 1600 748 1656 enim
763 1600 881 1659 dux
916 1599 977 1656 in
996 1601 1400 1667 mundo,velut
1429 1604 1591 1657 extra
1604 1616 1774 1656 mun-

107 1688 278 1757 dum,
311 1689 625 1760 cujusdam
654 1689 891 1747 theoriae
939 1691 1346 1763 praerogativa,
1394 1690 1773 1755 constitutus,

109 1793 231 1833 non
261 1778 582 1836 commissa
601 1777 765 1851 regni
790 1778 979 1852 gtoria
991 1780 1359 1852 pascebatur,
1377 1796 1581 1836 verum
1602 1778 1772 1836 cccle-

110 1865 222 1922 stis
251 1865 489 1939 imperii
519 1870 826 1924 manentes
847 1867 1177 1940 opulentias
1196 1868 1610 1937 meditabatur,
1636 1885 1776 1941 qua-

110 1970 249 2011 rum
279 1955 833 2029 dulcedinis-gratia
862 1973 1060 2012 rerum
1089 1957 1501 2029 temporalium
1542 1958 1777 2031 negotia

110 2044 339 2101 invitus
366 2044 677 2113 tractabat,
707 2044 1071 2101 voluntarius
1119 2046 1470 2111 declinabat,
1506 2051 1563 2102 et
1593 2046 1777 2101 multo

110 2134 370 2191 venandi
401 2134 596 2190 studio
627 2151 862 2202 vacans,
887 2133 1171 2190 silvarum
1191 2134 1506 2191 solitudine
1536 2135 1782 2191 deiecta-

114 2223 312 2292 batur,
345 2226 407 2279 et
436 2222 762 2297 frequentis
794 2223 1099 2280 occasione
1127 2210 1348 2280 laboris
1377 2224 1777 2280 exercebatur.

111 2312 400 2376 Quocirca
428 2311 817 2369 Calciacensis
836 2312 1147 2386 provinciae
1168 2316 1394 2384 partem
1418 2311 1779 2368 maritimam

114 2402 553 2474 frequentabat,
581 2418 731 2475 quae,
765 2401 1007 2459 annosis
1032 2401 1375 2459 nemoribus
1407 2402 1668 2475 copiosa,
1691 2401 1783 2456 di-

112 2489 307 2547 versis
338 2490 596 2551 ferarum
626 2491 941 2565 generibus
963 2491 1266 2563 praebebat
1292 2490 1559 2547 latibula.

295 2578 430 2637 CAP.
464 2580 558 2638 IV.
589 2611 658 2623 --υ
679 2582 754 2636 De
780 2582 1073 2636 contractis
1103 2580 1331 2636 canibus
1360 2585 1411 2636 et
1441 2582 1612 2652 equis.

194 2668 466 2734 Quadam
487 2668 773 2741 igiturdie
792 2669 913 2724 dux
937 2668 1280 2741 Ansegisus,
1310 2668 1481 2725 solito
1516 2673 1788 2726 maturus

123 2772 514 2830 consurgens,
538 2774 676 2814 suos
706 2761 1009 2814 venatores
1024 2759 1385 2826 convocavit,
1415 2774 1591 2814 canes
1611 2775 1791 2830 copu-

127 2846 585 2920 lari-disposuit,
620 2846 843 2920 plagas,
875 2847 1167 2905 venabula
1197 2851 1523 2918 caeteraque
1541 2846 1792 2903 venandi

132 2935 635 2997 instrumenta'ad
668 2935 884 2992 saltum
921 2935 1381 3002 Fiscanensium,
1423 2935 1573 2993 imas
1612 2936 1793 2993 valles

133 3029 190 3081 et
220 3024 445 3081 arduos
465 3028 694 3081 montes
711 3025 1060 3096 comportari
1079 3024 1372 3097 praecepit.
1399 3024 1595 3082 Jussis
1616 3025 1799 3098 igitur

132 3113 224 3170 sui
256 3111 487 3169 domini
513 3118 818 3170 venatores
850 3112 1200 3179 obaudiunt,
1232 3130 1407 3171 canes
1448 3118 1790 3181 convocant,

1874 533 2116 606 gnitatis
2146 533 2382 590 vultum
2418 535 2815 607 praetendens,
2851 550 3098 590 securus
3129 549 3268 589 suos
3287 548 3551 605 persecu-

1879 625 2035 679 tores
2111 623 2392 696 respexit.
2475 622 2562 681 Ibi
2621 623 3129 679 circumlatrantes
3189 621 3554 678 innocentem

1877 715 2153 768 nocentes
2187 729 2363 769 canes
2398 712 2541 770 ultio
2573 712 2953 784 consequitur
2983 711 3206 781 divina,
3232 727 3554 783 eorumque

1885 801 2083 856 omnia
2114 803 2317 857 memb
2336 794 2398 857 ra
2415 801 2789 868 contrahens,
2821 804 3166 857 cunctarum
3208 800 3420 858 virium
3452 817 3549 873 pe-

1876 888 2126 945 tulantia
2148 890 2491 947 festinanter
2517 890 2984 964 privat.Videres
3015 889 3165 946 alios
3196 906 3313 946 non
3341 889 3553 954 latrare

1878 978 2144 1046 hiantes;
2205 979 2353 1036 alios
2416 980 2701 1036 emissam
2750 979 3014 1052 linguam
3065 995 3181 1034 non
3231 979 3550 1045 reducere;
3608 972 3621 983 ’

1880 1067 2040 1123 alios
2072 1068 2361 1125 irruentes
2412 1068 2747 1125 immobiles
2785 1084 3104 1124 remanere.
3158 1066 3329 1123 Tanti
3374 1066 3556 1140 igitur

1880 1156 2145 1213 miraculi
2162 1158 2495 1230 spectaculo
2516 1157 3004 1214 conveniuntdux
3034 1161 3089 1213 et
3113 1159 3415 1213 venatores
3433 1156 3552 1212 sui-

1878 1249 1936 1301 et
1967 1247 2111 1318 pede
2143 1247 2476 1319 ﬂagrantes,
2537 1246 2916 1320 cupiditatem
2978 1247 3106 1301 ferre
3145 1244 3302 1301 velut
3351 1248 3551 1323 captis,

1880 1337 2378 1408 congratulantur
2409 1353 2477 1392 ex
2510 1336 2649 1392 imo.
2709 1336 2857 1391 Mira
2889 1334 3017 1390 res!
3069 1334 3372 1406 repentina
3413 1333 3559 1389 ultio

1879 1424 2088 1480 ducem
2114 1442 2293 1497 suosq
2313 1441 2383 1481 ue
2404 1428 2711 1480 venatores
2736 1424 3366 1496 corripuit,eorumque
3384 1439 3559 1495 equo-

1885 1530 2018 1568 rum
2033 1514 2229 1569 omnia
2245 1514 2509 1569 membra
2520 1514 2893 1581 contraxit,et
2908 1529 3120 1568 canum
3144 1511 3552 1579 similitudine,

1883 1602 2123 1658 cunctis
2156 1603 2376 1658 viribus
2408 1602 2773 1675 exspoliavit.
2808 1603 2971 1667 Quod
3005 1600 3273 1658 miraculi
3296 1600 3553 1674 signum,

1883 1694 1983 1747 aut
2014 1690 2535 1763 signimiraculum
2580 1691 2879 1747 maximus
2904 1690 3356 1757 heroscernens,
3378 1689 3560 1748 laten-

1888 1779 2095 1853 tisque
2133 1781 2502 1837 sacramenti
2540 1780 2851 1836 silentium
2902 1778 3117 1835 mentis
3162 1778 3405 1836 vivacite
3452 1794 3556 1834 con

1888 1868 2220 1942 templans:
2258 1892 2286 1920 (ι
2319 1868 2574 1939 Cessate,
2602 1869 2913 1935 exclamat,
2943 1871 3222 1935 cesssate,
3253 1871 3557 1943 venatores

1890 1958 2028 2027 mei,
2050 1975 2161 2013 non
2189 1975 2446 2027 cervum,
2463 1960 2563 2014 sed
2580 1959 2799 2015 summi
2813 1957 2916 2013 Dei
2931 1956 3203 2013 nuntium
3218 1956 3559 2029 agitare,ve1

1889 2047 2202 2119 persequi!
2240 2049 2460 2105 Cervus
2491 2049 2623 2116 iste,
2656 2048 2876 2120 inquit,
2934 2046 3241 2116 candidus,
3292 2045 3561 2118 designat

1890 2136 2061 2193 nobis
2094 2136 2288 2193 locum
2330 2138 2729 2210 propositum,
2764 2142 2818 2191 et
2849 2134 2958 2192 loci
2989 2134 3270 2209 propositi
3303 2133 3560 2207 aliquem

1895 2243 2141 2282 summae
2174 2225 2406 2281 virtutis
2438 2225 2833 2281 habitatorem
2867 2228 2922 2279 et
2948 2229 3281 2296 patronum.
3308 2225 3562 2296 Quapro-

1898 2319 2027 2387 pter
2055 2313 2222 2386 cquis
2242 2313 2458 2370 nostris
2487 2313 2833 2369 festinantes
2848 2312 3202 2383 descendite,
3228 2312 3563 2385 potentissi-

1901 2420 2184 2475 mumque
2216 2403 2599 2475 omniumque
2630 2420 2833 2458 rerum
2873 2407 3201 2458 Creatorem
3255 2400 3560 2457 devotione

1898 2491 2154 2565 supplici
2175 2496 2425 2559 exorate,
2451 2495 2742 2564 quatenus
2760 2491 3102 2564 ignorantiae
3134 2492 3347 2546 nostrae
3370 2489 3558 2546 mani-

1900 2582 2118 2637 festare
2150 2581 2424 2653 dignetur
2454 2597 2582 2652 qum
2596 2584 2769 2637 tantae
2793 2579 3163 2636 formalitatis
3192 2595 3380 2645 cervo,
3409 2576 3562 2634 inso~

1896 2670 2013 2726 litin
2049 2669 2128 2725 rei
2157 2669 2446 2725 evidentia
2494 2669 2812 2742 signiﬁcari
2845 2667 3263 2741 conspicimus.
3306 2668 3560 2724 Descen-

1901 2761 2104 2816 dentes
2134 2758 2337 2832 igitur,
2357 2762 2806 2831 prosternuntur
2820 2755 3275 2825 humilitersolo,
3296 2760 3558 2828 prostra-

1901 2848 2060 2919 tique
2136 2851 2463 2903 reverenter
2531 2845 2867 2919 supplicant
2932 2861 3129 2901 rerum
3201 2843 3563 2901 Dominatori

1903 2934 2329 3009 potentissimo.
2390 2933 2498 2998 Qui
2531 2949 2733 2989 eorum
2779 2933 3111 3004 suspiciens
3167 2930 3558 2997 devotionem,

1904 3024 2208 3098 praesentis
2241 3022 2505 3080 miraculi
2537 3021 3332 3095 patefecitsigniﬁcationem,
3359 3024 3416 3078 et
3435 3021 3563 3078 suis

1907 3114 2074 3186 equis
2096 3117 2153 3169 et
2173 3113 2420 3169 canibus
2433 3110 2686 3167 restituit
2710 3110 3019 3183 pristinam
3053 3110 3389 3165 sanitatem.
3411 3110 3559 3166 Nam

131 3202 422 3260 silvarum
451 3201 704 3260 latebras
726 3204 1037 3274 jussarum
1061 3202 1298 3271 intrant,
1329 3204 1598 3271 tendunt,
1624 3203 1789 3272 retia,
1821 3188 1864 3255 C
1904 3219 2059 3271 cum,
2085 3201 2249 3256 ﬁnita
2278 3201 2559 3267 oratione,
2593 3202 2897 3270 surgerent
2919 3201 2975 3253 et
3005 3198 3202 3254 oculos
3233 3198 3306 3253 ad
3324 3214 3557 3254 cervum

131 3291 425 3350 custodes
452 3289 756 3360 adhibent,
828 3291 1129 3364 explorata
1181 3295 1239 3348 et
1296 3289 1607 3364 implorata
1668 3291 1796 3348 loca

128 3394 381 3438 summa
402 3378 706 3453 diligentia
723 3380 1104 3453 perlustrant.
1131 3381 1395 3436 Tandem
1413 3379 1568 3450 duci,
1600 3384 1657 3436 et
1669 3381 1795 3437 suis

126 3468 530 3538 venatoribus,
551 3480 765 3542 magno
788 3469 986 3527 labore
1015 3469 1270 3526 etmulto
1293 3469 1627 3526 inveniendi
1644 3469 1805 3526 desi-'

131 3559 303 3619 det-ie
324 3556 713 3616 estuantibus
728 3562 785 3613 et
798 3557 1234 3625 anhelantibus,
1252 3559 1412 3614 mirae
1435 3558 1793 3632 magnitudi-

131 3648 225 3705 nis
237 3646 502 3706 occurrit
514 3646 1044 3719 c‘ervus:qui,niveo
1057 3661 1298 3720 corpore
1310 3651 1469 3703 totus
1484 3647 1792 3714 candidus,

135 3733 365 3793 nullius
385 3734 685 3792 varietatis
720 3734 953 3791 macula
983 3734 1479 3808 distinguebatur.
1522 3734 1796 3792 Protinus

133 3823 683 3896 obetupesoentium
731 3828 1075 3881 venatorum
1125 3823 1382 3880 clamore
1431 3825 1706 3893 maxime,
1739 3829 1798 3880 et

132 3912 488 3970 irruentium
518 3928 735 3970 canum
791 3912 1007 3970 latratu
1054 3912 1291 3970 dissono
1337 3913 1616 3970 sublimia
1666 3914 1796 3970 aeris

132 4003 331 4076 spatia
360 4002 693 4075 complentu
704 4020 751 4071 r,
773 4006 832 4058 et
846 4003 1271 4076 respondentes
1286 4002 1605 4071 nemorosi,
1619 4003 1796 4061 colles

134 4091 403 4169 clamore
418 4092 691 4151 feruntur
718 4106 731 4148 :
757 4091 1158 4149 Absolvuntur
1186 4108 1359 4148 canes
1392 4091 1671 4149 omnibus
1700 4109 1796 4150 co-

134 4179 315 4252 pulis,
348 4180 732 4253 dimissisque
743 4179 990 4237 habenis
1004 4180 1145 4237 totis
1157 4180 1383 4238 viribus
1403 4182 1796 4239 admittuntur

132 4269 293 4342 equi.
328 4268 543 4326 Verum
576 4268 877 4341 speciosus
891 4284 1115 4336 cervus,
1145 4269 1532 4342 omnipotenti
1549 4274 1794 4342 patrono

130 4361 322 4425 tutus,
353 4358 833 4431 persequentium
862 4357 1144 4415 saevitiam
1178 4357 1344 4415 facile
1390 4358 1706 4427 illudebat;
1739 4365 1796 4416 et

132 4446 409 4521 opposita
434 4447 585 4505 retia
613 4451 715 4503 aut
746 4446 1096 4515 transilibat,
1131 4452 1235 4504 aut
1263 4446 1355 4503 sui
1385 4446 1662 4504 violentia
1689 4465 1795 4520 pe-

1904 3290 2167 3347 studiose
2196 3290 2562 3356 reducerent,
2594 3304 2799 3344 cervus
2831 3287 3089 3342 demisso
3123 3286 3334 3358 capite,
3368 3286 3439 3340 ad
3474 3287 3561 3340 si-

1906 3379 2297 3435 militudinem
2316 3377 2554 3450 sphaera:
2574 3376 2633 3432 in
2665 3375 2869 3432 eodem
2884 3374 3007 3429 loco
3023 3374 3335 3430 circuitum
3354 3373 3565 3439 edidit,

1904 3466 2521 3525 tacitomotuinnuens
2537 3463 2849 3534 illic,illius
2872 3463 3129 3532 nomine,
3159 3461 3564 3535 aedificandum

1904 3555 2327 3623 habitaculum,
2347 3556 2447 3628 qui
2480 3572 2600 3611 sua:
2616 3553 3056 3627 magnitudinis
3087 3552 3351 3627 potentia
3365 3552 3566 3608 orbem

1905 3645 2342 3703 administraret
2371 3645 2733 3701 universum.
2763 3644 2888 3708 Quo
2909 3641 3054 3698 facto
3079 3658 3284 3698 cervus
3306 3641 3564 3708 evanuit,

1905 3734 2419 3791 circumstantium
2436 3737 2673 3789 notante
2706 3730 2867 3788 nullo
2888 3734 3086 3787 utrum
3103 3747 3342 3787 sursum
3364 3746 3567 3787 ascen-

1906 3825 2075 3895 derit,
2114 3828 2214 3880 aut
2245 3827 2459 3880 terram
2493 3822 2813 3888 intraverit,
2847 3825 2949 3877 aut
2964 3820 3131 3876 aliter
3161 3819 3307 3876 alias
3322 3818 3573 3876 declina-

1903 3913 2067 3971 verit.
2101 3914 2225 3970 Dux
2257 3912 2440 3986 igitur
2469 3911 2795 3979 exsultans,
2827 3908 3247 3982 praesentisque
3295 3907 3569 3964 miraculi

1907 4002 2398 4075 significationem
2421 4016 2800 4072 cognoscens,
2822 3997 3027 4054 divina:
3046 3996 3420 4069 providentia:
3441 4012 3573 4068 gra-

1906 4091 2019 4147 tias
2052 4089 2340 4155 reddidit;
2377 4105 2571 4145 ramos
2619 4089 2894 4145 arborum
2940 4086 3166 4142 concidi
3218 4084 3572 4156 consisaque

1906 4177 2629 4253 prmeepitcomportari,et
2643 4177 2962 4248 quamdam
2977 4173 3232 4231 ecclesiae
3247 4173 3570 4246 imaginem

1902 4269 2224 4326 viminibus
2255 4271 2312 4324 et
2360 4264 2542 4322 ramis
2592 4263 2887 4339 proposito
2941 4264 3101 4320 cervi
3131 4261 3257 4319 loco
3318 4262 3571 4319 festinus

1904 4356 2355 4431 compaginavit,
2382 4354 2747 4411 constituens
2765 4354 2960 4411 animo
2984 4370 3045 4410 se
3075 4350 3370 4409 maturius
3384 4351 3572 4407 aedifi-~

1906 4453 2175 4503 caturum
2206 4444 2282 4501 ibi
2317 4445 2470 4501 trino
2501 4448 2558 4500 et
2590 4443 2692 4499 uni
2711 4443 2827 4500 Deo
2851 4459 3102 4515 operosae
3133 4439 3571 4515 magnitudinis

133 4535 567 4593 ctorisillae’sus
596 4535 971 4592 dissolvebat.
1005 4537 1154 4609 Ergo
1176 4535 1624 4593 frustracanum
1648 4537 1791 4593 inci-
1823 4555 1871 4620 D
1902 4535 2242 4593 oratorium.
2278 4538 2515 4601 Verum,
2549 4532 2663 4589 Deo
2691 4532 2859 4588 aliter
2907 4532 3274 4605 disponente,
3322 4529 3564 4604 regique

132 4628 296 4681 tatur
324 4623 635 4697 sagacitas,
668 4640 1024 4697 equorumve
1054 4624 1379 4682 calcaribus
1391 4625 1609 4681 crebris
1642 4624 1790 4682 velo-

131 4713 289 4770 citas
314 4712 584 4785 exigitur,
618 4718 720 4771 aut
740 4714 978 4771 nimbus
1002 4713 1472 4787 telorumingens
1499 4713 1797 4787 prosequi-

130 4808 255 4861 tur.
285 4804 499 4862 Cervus
529 4804 713 4874 enim,
744 4820 860 4859 non
895 4803 1236 4860 divertendo
1287 4804 1646 4870 discurrens,
1695 4808 1797 4859 aut

132 4891 523 4950 discurrendo
581 4892 897 4964 diverteris,
953 4892 1110 4949 lento
1179 4909 1356 4965 passu
1440 4892 1794 4966 tranquillus

138 4979 474 5050 incedebat,
496 4984 555 5037 et
582 4982 656 5038 ad
686 4980 883 5038 locum
912 4981 1005 5038 sui
1040 4980 1329 5054 propositi
1360 4998 1501 5039 suos
1522 4997 1794 5055 persecu-

133 5073 299 5126 tores
328 5068 581 5126 tideliter
608 5070 955 5129 adducebat.
974 5069 1233 5127 Tandem
1264 5070 1466 5143 itaque
1493 5072 1793 5144 praefatam

135 5160 378 5215 venerat
406 5160 479 5215 ad
508 5158 740 5228 vallem,
793 5160 867 5216 ad
895 5158 1066 5216 vallis
1110 5163 1337 5233 partem
1369 5159 1470 5216 ubi
1499 5163 1715 5217 aeterna
1737 5164 1796 5217 et

137 5246 646 5306 incommutabilis
671 5249 928 5307 Trinitas
944 5250 1202 5306 futuram
1226 5248 1319 5305 sui
1349 5249 1606 5307 nominis
1624 5249 1795 5307 titulo

139 5336 495 5408 disponebat
525 5354 708 5396 aram.
737 5338 882 5396 llluc
910 5338 1095 5413 igitur
1133 5338 1474 5411 perveniens
1509 5340 1793 5410 substitit,

212 5530 301 5611 (22
344 5528 703 5589 Trithemius
750 5531 820 5589 de
876 5529 1099 5661 origine
1158 5535 1214 5588 et
1244 5530 1427 5606 regib.
1485 5533 1795 5605 Francor.;

212 5617 382 5661 mus
432 5602 838 5661 Viterbiensis.
890 5603 970 5661 ibi
1018 5621 1069 5661 .:
1130 5602 1464 5661 Charronus
1494 5605 1554 5661 in
1579 5605 1795 5661 Hister.

142 5602 382 5675 Annius
432 5602 838 5675 Viterbiensis,
890 5602 1069 5675 ibid;
1130 5602 1464 5665 Charronus
1494 5605 1554 5664 in
1579 5602 1797 5668 Hister;

1901 4624 1997 4680 alii
2030 4623 2175 4680 tanti
2202 4623 2396 4694 operis
2427 4620 2677 4694 gloriam
2696 4621 3066 4692 disponente,
3094 4622 3214 4676 dux
3246 4621 3577 4693 Ansegisus

1902 4712 2203 4769 hominem
2234 4710 2410 4777 exuit,
2445 4715 2521 4776 et,
2554 4708 2888 4764 labentibus
2923 4708 3123 4763 multis
3177 4709 3565 4780 temporibus,

1902 4799 2363 4874 prznnominatus
2394 4798 2581 4868 locus,
2610 4796 2871 4852 incultus
2903 4810 3308 4866 perseverans,
3334 4796 3570 4868 ignotus

1903 4892 1961 4944 et
1991 4886 2382 4943 inhonoratus
2413 4885 2648 4941 mansit.

2562 4989 2898 5031 ADNOTATIO.

1978 5066 2145 5133 Quis,
2179 5069 2280 5121 aut
2309 5065 2502 5141 qualis
2531 5064 2853 5141 fuerit_iste_
2874 5059 3386 5141 duxJAnsegisus,
3420 5074 3567 5141 prae-

1909 5139 2027 5212 cise
2062 5132 2176 5194 non
2209 5132 2578 5212 exprimitur,
2616 5134 2731 5191 nisi
2786 5135 2859 5191 ad
2888 5132 3273 5212 'ljrithemium
3320 5132 3571 5212 et‘alios,

1911 5201 2545 5293 priscorumG'allorum
2560 5201 2765 5332 regum
2780 5212 2836 5263 et
2848 5207 3178 5289 principum
3193 5201 3567 5332 genealogias

1911 5281 2324 5332 mterminatas
2379 5277 2578 5332 oculos
2650 5279 2951 5332 etlexeris:
3003 5295 3147 5332 auos
3217 5276 3405 5332 ubens
3438 5289 3566 5332 ner-

1910 5276 2324 5338 interminatus
2379 5277 2578 5334 oculos
2610 5276 2951 5346 deflexeris;
3003 5276 3147 5351 quos
3194 5276 3405 5332 lubens
3438 5289 3566 5351 per-

1906 5359 2143 5410 transeo
2179 5352 2278 5424 (2).
2314 5352 2611 5418 Quantum
2640 5364 2775 5405 vero
2796 5344 3117 5422 spectat’ad
3142 5364 3397 5416 cervum,
3420 5344 3566 5403 miro

1906 5531 2235 5664 ltguliversal.
2267 5530 2416 5590 Gall.
2444 5545 2458 5589 :
2490 5525 2948 5602 Wasseburgius
2977 5526 3039 5584 in
3084 5527 3364 5603 Antiquit.
3417 5523 3563 5587 Gall.

1953 5620 1983 5663 e
2007 5620 2119 5664 mc.

1953 5620 2119 5681 eigic.
3569 5620 3576 5626 '
