  <div class='ocr_page' id='page_1' title='image "/cluster/home/n/w/nwhite01/storage/ocr_20150623/151/hvd.32044054760095/359.png"; bbox 0 0 4000 6168; ppageno 0'>
   <div class='ocr_carea' id='block_1_1' title="bbox 446 186 565 245">
    <p class='ocr_par' dir='ltr' id='par_1_1' title="bbox 446 186 565 245">
     <span class='ocr_line' id='line_1_1' title="bbox 446 186 565 245; baseline 0.017 -2"><span class='ocrx_word' id='word_1_1' title='bbox 446 186 565 245; x_wconf 86' lang='lat'>707</span> 
     </span>
    </p>
   </div>
   <div class='ocr_carea' id='block_1_2' title="bbox 1185 179 3129 248">
    <p class='ocr_par' dir='ltr' id='par_1_2' title="bbox 1185 179 3129 248">
     <span class='ocr_line' id='line_1_2' title="bbox 1185 179 3129 248; baseline -0.001 -2"><span class='ocrx_word' id='word_1_2' title='bbox 1185 186 1371 247; x_wconf 65' lang='lat' dir='ltr'>SEO.</span> <span class='ocrx_word' id='word_1_3' title='bbox 1418 186 1499 247; x_wconf 83' lang='lat' dir='ltr'>XI</span> <span class='ocrx_word' id='word_1_4' title='bbox 1544 184 1776 248; x_wconf 85' lang='lat' dir='ltr'>AUCT.</span> <span class='ocrx_word' id='word_1_5' title='bbox 1821 179 2135 243; x_wconf 82' lang='lat' dir='ltr'>INCERTI</span> <span class='ocrx_word' id='word_1_6' title='bbox 2181 179 2365 243; x_wconf 86' lang='lat' dir='ltr'><strong>ANNI</strong></span> <span class='ocrx_word' id='word_1_7' title='bbox 2410 184 2509 244; x_wconf 83' lang='lat' dir='ltr'>ET</span> <span class='ocrx_word' id='word_1_8' title='bbox 2556 185 2852 248; x_wconf 80' lang='lat' dir='ltr'>SCRIPT.</span> <span class='ocrx_word' id='word_1_9' title='bbox 2904 195 3129 245; x_wconf 63' lang='lat' dir='ltr'>&#39;Amn.</span> 
     </span>
    </p>
   </div>
   <div class='ocr_carea' id='block_1_3' title="bbox 3737 191 3869 251">
    <p class='ocr_par' dir='ltr' id='par_1_3' title="bbox 3737 191 3869 251">
     <span class='ocr_line' id='line_1_3' title="bbox 3737 191 3869 251; baseline 0.015 -2"><span class='ocrx_word' id='word_1_10' title='bbox 3737 191 3869 251; x_wconf 87' lang='lat'>708</span> 
     </span>
    </p>
   </div>
   <div class='ocr_carea' id='block_1_4' title="bbox 443 313 3862 396">
    <p class='ocr_par' dir='ltr' id='par_1_4' title="bbox 443 313 3862 396">
     <span class='ocr_line' id='line_1_4' title="bbox 443 313 3862 396; baseline 0.002 -27"><span class='ocrx_word' id='word_1_11' title='bbox 443 316 831 396; x_wconf 76' lang='lat' dir='ltr'>faeti__ordinc,</span> <span class='ocrx_word' id='word_1_12' title='bbox 863 317 1051 371; x_wconf 90' lang='lat' dir='ltr'>eidem</span> <span class='ocrx_word' id='word_1_13' title='bbox 1083 316 1212 371; x_wconf 83' lang='lat' dir='ltr'>duci</span> <span class='ocrx_word' id='word_1_14' title='bbox 1245 318 1528 396; x_wconf 61' lang='lat' dir='ltr'>Ansegiso</span> <span class='ocrx_word' id='word_1_15' title='bbox 1571 320 1968 396; x_wconf 74' lang='lat' dir='ltr'>apparentem.</span> <span class='ocrx_word' id='word_1_16' title='bbox 2007 313 2081 396; x_wconf 81' lang='lat' dir='ltr'>nil</span> <span class='ocrx_word' id='word_1_17' title='bbox 2120 317 2162 378; x_wconf 72' lang='grc' dir='ltr'><strong>Α</strong></span> <span class='ocrx_word' id='word_1_18' title='bbox 2209 316 2363 368; x_wconf 61' lang='lat' dir='ltr'>linus</span> <span class='ocrx_word' id='word_1_19' title='bbox 2397 319 2567 370; x_wconf 77' lang='lat' dir='ltr'>ardor</span> <span class='ocrx_word' id='word_1_20' title='bbox 2597 318 2837 383; x_wconf 71' lang='lat' dir='ltr'>invasit;</span> <span class='ocrx_word' id='word_1_21' title='bbox 2875 321 3190 392; x_wconf 84' lang='lat' dir='ltr'>qui,totins</span> <span class='ocrx_word' id='word_1_22' title='bbox 3219 320 3475 392; x_wconf 76' lang='lat' dir='ltr'>corporis</span> <span class='ocrx_word' id='word_1_23' title='bbox 3507 339 3862 396; x_wconf 84' lang='lat' dir='ltr'>compagem</span> 
     </span>
    </p>
   </div>
   <div class='ocr_carea' id='block_1_5' title="bbox 438 386 2083 455">
    <p class='ocr_par' dir='ltr' id='par_1_5' title="bbox 438 386 2083 455">
     <span class='ocr_line' id='line_1_5' title="bbox 438 386 2083 455; baseline -0.001 -16"><span class='ocrx_word' id='word_1_24' title='bbox 438 386 765 453; x_wconf 88' lang='lat' dir='ltr'>insolitum,</span> <span class='ocrx_word' id='word_1_25' title='bbox 794 404 896 443; x_wconf 88' lang='lat' dir='ltr'>nec</span> <span class='ocrx_word' id='word_1_26' title='bbox 916 404 1150 455; x_wconf 88' lang='lat' dir='ltr'>novum,</span> <span class='ocrx_word' id='word_1_27' title='bbox 1173 404 1305 443; x_wconf 89' lang='lat' dir='ltr'>cum</span> <span class='ocrx_word' id='word_1_28' title='bbox 1328 390 1433 442; x_wconf 88' lang='lat' dir='ltr'>BB.</span> <span class='ocrx_word' id='word_1_29' title='bbox 1453 388 1779 451; x_wconf 80' lang='lat' dir='ltr'>Eustaeliio,</span> <span class='ocrx_word' id='word_1_30' title='bbox 1807 387 2083 451; x_wconf 79' lang='lat' dir='ltr'>lluberto,</span> 
     </span>
    </p>
   </div>
   <div class='ocr_carea' id='block_1_6' title="bbox 439 457 2090 530">
    <p class='ocr_par' dir='ltr' id='par_1_6' title="bbox 439 457 2090 530">
     <span class='ocr_line' id='line_1_6' title="bbox 439 457 2090 530; baseline -0.002 -16"><span class='ocrx_word' id='word_1_31' title='bbox 439 462 571 526; x_wconf 86' lang='lat' dir='ltr'>etc.,</span> <span class='ocrx_word' id='word_1_32' title='bbox 607 458 928 527; x_wconf 85' lang='lat' dir='ltr'>simillima,</span> <span class='ocrx_word' id='word_1_33' title='bbox 963 458 1080 514; x_wconf 91' lang='lat' dir='ltr'>imo</span> <span class='ocrx_word' id='word_1_34' title='bbox 1123 462 1178 513; x_wconf 91' lang='lat' dir='ltr'>et</span> <span class='ocrx_word' id='word_1_35' title='bbox 1217 457 1387 530; x_wconf 84' lang='lat' dir='ltr'>longe</span> <span class='ocrx_word' id='word_1_36' title='bbox 1440 458 1725 530; x_wconf 88' lang='lat' dir='ltr'>ampliora</span> <span class='ocrx_word' id='word_1_37' title='bbox 1771 457 2090 530; x_wconf 70' lang='lat' dir='ltr'>evenerint.</span> 
     </span>
    </p>
   </div>
   <div class='ocr_carea' id='block_1_7' title="bbox 439 527 2091 602">
    <p class='ocr_par' dir='ltr' id='par_1_7' title="bbox 439 527 2091 602">
     <span class='ocr_line' id='line_1_7' title="bbox 439 527 2091 602; baseline -0.002 -18"><span class='ocrx_word' id='word_1_38' title='bbox 439 531 575 595; x_wconf 74' lang='lat' dir='ltr'>Qua:</span> <span class='ocrx_word' id='word_1_39' title='bbox 600 530 825 587; x_wconf 90' lang='lat' dir='ltr'>erudite</span> <span class='ocrx_word' id='word_1_40' title='bbox 857 531 1098 587; x_wconf 72' lang='lat' dir='ltr'>discutit</span> <span class='ocrx_word' id='word_1_41' title='bbox 1128 548 1192 585; x_wconf 91' lang='lat' dir='ltr'>ac</span> <span class='ocrx_word' id='word_1_42' title='bbox 1220 527 1513 602; x_wconf 77' lang='lat' dir='ltr'>percurrit</span> <span class='ocrx_word' id='word_1_43' title='bbox 1541 527 1798 602; x_wconf 79' lang='lat' dir='ltr'>Joannes</span> <span class='ocrx_word' id='word_1_44' title='bbox 1849 527 2091 602; x_wconf 19' lang='lat' dir='ltr'>,Roberti</span> 
     </span>
    </p>
   </div>
   <div class='ocr_carea' id='block_1_8' title="bbox 441 599 2091 729">
    <p class='ocr_par' dir='ltr' id='par_1_8' title="bbox 441 599 2091 729">
     <span class='ocr_line' id='line_1_8' title="bbox 441 599 2091 729; baseline -0.002 -73"><span class='ocrx_word' id='word_1_45' title='bbox 441 601 707 729; x_wconf 43' lang='lat' dir='ltr'>(3),.kpnst</span> <span class='ocrx_word' id='word_1_46' title='bbox 736 604 794 658; x_wconf 87' lang='lat' dir='ltr'>S.</span> <span class='ocrx_word' id='word_1_47' title='bbox 828 603 1112 659; x_wconf 82' lang='lat' dir='ltr'>Joannem</span> <span class='ocrx_word' id='word_1_48' title='bbox 1148 599 1596 671; x_wconf 82' lang='lat' dir='ltr'>Damascenum,</span> <span class='ocrx_word' id='word_1_49' title='bbox 1623 601 1725 657; x_wconf 88' lang='lat' dir='ltr'>lib.</span> <span class='ocrx_word' id='word_1_50' title='bbox 1760 617 1819 657; x_wconf 78' lang='grc' dir='ltr'>ιιι</span> <span class='ocrx_word' id='word_1_51' title='bbox 1845 601 1924 656; x_wconf 89' lang='lat' dir='ltr'>Dc</span> <span class='ocrx_word' id='word_1_52' title='bbox 1948 599 2091 654; x_wconf 88' lang='lat' dir='ltr'>ima-</span> 
     </span>
     <span class='ocr_line' id='line_1_9' title="bbox 441 689 701 729; baseline 0 0"><span class='ocrx_word' id='word_1_53' title='bbox 441 689 559 729; x_wconf 75' lang='lat' dir='ltr'>EID]</span> <span class='ocrx_word' id='word_1_54' title='bbox 608 691 701 729; x_wconf 90' lang='lat' dir='ltr'>us.</span> 
     </span>
    </p>
   </div>
   <div class='ocr_carea' id='block_1_9' title="bbox 437 689 701 745">
    <p class='ocr_par' dir='ltr' id='par_1_9' title="bbox 437 689 701 745">
     <span class='ocr_line' id='line_1_10' title="bbox 437 689 701 745; baseline 0.015 -18"><span class='ocrx_word' id='word_1_55' title='bbox 437 689 701 745; x_wconf 82' lang='lat' dir='ltr'>ginmus.</span> 
     </span>
    </p>
   </div>
   <div class='ocr_carea' id='block_1_10' title="bbox 437 796 2090 869">
    <p class='ocr_par' dir='ltr' id='par_1_10' title="bbox 437 796 2090 869">
     <span class='ocr_line' id='line_1_11' title="bbox 437 796 2090 869; baseline 0 -18"><span class='ocrx_word' id='word_1_56' title='bbox 437 796 569 853; x_wconf 75' lang='lat' dir='ltr'>CAP.</span> <span class='ocrx_word' id='word_1_57' title='bbox 633 797 697 852; x_wconf 92' lang='lat' dir='ltr'>V.</span> <span class='ocrx_word' id='word_1_58' title='bbox 732 802 799 837; x_wconf 44' lang='lat'><em>4</em></span> <span class='ocrx_word' id='word_1_59' title='bbox 831 800 903 853; x_wconf 81' lang='lat' dir='ltr'>De</span> <span class='ocrx_word' id='word_1_60' title='bbox 950 799 1009 851; x_wconf 82' lang='grc' dir='ltr'>Β.</span> <span class='ocrx_word' id='word_1_61' title='bbox 1054 799 1292 865; x_wconf 81' lang='lat' dir='ltr'>Vaningo</span> <span class='ocrx_word' id='word_1_62' title='bbox 1322 806 1372 853; x_wconf 74' lang='lat' dir='ltr'>rt</span> <span class='ocrx_word' id='word_1_63' title='bbox 1431 797 1694 869; x_wconf 74' lang='lat' dir='ltr'>quomodo</span> <span class='ocrx_word' id='word_1_64' title='bbox 1741 798 1851 869; x_wconf 78' lang='lat' dir='ltr'>fuit</span> <span class='ocrx_word' id='word_1_65' title='bbox 1879 814 1910 851; x_wconf 81' lang='grc' dir='ltr'><strong><em>η</em></strong></span> <span class='ocrx_word' id='word_1_66' title='bbox 1940 796 2090 867; x_wconf 75' lang='lat' dir='ltr'>febre</span> 
     </span>
    </p>
   </div>
   <div class='ocr_carea' id='block_1_11' title="bbox 1110 872 1408 940">
    <p class='ocr_par' dir='ltr' id='par_1_11' title="bbox 1110 872 1408 940">
     <span class='ocr_line' id='line_1_12' title="bbox 1110 872 1408 940; baseline 0 -17"><span class='ocrx_word' id='word_1_67' title='bbox 1110 872 1408 940; x_wconf 76' lang='lat' dir='ltr'>correptus.</span> 
     </span>
    </p>
   </div>
   <div class='ocr_carea' id='block_1_12' title="bbox 504 973 2088 1047">
    <p class='ocr_par' dir='ltr' id='par_1_12' title="bbox 504 973 2088 1047">
     <span class='ocr_line' id='line_1_13' title="bbox 504 973 2088 1047; baseline -0.001 -18"><span class='ocrx_word' id='word_1_68' title='bbox 504 973 821 1029; x_wconf 83' lang='lat' dir='ltr'>Multorum</span> <span class='ocrx_word' id='word_1_69' title='bbox 856 974 1033 1046; x_wconf 89' lang='lat' dir='ltr'>igitur</span> <span class='ocrx_word' id='word_1_70' title='bbox 1064 976 1460 1047; x_wconf 71' lang='lat' dir='ltr'>produxerant</span> <span class='ocrx_word' id='word_1_71' title='bbox 1491 979 1823 1046; x_wconf 78' lang='lat' dir='ltr'>temporum</span> <span class='ocrx_word' id='word_1_72' title='bbox 1855 973 1999 1038; x_wconf 88' lang='lat' dir='ltr'>dies,</span> <span class='ocrx_word' id='word_1_73' title='bbox 2030 977 2088 1028; x_wconf 92' lang='lat' dir='ltr'>et</span> 
     </span>
    </p>
   </div>
   <div class='ocr_carea' id='block_1_13' title="bbox 430 1061 2085 1136">
    <p class='ocr_par' dir='ltr' id='par_1_13' title="bbox 430 1061 2085 1136">
     <span class='ocr_line' id='line_1_14' title="bbox 430 1061 2085 1136; baseline -0.001 -19"><span class='ocrx_word' id='word_1_74' title='bbox 430 1061 1064 1134; x_wconf 86' lang='lat' dir='ltr'>dignusinveniebatur</span> <span class='ocrx_word' id='word_1_75' title='bbox 1090 1063 1292 1118; x_wconf 91' lang='lat' dir='ltr'>nullus</span> <span class='ocrx_word' id='word_1_76' title='bbox 1317 1063 1415 1136; x_wconf 85' lang='lat' dir='ltr'>qui</span> <span class='ocrx_word' id='word_1_77' title='bbox 1431 1067 1531 1119; x_wconf 89' lang='lat' dir='ltr'>aut</span> <span class='ocrx_word' id='word_1_78' title='bbox 1547 1063 1940 1135; x_wconf 85' lang='lat' dir='ltr'>significatum</span> <span class='ocrx_word' id='word_1_79' title='bbox 1962 1079 2085 1117; x_wconf 84' lang='lat' dir='ltr'>ora-</span> 
     </span>
    </p>
   </div>
   <div class='ocr_carea' id='block_1_14' title="bbox 429 1149 2085 1217">
    <p class='ocr_par' dir='ltr' id='par_1_14' title="bbox 429 1149 2085 1217">
     <span class='ocr_line' id='line_1_15' title="bbox 429 1149 2085 1217; baseline -0.001 -12"><span class='ocrx_word' id='word_1_80' title='bbox 429 1149 627 1206; x_wconf 87' lang='lat' dir='ltr'>culum</span> <span class='ocrx_word' id='word_1_81' title='bbox 660 1152 991 1217; x_wconf 70' lang='lat' dir='ltr'>aediﬁcaret,</span> <span class='ocrx_word' id='word_1_82' title='bbox 1027 1156 1128 1207; x_wconf 86' lang='lat' dir='ltr'>aut</span> <span class='ocrx_word' id='word_1_83' title='bbox 1148 1152 1242 1207; x_wconf 90' lang='lat' dir='ltr'>cui</span> <span class='ocrx_word' id='word_1_84' title='bbox 1274 1169 1518 1208; x_wconf 71' lang='lat' dir='ltr'>summa:</span> <span class='ocrx_word' id='word_1_85' title='bbox 1538 1151 1860 1207; x_wconf 64' lang='lat' dir='ltr'>clementiae</span> <span class='ocrx_word' id='word_1_86' title='bbox 1890 1151 2085 1205; x_wconf 82' lang='lat' dir='ltr'>ineffa-</span> 
     </span>
    </p>
   </div>
   <div class='ocr_carea' id='block_1_15' title="bbox 428 1238 2077 1314">
    <p class='ocr_par' dir='ltr' id='par_1_15' title="bbox 428 1238 2077 1314">
     <span class='ocr_line' id='line_1_16' title="bbox 428 1238 2077 1314; baseline 0.001 -21"><span class='ocrx_word' id='word_1_87' title='bbox 428 1238 565 1294; x_wconf 90' lang='lat' dir='ltr'>bilis</span> <span class='ocrx_word' id='word_1_88' title='bbox 596 1240 853 1296; x_wconf 78' lang='lat' dir='ltr'>Trinitas</span> <span class='ocrx_word' id='word_1_89' title='bbox 873 1240 1195 1296; x_wconf 69' lang='lat' dir='ltr'>aedificandi</span> <span class='ocrx_word' id='word_1_90' title='bbox 1227 1240 1714 1314; x_wconf 79' lang='lat' dir='ltr'>signiﬁcationem</span> <span class='ocrx_word' id='word_1_91' title='bbox 1739 1239 2077 1296; x_wconf 72' lang='lat' dir='ltr'>declararet.</span> 
     </span>
    </p>
   </div>
   <div class='ocr_carea' id='block_1_16' title="bbox 426 1328 2082 1402">
    <p class='ocr_par' dir='ltr' id='par_1_16' title="bbox 426 1328 2082 1402">
     <span class='ocr_line' id='line_1_17' title="bbox 426 1328 2082 1402; baseline 0 -19"><span class='ocrx_word' id='word_1_92' title='bbox 426 1329 813 1401; x_wconf 84' lang='lat' dir='ltr'>Exspectabut</span> <span class='ocrx_word' id='word_1_93' title='bbox 842 1329 1000 1384; x_wconf 79' lang='lat' dir='ltr'>enim</span> <span class='ocrx_word' id='word_1_94' title='bbox 1028 1328 1234 1384; x_wconf 71' lang='lat' dir='ltr'>divina:</span> <span class='ocrx_word' id='word_1_95' title='bbox 1271 1328 1643 1402; x_wconf 69' lang='lat' dir='ltr'>providentia:</span> <span class='ocrx_word' id='word_1_96' title='bbox 1681 1328 1963 1384; x_wconf 88' lang='lat' dir='ltr'>celsitudo</span> <span class='ocrx_word' id='word_1_97' title='bbox 1992 1329 2082 1383; x_wconf 80' lang='lat' dir='ltr'>vi-</span> 
     </span>
    </p>
   </div>
   <div class='ocr_carea' id='block_1_17' title="bbox 431 1417 2076 1489">
    <p class='ocr_par' dir='ltr' id='par_1_17' title="bbox 431 1417 2076 1489">
     <span class='ocr_line' id='line_1_18' title="bbox 431 1417 2076 1489; baseline -0.001 -17"><span class='ocrx_word' id='word_1_98' title='bbox 431 1434 586 1483; x_wconf 88' lang='lat' dir='ltr'>rum,</span> <span class='ocrx_word' id='word_1_99' title='bbox 647 1434 846 1489; x_wconf 86' lang='lat' dir='ltr'>quem,</span> <span class='ocrx_word' id='word_1_100' title='bbox 900 1418 1152 1474; x_wconf 84' lang='lat' dir='ltr'>carnalis</span> <span class='ocrx_word' id='word_1_101' title='bbox 1203 1418 1478 1474; x_wconf 83' lang='lat' dir='ltr'>desiderii</span> <span class='ocrx_word' id='word_1_102' title='bbox 1528 1434 1756 1474; x_wconf 82' lang='lat' dir='ltr'>carcere</span> <span class='ocrx_word' id='word_1_103' title='bbox 1804 1417 2076 1485; x_wconf 89' lang='lat' dir='ltr'>liberum,</span> 
     </span>
    </p>
   </div>
   <div class='ocr_carea' id='block_1_18' title="bbox 437 1505 2078 1577">
    <p class='ocr_par' dir='ltr' id='par_1_18' title="bbox 437 1505 2078 1577">
     <span class='ocr_line' id='line_1_19' title="bbox 437 1505 2078 1577; baseline -0.001 -17"><span class='ocrx_word' id='word_1_104' title='bbox 437 1509 640 1562; x_wconf 82' lang='lat' dir='ltr'>sancto</span> <span class='ocrx_word' id='word_1_105' title='bbox 674 1507 913 1577; x_wconf 85' lang='lat' dir='ltr'>Spiritui</span> <span class='ocrx_word' id='word_1_106' title='bbox 950 1514 1316 1562; x_wconf 84' lang='lat' dir='ltr'>consecraret</span> <span class='ocrx_word' id='word_1_107' title='bbox 1345 1511 1401 1562; x_wconf 89' lang='lat' dir='ltr'>et</span> <span class='ocrx_word' id='word_1_108' title='bbox 1430 1507 1749 1563; x_wconf 86' lang='lat' dir='ltr'>custodiret</span> <span class='ocrx_word' id='word_1_109' title='bbox 1794 1505 2078 1577; x_wconf 83' lang='lat' dir='ltr'>templum</span> 
     </span>
    </p>
   </div>
   <div class='ocr_carea' id='block_1_19' title="bbox 428 1592 2079 1667">
    <p class='ocr_par' dir='ltr' id='par_1_19' title="bbox 428 1592 2079 1667">
     <span class='ocr_line' id='line_1_20' title="bbox 428 1592 2079 1667; baseline -0.001 -19"><span class='ocrx_word' id='word_1_110' title='bbox 428 1593 789 1649; x_wconf 83' lang='lat' dir='ltr'>delectabile.</span> <span class='ocrx_word' id='word_1_111' title='bbox 824 1593 1134 1665; x_wconf 89' lang='lat' dir='ltr'>Oportebat</span> <span class='ocrx_word' id='word_1_112' title='bbox 1168 1595 1384 1667; x_wconf 81' lang='lat' dir='ltr'>quippe</span> <span class='ocrx_word' id='word_1_113' title='bbox 1415 1595 1738 1663; x_wconf 82' lang='lat' dir='ltr'>hominem,</span> <span class='ocrx_word' id='word_1_114' title='bbox 1774 1592 2079 1665; x_wconf 89' lang='lat' dir='ltr'>spirituale</span> 
     </span>
    </p>
   </div>
   <div class='ocr_carea' id='block_1_20' title="bbox 425 1681 2161 1755">
    <p class='ocr_par' dir='ltr' id='par_1_20' title="bbox 425 1681 2161 1755">
     <span class='ocr_line' id='line_1_21' title="bbox 425 1681 2161 1755; baseline 0 -20"><span class='ocrx_word' id='word_1_115' title='bbox 425 1681 710 1753; x_wconf 88' lang='lat' dir='ltr'>templum</span> <span class='ocrx_word' id='word_1_116' title='bbox 739 1682 855 1747; x_wconf 91' lang='lat' dir='ltr'>Dei,</span> <span class='ocrx_word' id='word_1_117' title='bbox 888 1684 1175 1738; x_wconf 72' lang='lat' dir='ltr'>mdilicare</span> <span class='ocrx_word' id='word_1_118' title='bbox 1194 1683 1309 1738; x_wconf 87' lang='lat' dir='ltr'>Deo</span> <span class='ocrx_word' id='word_1_119' title='bbox 1335 1683 1631 1755; x_wconf 84' lang='lat' dir='ltr'>corporale</span> <span class='ocrx_word' id='word_1_120' title='bbox 1657 1682 1963 1754; x_wconf 88' lang='lat' dir='ltr'>templum,</span> <span class='ocrx_word' id='word_1_121' title='bbox 1982 1682 2081 1754; x_wconf 88' lang='lat' dir='ltr'>qui</span> <span class='ocrx_word' id='word_1_122' title='bbox 2115 1681 2161 1747; x_wconf 85' lang='grc' dir='ltr'><strong>Β</strong></span> 
     </span>
    </p>
   </div>
   <div class='ocr_carea' id='block_1_21' title="bbox 425 1771 2080 1843">
    <p class='ocr_par' dir='ltr' id='par_1_21' title="bbox 425 1771 2080 1843">
     <span class='ocr_line' id='line_1_22' title="bbox 425 1771 2080 1843; baseline 0 -18"><span class='ocrx_word' id='word_1_123' title='bbox 425 1771 517 1825; x_wconf 82' lang='lat' dir='ltr'>sui</span> <span class='ocrx_word' id='word_1_124' title='bbox 550 1771 843 1826; x_wconf 88' lang='lat' dir='ltr'>interioris</span> <span class='ocrx_word' id='word_1_125' title='bbox 874 1773 1240 1827; x_wconf 86' lang='lat' dir='ltr'>considerata</span> <span class='ocrx_word' id='word_1_126' title='bbox 1268 1772 1522 1843; x_wconf 84' lang='lat' dir='ltr'>imagine</span> <span class='ocrx_word' id='word_1_127' title='bbox 1553 1771 2080 1843; x_wconf 84' lang='lat' dir='ltr'>conciperetquali-</span> 
     </span>
    </p>
   </div>
   <div class='ocr_carea' id='block_1_22' title="bbox 424 1859 2072 1930">
    <p class='ocr_par' dir='ltr' id='par_1_22' title="bbox 424 1859 2072 1930">
     <span class='ocr_line' id='line_1_23' title="bbox 424 1859 2072 1930; baseline 0 -16"><span class='ocrx_word' id='word_1_128' title='bbox 424 1863 513 1914; x_wconf 91' lang='lat' dir='ltr'>ter</span> <span class='ocrx_word' id='word_1_129' title='bbox 541 1859 792 1914; x_wconf 86' lang='lat' dir='ltr'>exterius</span> <span class='ocrx_word' id='word_1_130' title='bbox 826 1877 1019 1915; x_wconf 88' lang='lat' dir='ltr'>rerum</span> <span class='ocrx_word' id='word_1_131' title='bbox 1055 1860 1457 1914; x_wconf 89' lang='lat' dir='ltr'>universarum</span> <span class='ocrx_word' id='word_1_132' title='bbox 1490 1860 1741 1915; x_wconf 76' lang='lat' dir='ltr'>Creatori</span> <span class='ocrx_word' id='word_1_133' title='bbox 1789 1859 2072 1930; x_wconf 79' lang='lat' dir='ltr'>templum</span> 
     </span>
    </p>
   </div>
   <div class='ocr_carea' id='block_1_23' title="bbox 423 1947 2075 2013">
    <p class='ocr_par' dir='ltr' id='par_1_23' title="bbox 423 1947 2075 2013">
     <span class='ocr_line' id='line_1_24' title="bbox 423 1947 2075 2013; baseline -0.001 -11"><span class='ocrx_word' id='word_1_134' title='bbox 423 1947 694 2003; x_wconf 88' lang='lat' dir='ltr'>ordinare</span> <span class='ocrx_word' id='word_1_135' title='bbox 754 1952 810 2001; x_wconf 90' lang='lat' dir='ltr'>et</span> <span class='ocrx_word' id='word_1_136' title='bbox 859 1947 1143 2002; x_wconf 59' lang='lat' dir='ltr'>aedificare</span> <span class='ocrx_word' id='word_1_137' title='bbox 1191 1948 1445 2004; x_wconf 85' lang='lat' dir='ltr'>deberet.</span> <span class='ocrx_word' id='word_1_138' title='bbox 1506 1947 1784 2013; x_wconf 82' lang='lat' dir='ltr'>Quocirca</span> <span class='ocrx_word' id='word_1_139' title='bbox 1840 1947 2075 2001; x_wconf 83' lang='lat' dir='ltr'>tandem</span> 
     </span>
    </p>
   </div>
   <div class='ocr_carea' id='block_1_24' title="bbox 422 2035 2078 2092">
    <p class='ocr_par' dir='ltr' id='par_1_24' title="bbox 422 2035 2078 2092">
     <span class='ocr_line' id='line_1_25' title="bbox 422 2035 2078 2092; baseline 0.001 -1"><span class='ocrx_word' id='word_1_140' title='bbox 422 2039 596 2091; x_wconf 73' lang='lat' dir='ltr'>tantae</span> <span class='ocrx_word' id='word_1_141' title='bbox 623 2035 1059 2092; x_wconf 82' lang='lat' dir='ltr'>deliberationis</span> <span class='ocrx_word' id='word_1_142' title='bbox 1094 2036 1434 2091; x_wconf 60' lang='lat' dir='ltr'>aediﬁcando</span> <span class='ocrx_word' id='word_1_143' title='bbox 1466 2036 1699 2092; x_wconf 90' lang='lat' dir='ltr'>oraculo</span> <span class='ocrx_word' id='word_1_144' title='bbox 1749 2041 1989 2092; x_wconf 86' lang='lat' dir='ltr'>sanctus</span> <span class='ocrx_word' id='word_1_145' title='bbox 2022 2040 2078 2092; x_wconf 91' lang='lat' dir='ltr'>et</span> 
     </span>
    </p>
   </div>
   <div class='ocr_carea' id='block_1_25' title="bbox 421 2123 2075 2196">
    <p class='ocr_par' dir='ltr' id='par_1_25' title="bbox 421 2123 2075 2196">
     <span class='ocr_line' id='line_1_26' title="bbox 421 2123 2075 2196; baseline 0.001 -19"><span class='ocrx_word' id='word_1_146' title='bbox 421 2124 712 2196; x_wconf 90' lang='lat' dir='ltr'>gloriosus</span> <span class='ocrx_word' id='word_1_147' title='bbox 739 2124 1038 2179; x_wconf 78' lang='lat' dir='ltr'>confessor</span> <span class='ocrx_word' id='word_1_148' title='bbox 1080 2125 1381 2196; x_wconf 85' lang='lat' dir='ltr'>Vaningus</span> <span class='ocrx_word' id='word_1_149' title='bbox 1433 2123 1689 2196; x_wconf 87' lang='lat' dir='ltr'>eligitur,</span> <span class='ocrx_word' id='word_1_150' title='bbox 1739 2124 2075 2196; x_wconf 84' lang='lat' dir='ltr'>electusque</span> 
     </span>
    </p>
   </div>
   <div class='ocr_carea' id='block_1_26' title="bbox 421 2204 2072 2282">
    <p class='ocr_par' dir='ltr' id='par_1_26' title="bbox 421 2204 2072 2282">
     <span class='ocr_line' id='line_1_27' title="bbox 421 2204 2072 2282; baseline -0.001 -16"><span class='ocrx_word' id='word_1_151' title='bbox 421 2216 708 2267; x_wconf 89' lang='lat' dir='ltr'>monetur.</span> <span class='ocrx_word' id='word_1_152' title='bbox 747 2204 925 2282; x_wconf 81' lang='lat' dir='ltr'>Cujus</span> <span class='ocrx_word' id='word_1_153' title='bbox 947 2212 1230 2267; x_wconf 87' lang='lat' dir='ltr'>nobilium</span> <span class='ocrx_word' id='word_1_154' title='bbox 1249 2218 1483 2267; x_wconf 88' lang='lat' dir='ltr'>actuum</span> <span class='ocrx_word' id='word_1_155' title='bbox 1498 2212 1901 2268; x_wconf 88' lang='lat' dir='ltr'>excellentiam</span> <span class='ocrx_word' id='word_1_156' title='bbox 1925 2212 2072 2269; x_wconf 85' lang='lat' dir='ltr'>Galli</span> 
     </span>
    </p>
   </div>
   <div class='ocr_carea' id='block_1_27' title="bbox 418 2301 2075 2373">
    <p class='ocr_par' dir='ltr' id='par_1_27' title="bbox 418 2301 2075 2373">
     <span class='ocr_line' id='line_1_28' title="bbox 418 2301 2075 2373; baseline 0 -18"><span class='ocrx_word' id='word_1_157' title='bbox 418 2316 686 2371; x_wconf 87' lang='lat' dir='ltr'>proceres</span> <span class='ocrx_word' id='word_1_158' title='bbox 717 2301 1182 2368; x_wconf 84' lang='lat' dir='ltr'>admirabantur,</span> <span class='ocrx_word' id='word_1_159' title='bbox 1199 2306 1255 2356; x_wconf 88' lang='lat' dir='ltr'>et</span> <span class='ocrx_word' id='word_1_160' title='bbox 1284 2301 1609 2357; x_wconf 81' lang='lat' dir='ltr'>caelestium</span> <span class='ocrx_word' id='word_1_161' title='bbox 1626 2318 1855 2357; x_wconf 89' lang='lat' dir='ltr'>morum</span> <span class='ocrx_word' id='word_1_162' title='bbox 1875 2301 2075 2373; x_wconf 67' lang='lat' dir='ltr'>gratia:</span> 
     </span>
    </p>
   </div>
   <div class='ocr_carea' id='block_1_28' title="bbox 418 2387 2073 2461">
    <p class='ocr_par' dir='ltr' id='par_1_28' title="bbox 418 2387 2073 2461">
     <span class='ocr_line' id='line_1_29' title="bbox 418 2387 2073 2461; baseline 0.001 -18"><span class='ocrx_word' id='word_1_163' title='bbox 418 2387 673 2444; x_wconf 76' lang='lat' dir='ltr'>cmlestis</span> <span class='ocrx_word' id='word_1_164' title='bbox 727 2389 891 2444; x_wconf 89' lang='lat' dir='ltr'>curia</span> <span class='ocrx_word' id='word_1_165' title='bbox 949 2389 1488 2461; x_wconf 84' lang='lat' dir='ltr'>congratulabatur.</span> <span class='ocrx_word' id='word_1_166' title='bbox 1530 2390 1877 2446; x_wconf 89' lang='lat' dir='ltr'>Possidebat</span> <span class='ocrx_word' id='word_1_167' title='bbox 1916 2390 2073 2445; x_wconf 91' lang='lat' dir='ltr'>enim</span> 
     </span>
    </p>
   </div>
   <div class='ocr_carea' id='block_1_29' title="bbox 420 2476 2071 2549">
    <p class='ocr_par' dir='ltr' id='par_1_29' title="bbox 420 2476 2071 2549">
     <span class='ocr_line' id='line_1_30' title="bbox 420 2476 2071 2549; baseline 0 -18"><span class='ocrx_word' id='word_1_168' title='bbox 420 2478 573 2548; x_wconf 91' lang='lat' dir='ltr'>quod</span> <span class='ocrx_word' id='word_1_169' title='bbox 595 2494 708 2532; x_wconf 91' lang='lat' dir='ltr'>non</span> <span class='ocrx_word' id='word_1_170' title='bbox 725 2476 1122 2543; x_wconf 89' lang='lat' dir='ltr'>multi,verum</span> <span class='ocrx_word' id='word_1_171' title='bbox 1139 2478 1347 2532; x_wconf 90' lang='lat' dir='ltr'>divites</span> <span class='ocrx_word' id='word_1_172' title='bbox 1364 2479 1529 2549; x_wconf 89' lang='lat' dir='ltr'>pauci</span> <span class='ocrx_word' id='word_1_173' title='bbox 1546 2479 1845 2549; x_wconf 88' lang='lat' dir='ltr'>possidere</span> <span class='ocrx_word' id='word_1_174' title='bbox 1863 2478 2071 2543; x_wconf 86' lang='lat' dir='ltr'>solent,</span> 
     </span>
    </p>
   </div>
   <div class='ocr_carea' id='block_1_30' title="bbox 417 2566 2072 2638">
    <p class='ocr_par' dir='ltr' id='par_1_30' title="bbox 417 2566 2072 2638">
     <span class='ocr_line' id='line_1_31' title="bbox 417 2566 2072 2638; baseline 0.001 -19"><span class='ocrx_word' id='word_1_175' title='bbox 417 2570 472 2636; x_wconf 73' lang='lat' dir='ltr'>et</span> <span class='ocrx_word' id='word_1_176' title='bbox 485 2570 832 2620; x_wconf 77' lang='lat' dir='ltr'>aeternorum</span> <span class='ocrx_word' id='word_1_177' title='bbox 849 2566 1202 2619; x_wconf 86' lang='lat' dir='ltr'>desiderium</span> <span class='ocrx_word' id='word_1_178' title='bbox 1220 2571 1275 2620; x_wconf 90' lang='lat' dir='ltr'>et</span> <span class='ocrx_word' id='word_1_179' title='bbox 1288 2566 1646 2621; x_wconf 86' lang='lat' dir='ltr'>alfluentiam</span> <span class='ocrx_word' id='word_1_180' title='bbox 1662 2566 2072 2638; x_wconf 85' lang='lat' dir='ltr'>temporalium</span> 
     </span>
    </p>
   </div>
   <div class='ocr_carea' id='block_1_31' title="bbox 418 2653 2071 2725">
    <p class='ocr_par' dir='ltr' id='par_1_31' title="bbox 418 2653 2071 2725">
     <span class='ocr_line' id='line_1_32' title="bbox 418 2653 2071 2725; baseline 0.001 -18"><span class='ocrx_word' id='word_1_181' title='bbox 418 2653 726 2720; x_wconf 90' lang='lat' dir='ltr'>bonorum;</span> <span class='ocrx_word' id='word_1_182' title='bbox 750 2671 998 2725; x_wconf 88' lang='lat' dir='ltr'>quorum</span> <span class='ocrx_word' id='word_1_183' title='bbox 1016 2654 1282 2708; x_wconf 90' lang='lat' dir='ltr'>clementi</span> <span class='ocrx_word' id='word_1_184' title='bbox 1302 2671 1554 2725; x_wconf 81' lang='lat' dir='ltr'>expensa</span> <span class='ocrx_word' id='word_1_185' title='bbox 1568 2653 1863 2708; x_wconf 84' lang='lat' dir='ltr'>nullorum</span> <span class='ocrx_word' id='word_1_186' title='bbox 1889 2654 2071 2725; x_wconf 90' lang='lat' dir='ltr'>respi—</span> 
     </span>
    </p>
   </div>
   <div class='ocr_carea' id='block_1_32' title="bbox 417 2741 2069 2809">
    <p class='ocr_par' dir='ltr' id='par_1_32' title="bbox 417 2741 2069 2809">
     <span class='ocr_line' id='line_1_33' title="bbox 417 2741 2069 2809; baseline 0.001 -14"><span class='ocrx_word' id='word_1_187' title='bbox 417 2741 628 2809; x_wconf 81' lang='lat' dir='ltr'>ciebat,</span> <span class='ocrx_word' id='word_1_188' title='bbox 660 2746 760 2797; x_wconf 86' lang='lat' dir='ltr'>aut</span> <span class='ocrx_word' id='word_1_189' title='bbox 794 2742 1063 2809; x_wconf 85' lang='lat' dir='ltr'>favorem,</span> <span class='ocrx_word' id='word_1_190' title='bbox 1099 2746 1200 2796; x_wconf 89' lang='lat' dir='ltr'>aut</span> <span class='ocrx_word' id='word_1_191' title='bbox 1232 2742 1675 2797; x_wconf 85' lang='lat' dir='ltr'>retributionem</span> <span class='ocrx_word' id='word_1_192' title='bbox 1712 2742 2069 2798; x_wconf 89' lang='lat' dir='ltr'>mortalium.</span> 
     </span>
    </p>
   </div>
   <div class='ocr_carea' id='block_1_33' title="bbox 418 2828 2074 2903">
    <p class='ocr_par' dir='ltr' id='par_1_33' title="bbox 418 2828 2074 2903">
     <span class='ocr_line' id='line_1_34' title="bbox 418 2828 2074 2903; baseline 0.002 -20"><span class='ocrx_word' id='word_1_193' title='bbox 418 2828 652 2884; x_wconf 89' lang='lat' dir='ltr'>Talium</span> <span class='ocrx_word' id='word_1_194' title='bbox 685 2830 863 2902; x_wconf 82' lang='lat' dir='ltr'>igitur</span> <span class='ocrx_word' id='word_1_195' title='bbox 895 2832 1233 2886; x_wconf 85' lang='lat' dir='ltr'>meritorum</span> <span class='ocrx_word' id='word_1_196' title='bbox 1266 2831 1475 2903; x_wconf 87' lang='lat' dir='ltr'>gratia,</span> <span class='ocrx_word' id='word_1_197' title='bbox 1508 2835 1564 2885; x_wconf 86' lang='lat' dir='ltr'>et</span> <span class='ocrx_word' id='word_1_198' title='bbox 1594 2831 1708 2886; x_wconf 89' lang='lat' dir='ltr'>Deo</span> <span class='ocrx_word' id='word_1_199' title='bbox 1741 2832 1986 2896; x_wconf 89' lang='lat' dir='ltr'>amicus,</span> <span class='ocrx_word' id='word_1_200' title='bbox 2016 2838 2074 2886; x_wconf 85' lang='lat' dir='ltr'>et</span> 
     </span>
    </p>
   </div>
   <div class='ocr_carea' id='block_1_34' title="bbox 418 2917 2073 2990">
    <p class='ocr_par' dir='ltr' id='par_1_34' title="bbox 418 2917 2073 2990">
     <span class='ocr_line' id='line_1_35' title="bbox 418 2917 2073 2990; baseline 0.002 -17"><span class='ocrx_word' id='word_1_201' title='bbox 418 2918 639 2973; x_wconf 89' lang='lat' dir='ltr'>mundo</span> <span class='ocrx_word' id='word_1_202' title='bbox 667 2917 861 2973; x_wconf 89' lang='lat' dir='ltr'>clarus</span> <span class='ocrx_word' id='word_1_203' title='bbox 893 2923 947 2974; x_wconf 87' lang='lat' dir='ltr'>et</span> <span class='ocrx_word' id='word_1_204' title='bbox 966 2919 1081 2990; x_wconf 88' lang='lat' dir='ltr'>regi</span> <span class='ocrx_word' id='word_1_205' title='bbox 1102 2919 1374 2974; x_wconf 90' lang='lat' dir='ltr'>Lothario</span> <span class='ocrx_word' id='word_1_206' title='bbox 1402 2918 1734 2976; x_wconf 85' lang='lat' dir='ltr'>habebatur</span> <span class='ocrx_word' id='word_1_207' title='bbox 1768 2920 2073 2976; x_wconf 82' lang='lat' dir='ltr'>familiaris</span> 
     </span>
    </p>
   </div>
   <div class='ocr_carea' id='block_1_35' title="bbox 417 3006 2067 3083">
    <p class='ocr_par' dir='ltr' id='par_1_35' title="bbox 417 3006 2067 3083">
     <span class='ocr_line' id='line_1_36' title="bbox 417 3006 2067 3083; baseline 0.001 -21"><span class='ocrx_word' id='word_1_208' title='bbox 417 3010 474 3062; x_wconf 87' lang='lat' dir='ltr'>et</span> <span class='ocrx_word' id='word_1_209' title='bbox 505 3010 894 3062; x_wconf 88' lang='lat' dir='ltr'>secretaneus.</span> <span class='ocrx_word' id='word_1_210' title='bbox 917 3006 1397 3063; x_wconf 88' lang='lat' dir='ltr'>Lothariusenim</span> <span class='ocrx_word' id='word_1_211' title='bbox 1426 3024 1523 3065; x_wconf 82' lang='lat' dir='ltr'>rex</span> <span class='ocrx_word' id='word_1_212' title='bbox 1552 3012 1615 3063; x_wconf 88' lang='grc' dir='ltr'>Β.</span> <span class='ocrx_word' id='word_1_213' title='bbox 1637 3010 1893 3082; x_wconf 86' lang='lat' dir='ltr'>Vaningo</span> <span class='ocrx_word' id='word_1_214' title='bbox 1907 3011 2067 3083; x_wconf 85' lang='lat' dir='ltr'>regni</span> 
     </span>
    </p>
   </div>
   <div class='ocr_carea' id='block_1_36' title="bbox 417 3094 2070 3168">
    <p class='ocr_par' dir='ltr' id='par_1_36' title="bbox 417 3094 2070 3168">
     <span class='ocr_line' id='line_1_37' title="bbox 417 3094 2070 3168; baseline 0.002 -18"><span class='ocrx_word' id='word_1_215' title='bbox 417 3094 506 3150; x_wconf 88' lang='lat' dir='ltr'>sui</span> <span class='ocrx_word' id='word_1_216' title='bbox 541 3099 765 3168; x_wconf 83' lang='lat' dir='ltr'>partem</span> <span class='ocrx_word' id='word_1_217' title='bbox 782 3095 1096 3151; x_wconf 82' lang='lat' dir='ltr'>maximam</span> <span class='ocrx_word' id='word_1_218' title='bbox 1113 3097 1654 3163; x_wconf 83' lang='lat' dir='ltr'>commendaverat;</span> <span class='ocrx_word' id='word_1_219' title='bbox 1684 3097 2070 3153; x_wconf 72' lang='lat' dir='ltr'>nihilominus</span> 
     </span>
    </p>
   </div>
   <div class='ocr_carea' id='block_1_37' title="bbox 415 3182 2069 3251">
    <p class='ocr_par' dir='ltr' id='par_1_37' title="bbox 415 3182 2069 3251">
     <span class='ocr_line' id='line_1_38' title="bbox 415 3182 2069 3251; baseline 0.002 -13"><span class='ocrx_word' id='word_1_220' title='bbox 415 3182 615 3251; x_wconf 90' lang='lat' dir='ltr'>etiam,</span> <span class='ocrx_word' id='word_1_221' title='bbox 648 3183 707 3238; x_wconf 91' lang='lat' dir='ltr'>in</span> <span class='ocrx_word' id='word_1_222' title='bbox 742 3184 922 3239; x_wconf 89' lang='lat' dir='ltr'>totius</span> <span class='ocrx_word' id='word_1_223' title='bbox 939 3201 1173 3239; x_wconf 90' lang='lat' dir='ltr'>summa</span> <span class='ocrx_word' id='word_1_224' title='bbox 1188 3185 1617 3241; x_wconf 88' lang='lat' dir='ltr'>ordinandavel</span> <span class='ocrx_word' id='word_1_225' title='bbox 1650 3186 2069 3241; x_wconf 86' lang='lat' dir='ltr'>administran-</span> 
     </span>
    </p>
   </div>
   <div class='ocr_carea' id='block_1_38' title="bbox 414 3271 2069 3346">
    <p class='ocr_par' dir='ltr' id='par_1_38' title="bbox 414 3271 2069 3346">
     <span class='ocr_line' id='line_1_39' title="bbox 414 3271 2069 3346; baseline 0.002 -20"><span class='ocrx_word' id='word_1_226' title='bbox 414 3271 507 3339; x_wconf 90' lang='lat' dir='ltr'>da,</span> <span class='ocrx_word' id='word_1_227' title='bbox 543 3272 604 3328; x_wconf 90' lang='lat' dir='ltr'>B.</span> <span class='ocrx_word' id='word_1_228' title='bbox 636 3272 743 3326; x_wconf 90' lang='lat' dir='ltr'>viri</span> <span class='ocrx_word' id='word_1_229' title='bbox 778 3274 1035 3345; x_wconf 88' lang='lat' dir='ltr'>prudens</span> <span class='ocrx_word' id='word_1_230' title='bbox 1066 3273 1376 3329; x_wconf 86' lang='lat' dir='ltr'>consilium</span> <span class='ocrx_word' id='word_1_231' title='bbox 1405 3274 1760 3346; x_wconf 85' lang='lat' dir='ltr'>sequebatur</span> <span class='ocrx_word' id='word_1_232' title='bbox 1788 3279 1845 3329; x_wconf 90' lang='lat' dir='ltr'>et</span> <span class='ocrx_word' id='word_1_233' title='bbox 1878 3275 2069 3329; x_wconf 89' lang='lat' dir='ltr'>audie-</span> 
     </span>
    </p>
   </div>
   <div class='ocr_carea' id='block_1_39' title="bbox 413 3360 2067 3435">
    <p class='ocr_par' dir='ltr' id='par_1_39' title="bbox 413 3360 2067 3435">
     <span class='ocr_line' id='line_1_40' title="bbox 413 3360 2067 3435; baseline 0.003 -22"><span class='ocrx_word' id='word_1_234' title='bbox 413 3360 534 3414; x_wconf 87' lang='lat' dir='ltr'>bat.</span> <span class='ocrx_word' id='word_1_235' title='bbox 568 3360 1109 3427; x_wconf 88' lang='lat' dir='ltr'>Commendaverat,</span> <span class='ocrx_word' id='word_1_236' title='bbox 1141 3363 1404 3432; x_wconf 89' lang='lat' dir='ltr'>inquam,</span> <span class='ocrx_word' id='word_1_237' title='bbox 1440 3363 1501 3417; x_wconf 93' lang='lat' dir='ltr'>B.</span> <span class='ocrx_word' id='word_1_238' title='bbox 1537 3362 1799 3435; x_wconf 82' lang='lat' dir='ltr'>Vaningo</span> <span class='ocrx_word' id='word_1_239' title='bbox 1831 3379 1925 3418; x_wconf 86' lang='lat' dir='ltr'>rex</span> <span class='ocrx_word' id='word_1_240' title='bbox 1961 3364 2067 3418; x_wconf 93' lang='lat' dir='ltr'>Lo-</span> 
     </span>
    </p>
   </div>
   <div class='ocr_carea' id='block_1_40' title="bbox 413 3448 2068 3524">
    <p class='ocr_par' dir='ltr' id='par_1_40' title="bbox 413 3448 2068 3524">
     <span class='ocr_line' id='line_1_41' title="bbox 413 3448 2068 3524; baseline 0.004 -22"><span class='ocrx_word' id='word_1_241' title='bbox 413 3448 641 3504; x_wconf 85' lang='lat' dir='ltr'>tharius</span> <span class='ocrx_word' id='word_1_242' title='bbox 669 3449 1027 3521; x_wconf 75' lang='lat' dir='ltr'>provinciam</span> <span class='ocrx_word' id='word_1_243' title='bbox 1051 3448 1665 3522; x_wconf 68' lang='lat' dir='ltr'>Calciacensem,qute,</span> <span class='ocrx_word' id='word_1_244' title='bbox 1701 3452 1773 3507; x_wconf 87' lang='lat' dir='ltr'>ob</span> <span class='ocrx_word' id='word_1_245' title='bbox 1804 3453 2068 3524; x_wconf 82' lang='lat' dir='ltr'>antiqua~</span> 
     </span>
    </p>
   </div>
   <div class='ocr_carea' id='block_1_41' title="bbox 414 3536 2065 3597">
    <p class='ocr_par' dir='ltr' id='par_1_41' title="bbox 414 3536 2065 3597">
     <span class='ocr_line' id='line_1_42' title="bbox 414 3536 2065 3597; baseline 0.004 -6"><span class='ocrx_word' id='word_1_246' title='bbox 414 3554 545 3592; x_wconf 89' lang='lat' dir='ltr'>rum</span> <span class='ocrx_word' id='word_1_247' title='bbox 577 3536 857 3592; x_wconf 87' lang='lat' dir='ltr'>silvarum</span> <span class='ocrx_word' id='word_1_248' title='bbox 890 3538 1311 3593; x_wconf 84' lang='lat' dir='ltr'>abundantiam</span> <span class='ocrx_word' id='word_1_249' title='bbox 1332 3544 1388 3593; x_wconf 89' lang='lat' dir='ltr'>et</span> <span class='ocrx_word' id='word_1_250' title='bbox 1418 3540 1671 3595; x_wconf 83' lang='lat' dir='ltr'>ferarum</span> <span class='ocrx_word' id='word_1_251' title='bbox 1703 3540 2065 3597; x_wconf 89' lang='lat' dir='ltr'>diversarum</span> 
     </span>
    </p>
   </div>
   <div class='ocr_carea' id='block_1_42' title="bbox 412 3625 2066 3704">
    <p class='ocr_par' dir='ltr' id='par_1_42' title="bbox 412 3625 2066 3704">
     <span class='ocr_line' id='line_1_43' title="bbox 412 3625 2066 3704; baseline 0.004 -26"><span class='ocrx_word' id='word_1_252' title='bbox 412 3625 778 3681; x_wconf 84' lang='lat' dir='ltr'>venationem</span> <span class='ocrx_word' id='word_1_253' title='bbox 805 3626 1156 3696; x_wconf 85' lang='lat' dir='ltr'>jucundam,</span> <span class='ocrx_word' id='word_1_254' title='bbox 1188 3627 1367 3684; x_wconf 88' lang='lat' dir='ltr'>valles</span> <span class='ocrx_word' id='word_1_255' title='bbox 1420 3629 1699 3702; x_wconf 84' lang='lat' dir='ltr'>diligebat</span> <span class='ocrx_word' id='word_1_256' title='bbox 1746 3630 2066 3704; x_wconf 84' lang='lat' dir='ltr'>nullisque,</span> 
     </span>
    </p>
   </div>
   <div class='ocr_carea' id='block_1_43' title="bbox 412 3712 2067 3792">
    <p class='ocr_par' dir='ltr' id='par_1_43' title="bbox 412 3712 2067 3792">
     <span class='ocr_line' id='line_1_44' title="bbox 412 3712 2067 3792; baseline 0.003 -23"><span class='ocrx_word' id='word_1_257' title='bbox 412 3712 527 3769; x_wconf 86' lang='lat' dir='ltr'>nisi</span> <span class='ocrx_word' id='word_1_258' title='bbox 559 3712 832 3769; x_wconf 86' lang='lat' dir='ltr'>familiari</span> <span class='ocrx_word' id='word_1_259' title='bbox 863 3719 922 3769; x_wconf 91' lang='lat' dir='ltr'>et</span> <span class='ocrx_word' id='word_1_260' title='bbox 952 3714 1108 3769; x_wconf 83' lang='lat' dir='ltr'>fideli</span> <span class='ocrx_word' id='word_1_261' title='bbox 1140 3716 1506 3773; x_wconf 87' lang='lat' dir='ltr'>committere</span> <span class='ocrx_word' id='word_1_262' title='bbox 1529 3717 1954 3774; x_wconf 90' lang='lat' dir='ltr'>rationabiliter</span> <span class='ocrx_word' id='word_1_263' title='bbox 1975 3721 2067 3792; x_wconf 89' lang='lat' dir='ltr'>ju-</span> 
     </span>
    </p>
   </div>
   <div class='ocr_carea' id='block_1_44' title="bbox 412 3800 2068 3877">
    <p class='ocr_par' dir='ltr' id='par_1_44' title="bbox 412 3800 2068 3877">
     <span class='ocr_line' id='line_1_45' title="bbox 412 3800 2068 3877; baseline 0.006 -22"><span class='ocrx_word' id='word_1_264' title='bbox 412 3801 665 3857; x_wconf 89' lang='lat' dir='ltr'>dicabat.</span> <span class='ocrx_word' id='word_1_265' title='bbox 699 3800 1247 3877; x_wconf 88' lang='lat' dir='ltr'>Commissasigitur</span> <span class='ocrx_word' id='word_1_266' title='bbox 1262 3803 1438 3861; x_wconf 88' lang='lat' dir='ltr'>silvas</span> <span class='ocrx_word' id='word_1_267' title='bbox 1458 3804 1708 3862; x_wconf 81' lang='lat' dir='ltr'>fideliter</span> <span class='ocrx_word' id='word_1_268' title='bbox 1730 3808 2068 3865; x_wconf 89' lang='lat' dir='ltr'>custodiens</span> 
     </span>
    </p>
   </div>
   <div class='ocr_carea' id='block_1_45' title="bbox 411 3889 2064 3969">
    <p class='ocr_par' dir='ltr' id='par_1_45' title="bbox 411 3889 2064 3969">
     <span class='ocr_line' id='line_1_46' title="bbox 411 3889 2064 3969; baseline 0.004 -24"><span class='ocrx_word' id='word_1_269' title='bbox 411 3895 473 3945; x_wconf 91' lang='lat' dir='ltr'>B.</span> <span class='ocrx_word' id='word_1_270' title='bbox 507 3889 835 3964; x_wconf 87' lang='lat' dir='ltr'>Vaningus,</span> <span class='ocrx_word' id='word_1_271' title='bbox 867 3892 1202 3964; x_wconf 83' lang='lat' dir='ltr'>frequenter</span> <span class='ocrx_word' id='word_1_272' title='bbox 1231 3893 1526 3961; x_wconf 81' lang='lat' dir='ltr'>visitabat,</span> <span class='ocrx_word' id='word_1_273' title='bbox 1559 3895 1850 3951; x_wconf 89' lang='lat' dir='ltr'>visitando</span> <span class='ocrx_word' id='word_1_274' title='bbox 1882 3897 2064 3969; x_wconf 88' lang='lat' dir='ltr'>pellu-</span> 
     </span>
    </p>
   </div>
   <div class='ocr_carea' id='block_1_46' title="bbox 411 3979 2066 4057">
    <p class='ocr_par' dir='ltr' id='par_1_46' title="bbox 411 3979 2066 4057">
     <span class='ocr_line' id='line_1_47' title="bbox 411 3979 2066 4057; baseline 0.004 -24"><span class='ocrx_word' id='word_1_275' title='bbox 411 3979 672 4047; x_wconf 89' lang='lat' dir='ltr'>strabat;</span> <span class='ocrx_word' id='word_1_276' title='bbox 710 3997 822 4036; x_wconf 93' lang='lat' dir='ltr'>non</span> <span class='ocrx_word' id='word_1_277' title='bbox 857 3984 1085 4036; x_wconf 88' lang='lat' dir='ltr'>tantum</span> <span class='ocrx_word' id='word_1_278' title='bbox 1112 3981 1529 4052; x_wconf 90' lang='lat' dir='ltr'>capiendarum</span> <span class='ocrx_word' id='word_1_279' title='bbox 1561 3981 1697 4040; x_wconf 91' lang='lat' dir='ltr'>ludo</span> <span class='ocrx_word' id='word_1_280' title='bbox 1741 3988 1841 4039; x_wconf 92' lang='lat' dir='ltr'>aut</span> <span class='ocrx_word' id='word_1_281' title='bbox 1871 3991 2066 4057; x_wconf 84' lang='lat' dir='ltr'>capta-</span> 
     </span>
    </p>
   </div>
   <div class='ocr_carea' id='block_1_47' title="bbox 412 4067 2065 4144">
    <p class='ocr_par' dir='ltr' id='par_1_47' title="bbox 412 4067 2065 4144">
     <span class='ocr_line' id='line_1_48' title="bbox 412 4067 2065 4144; baseline 0.004 -21"><span class='ocrx_word' id='word_1_282' title='bbox 412 4083 541 4123; x_wconf 89' lang='lat' dir='ltr'>rum</span> <span class='ocrx_word' id='word_1_283' title='bbox 577 4069 831 4124; x_wconf 88' lang='lat' dir='ltr'>ferarum</span> <span class='ocrx_word' id='word_1_284' title='bbox 878 4067 1041 4124; x_wconf 91' lang='lat' dir='ltr'>lucro</span> <span class='ocrx_word' id='word_1_285' title='bbox 1092 4071 1355 4142; x_wconf 86' lang='lat' dir='ltr'>gaudens</span> <span class='ocrx_word' id='word_1_286' title='bbox 1402 4078 1689 4144; x_wconf 92' lang='lat' dir='ltr'>quantum</span> <span class='ocrx_word' id='word_1_287' title='bbox 1743 4074 2065 4130; x_wconf 88' lang='lat' dir='ltr'>carnalium</span> 
     </span>
    </p>
   </div>
   <div class='ocr_carea' id='block_1_48' title="bbox 412 4154 2065 4231">
    <p class='ocr_par' dir='ltr' id='par_1_48' title="bbox 412 4154 2065 4231">
     <span class='ocr_line' id='line_1_49' title="bbox 412 4154 2065 4231; baseline 0.006 -22"><span class='ocrx_word' id='word_1_288' title='bbox 412 4154 777 4211; x_wconf 90' lang='lat' dir='ltr'>tumultuum</span> <span class='ocrx_word' id='word_1_289' title='bbox 794 4156 1292 4229; x_wconf 83' lang='lat' dir='ltr'>refrigerationem</span> <span class='ocrx_word' id='word_1_290' title='bbox 1310 4161 1518 4217; x_wconf 90' lang='lat' dir='ltr'>umbra</span> <span class='ocrx_word' id='word_1_291' title='bbox 1532 4162 1834 4231; x_wconf 87' lang='lat' dir='ltr'>silvarum,</span> <span class='ocrx_word' id='word_1_292' title='bbox 1859 4163 2065 4220; x_wconf 90' lang='lat' dir='ltr'>solitu-</span> 
     </span>
    </p>
   </div>
   <div class='ocr_carea' id='block_1_49' title="bbox 413 4244 2066 4318">
    <p class='ocr_par' dir='ltr' id='par_1_49' title="bbox 413 4244 2066 4318">
     <span class='ocr_line' id='line_1_50' title="bbox 413 4244 2066 4318; baseline 0.005 -20"><span class='ocrx_word' id='word_1_293' title='bbox 413 4244 548 4299; x_wconf 90' lang='lat' dir='ltr'>dine</span> <span class='ocrx_word' id='word_1_294' title='bbox 579 4260 863 4316; x_wconf 69' lang='lat' dir='ltr'>quaerens.</span> <span class='ocrx_word' id='word_1_295' title='bbox 897 4245 1024 4300; x_wconf 89' lang='lat' dir='ltr'>Tali</span> <span class='ocrx_word' id='word_1_296' title='bbox 1056 4247 1252 4318; x_wconf 87' lang='lat' dir='ltr'>itaque</span> <span class='ocrx_word' id='word_1_297' title='bbox 1275 4249 1468 4304; x_wconf 88' lang='lat' dir='ltr'>studio</span> <span class='ocrx_word' id='word_1_298' title='bbox 1499 4250 1923 4307; x_wconf 88' lang='lat' dir='ltr'>commodiores</span> <span class='ocrx_word' id='word_1_299' title='bbox 1948 4252 2066 4307; x_wconf 89' lang='lat' dir='ltr'>Fis-</span> 
     </span>
    </p>
   </div>
   <div class='ocr_carea' id='block_1_50' title="bbox 412 4331 2063 4411">
    <p class='ocr_par' dir='ltr' id='par_1_50' title="bbox 412 4331 2063 4411">
     <span class='ocr_line' id='line_1_51' title="bbox 412 4331 2063 4411; baseline 0.007 -26"><span class='ocrx_word' id='word_1_300' title='bbox 412 4347 736 4387; x_wconf 88' lang='lat' dir='ltr'>cannenses</span> <span class='ocrx_word' id='word_1_301' title='bbox 750 4331 935 4387; x_wconf 85' lang='lat' dir='ltr'>saltus</span> <span class='ocrx_word' id='word_1_302' title='bbox 953 4334 1282 4403; x_wconf 85' lang='lat' dir='ltr'>judicabat,</span> <span class='ocrx_word' id='word_1_303' title='bbox 1300 4337 1622 4407; x_wconf 89' lang='lat' dir='ltr'>judicando</span> <span class='ocrx_word' id='word_1_304' title='bbox 1637 4339 2063 4411; x_wconf 86' lang='lat' dir='ltr'>frequentabat,</span> 
     </span>
    </p>
   </div>
   <div class='ocr_carea' id='block_1_51' title="bbox 2209 403 3865 480">
    <p class='ocr_par' dir='ltr' id='par_1_51' title="bbox 2209 403 3865 480">
     <span class='ocr_line' id='line_1_52' title="bbox 2209 403 3865 480; baseline 0.007 -25"><span class='ocrx_word' id='word_1_305' title='bbox 2209 403 2561 462; x_wconf 49' lang='lat' dir='ltr'>laticiactans</span> <span class='ocrx_word' id='word_1_306' title='bbox 2595 407 2938 480; x_wconf 71' lang='lat' dir='ltr'>cunctiSque</span> <span class='ocrx_word' id='word_1_307' title='bbox 2968 404 3188 465; x_wconf 87' lang='lat' dir='ltr'>viribus</span> <span class='ocrx_word' id='word_1_308' title='bbox 3220 411 3484 466; x_wconf 85' lang='lat' dir='ltr'>membra</span> <span class='ocrx_word' id='word_1_309' title='bbox 3529 413 3730 467; x_wconf 88' lang='lat' dir='ltr'>omnia</span> <span class='ocrx_word' id='word_1_310' title='bbox 3762 412 3865 467; x_wconf 84' lang='lat' dir='ltr'>in-</span> 
     </span>
    </p>
   </div>
   <div class='ocr_carea' id='block_1_52' title="bbox 2202 491 3873 567">
    <p class='ocr_par' dir='ltr' id='par_1_52' title="bbox 2202 491 3873 567">
     <span class='ocr_line' id='line_1_53' title="bbox 2202 491 3873 567; baseline 0.007 -22"><span class='ocrx_word' id='word_1_311' title='bbox 2202 491 2517 550; x_wconf 87' lang='lat' dir='ltr'>clementer</span> <span class='ocrx_word' id='word_1_312' title='bbox 2547 495 2802 567; x_wconf 87' lang='lat' dir='ltr'>privans,</span> <span class='ocrx_word' id='word_1_313' title='bbox 2837 498 3065 553; x_wconf 83' lang='lat' dir='ltr'>auferre</span> <span class='ocrx_word' id='word_1_314' title='bbox 3095 498 3272 554; x_wconf 88' lang='lat' dir='ltr'>vitam</span> <span class='ocrx_word' id='word_1_315' title='bbox 3306 503 3363 554; x_wconf 86' lang='lat' dir='ltr'>et</span> <span class='ocrx_word' id='word_1_316' title='bbox 3393 504 3637 556; x_wconf 90' lang='lat' dir='ltr'>mortem</span> <span class='ocrx_word' id='word_1_317' title='bbox 3668 501 3873 555; x_wconf 80' lang='lat' dir='ltr'>mina-</span> 
     </span>
    </p>
   </div>
   <div class='ocr_carea' id='block_1_53' title="bbox 2201 582 3873 662">
    <p class='ocr_par' dir='ltr' id='par_1_53' title="bbox 2201 582 3873 662">
     <span class='ocr_line' id='line_1_54' title="bbox 2201 582 3873 662; baseline 0.006 -26"><span class='ocrx_word' id='word_1_318' title='bbox 2201 582 2374 637; x_wconf 90' lang='lat' dir='ltr'>batur</span> <span class='ocrx_word' id='word_1_319' title='bbox 2406 584 2678 640; x_wconf 88' lang='lat' dir='ltr'>inducere</span> <span class='ocrx_word' id='word_1_320' title='bbox 2701 591 3067 656; x_wconf 63' lang='lat' dir='ltr'>praesentem.</span> <span class='ocrx_word' id='word_1_321' title='bbox 3104 587 3543 659; x_wconf 88' lang='lat' dir='ltr'>Ingravescente</span> <span class='ocrx_word' id='word_1_322' title='bbox 3573 606 3709 662; x_wconf 88' lang='lat' dir='ltr'>ergo</span> <span class='ocrx_word' id='word_1_323' title='bbox 3732 607 3873 645; x_wconf 90' lang='lat' dir='ltr'>mo-</span> 
     </span>
    </p>
   </div>
   <div class='ocr_carea' id='block_1_54' title="bbox 2198 669 3871 746">
    <p class='ocr_par' dir='ltr' id='par_1_54' title="bbox 2198 669 3871 746">
     <span class='ocr_line' id='line_1_55' title="bbox 2198 669 3871 746; baseline 0.007 -22"><span class='ocrx_word' id='word_1_324' title='bbox 2198 669 2387 738; x_wconf 89' lang='lat' dir='ltr'>lestia,</span> <span class='ocrx_word' id='word_1_325' title='bbox 2422 674 2654 744; x_wconf 88' lang='lat' dir='ltr'>penitus</span> <span class='ocrx_word' id='word_1_326' title='bbox 2686 675 2847 746; x_wconf 85' lang='lat' dir='ltr'>vigor</span> <span class='ocrx_word' id='word_1_327' title='bbox 2873 676 3073 731; x_wconf 86' lang='lat' dir='ltr'>vitalis</span> <span class='ocrx_word' id='word_1_328' title='bbox 3114 676 3503 746; x_wconf 88' lang='lat' dir='ltr'>concluditur,</span> <span class='ocrx_word' id='word_1_329' title='bbox 3539 678 3871 735; x_wconf 82' lang='lat' dir='ltr'>conclusus</span> 
     </span>
    </p>
   </div>
   <div class='ocr_carea' id='block_1_55' title="bbox 2199 760 3866 837">
    <p class='ocr_par' dir='ltr' id='par_1_55' title="bbox 2199 760 3866 837">
     <span class='ocr_line' id='line_1_56' title="bbox 2199 760 3866 837; baseline 0.005 -23"><span class='ocrx_word' id='word_1_330' title='bbox 2199 760 3170 837; x_wconf 86' lang='lat' dir='ltr'>exstinguitur;atqueconsumpto</span> <span class='ocrx_word' id='word_1_331' title='bbox 3201 766 3491 833; x_wconf 82' lang='lat' dir='ltr'>exteriori,</span> <span class='ocrx_word' id='word_1_332' title='bbox 3517 783 3660 823; x_wconf 89' lang='lat' dir='ltr'>suus</span> <span class='ocrx_word' id='word_1_333' title='bbox 3672 766 3866 823; x_wconf 89' lang='lat' dir='ltr'>homo</span> 
     </span>
    </p>
   </div>
   <div class='ocr_carea' id='block_1_56' title="bbox 2197 848 3863 922">
    <p class='ocr_par' dir='ltr' id='par_1_56' title="bbox 2197 848 3863 922">
     <span class='ocr_line' id='line_1_57' title="bbox 2197 848 3863 922; baseline 0.006 -20"><span class='ocrx_word' id='word_1_334' title='bbox 2197 848 2440 904; x_wconf 89' lang='lat' dir='ltr'>interior</span> <span class='ocrx_word' id='word_1_335' title='bbox 2466 850 2522 904; x_wconf 91' lang='lat' dir='ltr'>in</span> <span class='ocrx_word' id='word_1_336' title='bbox 2557 853 2867 922; x_wconf 85' lang='lat' dir='ltr'>cujusdam</span> <span class='ocrx_word' id='word_1_337' title='bbox 2899 853 3115 908; x_wconf 86' lang='lat' dir='ltr'>extasis</span> <span class='ocrx_word' id='word_1_338' title='bbox 3162 854 3546 911; x_wconf 88' lang='lat' dir='ltr'>translatione</span> <span class='ocrx_word' id='word_1_339' title='bbox 3593 857 3863 913; x_wconf 81' lang='lat' dir='ltr'>maxima</span> 
     </span>
    </p>
   </div>
   <div class='ocr_carea' id='block_1_57' title="bbox 2196 940 3859 1016">
    <p class='ocr_par' dir='ltr' id='par_1_57' title="bbox 2196 940 3859 1016">
     <span class='ocr_line' id='line_1_58' title="bbox 2196 940 3859 1016; baseline 0.006 -24"><span class='ocrx_word' id='word_1_340' title='bbox 2196 940 2525 995; x_wconf 80' lang='lat' dir='ltr'>extenditur</span> <span class='ocrx_word' id='word_1_341' title='bbox 2553 944 2610 995; x_wconf 91' lang='lat' dir='ltr'>et</span> <span class='ocrx_word' id='word_1_342' title='bbox 2639 942 2937 997; x_wconf 89' lang='lat' dir='ltr'>indicitur.</span> <span class='ocrx_word' id='word_1_343' title='bbox 2971 942 3306 1008; x_wconf 85' lang='lat' dir='ltr'>Deducitur,</span> <span class='ocrx_word' id='word_1_344' title='bbox 3326 944 3587 1016; x_wconf 89' lang='lat' dir='ltr'>inquam,</span> <span class='ocrx_word' id='word_1_345' title='bbox 3605 951 3859 1003; x_wconf 85' lang='lat' dir='ltr'>sanctus</span> 
     </span>
    </p>
   </div>
   <div class='ocr_carea' id='block_1_58' title="bbox 2195 1028 3852 1105">
    <p class='ocr_par' dir='ltr' id='par_1_58' title="bbox 2195 1028 3852 1105">
     <span class='ocr_line' id='line_1_59' title="bbox 2195 1028 3852 1105; baseline 0.006 -25"><span class='ocrx_word' id='word_1_346' title='bbox 2195 1028 2499 1101; x_wconf 88' lang='lat' dir='ltr'>Vaningus</span> <span class='ocrx_word' id='word_1_347' title='bbox 2529 1030 2600 1084; x_wconf 92' lang='lat' dir='ltr'>ad</span> <span class='ocrx_word' id='word_1_348' title='bbox 2616 1030 2723 1085; x_wconf 90' lang='lat' dir='ltr'>BB.</span> <span class='ocrx_word' id='word_1_349' title='bbox 2742 1030 2999 1086; x_wconf 88' lang='lat' dir='ltr'>virorum</span> <span class='ocrx_word' id='word_1_350' title='bbox 3014 1031 3425 1105; x_wconf 85' lang='lat' dir='ltr'>gloriosaloca,</span> <span class='ocrx_word' id='word_1_351' title='bbox 3458 1039 3517 1089; x_wconf 90' lang='lat' dir='ltr'>et</span> <span class='ocrx_word' id='word_1_352' title='bbox 3537 1034 3852 1091; x_wconf 88' lang='lat' dir='ltr'>hominum</span> 
     </span>
    </p>
   </div>
   <div class='ocr_carea' id='block_1_59' title="bbox 2195 1116 3853 1194">
    <p class='ocr_par' dir='ltr' id='par_1_59' title="bbox 2195 1116 3853 1194">
     <span class='ocr_line' id='line_1_60' title="bbox 2195 1116 3853 1194; baseline 0.006 -24"><span class='ocrx_word' id='word_1_353' title='bbox 2195 1116 2543 1172; x_wconf 90' lang='lat' dir='ltr'>miscrorum</span> <span class='ocrx_word' id='word_1_354' title='bbox 2572 1118 2829 1175; x_wconf 89' lang='lat' dir='ltr'>crudelia</span> <span class='ocrx_word' id='word_1_355' title='bbox 2844 1124 3154 1187; x_wconf 88' lang='lat' dir='ltr'>tormenta;</span> <span class='ocrx_word' id='word_1_356' title='bbox 3173 1121 3272 1176; x_wconf 91' lang='lat' dir='ltr'>ubi</span> <span class='ocrx_word' id='word_1_357' title='bbox 3302 1126 3571 1194; x_wconf 89' lang='lat' dir='ltr'>quantas,</span> <span class='ocrx_word' id='word_1_358' title='bbox 3594 1123 3853 1194; x_wconf 55' lang='lat' dir='ltr'>etjusto.</span> 
     </span>
    </p>
   </div>
   <div class='ocr_carea' id='block_1_60' title="bbox 2193 1208 3849 1281">
    <p class='ocr_par' dir='ltr' id='par_1_60' title="bbox 2193 1208 3849 1281">
     <span class='ocr_line' id='line_1_61' title="bbox 2193 1208 3849 1281; baseline 0.006 -22"><span class='ocrx_word' id='word_1_359' title='bbox 2193 1222 2323 1259; x_wconf 91' lang='lat' dir='ltr'>rum</span> <span class='ocrx_word' id='word_1_360' title='bbox 2357 1222 2601 1262; x_wconf 89' lang='lat' dir='ltr'>coronas</span> <span class='ocrx_word' id='word_1_361' title='bbox 2625 1214 2681 1263; x_wconf 92' lang='lat' dir='ltr'>et</span> <span class='ocrx_word' id='word_1_362' title='bbox 2710 1208 3086 1278; x_wconf 87' lang='lat' dir='ltr'>reproborum</span> <span class='ocrx_word' id='word_1_363' title='bbox 3106 1224 3328 1281; x_wconf 75' lang='lat' dir='ltr'>pmnas,</span> <span class='ocrx_word' id='word_1_364' title='bbox 3358 1212 3622 1268; x_wconf 87' lang='lat' dir='ltr'>reversus</span> <span class='ocrx_word' id='word_1_365' title='bbox 3646 1229 3849 1268; x_wconf 73' lang='lat' dir='ltr'>narra~</span> 
     </span>
    </p>
   </div>
   <div class='ocr_carea' id='block_1_61' title="bbox 2189 1293 3849 1373">
    <p class='ocr_par' dir='ltr' id='par_1_61' title="bbox 2189 1293 3849 1373">
     <span class='ocr_line' id='line_1_62' title="bbox 2189 1293 3849 1373; baseline 0.004 -26"><span class='ocrx_word' id='word_1_366' title='bbox 2189 1293 2291 1362; x_wconf 87' lang='lat' dir='ltr'>vit,</span> <span class='ocrx_word' id='word_1_367' title='bbox 2327 1311 2687 1367; x_wconf 90' lang='lat' dir='ltr'>suorumque</span> <span class='ocrx_word' id='word_1_368' title='bbox 2718 1302 2954 1351; x_wconf 88' lang='lat' dir='ltr'>actuum</span> <span class='ocrx_word' id='word_1_369' title='bbox 2970 1297 3260 1353; x_wconf 89' lang='lat' dir='ltr'>evidentia</span> <span class='ocrx_word' id='word_1_370' title='bbox 3272 1303 3532 1371; x_wconf 88' lang='lat' dir='ltr'>patenter</span> <span class='ocrx_word' id='word_1_371' title='bbox 3550 1300 3849 1373; x_wconf 82' lang='lat' dir='ltr'>exposuit.</span> 
     </span>
    </p>
   </div>
   <div class='ocr_carea' id='block_1_62' title="bbox 2190 1382 3851 1460">
    <p class='ocr_par' dir='ltr' id='par_1_62' title="bbox 2190 1382 3851 1460">
     <span class='ocr_line' id='line_1_63' title="bbox 2190 1382 3851 1460; baseline 0.007 -26"><span class='ocrx_word' id='word_1_372' title='bbox 2190 1382 2347 1439; x_wconf 76' lang='lat' dir='ltr'>Visis</span> <span class='ocrx_word' id='word_1_373' title='bbox 2362 1399 2497 1456; x_wconf 88' lang='lat' dir='ltr'>ergo</span> <span class='ocrx_word' id='word_1_374' title='bbox 2514 1384 2890 1440; x_wconf 88' lang='lat' dir='ltr'>beatitudinis</span> <span class='ocrx_word' id='word_1_375' title='bbox 2907 1391 2962 1440; x_wconf 91' lang='lat' dir='ltr'>et</span> <span class='ocrx_word' id='word_1_376' title='bbox 2975 1385 3052 1441; x_wconf 89' lang='lat' dir='ltr'>mi</span> <span class='ocrx_word' id='word_1_377' title='bbox 3061 1387 3221 1442; x_wconf 67' lang='lat' dir='ltr'>seriae</span> <span class='ocrx_word' id='word_1_378' title='bbox 3236 1388 3530 1459; x_wconf 89' lang='lat' dir='ltr'>perpetuis</span> <span class='ocrx_word' id='word_1_379' title='bbox 3543 1389 3851 1460; x_wconf 89' lang='lat' dir='ltr'>domibus,</span> 
     </span>
    </p>
   </div>
   <div class='ocr_carea' id='block_1_63' title="bbox 2182 1471 3850 1548">
    <p class='ocr_par' dir='ltr' id='par_1_63' title="bbox 2182 1471 3850 1548">
     <span class='ocr_line' id='line_1_64' title="bbox 2182 1471 3850 1548; baseline 0.004 -23"><span class='ocrx_word' id='word_1_380' title='bbox 2182 1471 2368 1541; x_wconf 89' lang='lat' dir='ltr'>judici</span> <span class='ocrx_word' id='word_1_381' title='bbox 2403 1472 2635 1529; x_wconf 90' lang='lat' dir='ltr'>cuidam</span> <span class='ocrx_word' id='word_1_382' title='bbox 2669 1473 2727 1529; x_wconf 86' lang='lat' dir='ltr'>S.</span> <span class='ocrx_word' id='word_1_383' title='bbox 2760 1473 3065 1546; x_wconf 82' lang='lat' dir='ltr'>Vaningus</span> <span class='ocrx_word' id='word_1_384' title='bbox 3096 1479 3501 1546; x_wconf 67' lang='lat' dir='ltr'>przesentatur,</span> <span class='ocrx_word' id='word_1_385' title='bbox 3535 1481 3710 1548; x_wconf 85' lang='lat' dir='ltr'>atque</span> <span class='ocrx_word' id='word_1_386' title='bbox 3748 1495 3850 1534; x_wconf 56' lang='grc' dir='ltr'>εκ-</span> 
     </span>
    </p>
   </div>
   <div class='ocr_carea' id='block_1_64' title="bbox 2188 1560 3849 1635">
    <p class='ocr_par' dir='ltr' id='par_1_64' title="bbox 2188 1560 3849 1635">
     <span class='ocr_line' id='line_1_65' title="bbox 2188 1560 3849 1635; baseline 0.004 -20"><span class='ocrx_word' id='word_1_387' title='bbox 2188 1560 2343 1615; x_wconf 85' lang='lat' dir='ltr'>celso</span> <span class='ocrx_word' id='word_1_388' title='bbox 2376 1578 2493 1616; x_wconf 78' lang='lat' dir='ltr'>suae</span> <span class='ocrx_word' id='word_1_389' title='bbox 2528 1563 2853 1632; x_wconf 78' lang='lat' dir='ltr'>maiestatis</span> <span class='ocrx_word' id='word_1_390' title='bbox 2903 1563 3114 1619; x_wconf 83' lang='lat' dir='ltr'>throno</span> <span class='ocrx_word' id='word_1_391' title='bbox 3162 1564 3474 1635; x_wconf 87' lang='lat' dir='ltr'>deponitur</span> <span class='ocrx_word' id='word_1_392' title='bbox 3502 1569 3560 1621; x_wconf 87' lang='lat' dir='ltr'>et</span> <span class='ocrx_word' id='word_1_393' title='bbox 3589 1564 3849 1621; x_wconf 87' lang='lat' dir='ltr'>colloca-</span> 
     </span>
    </p>
   </div>
   <div class='ocr_carea' id='block_1_65' title="bbox 2190 1648 3844 1724">
    <p class='ocr_par' dir='ltr' id='par_1_65' title="bbox 2190 1648 3844 1724">
     <span class='ocr_line' id='line_1_66' title="bbox 2190 1648 3844 1724; baseline 0.003 -23"><span class='ocrx_word' id='word_1_394' title='bbox 2190 1652 2305 1702; x_wconf 90' lang='lat' dir='ltr'>tur.</span> <span class='ocrx_word' id='word_1_395' title='bbox 2339 1648 2555 1702; x_wconf 86' lang='lat' dir='ltr'>Verum</span> <span class='ocrx_word' id='word_1_396' title='bbox 2585 1666 2719 1703; x_wconf 89' lang='lat' dir='ltr'>eum</span> <span class='ocrx_word' id='word_1_397' title='bbox 2751 1654 2810 1703; x_wconf 89' lang='lat' dir='ltr'>et</span> <span class='ocrx_word' id='word_1_398' title='bbox 2840 1650 2997 1705; x_wconf 87' lang='lat' dir='ltr'>sedis</span> <span class='ocrx_word' id='word_1_399' title='bbox 3044 1649 3620 1723; x_wconf 88' lang='lat' dir='ltr'>ineircumscriptum</span> <span class='ocrx_word' id='word_1_400' title='bbox 3652 1650 3844 1724; x_wconf 79' lang='lat' dir='ltr'>fulgo-</span> 
     </span>
    </p>
   </div>
   <div class='ocr_carea' id='block_1_66' title="bbox 2191 1737 3843 1808">
    <p class='ocr_par' dir='ltr' id='par_1_66' title="bbox 2191 1737 3843 1808">
     <span class='ocr_line' id='line_1_67' title="bbox 2191 1737 3843 1808; baseline 0.002 -17"><span class='ocrx_word' id='word_1_401' title='bbox 2191 1752 2311 1791; x_wconf 90' lang='lat' dir='ltr'>rem</span> <span class='ocrx_word' id='word_1_402' title='bbox 2325 1741 2379 1791; x_wconf 88' lang='lat' dir='ltr'>et</span> <span class='ocrx_word' id='word_1_403' title='bbox 2394 1737 2649 1791; x_wconf 77' lang='lat' dir='ltr'>sedentis</span> <span class='ocrx_word' id='word_1_404' title='bbox 2662 1742 2963 1808; x_wconf 84' lang='lat' dir='ltr'>aspectum</span> <span class='ocrx_word' id='word_1_405' title='bbox 2977 1738 3294 1793; x_wconf 86' lang='lat' dir='ltr'>terribilem</span> <span class='ocrx_word' id='word_1_406' title='bbox 3310 1739 3843 1795; x_wconf 85' lang='lat' dir='ltr'>circumstantium-</span> 
     </span>
    </p>
   </div>
   <div class='ocr_carea' id='block_1_67' title="bbox 2188 1825 3842 1900">
    <p class='ocr_par' dir='ltr' id='par_1_67' title="bbox 2188 1825 3842 1900">
     <span class='ocr_line' id='line_1_68' title="bbox 2188 1825 3842 1900; baseline 0.002 -21"><span class='ocrx_word' id='word_1_407' title='bbox 2188 1843 2300 1896; x_wconf 86' lang='lat' dir='ltr'>que</span> <span class='ocrx_word' id='word_1_408' title='bbox 2334 1826 2703 1880; x_wconf 89' lang='lat' dir='ltr'>innumeram</span> <span class='ocrx_word' id='word_1_409' title='bbox 2746 1825 3185 1881; x_wconf 88' lang='lat' dir='ltr'>multitudinem</span> <span class='ocrx_word' id='word_1_410' title='bbox 3237 1827 3755 1900; x_wconf 85' lang='lat' dir='ltr'>contemplaretur,</span> <span class='ocrx_word' id='word_1_411' title='bbox 3787 1835 3842 1884; x_wconf 91' lang='lat' dir='ltr'>et</span> 
     </span>
    </p>
   </div>
   <div class='ocr_carea' id='block_1_68' title="bbox 2188 1912 3840 1987">
    <p class='ocr_par' dir='ltr' id='par_1_68' title="bbox 2188 1912 3840 1987">
     <span class='ocr_line' id='line_1_69' title="bbox 2188 1912 3840 1987; baseline 0.002 -19"><span class='ocrx_word' id='word_1_412' title='bbox 2188 1912 2589 1985; x_wconf 87' lang='lat' dir='ltr'>contemplans</span> <span class='ocrx_word' id='word_1_413' title='bbox 2615 1918 2951 1978; x_wconf 89' lang='lat' dir='ltr'>terreretur,</span> <span class='ocrx_word' id='word_1_414' title='bbox 2970 1914 3207 1981; x_wconf 90' lang='lat' dir='ltr'>corruit;</span> <span class='ocrx_word' id='word_1_415' title='bbox 3222 1918 3278 1968; x_wconf 89' lang='lat' dir='ltr'>et</span> <span class='ocrx_word' id='word_1_416' title='bbox 3294 1918 3413 1969; x_wconf 87' lang='lat' dir='ltr'>toto</span> <span class='ocrx_word' id='word_1_417' title='bbox 3444 1928 3685 1986; x_wconf 75' lang='lat' dir='ltr'>corpore</span> <span class='ocrx_word' id='word_1_418' title='bbox 3702 1932 3840 1987; x_wconf 90' lang='lat' dir='ltr'>pro-</span> 
     </span>
    </p>
   </div>
   <div class='ocr_carea' id='block_1_69' title="bbox 2187 2001 3843 2075">
    <p class='ocr_par' dir='ltr' id='par_1_69' title="bbox 2187 2001 3843 2075">
     <span class='ocr_line' id='line_1_70' title="bbox 2187 2001 3843 2075; baseline 0.002 -18"><span class='ocrx_word' id='word_1_419' title='bbox 2187 2008 2431 2067; x_wconf 86' lang='lat' dir='ltr'>stratus,</span> <span class='ocrx_word' id='word_1_420' title='bbox 2463 2019 2656 2057; x_wconf 87' lang='lat' dir='ltr'>coram</span> <span class='ocrx_word' id='word_1_421' title='bbox 2688 2001 2915 2057; x_wconf 83' lang='lat' dir='ltr'>Judicis</span> <span class='ocrx_word' id='word_1_422' title='bbox 2948 2002 3255 2075; x_wconf 65' lang='lat' dir='ltr'>prmsentia</span> <span class='ocrx_word' id='word_1_423' title='bbox 3284 2002 3443 2059; x_wconf 90' lang='lat' dir='ltr'>velut</span> <span class='ocrx_word' id='word_1_424' title='bbox 3472 2003 3760 2059; x_wconf 85' lang='lat' dir='ltr'>exanimis</span> <span class='ocrx_word' id='word_1_425' title='bbox 3781 2010 3843 2060; x_wconf 88' lang='lat' dir='ltr'>et</span> 
     </span>
    </p>
   </div>
   <div class='ocr_carea' id='block_1_70' title="bbox 2186 2091 3837 2164">
    <p class='ocr_par' dir='ltr' id='par_1_70' title="bbox 2186 2091 3837 2164">
     <span class='ocr_line' id='line_1_71' title="bbox 2186 2091 3837 2164; baseline 0.001 -18"><span class='ocrx_word' id='word_1_426' title='bbox 2186 2092 2794 2162; x_wconf 88' lang='lat' dir='ltr'>conturbatusjacuit.</span> <span class='ocrx_word' id='word_1_427' title='bbox 2827 2091 2989 2145; x_wconf 89' lang='lat' dir='ltr'>Tunc</span> <span class='ocrx_word' id='word_1_428' title='bbox 3011 2091 3229 2161; x_wconf 86' lang='lat' dir='ltr'>judex:</span> <span class='ocrx_word' id='word_1_429' title='bbox 3271 2092 3590 2159; x_wconf 89' lang='lat' dir='ltr'>Quomodo,</span> <span class='ocrx_word' id='word_1_430' title='bbox 3624 2091 3837 2164; x_wconf 87' lang='lat' dir='ltr'>inquit,</span> 
     </span>
    </p>
   </div>
   <div class='ocr_carea' id='block_1_71' title="bbox 2186 2179 3842 2254">
    <p class='ocr_par' dir='ltr' id='par_1_71' title="bbox 2186 2179 3842 2254">
     <span class='ocr_line' id='line_1_72' title="bbox 2186 2179 3842 2254; baseline 0.002 -19"><span class='ocrx_word' id='word_1_431' title='bbox 2186 2181 2466 2254; x_wconf 84' lang='lat' dir='ltr'>Vaninge,</span> <span class='ocrx_word' id='word_1_432' title='bbox 2492 2181 2937 2236; x_wconf 79' lang='lat' dir='ltr'>Fiscannensem</span> <span class='ocrx_word' id='word_1_433' title='bbox 2972 2179 3180 2236; x_wconf 85' lang='lat' dir='ltr'>vallem</span> <span class='ocrx_word' id='word_1_434' title='bbox 3204 2179 3428 2236; x_wconf 90' lang='lat' dir='ltr'>nomini</span> <span class='ocrx_word' id='word_1_435' title='bbox 3459 2194 3587 2237; x_wconf 88' lang='lat' dir='ltr'>meo</span> <span class='ocrx_word' id='word_1_436' title='bbox 3632 2198 3842 2239; x_wconf 86' lang='lat' dir='ltr'>conse-</span> 
     </span>
    </p>
   </div>
   <div class='ocr_carea' id='block_1_72' title="bbox 2186 2267 3845 2341">
    <p class='ocr_par' dir='ltr' id='par_1_72' title="bbox 2186 2267 3845 2341">
     <span class='ocr_line' id='line_1_73' title="bbox 2186 2267 3845 2341; baseline 0.001 -16"><span class='ocrx_word' id='word_1_437' title='bbox 2186 2270 2529 2325; x_wconf 88' lang='lat' dir='ltr'>secrandam</span> <span class='ocrx_word' id='word_1_438' title='bbox 2554 2269 2810 2341; x_wconf 82' lang='lat' dir='ltr'>ignoras,</span> <span class='ocrx_word' id='word_1_439' title='bbox 2842 2273 2899 2324; x_wconf 89' lang='lat' dir='ltr'>et</span> <span class='ocrx_word' id='word_1_440' title='bbox 2940 2267 3260 2340; x_wconf 88' lang='lat' dir='ltr'>ignorando</span> <span class='ocrx_word' id='word_1_441' title='bbox 3300 2269 3685 2326; x_wconf 79' lang='lat' dir='ltr'>exbonoras?</span> <span class='ocrx_word' id='word_1_442' title='bbox 3714 2272 3845 2337; x_wconf 86' lang='lat' dir='ltr'>Qua</span> 
     </span>
    </p>
   </div>
   <div class='ocr_carea' id='block_1_73' title="bbox 2185 2357 3841 2430">
    <p class='ocr_par' dir='ltr' id='par_1_73' title="bbox 2185 2357 3841 2430">
     <span class='ocr_line' id='line_1_74' title="bbox 2185 2357 3841 2430; baseline 0.002 -18"><span class='ocrx_word' id='word_1_443' title='bbox 2185 2358 2410 2414; x_wconf 87' lang='lat' dir='ltr'>ratione</span> <span class='ocrx_word' id='word_1_444' title='bbox 2442 2358 2897 2413; x_wconf 88' lang='lat' dir='ltr'>consecrationis</span> <span class='ocrx_word' id='word_1_445' title='bbox 2928 2373 3069 2413; x_wconf 77' lang='lat' dir='ltr'>meas</span> <span class='ocrx_word' id='word_1_446' title='bbox 3100 2357 3292 2413; x_wconf 89' lang='lat' dir='ltr'>locum</span> <span class='ocrx_word' id='word_1_447' title='bbox 3343 2373 3717 2430; x_wconf 87' lang='lat' dir='ltr'>nequaquam</span> <span class='ocrx_word' id='word_1_448' title='bbox 3751 2365 3841 2416; x_wconf 87' lang='lat' dir='ltr'>at-</span> 
     </span>
    </p>
   </div>
   <div class='ocr_carea' id='block_1_74' title="bbox 2184 2446 3841 2513">
    <p class='ocr_par' dir='ltr' id='par_1_74' title="bbox 2184 2446 3841 2513">
     <span class='ocr_line' id='line_1_75' title="bbox 2184 2446 3841 2513; baseline 0.002 -11"><span class='ocrx_word' id='word_1_449' title='bbox 2184 2448 2453 2513; x_wconf 85' lang='lat' dir='ltr'>tendens,</span> <span class='ocrx_word' id='word_1_450' title='bbox 2512 2446 2909 2501; x_wconf 84' lang='lat' dir='ltr'>contaminare</span> <span class='ocrx_word' id='word_1_451' title='bbox 2966 2446 3376 2503; x_wconf 59' lang='lat' dir='ltr'>eXborrescis?</span> <span class='ocrx_word' id='word_1_452' title='bbox 3423 2447 3574 2502; x_wconf 90' lang='lat' dir='ltr'>Num</span> <span class='ocrx_word' id='word_1_453' title='bbox 3622 2449 3841 2505; x_wconf 82' lang='lat' dir='ltr'>veteris</span> 
     </span>
    </p>
   </div>
   <div class='ocr_carea' id='block_1_75' title="bbox 2183 2534 3841 2607">
    <p class='ocr_par' dir='ltr' id='par_1_75' title="bbox 2183 2534 3841 2607">
     <span class='ocr_line' id='line_1_76' title="bbox 2183 2534 3841 2607; baseline 0.001 -16"><span class='ocrx_word' id='word_1_454' title='bbox 2183 2537 2479 2591; x_wconf 88' lang='lat' dir='ltr'>incurrere</span> <span class='ocrx_word' id='word_1_455' title='bbox 2502 2536 2647 2591; x_wconf 89' lang='lat' dir='ltr'>iram</span> <span class='ocrx_word' id='word_1_456' title='bbox 2678 2551 2889 2602; x_wconf 88' lang='lat' dir='ltr'>meam,</span> <span class='ocrx_word' id='word_1_457' title='bbox 2909 2535 3081 2605; x_wconf 90' lang='lat' dir='ltr'>cujus</span> <span class='ocrx_word' id='word_1_458' title='bbox 3112 2534 3365 2591; x_wconf 84' lang='lat' dir='ltr'>ﬁdeliter</span> <span class='ocrx_word' id='word_1_459' title='bbox 3391 2536 3698 2607; x_wconf 78' lang='lat' dir='ltr'>cognoscis</span> <span class='ocrx_word' id='word_1_460' title='bbox 3712 2554 3841 2593; x_wconf 89' lang='lat' dir='ltr'>om-</span> 
     </span>
    </p>
   </div>
   <div class='ocr_carea' id='block_1_76' title="bbox 2186 2624 3839 2697">
    <p class='ocr_par' dir='ltr' id='par_1_76' title="bbox 2186 2624 3839 2697">
     <span class='ocr_line' id='line_1_77' title="bbox 2186 2624 3839 2697; baseline 0.002 -18"><span class='ocrx_word' id='word_1_461' title='bbox 2186 2626 2240 2679; x_wconf 90' lang='lat' dir='ltr'>ni</span> <span class='ocrx_word' id='word_1_462' title='bbox 2252 2630 2543 2697; x_wconf 89' lang='lat' dir='ltr'>potentem</span> <span class='ocrx_word' id='word_1_463' title='bbox 2556 2624 2911 2679; x_wconf 86' lang='lat' dir='ltr'>voluntatem</span> <span class='ocrx_word' id='word_1_464' title='bbox 2935 2624 2962 2678; x_wconf 85' lang='lat'>‘?</span> <span class='ocrx_word' id='word_1_465' title='bbox 2976 2624 3227 2688; x_wconf 86' lang='lat' dir='ltr'>Dixerat,</span> <span class='ocrx_word' id='word_1_466' title='bbox 3243 2627 3301 2680; x_wconf 86' lang='lat' dir='ltr'>et</span> <span class='ocrx_word' id='word_1_467' title='bbox 3318 2625 3839 2682; x_wconf 86' lang='lat' dir='ltr'>circumstantium</span> 
     </span>
    </p>
   </div>
   <div class='ocr_carea' id='block_1_77' title="bbox 2183 2714 3840 2786">
    <p class='ocr_par' dir='ltr' id='par_1_77' title="bbox 2183 2714 3840 2786">
     <span class='ocr_line' id='line_1_78' title="bbox 2183 2714 3840 2786; baseline -0.001 -16"><span class='ocrx_word' id='word_1_468' title='bbox 2183 2716 2395 2770; x_wconf 72' lang='lat' dir='ltr'>ch‘orus</span> <span class='ocrx_word' id='word_1_469' title='bbox 2428 2714 2721 2771; x_wconf 91' lang='lat' dir='ltr'>seniorum</span> <span class='ocrx_word' id='word_1_470' title='bbox 2756 2714 2844 2768; x_wconf 90' lang='lat' dir='ltr'>sui</span> <span class='ocrx_word' id='word_1_471' title='bbox 2865 2715 3238 2785; x_wconf 87' lang='lat' dir='ltr'>Imperatoris</span> <span class='ocrx_word' id='word_1_472' title='bbox 3268 2714 3617 2769; x_wconf 83' lang='lat' dir='ltr'>sententiam</span> <span class='ocrx_word' id='word_1_473' title='bbox 3640 2716 3840 2786; x_wconf 85' lang='lat' dir='ltr'>gravi-</span> 
     </span>
    </p>
   </div>
   <div class='ocr_carea' id='block_1_78' title="bbox 2183 2802 3839 2872">
    <p class='ocr_par' dir='ltr' id='par_1_78' title="bbox 2183 2802 3839 2872">
     <span class='ocr_line' id='line_1_79' title="bbox 2183 2802 3839 2872; baseline 0 -13"><span class='ocrx_word' id='word_1_474' title='bbox 2183 2806 2318 2859; x_wconf 90' lang='lat' dir='ltr'>tatis</span> <span class='ocrx_word' id='word_1_475' title='bbox 2350 2820 2546 2859; x_wconf 89' lang='lat' dir='ltr'>scvero</span> <span class='ocrx_word' id='word_1_476' title='bbox 2576 2803 2739 2872; x_wconf 76' lang='lat' dir='ltr'>vultu</span> <span class='ocrx_word' id='word_1_477' title='bbox 2769 2803 3174 2857; x_wconf 78' lang='lat' dir='ltr'>confirmabat.</span> <span class='ocrx_word' id='word_1_478' title='bbox 3208 2802 3458 2858; x_wconf 89' lang='lat' dir='ltr'>Sanctus</span> <span class='ocrx_word' id='word_1_479' title='bbox 3487 2808 3683 2858; x_wconf 84' lang='lat' dir='ltr'>autem</span> <span class='ocrx_word' id='word_1_480' title='bbox 3716 2803 3839 2859; x_wconf 82' lang='lat' dir='ltr'>Va-</span> 
     </span>
    </p>
   </div>
   <div class='ocr_carea' id='block_1_79' title="bbox 2185 2890 3835 2965">
    <p class='ocr_par' dir='ltr' id='par_1_79' title="bbox 2185 2890 3835 2965">
     <span class='ocr_line' id='line_1_80' title="bbox 2185 2890 3835 2965; baseline -0.001 -18"><span class='ocrx_word' id='word_1_481' title='bbox 2185 2894 2399 2965; x_wconf 89' lang='lat' dir='ltr'>ningus</span> <span class='ocrx_word' id='word_1_482' title='bbox 2429 2892 2595 2948; x_wconf 89' lang='lat' dir='ltr'>valde</span> <span class='ocrx_word' id='word_1_483' title='bbox 2624 2891 2987 2964; x_wconf 88' lang='lat' dir='ltr'>perterritus,</span> <span class='ocrx_word' id='word_1_484' title='bbox 3037 2890 3375 2947; x_wconf 88' lang='lat' dir='ltr'>nullatenus</span> <span class='ocrx_word' id='word_1_485' title='bbox 3400 2907 3501 2947; x_wconf 81' lang='lat' dir='ltr'>ora</span> <span class='ocrx_word' id='word_1_486' title='bbox 3548 2890 3835 2958; x_wconf 84' lang='lat' dir='ltr'>solvebat,</span> 
     </span>
    </p>
   </div>
   <div class='ocr_carea' id='block_1_80' title="bbox 2184 2970 3837 3053">
    <p class='ocr_par' dir='ltr' id='par_1_80' title="bbox 2184 2970 3837 3053">
     <span class='ocr_line' id='line_1_81' title="bbox 2184 2970 3837 3053; baseline 0 -17"><span class='ocrx_word' id='word_1_487' title='bbox 2184 2989 2286 3037; x_wconf 90' lang='lat' dir='ltr'>aut</span> <span class='ocrx_word' id='word_1_488' title='bbox 2317 2985 2495 3053; x_wconf 88' lang='lat' dir='ltr'>caput</span> <span class='ocrx_word' id='word_1_489' title='bbox 2523 2980 2647 3037; x_wconf 92' lang='lat' dir='ltr'>solo</span> <span class='ocrx_word' id='word_1_490' title='bbox 2678 2980 2899 3052; x_wconf 86' lang='lat' dir='ltr'>erigere</span> <span class='ocrx_word' id='word_1_491' title='bbox 2916 2980 3341 3052; x_wconf 67' lang='lat' dir='ltr'>prassumebat;</span> <span class='ocrx_word' id='word_1_492' title='bbox 3375 2980 3477 3035; x_wconf 87' lang='lat' dir='ltr'>sed</span> <span class='ocrx_word' id='word_1_493' title='bbox 3506 2980 3597 3035; x_wconf 90' lang='lat' dir='ltr'>sui</span> <span class='ocrx_word' id='word_1_494' title='bbox 3646 2970 3837 3036; x_wconf 84' lang='lat' dir='ltr'>animi</span> 
     </span>
    </p>
   </div>
   <div class='ocr_carea' id='block_1_81' title="bbox 2183 3067 3837 3142">
    <p class='ocr_par' dir='ltr' id='par_1_81' title="bbox 2183 3067 3837 3142">
     <span class='ocr_line' id='line_1_82' title="bbox 2183 3067 3837 3142; baseline -0.001 -16"><span class='ocrx_word' id='word_1_495' title='bbox 2183 3070 2436 3142; x_wconf 90' lang='lat' dir='ltr'>puritate</span> <span class='ocrx_word' id='word_1_496' title='bbox 2459 3074 2517 3126; x_wconf 89' lang='lat' dir='ltr'>et</span> <span class='ocrx_word' id='word_1_497' title='bbox 2545 3071 2836 3125; x_wconf 84' lang='lat' dir='ltr'>fatebatur</span> <span class='ocrx_word' id='word_1_498' title='bbox 2864 3068 3120 3141; x_wconf 89' lang='lat' dir='ltr'>culpam,</span> <span class='ocrx_word' id='word_1_499' title='bbox 3143 3073 3199 3124; x_wconf 91' lang='lat' dir='ltr'>et</span> <span class='ocrx_word' id='word_1_500' title='bbox 3221 3067 3556 3139; x_wconf 86' lang='lat' dir='ltr'>postulabat</span> <span class='ocrx_word' id='word_1_501' title='bbox 3574 3068 3837 3138; x_wconf 85' lang='lat' dir='ltr'>veniam,</span> 
     </span>
    </p>
   </div>
   <div class='ocr_carea' id='block_1_82' title="bbox 2177 3155 3836 3232">
    <p class='ocr_par' dir='ltr' id='par_1_82' title="bbox 2177 3155 3836 3232">
     <span class='ocr_line' id='line_1_83' title="bbox 2177 3155 3836 3232; baseline -0.001 -17"><span class='ocrx_word' id='word_1_502' title='bbox 2177 3166 2234 3215; x_wconf 92' lang='lat' dir='ltr'>et</span> <span class='ocrx_word' id='word_1_503' title='bbox 2277 3159 2670 3232; x_wconf 71' lang='lat' dir='ltr'>praetendebat</span> <span class='ocrx_word' id='word_1_504' title='bbox 2723 3156 3066 3231; x_wconf 66' lang='lat' dir='ltr'>ignorantia:</span> <span class='ocrx_word' id='word_1_505' title='bbox 3114 3157 3549 3213; x_wconf 85' lang='lat' dir='ltr'>excusationem</span> <span class='ocrx_word' id='word_1_506' title='bbox 3614 3155 3836 3214; x_wconf 87' lang='lat' dir='ltr'>solam.</span> 
     </span>
    </p>
   </div>
   <div class='ocr_carea' id='block_1_83' title="bbox 2177 3244 3837 3319">
    <p class='ocr_par' dir='ltr' id='par_1_83' title="bbox 2177 3244 3837 3319">
     <span class='ocr_line' id='line_1_84' title="bbox 2177 3244 3837 3319; baseline -0.002 -14"><span class='ocrx_word' id='word_1_507' title='bbox 2177 3248 2501 3305; x_wconf 89' lang='lat' dir='ltr'>Silentibus</span> <span class='ocrx_word' id='word_1_508' title='bbox 2532 3248 2712 3319; x_wconf 86' lang='lat' dir='ltr'>igitur</span> <span class='ocrx_word' id='word_1_509' title='bbox 2728 3245 2953 3303; x_wconf 90' lang='lat' dir='ltr'>cunctis</span> <span class='ocrx_word' id='word_1_510' title='bbox 2978 3246 3333 3313; x_wconf 88' lang='lat' dir='ltr'>astantibus,</span> <span class='ocrx_word' id='word_1_511' title='bbox 3353 3261 3576 3317; x_wconf 88' lang='lat' dir='ltr'>suoque</span> <span class='ocrx_word' id='word_1_512' title='bbox 3596 3244 3837 3302; x_wconf 86' lang='lat' dir='ltr'>silentio</span> 
     </span>
    </p>
   </div>
   <div class='ocr_carea' id='block_1_84' title="bbox 2176 3334 3837 3408">
    <p class='ocr_par' dir='ltr' id='par_1_84' title="bbox 2176 3334 3837 3408">
     <span class='ocr_line' id='line_1_85' title="bbox 2176 3334 3837 3408; baseline -0.002 -15"><span class='ocrx_word' id='word_1_513' title='bbox 2176 3342 2233 3393; x_wconf 89' lang='lat' dir='ltr'>et</span> <span class='ocrx_word' id='word_1_514' title='bbox 2260 3337 2622 3393; x_wconf 88' lang='lat' dir='ltr'>inferendam</span> <span class='ocrx_word' id='word_1_515' title='bbox 2638 3334 3005 3408; x_wconf 87' lang='lat' dir='ltr'>disciplinam</span> <span class='ocrx_word' id='word_1_516' title='bbox 3029 3338 3085 3390; x_wconf 88' lang='lat' dir='ltr'>et</span> <span class='ocrx_word' id='word_1_517' title='bbox 3110 3334 3497 3391; x_wconf 84' lang='lat' dir='ltr'>exhibendam</span> <span class='ocrx_word' id='word_1_518' title='bbox 3520 3334 3837 3407; x_wconf 87' lang='lat' dir='ltr'>indulgen-</span> 
     </span>
    </p>
   </div>
   <div class='ocr_carea' id='block_1_85' title="bbox 2126 3422 3836 3496">
    <p class='ocr_par' dir='ltr' id='par_1_85' title="bbox 2126 3422 3836 3496">
     <span class='ocr_line' id='line_1_86' title="bbox 2126 3422 3836 3496; baseline -0.002 -14"><span class='ocrx_word' id='word_1_519' title='bbox 2126 3425 2140 3437; x_wconf 80' lang='lat'><strong>&#39;</strong></span> <span class='ocrx_word' id='word_1_520' title='bbox 2178 3428 2321 3483; x_wconf 89' lang='lat' dir='ltr'>tiam</span> <span class='ocrx_word' id='word_1_521' title='bbox 2352 3425 2839 3489; x_wconf 81' lang='lat' dir='ltr'>contestantibus;</span> <span class='ocrx_word' id='word_1_522' title='bbox 2874 3423 3001 3479; x_wconf 89' lang='lat' dir='ltr'>sola</span> <span class='ocrx_word' id='word_1_523' title='bbox 3031 3427 3236 3479; x_wconf 90' lang='lat' dir='ltr'>sancta</span> <span class='ocrx_word' id='word_1_524' title='bbox 3261 3424 3423 3496; x_wconf 89' lang='lat' dir='ltr'>virgo</span> <span class='ocrx_word' id='word_1_525' title='bbox 3454 3422 3677 3479; x_wconf 85' lang='lat' dir='ltr'>Eulalia</span> <span class='ocrx_word' id='word_1_526' title='bbox 3692 3440 3836 3479; x_wconf 89' lang='lat' dir='ltr'>sur-</span> 
     </span>
    </p>
   </div>
   <div class='ocr_carea' id='block_1_86' title="bbox 2176 3508 3836 3585">
    <p class='ocr_par' dir='ltr' id='par_1_86' title="bbox 2176 3508 3836 3585">
     <span class='ocr_line' id='line_1_87' title="bbox 2176 3508 3836 3585; baseline -0.003 -14"><span class='ocrx_word' id='word_1_527' title='bbox 2176 3517 2340 3581; x_wconf 84' lang='lat' dir='ltr'>rexit,</span> <span class='ocrx_word' id='word_1_528' title='bbox 2369 3521 2424 3569; x_wconf 86' lang='lat' dir='ltr'>et.</span> <span class='ocrx_word' id='word_1_529' title='bbox 2441 3514 2692 3584; x_wconf 87' lang='lat' dir='ltr'>jacentis</span> <span class='ocrx_word' id='word_1_530' title='bbox 2716 3530 2954 3571; x_wconf 83' lang='lat' dir='ltr'>causam</span> <span class='ocrx_word' id='word_1_531' title='bbox 2973 3512 3323 3585; x_wconf 89' lang='lat' dir='ltr'>suscipiens,</span> <span class='ocrx_word' id='word_1_532' title='bbox 3357 3508 3836 3583; x_wconf 84' lang='lat' dir='ltr'>clementisjudi-</span> 
     </span>
    </p>
   </div>
   <div class='ocr_carea' id='block_1_87' title="bbox 2174 3593 3829 3673">
    <p class='ocr_par' dir='ltr' id='par_1_87' title="bbox 2174 3593 3829 3673">
     <span class='ocr_line' id='line_1_88' title="bbox 2174 3593 3829 3673; baseline -0.004 -11"><span class='ocrx_word' id='word_1_533' title='bbox 2174 3606 2258 3662; x_wconf 91' lang='lat' dir='ltr'>cis</span> <span class='ocrx_word' id='word_1_534' title='bbox 2281 3604 2645 3661; x_wconf 87' lang='lat' dir='ltr'>severitatem</span> <span class='ocrx_word' id='word_1_535' title='bbox 2678 3600 2962 3667; x_wconf 83' lang='lat' dir='ltr'>delinivit,</span> <span class='ocrx_word' id='word_1_536' title='bbox 2982 3600 3399 3673; x_wconf 84' lang='lat' dir='ltr'>indulgendum</span> <span class='ocrx_word' id='word_1_537' title='bbox 3431 3593 3829 3673; x_wconf 83' lang='lat' dir='ltr'>ignorantiam</span> 
     </span>
    </p>
   </div>
   <div class='ocr_carea' id='block_1_88' title="bbox 2174 3689 3824 3763">
    <p class='ocr_par' dir='ltr' id='par_1_88' title="bbox 2174 3689 3824 3763">
     <span class='ocr_line' id='line_1_89' title="bbox 2174 3689 3824 3763; baseline -0.003 -13"><span class='ocrx_word' id='word_1_538' title='bbox 2174 3693 2453 3761; x_wconf 91' lang='lat' dir='ltr'>exoravit,</span> <span class='ocrx_word' id='word_1_539' title='bbox 2494 3692 2703 3763; x_wconf 91' lang='lat' dir='ltr'>suique</span> <span class='ocrx_word' id='word_1_540' title='bbox 2723 3689 3099 3746; x_wconf 88' lang='lat' dir='ltr'>familiariset</span> <span class='ocrx_word' id='word_1_541' title='bbox 3123 3689 3364 3746; x_wconf 89' lang='lat' dir='ltr'>amiciS.</span> <span class='ocrx_word' id='word_1_542' title='bbox 3396 3689 3824 3763; x_wconf 65' lang='lat' dir='ltr'>Vaningi,’prae-</span> 
     </span>
    </p>
   </div>
   <div class='ocr_carea' id='block_1_89' title="bbox 2174 3778 3825 3853">
    <p class='ocr_par' dir='ltr' id='par_1_89' title="bbox 2174 3778 3825 3853">
     <span class='ocr_line' id='line_1_90' title="bbox 2174 3778 3825 3853; baseline -0.002 -14"><span class='ocrx_word' id='word_1_543' title='bbox 2174 3787 2402 3839; x_wconf 90' lang='lat' dir='ltr'>sentem</span> <span class='ocrx_word' id='word_1_544' title='bbox 2428 3781 2609 3836; x_wconf 87' lang='lat' dir='ltr'>vitam</span> <span class='ocrx_word' id='word_1_545' title='bbox 2640 3779 2844 3853; x_wconf 88' lang='lat' dir='ltr'>viginti</span> <span class='ocrx_word' id='word_1_546' title='bbox 2872 3795 3161 3835; x_wconf 90' lang='lat' dir='ltr'>annorum</span> <span class='ocrx_word' id='word_1_547' title='bbox 3205 3778 3588 3851; x_wconf 84' lang='lat' dir='ltr'>protelatione</span> <span class='ocrx_word' id='word_1_548' title='bbox 3634 3779 3825 3835; x_wconf 78' lang='lat' dir='ltr'>inter-</span> 
     </span>
    </p>
   </div>
   <div class='ocr_carea' id='block_1_90' title="bbox 2172 3866 3824 3941">
    <p class='ocr_par' dir='ltr' id='par_1_90' title="bbox 2172 3866 3824 3941">
     <span class='ocr_line' id='line_1_91' title="bbox 2172 3866 3824 3941; baseline -0.002 -15"><span class='ocrx_word' id='word_1_549' title='bbox 2172 3875 2346 3926; x_wconf 90' lang='lat' dir='ltr'>ventu</span> <span class='ocrx_word' id='word_1_550' title='bbox 2379 3886 2486 3925; x_wconf 90' lang='lat' dir='ltr'>suo</span> <span class='ocrx_word' id='word_1_551' title='bbox 2518 3867 2902 3941; x_wconf 88' lang='lat' dir='ltr'>prolongavit.</span> <span class='ocrx_word' id='word_1_552' title='bbox 2934 3866 3107 3940; x_wconf 90' lang='lat' dir='ltr'>Virgo</span> <span class='ocrx_word' id='word_1_553' title='bbox 3137 3867 3334 3937; x_wconf 89' lang='lat' dir='ltr'>itaque</span> <span class='ocrx_word' id='word_1_554' title='bbox 3365 3868 3423 3922; x_wconf 90' lang='lat' dir='ltr'>S.</span> <span class='ocrx_word' id='word_1_555' title='bbox 3457 3866 3679 3922; x_wconf 86' lang='lat' dir='ltr'>Eulalia</span> <span class='ocrx_word' id='word_1_556' title='bbox 3720 3882 3824 3922; x_wconf 82' lang='lat' dir='ltr'>ex-</span> 
     </span>
    </p>
   </div>
   <div class='ocr_carea' id='block_1_91' title="bbox 2174 3954 3829 4030">
    <p class='ocr_par' dir='ltr' id='par_1_91' title="bbox 2174 3954 3829 4030">
     <span class='ocr_line' id='line_1_92' title="bbox 2174 3954 3829 4030; baseline -0.002 -15"><span class='ocrx_word' id='word_1_557' title='bbox 2174 3959 2431 4029; x_wconf 88' lang='lat' dir='ltr'>auditur,</span> <span class='ocrx_word' id='word_1_558' title='bbox 2466 3958 2636 4030; x_wconf 88' lang='lat' dir='ltr'>eique</span> <span class='ocrx_word' id='word_1_559' title='bbox 2667 3956 2949 4012; x_wconf 68' lang='lat' dir='ltr'>exaudita:</span> <span class='ocrx_word' id='word_1_560' title='bbox 2983 3959 3222 4012; x_wconf 86' lang='lat' dir='ltr'>sanctus</span> <span class='ocrx_word' id='word_1_561' title='bbox 3251 3954 3698 4012; x_wconf 88' lang='lat' dir='ltr'>commendatur</span> <span class='ocrx_word' id='word_1_562' title='bbox 3715 3954 3829 4011; x_wconf 82' lang='lat' dir='ltr'>Va-</span> 
     </span>
    </p>
   </div>
   <div class='ocr_carea' id='block_1_92' title="bbox 2174 4043 3829 4122">
    <p class='ocr_par' dir='ltr' id='par_1_92' title="bbox 2174 4043 3829 4122">
     <span class='ocr_line' id='line_1_93' title="bbox 2174 4043 3829 4122; baseline -0.003 -18"><span class='ocrx_word' id='word_1_563' title='bbox 2174 4048 2412 4122; x_wconf 88' lang='lat' dir='ltr'>ningus,</span> <span class='ocrx_word' id='word_1_564' title='bbox 2446 4050 2738 4119; x_wconf 88' lang='lat' dir='ltr'>quatenus</span> <span class='ocrx_word' id='word_1_565' title='bbox 2767 4061 2902 4100; x_wconf 88' lang='lat' dir='ltr'>eum</span> <span class='ocrx_word' id='word_1_566' title='bbox 2955 4044 3204 4117; x_wconf 87' lang='lat' dir='ltr'>perfecte</span> <span class='ocrx_word' id='word_1_567' title='bbox 3252 4044 3525 4113; x_wconf 90' lang='lat' dir='ltr'>instruat,</span> <span class='ocrx_word' id='word_1_568' title='bbox 3570 4043 3829 4117; x_wconf 87' lang='lat' dir='ltr'>qualiter</span> 
     </span>
    </p>
   </div>
   <div class='ocr_carea' id='block_1_93' title="bbox 2174 4132 3826 4204">
    <p class='ocr_par' dir='ltr' id='par_1_93' title="bbox 2174 4132 3826 4204">
     <span class='ocr_line' id='line_1_94' title="bbox 2174 4132 3826 4204; baseline -0.003 -10"><span class='ocrx_word' id='word_1_569' title='bbox 2174 4141 2442 4195; x_wconf 87' lang='lat' dir='ltr'>sanctum</span> <span class='ocrx_word' id='word_1_570' title='bbox 2470 4133 2772 4190; x_wconf 91' lang='lat' dir='ltr'>oraculum</span> <span class='ocrx_word' id='word_1_571' title='bbox 2793 4133 3135 4200; x_wconf 89' lang='lat' dir='ltr'>constituat,</span> <span class='ocrx_word' id='word_1_572' title='bbox 3168 4138 3577 4190; x_wconf 89' lang='lat' dir='ltr'>constutumve</span> <span class='ocrx_word' id='word_1_573' title='bbox 3606 4132 3826 4204; x_wconf 85' lang='lat' dir='ltr'>quibus</span> 
     </span>
    </p>
   </div>
   <div class='ocr_carea' id='block_1_94' title="bbox 2173 4221 3824 4299">
    <p class='ocr_par' dir='ltr' id='par_1_94' title="bbox 2173 4221 3824 4299">
     <span class='ocr_line' id='line_1_95' title="bbox 2173 4221 3824 4299; baseline -0.003 -17"><span class='ocrx_word' id='word_1_574' title='bbox 2173 4225 2439 4299; x_wconf 90' lang='lat' dir='ltr'>personis</span> <span class='ocrx_word' id='word_1_575' title='bbox 2450 4223 2815 4280; x_wconf 88' lang='lat' dir='ltr'>committere</span> <span class='ocrx_word' id='word_1_576' title='bbox 2826 4221 3164 4278; x_wconf 90' lang='lat' dir='ltr'>debeat.Cui</span> <span class='ocrx_word' id='word_1_577' title='bbox 3177 4222 3340 4295; x_wconf 88' lang='lat' dir='ltr'>virgo</span> <span class='ocrx_word' id='word_1_578' title='bbox 3358 4239 3370 4279; x_wconf 93' lang='lat'>:</span> <span class='ocrx_word' id='word_1_579' title='bbox 3387 4221 3824 4287; x_wconf 79' lang='lat' dir='ltr'>«Convalesces,</span> 
     </span>
    </p>
   </div>
   <div class='ocr_carea' id='block_1_95' title="bbox 2174 4309 3827 4386">
    <p class='ocr_par' dir='ltr' id='par_1_95' title="bbox 2174 4309 3827 4386">
     <span class='ocr_line' id='line_1_96' title="bbox 2174 4309 3827 4386; baseline -0.001 -18"><span class='ocrx_word' id='word_1_580' title='bbox 2174 4314 2385 4386; x_wconf 91' lang='lat' dir='ltr'>inquit,</span> <span class='ocrx_word' id='word_1_581' title='bbox 2416 4312 2700 4385; x_wconf 89' lang='lat' dir='ltr'>Vaninge,</span> <span class='ocrx_word' id='word_1_582' title='bbox 2747 4316 2805 4367; x_wconf 92' lang='lat' dir='ltr'>et</span> <span class='ocrx_word' id='word_1_583' title='bbox 2832 4311 3009 4377; x_wconf 88' lang='lat' dir='ltr'>vives,</span> <span class='ocrx_word' id='word_1_584' title='bbox 3066 4310 3303 4382; x_wconf 87' lang='lat' dir='ltr'>tuisque</span> <span class='ocrx_word' id='word_1_585' title='bbox 3350 4309 3827 4384; x_wconf 88' lang='lat' dir='ltr'>possessionibus</span> 
     </span>
    </p>
   </div>
   <div class='ocr_carea' id='block_1_96' title="bbox 310 4396 3828 4499">
    <p class='ocr_par' dir='ltr' id='par_1_96' title="bbox 310 4396 3828 4499">
     <span class='ocr_line' id='line_1_97' title="bbox 310 4396 3828 4499; baseline 0.003 -28"><span class='ocrx_word' id='word_1_586' title='bbox 310 4398 319 4403; x_wconf 21' lang='lat'><strong>‘</strong></span> <span class='ocrx_word' id='word_1_587' title='bbox 411 4418 691 4490; x_wconf 88' lang='lat' dir='ltr'>ignorans</span> <span class='ocrx_word' id='word_1_588' title='bbox 722 4420 889 4475; x_wconf 89' lang='lat' dir='ltr'>ducis</span> <span class='ocrx_word' id='word_1_589' title='bbox 910 4423 1176 4493; x_wconf 87' lang='lat' dir='ltr'>Ansegisi</span> <span class='ocrx_word' id='word_1_590' title='bbox 1228 4396 1637 4481; x_wconf 70' lang='lat' dir='ltr'>revelationem</span> <span class='ocrx_word' id='word_1_591' title='bbox 1686 4396 2063 4499; x_wconf 68' lang='lat' dir='ltr'>praeteritam,</span> <span class='ocrx_word' id='word_1_592' title='bbox 2092 4415 2140 4479; x_wconf 91' lang='lat' dir='ltr'><strong>D</strong></span> <span class='ocrx_word' id='word_1_593' title='bbox 2173 4402 2519 4499; x_wconf 47' lang='grc' dir='ltr'>Γθεῖίξυθνξξδθ</span> <span class='ocrx_word' id='word_1_594' title='bbox 2550 4402 2622 4499; x_wconf 49' lang='lat' dir='ltr'>af}</span> <span class='ocrx_word' id='word_1_595' title='bbox 2655 4401 3105 4499; x_wconf 46' lang='lat' dir='ltr'>Ffsf’anuénsem</span> <span class='ocrx_word' id='word_1_596' title='bbox 3137 4398 3376 4499; x_wconf 35' lang='lat' dir='ltr'>&quot;He?&quot;-</span> <span class='ocrx_word' id='word_1_597' title='bbox 3398 4401 3471 4454; x_wconf 64' lang='grc' dir='ltr'>Αί</span> <span class='ocrx_word' id='word_1_598' title='bbox 3500 4398 3560 4499; x_wconf 71' lang='lat' dir='ltr'>iP</span> <span class='ocrx_word' id='word_1_599' title='bbox 3590 4396 3828 4499; x_wconf 48' lang='lat' dir='ltr'>F550”:</span> 
     </span>
    </p>
   </div>
   <div class='ocr_carea' id='block_1_97' title="bbox 413 4506 2061 4575">
    <p class='ocr_par' dir='ltr' id='par_1_97' title="bbox 413 4506 2061 4575">
     <span class='ocr_line' id='line_1_98' title="bbox 413 4506 2061 4575; baseline 0.007 -13"><span class='ocrx_word' id='word_1_600' title='bbox 413 4506 599 4562; x_wconf 90' lang='lat' dir='ltr'>sancti</span> <span class='ocrx_word' id='word_1_601' title='bbox 631 4506 739 4563; x_wconf 91' lang='lat' dir='ltr'>loci</span> <span class='ocrx_word' id='word_1_602' title='bbox 775 4509 1302 4566; x_wconf 86' lang='lat' dir='ltr'>manifestationem</span> <span class='ocrx_word' id='word_1_603' title='bbox 1338 4517 1394 4567; x_wconf 90' lang='lat' dir='ltr'>et</span> <span class='ocrx_word' id='word_1_604' title='bbox 1425 4514 1604 4569; x_wconf 85' lang='lat' dir='ltr'>futuri</span> <span class='ocrx_word' id='word_1_605' title='bbox 1636 4516 1851 4571; x_wconf 88' lang='lat' dir='ltr'>oraculi</span> <span class='ocrx_word' id='word_1_606' title='bbox 1905 4534 2061 4575; x_wconf 90' lang='lat' dir='ltr'>reve-</span> 
     </span>
    </p>
   </div>
   <div class='ocr_carea' id='block_1_98' title="bbox 411 4594 2064 4662">
    <p class='ocr_par' dir='ltr' id='par_1_98' title="bbox 411 4594 2064 4662">
     <span class='ocr_line' id='line_1_99' title="bbox 411 4594 2064 4662; baseline 0.007 -13"><span class='ocrx_word' id='word_1_607' title='bbox 411 4594 660 4650; x_wconf 88' lang='lat' dir='ltr'>rentiam</span> <span class='ocrx_word' id='word_1_608' title='bbox 693 4597 1136 4653; x_wconf 89' lang='lat' dir='ltr'>observandam.</span> <span class='ocrx_word' id='word_1_609' title='bbox 1174 4604 1317 4655; x_wconf 88' lang='lat' dir='ltr'>Loco</span> <span class='ocrx_word' id='word_1_610' title='bbox 1341 4600 1494 4657; x_wconf 83' lang='lat' dir='ltr'>enim</span> <span class='ocrx_word' id='word_1_611' title='bbox 1530 4608 1730 4659; x_wconf 89' lang='lat' dir='ltr'>sancto</span> <span class='ocrx_word' id='word_1_612' title='bbox 1759 4606 1816 4661; x_wconf 92' lang='lat' dir='ltr'>S.</span> <span class='ocrx_word' id='word_1_613' title='bbox 1852 4607 2064 4662; x_wconf 84' lang='lat' dir='ltr'>Vanin-</span> 
     </span>
    </p>
   </div>
   <div class='ocr_carea' id='block_1_99' title="bbox 411 4685 2062 4758">
    <p class='ocr_par' dir='ltr' id='par_1_99' title="bbox 411 4685 2062 4758">
     <span class='ocr_line' id='line_1_100' title="bbox 411 4685 2062 4758; baseline 0.007 -20"><span class='ocrx_word' id='word_1_614' title='bbox 411 4698 522 4756; x_wconf 82' lang='lat' dir='ltr'>gus</span> <span class='ocrx_word' id='word_1_615' title='bbox 555 4685 935 4741; x_wconf 88' lang='lat' dir='ltr'>reverentiam</span> <span class='ocrx_word' id='word_1_616' title='bbox 968 4687 1190 4743; x_wconf 89' lang='lat' dir='ltr'>nullam</span> <span class='ocrx_word' id='word_1_617' title='bbox 1223 4688 1552 4758; x_wconf 86' lang='lat' dir='ltr'>exhibebat,</span> <span class='ocrx_word' id='word_1_618' title='bbox 1602 4708 1805 4749; x_wconf 89' lang='lat' dir='ltr'>verum</span> <span class='ocrx_word' id='word_1_619' title='bbox 1836 4694 1916 4749; x_wconf 91' lang='lat' dir='ltr'>ibi</span> <span class='ocrx_word' id='word_1_620' title='bbox 1950 4696 2062 4750; x_wconf 85' lang='lat' dir='ltr'>fre-</span> 
     </span>
    </p>
   </div>
   <div class='ocr_carea' id='block_1_100' title="bbox 412 4775 2062 4851">
    <p class='ocr_par' dir='ltr' id='par_1_100' title="bbox 412 4775 2062 4851">
     <span class='ocr_line' id='line_1_101' title="bbox 412 4775 2062 4851; baseline 0.007 -24"><span class='ocrx_word' id='word_1_621' title='bbox 412 4778 659 4844; x_wconf 89' lang='lat' dir='ltr'>quentes</span> <span class='ocrx_word' id='word_1_622' title='bbox 709 4790 882 4829; x_wconf 90' lang='lat' dir='ltr'>canes</span> <span class='ocrx_word' id='word_1_623' title='bbox 936 4775 1265 4847; x_wconf 88' lang='lat' dir='ltr'>copulabat,</span> <span class='ocrx_word' id='word_1_624' title='bbox 1298 4783 1398 4833; x_wconf 87' lang='lat' dir='ltr'>aut</span> <span class='ocrx_word' id='word_1_625' title='bbox 1448 4780 1592 4835; x_wconf 91' lang='lat' dir='ltr'>retia</span> <span class='ocrx_word' id='word_1_626' title='bbox 1645 4783 1941 4851; x_wconf 88' lang='lat' dir='ltr'>tendebat,</span> <span class='ocrx_word' id='word_1_627' title='bbox 1975 4784 2062 4839; x_wconf 87' lang='lat' dir='ltr'>vel</span> 
     </span>
    </p>
   </div>
   <div class='ocr_carea' id='block_1_101' title="bbox 412 4862 2063 4939">
    <p class='ocr_par' dir='ltr' id='par_1_101' title="bbox 412 4862 2063 4939">
     <span class='ocr_line' id='line_1_102' title="bbox 412 4862 2063 4939; baseline 0.006 -22"><span class='ocrx_word' id='word_1_628' title='bbox 412 4862 671 4935; x_wconf 88' lang='lat' dir='ltr'>agitabat</span> <span class='ocrx_word' id='word_1_629' title='bbox 704 4862 994 4934; x_wconf 87' lang='lat' dir='ltr'>fugientes</span> <span class='ocrx_word' id='word_1_630' title='bbox 1026 4866 1197 4929; x_wconf 80' lang='lat' dir='ltr'>feras,</span> <span class='ocrx_word' id='word_1_631' title='bbox 1232 4867 1317 4921; x_wconf 84' lang='lat' dir='ltr'>vel</span> <span class='ocrx_word' id='word_1_632' title='bbox 1352 4868 1477 4922; x_wconf 87' lang='lat' dir='ltr'>suis</span> <span class='ocrx_word' id='word_1_633' title='bbox 1528 4869 1794 4939; x_wconf 82' lang='lat' dir='ltr'>privabat</span> <span class='ocrx_word' id='word_1_634' title='bbox 1843 4872 2063 4927; x_wconf 86' lang='lat' dir='ltr'>exuviis</span> 
     </span>
    </p>
   </div>
   <div class='ocr_carea' id='block_1_102' title="bbox 410 4951 2066 5032">
    <p class='ocr_par' dir='ltr' id='par_1_102' title="bbox 410 4951 2066 5032">
     <span class='ocr_line' id='line_1_103' title="bbox 410 4951 2066 5032; baseline 0.007 -28"><span class='ocrx_word' id='word_1_635' title='bbox 410 4956 631 5023; x_wconf 86' lang='lat' dir='ltr'>captas.</span> <span class='ocrx_word' id='word_1_636' title='bbox 665 4951 849 5016; x_wconf 89' lang='lat' dir='ltr'>Quam</span> <span class='ocrx_word' id='word_1_637' title='bbox 867 4954 1395 5023; x_wconf 71' lang='lat' dir='ltr'>praevaricationem</span> <span class='ocrx_word' id='word_1_638' title='bbox 1413 4956 1605 5011; x_wconf 72' lang='lat' dir='ltr'>nimias</span> <span class='ocrx_word' id='word_1_639' title='bbox 1611 4958 1764 5028; x_wconf 86' lang='lat' dir='ltr'>juris</span> <span class='ocrx_word' id='word_1_640' title='bbox 1797 4961 2066 5032; x_wconf 88' lang='lat' dir='ltr'>ignoran-</span> 
     </span>
    </p>
   </div>
   <div class='ocr_carea' id='block_1_103' title="bbox 410 5039 2064 5115">
    <p class='ocr_par' dir='ltr' id='par_1_103' title="bbox 410 5039 2064 5115">
     <span class='ocr_line' id='line_1_104' title="bbox 410 5039 2064 5115; baseline 0.008 -23"><span class='ocrx_word' id='word_1_641' title='bbox 410 5039 501 5093; x_wconf 66' lang='lat' dir='ltr'>tia:</span> <span class='ocrx_word' id='word_1_642' title='bbox 517 5040 923 5111; x_wconf 81' lang='lat' dir='ltr'>corrigendum</span> <span class='ocrx_word' id='word_1_643' title='bbox 939 5041 1135 5097; x_wconf 88' lang='lat' dir='ltr'>divina</span> <span class='ocrx_word' id='word_1_644' title='bbox 1150 5043 1482 5100; x_wconf 85' lang='lat' dir='ltr'>sublimitas</span> <span class='ocrx_word' id='word_1_645' title='bbox 1497 5046 1662 5101; x_wconf 82' lang='lat' dir='ltr'>misei</span> <span class='ocrx_word' id='word_1_646' title='bbox 1677 5052 2064 5115; x_wconf 89' lang='lat' dir='ltr'>ata,sanctum</span> 
     </span>
    </p>
   </div>
   <div class='ocr_carea' id='block_1_104' title="bbox 410 5128 2063 5203">
    <p class='ocr_par' dir='ltr' id='par_1_104' title="bbox 410 5128 2063 5203">
     <span class='ocr_line' id='line_1_105' title="bbox 410 5128 2063 5203; baseline 0.007 -22"><span class='ocrx_word' id='word_1_647' title='bbox 410 5128 694 5200; x_wconf 89' lang='lat' dir='ltr'>corripuit</span> <span class='ocrx_word' id='word_1_648' title='bbox 721 5129 935 5198; x_wconf 88' lang='lat' dir='ltr'>virum,</span> <span class='ocrx_word' id='word_1_649' title='bbox 967 5136 1025 5185; x_wconf 88' lang='lat' dir='ltr'>et</span> <span class='ocrx_word' id='word_1_650' title='bbox 1056 5131 2063 5203; x_wconf 89' lang='lat' dir='ltr'>complendimiraculimanifestum</span> 
     </span>
    </p>
   </div>
   <div class='ocr_carea' id='block_1_105' title="bbox 412 5215 910 5273">
    <p class='ocr_par' dir='ltr' id='par_1_105' title="bbox 412 5215 910 5273">
     <span class='ocr_line' id='line_1_106' title="bbox 412 5215 910 5273; baseline 0.008 -4"><span class='ocrx_word' id='word_1_651' title='bbox 412 5215 574 5270; x_wconf 90' lang='lat' dir='ltr'>dedit</span> <span class='ocrx_word' id='word_1_652' title='bbox 606 5217 910 5273; x_wconf 91' lang='lat' dir='ltr'>indicium.</span> 
     </span>
    </p>
   </div>
   <div class='ocr_carea' id='block_1_106' title="bbox 486 5303 2065 5388">
    <p class='ocr_par' dir='ltr' id='par_1_106' title="bbox 486 5303 2065 5388">
     <span class='ocr_line' id='line_1_107' title="bbox 486 5303 2065 5388; baseline 0.011 -31"><span class='ocrx_word' id='word_1_653' title='bbox 486 5303 815 5375; x_wconf 88' lang='lat' dir='ltr'>lngentium</span> <span class='ocrx_word' id='word_1_654' title='bbox 839 5306 1054 5379; x_wconf 90' lang='lat' dir='ltr'>quippe</span> <span class='ocrx_word' id='word_1_655' title='bbox 1085 5308 1336 5364; x_wconf 88' lang='lat' dir='ltr'>febrium</span> <span class='ocrx_word' id='word_1_656' title='bbox 1362 5308 1550 5366; x_wconf 90' lang='lat' dir='ltr'>virum</span> <span class='ocrx_word' id='word_1_657' title='bbox 1572 5314 1841 5369; x_wconf 89' lang='lat' dir='ltr'>sanctum</span> <span class='ocrx_word' id='word_1_658' title='bbox 1865 5330 2065 5388; x_wconf 89' lang='lat' dir='ltr'>repen-</span> 
     </span>
    </p>
   </div>
   <div class='ocr_carea' id='block_1_107' title="bbox 438 5442 1918 5532">
    <p class='ocr_par' dir='ltr' id='par_1_107' title="bbox 438 5442 1918 5532">
     <span class='ocr_line' id='line_1_108' title="bbox 438 5442 1918 5532; baseline 0.011 -33"><span class='ocrx_word' id='word_1_659' title='bbox 438 5514 446 5525; x_wconf 29' lang='grc' dir='ltr'>θ</span> <span class='ocrx_word' id='word_1_660' title='bbox 492 5443 569 5523; x_wconf 83' lang='lat'>(3)</span> <span class='ocrx_word' id='word_1_661' title='bbox 601 5442 666 5506; x_wconf 83' lang='lat' dir='ltr'>In</span> <span class='ocrx_word' id='word_1_662' title='bbox 694 5444 948 5509; x_wconf 83' lang='lat' dir='ltr'>Historia</span> <span class='ocrx_word' id='word_1_663' title='bbox 977 5449 1035 5508; x_wconf 89' lang='lat' dir='ltr'>S.</span> <span class='ocrx_word' id='word_1_664' title='bbox 1059 5449 1302 5512; x_wconf 86' lang='lat' dir='ltr'>Huberti</span> <span class='ocrx_word' id='word_1_665' title='bbox 1327 5454 1477 5529; x_wconf 84' lang='lat' dir='ltr'>part.</span> <span class='ocrx_word' id='word_1_666' title='bbox 1509 5467 1593 5525; x_wconf 81' lang='grc' dir='ltr'>ιιι,</span> <span class='ocrx_word' id='word_1_667' title='bbox 1626 5456 1832 5532; x_wconf 73' lang='lat' dir='ltr'>quaest.</span> <span class='ocrx_word' id='word_1_668' title='bbox 1865 5456 1918 5516; x_wconf 92' lang='lat'>3.</span> 
     </span>
    </p>
   </div>
   <div class='ocr_carea' id='block_1_108' title="bbox 2173 4487 3824 4561">
    <p class='ocr_par' dir='ltr' id='par_1_108' title="bbox 2173 4487 3824 4561">
     <span class='ocr_line' id='line_1_109' title="bbox 2173 4487 3824 4561; baseline -0.003 -12"><span class='ocrx_word' id='word_1_669' title='bbox 2173 4493 2339 4549; x_wconf 89' lang='lat' dir='ltr'>nensi</span> <span class='ocrx_word' id='word_1_670' title='bbox 2374 4491 2539 4560; x_wconf 88' lang='lat' dir='ltr'>valle,</span> <span class='ocrx_word' id='word_1_671' title='bbox 2571 4491 2706 4545; x_wconf 88' lang='lat' dir='ltr'>duci</span> <span class='ocrx_word' id='word_1_672' title='bbox 2737 4487 3018 4561; x_wconf 86' lang='lat' dir='ltr'>Ansegiso</span> <span class='ocrx_word' id='word_1_673' title='bbox 3049 4487 3490 4544; x_wconf 87' lang='lat' dir='ltr'>manifestatum</span> <span class='ocrx_word' id='word_1_674' title='bbox 3520 4487 3716 4543; x_wconf 90' lang='lat' dir='ltr'>locum</span> <span class='ocrx_word' id='word_1_675' title='bbox 3749 4488 3824 4544; x_wconf 88' lang='lat' dir='ltr'>ab</span> 
     </span>
    </p>
   </div>
   <div class='ocr_carea' id='block_1_109' title="bbox 2172 4575 3825 4652">
    <p class='ocr_par' dir='ltr' id='par_1_109' title="bbox 2172 4575 3825 4652">
     <span class='ocr_line' id='line_1_110' title="bbox 2172 4575 3825 4652; baseline -0.004 -14"><span class='ocrx_word' id='word_1_676' title='bbox 2172 4582 2379 4638; x_wconf 90' lang='lat' dir='ltr'>incolis</span> <span class='ocrx_word' id='word_1_677' title='bbox 2408 4580 2718 4652; x_wconf 81' lang='lat' dir='ltr'>diligenter</span> <span class='ocrx_word' id='word_1_678' title='bbox 2746 4578 3003 4649; x_wconf 88' lang='lat' dir='ltr'>exquire,</span> <span class='ocrx_word' id='word_1_679' title='bbox 3035 4582 3094 4632; x_wconf 90' lang='lat' dir='ltr'>et</span> <span class='ocrx_word' id='word_1_680' title='bbox 3124 4577 3424 4633; x_wconf 89' lang='lat' dir='ltr'>inventum</span> <span class='ocrx_word' id='word_1_681' title='bbox 3456 4575 3706 4633; x_wconf 85' lang='lat' dir='ltr'>festinus</span> <span class='ocrx_word' id='word_1_682' title='bbox 3726 4591 3825 4631; x_wconf 81' lang='lat' dir='ltr'>ex-</span> 
     </span>
    </p>
   </div>
   <div class='ocr_carea' id='block_1_110' title="bbox 2172 4664 3822 4738">
    <p class='ocr_par' dir='ltr' id='par_1_110' title="bbox 2172 4664 3822 4738">
     <span class='ocr_line' id='line_1_111' title="bbox 2172 4664 3822 4738; baseline -0.004 -12"><span class='ocrx_word' id='word_1_683' title='bbox 2172 4671 2296 4727; x_wconf 91' lang='lat' dir='ltr'>cole</span> <span class='ocrx_word' id='word_1_684' title='bbox 2322 4668 2404 4724; x_wconf 90' lang='lat' dir='ltr'>ibi</span> <span class='ocrx_word' id='word_1_685' title='bbox 2436 4684 2682 4723; x_wconf 81' lang='lat' dir='ltr'>summae</span> <span class='ocrx_word' id='word_1_686' title='bbox 2713 4671 2770 4723; x_wconf 90' lang='lat' dir='ltr'>et</span> <span class='ocrx_word' id='word_1_687' title='bbox 2798 4665 3111 4721; x_wconf 69' lang='lat' dir='ltr'>individuis</span> <span class='ocrx_word' id='word_1_688' title='bbox 3136 4664 3440 4722; x_wconf 87' lang='lat' dir='ltr'>Trinitatis</span> <span class='ocrx_word' id='word_1_689' title='bbox 3492 4678 3822 4738; x_wconf 87' lang='lat' dir='ltr'>congruum</span> 
     </span>
    </p>
   </div>
   <div class='ocr_carea' id='block_1_111' title="bbox 2172 4753 3825 4831">
    <p class='ocr_par' dir='ltr' id='par_1_111' title="bbox 2172 4753 3825 4831">
     <span class='ocr_line' id='line_1_112' title="bbox 2172 4753 3825 4831; baseline -0.004 -15"><span class='ocrx_word' id='word_1_690' title='bbox 2172 4758 2456 4831; x_wconf 88' lang='lat' dir='ltr'>templum</span> <span class='ocrx_word' id='word_1_691' title='bbox 2490 4756 2741 4812; x_wconf 85' lang='lat' dir='ltr'>fideliter</span> <span class='ocrx_word' id='word_1_692' title='bbox 2770 4759 3029 4811; x_wconf 88' lang='lat' dir='ltr'>contrue.</span> <span class='ocrx_word' id='word_1_693' title='bbox 3061 4753 3430 4827; x_wconf 88' lang='lat' dir='ltr'>Completum</span> <span class='ocrx_word' id='word_1_694' title='bbox 3458 4757 3655 4810; x_wconf 88' lang='lat' dir='ltr'>autem</span> <span class='ocrx_word' id='word_1_695' title='bbox 3677 4758 3825 4809; x_wconf 83' lang='lat' dir='ltr'>tem-</span> 
     </span>
    </p>
   </div>
   <div class='ocr_carea' id='block_1_112' title="bbox 2174 4841 3821 4921">
    <p class='ocr_par' dir='ltr' id='par_1_112' title="bbox 2174 4841 3821 4921">
     <span class='ocr_line' id='line_1_113' title="bbox 2174 4841 3821 4921; baseline -0.005 -18"><span class='ocrx_word' id='word_1_696' title='bbox 2174 4849 2336 4921; x_wconf 90' lang='lat' dir='ltr'>plum</span> <span class='ocrx_word' id='word_1_697' title='bbox 2368 4845 2588 4901; x_wconf 89' lang='lat' dir='ltr'>sanctis</span> <span class='ocrx_word' id='word_1_698' title='bbox 2604 4845 2928 4917; x_wconf 87' lang='lat' dir='ltr'>virginibus</span> <span class='ocrx_word' id='word_1_699' title='bbox 2944 4842 3405 4912; x_wconf 85' lang='lat' dir='ltr'>commendabis,</span> <span class='ocrx_word' id='word_1_700' title='bbox 3421 4842 3639 4916; x_wconf 90' lang='lat' dir='ltr'>quibus</span> <span class='ocrx_word' id='word_1_701' title='bbox 3658 4841 3821 4897; x_wconf 88' lang='lat' dir='ltr'>Chil-</span> 
     </span>
    </p>
   </div>
   <div class='ocr_carea' id='block_1_113' title="bbox 2171 4931 3825 5006">
    <p class='ocr_par' dir='ltr' id='par_1_113' title="bbox 2171 4931 3825 5006">
     <span class='ocr_line' id='line_1_114' title="bbox 2171 4931 3825 5006; baseline -0.005 -13"><span class='ocrx_word' id='word_1_702' title='bbox 2171 4936 2568 5002; x_wconf 88' lang='lat' dir='ltr'>demarcbam,</span> <span class='ocrx_word' id='word_1_703' title='bbox 2601 4932 3087 5006; x_wconf 88' lang='lat' dir='ltr'>Burdegalensem</span> <span class='ocrx_word' id='word_1_704' title='bbox 3107 4932 3416 5005; x_wconf 88' lang='lat' dir='ltr'>virginem,</span> <span class='ocrx_word' id='word_1_705' title='bbox 3437 4931 3582 4987; x_wconf 90' lang='lat' dir='ltr'>inibi</span> <span class='ocrx_word' id='word_1_706' title='bbox 3615 4931 3825 4986; x_wconf 88' lang='lat' dir='ltr'>multa-</span> 
     </span>
    </p>
   </div>
   <div class='ocr_carea' id='block_1_114' title="bbox 2174 5020 3824 5096">
    <p class='ocr_par' dir='ltr' id='par_1_114' title="bbox 2174 5020 3824 5096">
     <span class='ocr_line' id='line_1_115' title="bbox 2174 5020 3824 5096; baseline -0.005 -15"><span class='ocrx_word' id='word_1_707' title='bbox 2174 5040 2304 5081; x_wconf 88' lang='lat' dir='ltr'>rum</span> <span class='ocrx_word' id='word_1_708' title='bbox 2321 5023 2611 5096; x_wconf 87' lang='lat' dir='ltr'>virginum</span> <span class='ocrx_word' id='word_1_709' title='bbox 2631 5027 2901 5089; x_wconf 89' lang='lat' dir='ltr'>matrem,</span> <span class='ocrx_word' id='word_1_710' title='bbox 2923 5020 3197 5094; x_wconf 73' lang='lat' dir='ltr'>inclytam</span> <span class='ocrx_word' id='word_1_711' title='bbox 3225 5020 3584 5077; x_wconf 87' lang='lat' dir='ltr'>abbatissam</span> <span class='ocrx_word' id='word_1_712' title='bbox 3607 5033 3824 5092; x_wconf 80' lang='lat' dir='ltr'>praepo-</span> 
     </span>
    </p>
   </div>
   <div class='ocr_carea' id='block_1_115' title="bbox 2173 5110 2654 5170">
    <p class='ocr_par' dir='ltr' id='par_1_115' title="bbox 2173 5110 2654 5170">
     <span class='ocr_line' id='line_1_116' title="bbox 2173 5110 2654 5170; baseline -0.012 -1"><span class='ocrx_word' id='word_1_713' title='bbox 2173 5130 2309 5170; x_wconf 91' lang='lat' dir='ltr'>nere</span> <span class='ocrx_word' id='word_1_714' title='bbox 2337 5110 2593 5169; x_wconf 90' lang='lat' dir='ltr'>curabis.</span> <span class='ocrx_word' id='word_1_715' title='bbox 2627 5134 2654 5163; x_wconf 78' lang='lat' dir='ltr'>n</span> 
     </span>
    </p>
   </div>
   <div class='ocr_carea' id='block_1_116' title="bbox 2172 5216 3825 5288">
    <p class='ocr_par' dir='ltr' id='par_1_116' title="bbox 2172 5216 3825 5288">
     <span class='ocr_line' id='line_1_117' title="bbox 2172 5216 3825 5288; baseline -0.003 -12"><span class='ocrx_word' id='word_1_716' title='bbox 2172 5221 2306 5276; x_wconf 70' lang='lat' dir='ltr'>Cxp.</span> <span class='ocrx_word' id='word_1_717' title='bbox 2340 5220 2387 5273; x_wconf 71' lang='grc' dir='ltr'><strong><em>ν</em></strong></span> <span class='ocrx_word' id='word_1_718' title='bbox 2394 5219 2433 5275; x_wconf 92' lang='grc' dir='ltr'><strong>Ι.</strong></span> <span class='ocrx_word' id='word_1_719' title='bbox 2466 5251 2533 5259; x_wconf 92' lang='lat'><strong><em>—</em></strong></span> <span class='ocrx_word' id='word_1_720' title='bbox 2567 5220 2637 5274; x_wconf 89' lang='lat' dir='ltr'>De</span> <span class='ocrx_word' id='word_1_721' title='bbox 2665 5218 3019 5273; x_wconf 77' lang='lat' dir='ltr'>Fiscannensi</span> <span class='ocrx_word' id='word_1_722' title='bbox 3046 5216 3271 5272; x_wconf 80' lang='lat' dir='ltr'>ecclesia</span> <span class='ocrx_word' id='word_1_723' title='bbox 3297 5218 3479 5288; x_wconf 75' lang='lat' dir='ltr'>primo</span> <span class='ocrx_word' id='word_1_724' title='bbox 3504 5231 3623 5288; x_wconf 54' lang='lat' dir='ltr'>per</span> <span class='ocrx_word' id='word_1_725' title='bbox 3638 5230 3825 5284; x_wconf 76' lang='lat' dir='ltr'>regem</span> 
     </span>
    </p>
   </div>
   <div class='ocr_carea' id='block_1_117' title="bbox 2244 5285 3742 5363">
    <p class='ocr_par' dir='ltr' id='par_1_117' title="bbox 2244 5285 3742 5363">
     <span class='ocr_line' id='line_1_118' title="bbox 2244 5285 3742 5363; baseline -0.003 -16"><span class='ocrx_word' id='word_1_726' title='bbox 2244 5293 2563 5347; x_wconf 82' lang='lat' dir='ltr'>Lotharium</span> <span class='ocrx_word' id='word_1_727' title='bbox 2590 5290 2844 5363; x_wconf 78' lang='lat' dir='ltr'>fundata,</span> <span class='ocrx_word' id='word_1_728' title='bbox 2878 5297 2929 5345; x_wconf 78' lang='lat' dir='ltr'>et</span> <span class='ocrx_word' id='word_1_729' title='bbox 2958 5288 3249 5345; x_wconf 74' lang='lat' dir='ltr'>ditissimis</span> <span class='ocrx_word' id='word_1_730' title='bbox 3275 5285 3742 5359; x_wconf 56' lang='lat' dir='ltr'>praediisdolata.</span> 
     </span>
    </p>
   </div>
   <div class='ocr_carea' id='block_1_118' title="bbox 2246 5374 3829 5453">
    <p class='ocr_par' dir='ltr' id='par_1_118' title="bbox 2246 5374 3829 5453">
     <span class='ocr_line' id='line_1_119' title="bbox 2246 5374 3829 5453; baseline -0.003 -13"><span class='ocrx_word' id='word_1_731' title='bbox 2246 5380 2451 5440; x_wconf 87' lang='lat' dir='ltr'>Finitis</span> <span class='ocrx_word' id='word_1_732' title='bbox 2488 5381 2728 5439; x_wconf 89' lang='lat' dir='ltr'>demum</span> <span class='ocrx_word' id='word_1_733' title='bbox 2777 5383 2951 5438; x_wconf 74' lang='lat' dir='ltr'>tantas</span> <span class='ocrx_word' id='word_1_734' title='bbox 2999 5376 3367 5439; x_wconf 84' lang='lat' dir='ltr'>revelationis</span> <span class='ocrx_word' id='word_1_735' title='bbox 3423 5374 3829 5453; x_wconf 86' lang='lat' dir='ltr'>sermonibus,</span> 
     </span>
    </p>
   </div>
  </div>
