4000 6168
220 254 294 317 7-1
307 258 345 318 3

1404 261 1842 331 ANONYMUS
1890 266 2482 338 FISCANNENSIS.

3525 285 3645 346 7M

221 390 1883 489 ξῗξξοξξιξξῖ-(ξλχξκλυξικξῖΑυᾺῘξξςξ-ΠἸὩξςίξῐξῗιηεξοῐιθςνρθνρθτ
1914 406 1967 471 Α
1996 404 2321 479 virginibus
2353 410 2627 480 quietem,
2661 416 2717 467 et
2744 411 3167 470 habitationem
3194 418 3476 489 secretam
3506 432 3649 488 pm-

219 461 365 539 rain
383 461 698 539 arbitratus
727 461 816 519 est
844 461 1131 521 Antonius
1163 470 1411 539 Yeppes,
1463 470 1577 524 duo
1612 461 1880 528 Fiscanni

214 532 831 615 exstitisse‘virginum
858 538 1234 615 monasteria,
1250 532 1516 615 'j'uregue
1539 558 1674 615 cum
1698 559 1885 615 repre-

215 604 427 685 hendit
465 603 653 685 illius
678 606 974 685 interpres
1020 603 1328 685 Matthaaus
1387 603 1695 685 Olivcrius,
1745 603 1879 670 cum

213 677 459 753 omhnino
487 676 718 753 diversa
745 676 865 753 sint
890 678 1015 734 solo
1049 683 1106 734 et
1136 681 1370 753 oppido.

291 748 533 829 constat
563 749 743 829 igitur
787 748 1648 829 Fiscanncnse:hionasterium
1693 753 1881 826 primo

211 817 537 883 incoluisse
562 817 835 892 virgines.
870 821 1093 885 Quibus
1125 822 1238 878 alio
1262 824 1560 880 translatis
1586 817 1881 882 successe-

211 895 357 981 rpnt
384 891 980 981 canoniciéregular‘cs
1000 894 1120 981 sub
1139 894 1518 981 _Gu.illelmo‘l
1552 897 1880 981 Longaspa-

217 960 338 1028 tha,
373 962 521 1040 duce
542 960 886 1040 Nortbman.
914 964 1012 1040 Bei
1038 964 1342 1040 historiam
1366 972 1540 1040 gestae
1564 960 1878 1025 audiamus

213 1050 285 1089 ex
313 1033 508 1089 codice
541 1035 796 1105 ms.jam
828 1036 999 1091 toties
1031 1037 1228 1092 allato.

214 1139 355 1196 CAP.
387 1140 452 1197 Χ.
485 1170 551 1181 -
583 1142 658 1197 De
706 1144 1057 1199 renovatione
1101 1145 1343 1201 ecclesia
1387 1147 1738 1202 Fiscamwnsi
1778 1147 1875 1203 sub

803 1212 938 1269 duce
971 1214 1281 1272 G-uillelmo.

288 1298 483 1373 Longa
512 1298 693 1373 igitur
721 1299 1008 1359 bellorum
1062 1304 1298 1361 miseria
1348 1305 1617 1362 contritis
1657 1309 1713 1362 et
1742 1306 1872 1363 fati-

206 1388 367 1462 gatis
395 1387 713 1445 Galliarum
746 1390 1082 1462 provinciis,
1118 1392 1435 1465 aliquando
1479 1394 1674 1450 divina
1714 1411 1871 1451 seve-

207 1477 356 1533 ritas
387 1476 685 1547 delinitur,
733 1496 1094 1552 suarumque
1125 1481 1502 1554 antiquarum
1538 1484 1869 1539 misericor-

208 1566 444 1622 diarum
503 1567 920 1637 reminiscitur,
981 1574 1038 1624 et
1095 1570 1405 1642 inopinatzo
1468 1562 1899 1644 opitulationis‘

203 1653 663 1711 consolationem
696 1656 1102 1714 laborantibus
1144 1659 1377 1732 populis
1407 1660 1676 1733 largitur.
1710 1660 1869 1716 Divi-

1991 494 2389 563 stitit.Quibus
2410 498 2625 555 auditis
2642 502 2827 557 sancti
2847 502 3092 576 operarii
3109 519 3410 560 sacrarum
3427 505 3643 561 aedium

1990 585 2205 640 deflent
2241 588 2646 657 vastationem,
2696 590 2905 662 suique
2953 592 3287 665 paganismi
3337 591 3647 651 exhorrent

1990 672 2503 743 inhumanitatem,
2563 682 2619 733 et
2688 679 2905 736 sanctis
2987 680 3284 738 cineribus
3359 682 3644 739 donantes

1988 762 2337 830 libertatem,
2398 766 2539 821 alibi
2597 766 2688 823 sui
2763 769 3045 841 propositi
3116 770 3309 842 operis
3365 773 3646 845 satagunt

1988 852 2291 923 exquirere
2323 855 2649 911 materiam.
2675 858 2799 922 Qua
2817 857 3104 929 inquisita
3121 857 3361 916 etiacile
3391 864 3640 934 reperta,

1989 937 2186 994 multis
2218 940 2556 998 ambitionis
2586 942 2875 1014 palatium
2906 945 3212 1013 extollunt,
3245 946 3455 1019 suique
3475 947 3643 1004 ducis

1977 1027 2311 1099 jussionem
2371 1031 2747 1103 complentes,
2822 1034 2980 1090 brevi
3037 1034 3362 1104 intervallo,
3422 1034 3641 1110 arrepti

1986 1118 2178 1189 operis
2197 1118 2663 1190 magnitudinem
2683 1128 3187 1179 consummarunt.
3208 1123 3444 1196 Expleto
3463 1123 3643 1196 igitur

1986 1207 2129 1261 tanti
2160 1206 2379 1263 laboris
2408 1214 2714 1282 praecepto,
2756 1211 3008 1271 artiﬁces
3056 1212 3379 1269 invitarunt
3425 1213 3637 1289 ducem

1983 1294 2381 1365 Guillelmum,
2402 1302 2776 1371 castrumque
2792 1300 3133 1372 etpalatium
3155 1307 3632 1361 consummatum

1983 1401 2100 1439 suae
2132 1386 2496 1442 auctoritatis
2514 1387 2740 1458 judicio
2770 1392 2827 1444 et
2855 1389 3155 1446 sententias
3182 1391 3454 1469 reddunt.
3487 1393 3635 1467 Quo-

1981 1490 2109 1527 rum
2139 1472 2488 1530 Guillelmus
2519 1476 2635 1531 dux
2667 1477 2934 1548 peritiam
2965 1483 3021 1534 et
3050 1478 3299 1535 formam
3321 1479 3636 1555 completo-

1980 1579 2109 1618 rum
2169 1580 2409 1636 operum
2459 1566 2902 1633 commendans,
2960 1584 3162 1624 eorum
3212 1569 3632 1645 negligentiam

1978 1644 2370 1723 reprehendit,
2391 1654 2544 1724 quod
2563 1653 2622 1709 in
2641 1660 2853 1721 castro,
2864 1656 3034 1726 juxta
3049 1644 3357 1730 palatium,
3376 1658 3634 1716 ecclesia

205 1760 421 1801 narum
450 1742 668 1817 quippe
694 1745 995 1801 afﬂuentia
1016 1749 1340 1820 gratiarum
1363 1753 1622 1805 errantes
1655 1748 1863 1822 pagani
1894 1778 1943 1843 Β
1978 1740 2199 1843 nu‘llius
2220 1740 2521 1843 oraculum
2541 1742 2844 1799 invenerit.
2863 1743 3052 1843 Super
3072 1746 3246 1843 cujus
3262 1745 3631 1843 negligentiae

205 1837 706 1906 compunguntur,
739 1836 1075 1906 eompuncti
1118 1841 1558 1903 convertuntur,
1597 1837 1860 1910 inquam,

198 1922 593 1987 barbarorum
612 1921 953 1978 truculentae
980 1928 1238 1991 mentes;
1265 1925 1685 1998 religionisque
1705 1925 1864 1981 Chri-

204 2011 411 2067 stianas
458 2011 764 2066 veritatem
814 2028 1048 2068 summa
1096 2013 1400 2069 devotione
1459 2019 1759 2069 sectantur
1807 2019 1865 2070 et

197 2105 572 2165 venerantur,
607 2117 785 2172 quam
818 2099 990 2172 paulo
1022 2106 1157 2157 ante
1206 2101 1369 2157 ferali
1399 2103 1636 2159 vesania
1667 2120 1860 2176 perse-

198 2189 535 2263 quebantur
555 2192 615 2245 et
632 2189 1144 2246 abominabantur.
1170 2192 1327 2247 Unde
1349 2192 1590 2265 contigit
1616 2198 1681 2246 ut
1708 2193 1861 2249 dono

193 2286 255 2334 et
279 2276 894 2347 concessioneCaroli,
929 2278 1248 2334 Galliarum
1285 2280 1460 2353 regis,
1492 2284 1782 2336 extremas
1803 2284 1861 2335 et

194 2366 527 2425 maritimas
608 2370 830 2440 septem
904 2368 1234 2440 provincias
1302 2369 1651 2425 sortirentur
1708 2372 1854 2439 (2|);

190 2473 345 2531 quas
377 2456 470 2512 sui
498 2455 720 2513 laboris
750 2455 1008 2512 incolatu
1052 2461 1289 2512 externo
1320 2457 1665 2523 excolerent,
1699 2464 1754 2513 et
1786 2458 1857 2512 ab

192 2540 549 2601 irruentium
588 2540 977 2600 barbarorum
1030 2546 1433 2602 invasionibus
1482 2546 1859 2601 defenderent

192 2639 256 2693 et
281 2634 664 2691 custodirent.
698 2633 990 2690 Divinitus
1023 2634 1220 2707 itaque
1243 2633 1566 2691 conciliatis
1598 2635 1853 2707 populis,

194 2740 309 2796 pax
340 2722 561 2778 mundo
592 2722 877 2789 redditur,
910 2724 1084 2778 urbes
1106 2721 1305 2778 deletae
1329 2724 1698 2792 muniuntur,
1723 2724 1857 2780 sub-

189 2829 481 2884 versaque
511 2814 703 2868 castra
731 2811 881 2867 vallo
912 2812 1268 2884 competenti
1300 2816 1356 2868 et
1378 2828 1587 2885 aggere
1619 2811 1858 2886 cingun-

191 2907 311 2965 tur,
342 2905 401 2957 et
432 2900 853 2956 revertentibus
879 2899 1102 2958 colonis
1133 2899 1282 2956 villae
1315 2906 1372 2957 et
1404 2902 1527 2973 agri
1558 2901 1873 2973 replentur.

189 2995 251 3045 et
291 2988 661 3061 excoluntur.
719 2988 982 3061 Denique
1034 2990 1421 3045 Northmanni
1458 2988 1854 3061 spiritualium

189 3077 383 3151 gratia
410 3081 912 3135 sacramentorum
943 3077 1225 3145 innovati,
1251 3095 1392 3134 suas
1423 3083 1691 3149 acceptas
1722 3094 1853 3150 pro-

187 3140 436 3236 vincies,
468 3167 661 3234 North,
709 3167 861 3223 venti
906 3166 1000 3221 sui
1048 3166 1349 3234 vocabulo,
1393 3166 1855 3222 Northmanniam
1885 3140 1928 3208 (ἶ

187 3254 671 3328 appellaverunt;
704 3255 873 3326 cujus
897 3259 1060 3311 terrae
1083 3255 1362 3310 ducatum
1388 3254 1552 3310 Rollo
1578 3256 1595 3309 Ι
1622 3260 1680 3310 et
1701 3253 1859 3310 Guil-

189 3342 434 3415 lelmus,
458 3341 723 3399 Rollonis
748 3343 926 3409 ﬁlius,
946 3342 1152 3398 habuit
1173 3344 1484 3399 secundus.
1510 3344 1700 3415 Hujus
1715 3358 1851 3415 ergo

190 3431 365 3487 ducis
426 3436 712 3503 tempore,
770 3436 997 3486 aeternas
1056 3435 1112 3486 et
1184 3431 1499 3487 individua:
1556 3430 1859 3488 Trinitatis

189 3519 501 3593 oraculum
529 3520 786 3593 reperitu
800 3523 1268 3592 r,repertumque
1289 3520 1504 3577 notitiae
1535 3525 1592 3577 et
1620 3519 1855 3576 utilitati

195 3606 521 3665 multorum
556 3606 904 3681 populorum
954 3608 1254 3664 reducitur
1281 3614 1338 3664 et
1370 3613 1701 3664 renovatur.
1734 3608 1859 3663 Dux

196 3698 359 3754 enim
407 3695 755 3753 Guillelmus
813 3697 1090 3768 praecepit
1143 3697 1326 3753 servis
1383 3697 1508 3754 suis
1566 3700 1857 3769 quatenus

196 3787 591 3842 Fiscannense
610 3785 892 3857 oppidum
917 3791 1281 3857 renovarent,
1306 3790 1479 3858 atque
1502 3787 1562 3842 in
1586 3790 1857 3842 renovato

196 3874 415 3948 oppido
433 3872 629 3947 multa:
648 3872 1038 3946 speciositatis
1055 3879 1112 3929 et
1130 3873 1556 3947 magnitudinis
1576 3875 1857 3948 palatium

197 3964 578 4019 mdiﬁcarent.
612 3961 961 4018 Obedientes
1011 3965 1204 4018 autem
1253 3963 1402 4018 servi
1449 3980 1600 4035 opus
1653 3979 1856 4036 aggre-

195 4051 857 4123 diunturimperatum;
917 4051 1247 4123 oppidoque
1301 4057 1596 4119 renovato,
1648 4050 1857 4109 excelsi

197 4139 417 4214 fastigii
473 4140 760 4196 aediﬁcare
807 4137 1134 4195 moliuntur
1183 4138 1490 4211 palatium.
1550 4140 1659 4195 Ubi
1716 4141 1858 4196 dum

112 4222 129 4227 ’
196 4229 618 4294 discurrerent,
650 4231 707 4283 et
750 4227 1089 4284 aediﬁcando
1138 4228 1353 4300 palatio
1410 4228 1633 4301 lapides
1666 4232 1721 4284 et
1753 4245 1858 4283 cae-

197 4321 400 4376 menta
430 4317 688 4374 invenire
717 4320 1069 4389 satagerent,
1094 4334 1395 4373 sacrarum
1422 4318 1633 4372 aedium
1659 4318 1860 4374 ruinas

198 4405 517 4478 reperiunt,
542 4408 917 4478 repertasque
936 4406 995 4461 in
1015 4406 1325 4461 aediﬁcium
1348 4405 1621 4461 humana:
1639 4406 1859 4462 habita-

1976 1829 2167 1901 culpa,
2203 1847 2342 1885 suos
2363 1830 2618 1886 artiﬁces
2639 1848 2890 1902 arguens
2915 1850 2927 1888 :
2954 1834 3056 1901 Ite,
3081 1833 3296 1905 inquit,
3315 1839 3373 1890 et
3390 1833 3629 1911 illarum

1974 1919 2279 1974 ruinarum
2320 1917 2445 1974 loco
2496 1925 2696 1976 sancto
2750 1921 3031 1978 aadiﬁcate
3078 1922 3407 1992 ecclesiam,
3458 1925 3629 1996 cujus

1973 2010 2246 2080 aspectus
2267 2009 2453 2063 sancti
2474 2008 2675 2080 templi
2701 2010 3042 2065 memoriam
3067 2012 3481 2068 contuentibus
3502 2014 3628 2071 red-

1973 2095 2191 2163 dat;et
2246 2096 2413 2162 mihi,
2470 2101 2572 2175 aut
2623 2097 2798 2152 alicui
2856 2114 2983 2154 meo
3041 2098 3276 2167 haeredi,
3319 2100 3624 2175 antiquam

1971 2185 2278 2240 ecclesiam
2306 2185 2611 2256 reparandi
2635 2186 2987 2243 voluntatem
3014 2186 3329 2260 aliquando
3355 2188 3619 2249 incutiat.

1970 2272 2145 2329 Ducis
2182 2274 2513 2343 jussionem
2561 2275 2864 2332 audientes
2913 2276 3181 2348 operarii,
3229 2279 3513 2334 accedunt
3548 2280 3621 2337 ad

1969 2378 2135 2417 sacra
2162 2362 2305 2428 loca,
2334 2368 2514 2435 atque
2545 2363 2604 2418 in
2636 2364 2766 2436 ipsa
2808 2365 3063 2421 incendii
3093 2370 3151 2423 et
3181 2366 3386 2443 excidii
3413 2369 3623 2424 confu-

1969 2450 2151 2518 sione,
2206 2453 2514 2522 cujusdam
2566 2452 2879 2509 ecclesiolae
2943 2459 3166 2525 ponunt
3211 2457 3617 2529 fundamenta,

1968 2539 2314 2611 signatoque
2346 2540 2547 2611 prima:
2576 2558 2686 2595 arte
2727 2541 2873 2608 loco,
2903 2543 3209 2598 ruinarum
3240 2543 3536 2617 lapidibus
3563 2548 3622 2601 et

1924 2701 1929 2707 O
1968 2627 2334 2698 fragmentis,
2365 2645 2478 2683 non
2503 2627 2697 2683 multa:
2725 2627 3064 2685 extollentiaz
3088 2630 3340 2702 parietes
3364 2631 3616 2705 erigunt,

1965 2720 2303 2788 erectosque
2325 2717 2396 2773 ad
2420 2717 2730 2789 propositae
2748 2718 3092 2789 quantitatis
3113 2735 3435 2790 summam,
3457 2720 3620 2799 nulla

1966 2806 2417 2878 intercapedine,
2438 2806 2754 2862 deducunt.
2774 2807 3093 2880 Completis
3115 2823 3251 2881 ergo
3271 2809 3616 2880 parietibus,

1964 2898 2183 2949 tectum
2238 2894 2430 2949 solum
2484 2895 2718 2962 deerat;
2769 2896 2938 2967 cujus
2994 2895 3217 2969 perlato
3267 2897 3617 2965 munimine,

1965 2983 2147 3038 aerias
2175 2982 2581 3038 inclementias
2612 2983 2682 3038 ab
2718 2984 2988 3040 universa
3024 2986 3197 3042 domo
3227 2987 3411 3043 arceri
3443 3003 3619 3059 opor—

1963 3071 2140 3127 tebat.
2202 3071 2482 3134 Quocirca
2539 3070 2832 3142 lignorum
2897 3071 3279 3144 inquiruntur
3330 3074 3500 3145 fabri,
3548 3078 3620 3149 et

1967 3158 2182 3215 inventi
2218 3159 2628 3227 adducuntur;
2680 3160 2880 3232 eisque
2930 3177 3070 3216 cura
3118 3161 3369 3218 faciendi
3399 3167 3618 3220 tectum

1966 3247 2295 3319 injungitur
2326 3252 2381 3303 et
2413 3246 2783 3319 relinquitur.
2819 3249 2989 3304 Fabri
3011 3253 3207 3305 autem
3228 3250 3621 3308 instrumenta

1967 3336 2310 3408 corripiunt,
2343 3336 2628 3407 imperato
2659 3336 2818 3408 operi
2868 3338 3135 3410 augendo
3174 3337 3460 3395 habiliora
3490 3340 3619 3397 red-

1967 3426 2134 3492 dunt,
2181 3424 2513 3496 electasque
2561 3414 2738 3481 silvas
2787 3426 3075 3482 maturius
3134 3425 3352 3484 intrare
3411 3428 3614 3502 dispo-

1968 3520 2133 3570 nunt

1968 3621 2098 3676 CAP.
2132 3621 2222 3676 Xl.
2259 3653 2325 3661 —
2360 3622 2433 3676 De
2462 3629 2615 3687 tecto,
2659 3622 2800 3687 quod
2843 3639 2995 3679 mare
3041 3624 3231 3681 attulit
3259 3623 3325 3681 de
3354 3623 3619 3682 Constan-

2039 3694 2205 3748 ticnsi
2230 3694 2533 3764 provincia,
2566 3695 2615 3749 et
2644 3694 2850 3749 duobus
2872 3696 3059 3765 lignis,
3083 3712 3203 3767 qua
3231 3696 3546 3769 defuerunt.

2038 3782 2252 3853 Verum
2266 3781 2632 3837 discurrente
2650 3781 3083 3841 deliberationis
3096 3784 3625 3863 intervallo,divina

1968 3870 2393 3943 omnipotentis
2422 3875 2478 3925 et
2510 3870 2705 3927 fabros
2755 3888 2789 3927 a
2838 3872 3119 3943 propositi
3165 3873 3382 3929 laboris
3408 3875 3622 3930 sudore

1967 3959 2234 4014 liberavit
2264 3964 2317 4014 et
2348 3959 2658 4026 revocavit,
2693 3963 2750 4014 et
2780 3976 2897 4037 sua:
2928 3960 3353 4034 magnitudinis
3376 3979 3626 4034 praesen-

1968 4047 2111 4103 tiam
2145 4047 2202 4102 in
2234 4048 2474 4119 praefata
2504 4045 2829 4115 ecclesiola,
2854 4048 3048 4103 eximii
3071 4048 3340 4104 miraculi
3366 4049 3626 4123 gloriosa

1968 4136 2335 4193 attestatione
2367 4133 2681 4190 declaravit
2709 4139 2765 4190 et
2785 4135 2985 4191 docuit
3006 4136 3086 4208 (in
3110 4137 3235 4193 cod.
3260 4154 3373 4195 ms.
3399 4139 3623 4196 domini

1968 4225 2136 4298 Bigot
2148 4224 2503 4297 sup.habetu
2514 4225 2625 4289 r,in
2633 4241 2774 4296 pago
2794 4224 3320 4299 Constantino,apud
3329 4228 3626 4301 quamdam

1968 4315 2205 4369 insulam
2218 4316 2275 4368 in
2288 4314 2456 4385 mari)
2467 4313 2947 4370 .Constantiensis
2961 4315 3117 4370 enim
3132 4316 3629 4388 provinciaehomi-

1969 4420 2094 4472 nes,
2124 4403 2180 4458 S.
2208 4401 2534 4475 Marculpbi
2554 4403 2786 4458 cuidam
2811 4402 3064 4459 ecclesiae
3089 4404 3387 4478 quoddam
3407 4410 3626 4463 tectum

198 4494 380 4551 tionis
428 4498 827 4566 transportare
868 4494 1209 4567 disponunt.
1260 4495 1499 4562 Verum,
1560 4493 1860 4566 repentino
1890 4506 1937 4569 Ι)
1970 4497 2453 4563 praeparaverant,
2475 4496 2649 4563 atque
2667 4498 3057 4566 praeparatum
3078 4494 3266 4551 eidem
3289 4495 3512 4552 eclesite
3534 4513 3629 4554 su-

196 4583 447 4647 consilio
477 4582 762 4639 divinitus
808 4583 1070 4656 aspirati,
1126 4582 1288 4639 illius
1338 4582 1447 4637 loci
1500 4583 1773 4654 antiquos
1801 4586 1859 4638 et

197 4673 512 4747 indigenas
542 4677 881 4738 convocant,
918 4673 1287 4728 inventarum
1321 4670 1626 4727 ruinarum
1651 4687 1860 4726 causas

194 4764 585 4835 interrogant,
612 4767 671 4819 et
700 4763 868 4834 cujus
898 4761 1269 4834 imperatoris
1308 4760 1552 4816 alterius
1584 4760 1856 4832 potentias

200 4868 309 4924 per
337 4867 573 4907 summa
598 4850 817 4923 palatia
860 4850 990 4906 illas
1040 4850 1241 4906 ruinas
1296 4850 1696 4921 praecesserint
1724 4847 1855 4903 dili-

198 4946 408 5014 genter
424 4940 795 5013 investigent.
824 4940 1010 4995 Locus
1036 4940 1167 5007 istc,
1191 4940 1490 5010 inquiunt,
1519 4937 1858 5009 interrogati

200 5030 515 5101 indigenis,
546 5028 686 5084 olim
718 5028 912 5085 clarus
941 5032 997 5084 et
1025 5028 1269 5084 celebris
1290 5026 1456 5083 vallis
1487 5027 1618 5094 fuit,
1642 5042 1863 5082 rerum-

203 5134 320 5192 que
350 5118 615 5173 omnium
646 5117 1018 5189 imperatoris
1060 5116 1381 5190 insignitus
1427 5114 1622 5182 titulo,
1657 5114 1862 5170 multis

278 5231 394 5305 (20)
444 5231 602 5288 Idem
644 5232 893 5303 Yeppes,
939 5231 1333 5294 Quercetanus
1378 5229 1479 5285 lib.
1519 5246 1631 5298 vn;
1663 5229 1859 5354 Antig.

278 5302 354 5355 ιιι.
387 5320 517 5355 can.
547 5302 937 5355 61‘Chronica
965 5302 1326 5355 Chronicar..
1358 5305 1508 5355 nart.
1544 5318 1605 5355 Il.
1640 5300 1735 5355 fol.
1768 5302 1803 5354 2
1846 5343 1859 5355 .

199 5302 354 5362 Gall.
376 5302 517 5375 cap.
547 5305 583 5357 6
604 5302 937 5371 ;‘Chronica
965 5302 1326 5366 Chronicar.,
1358 5305 1508 5372 part.
1544 5318 1605 5363 Il,
1640 5302 1735 5355 fol.
1768 5302 1862 5371 20,

200 5379 266 5433 in
294 5370 584 5455 Richardo
616 5373 1212 5455 [ducenNor’thmanq
1243 5372 1520 5455 .Grisius,“
1527 5372 1621 5455 De
1638 5371 1863 5455 clericis

199 5445 488 5529 regular,
521 5445 742 5505 section
775 5444 861 5514 l3,
894 5445 921 5512 §
948 5443 1015 5526 9;
1048 5443 1333 5499 Lanovius
1486 5443 1865 5525 Syntagmate

198 5514 488 5599 historico
521 5516 591 5599 de
616 5515 717 5599 ξε.
768 5516 1022 5599 Francia:
1071 5513 1454 5599 cancellgriis,
1504 5532 1564 5569 1n
1611 5520 1764 5599 notis
1791 5515 1863 5599 ad

198 5591 400 5653 Vitam
424 5593 504 5651 ,8.
522 5586 802 5647 ‘Audoeni
834 5585 1258 5664 archiepiscopi
1286 5585 1669 5662 Rotbbmag.;
1700 5586 1863 5645 Anti-

532 5716 799 5801 Parant.
844 5711 990 5779 CLI.

1969 4596 2285 4652 perponere
2307 4581 2338 4634 d
2352 4581 2397 4633 is
2405 4582 2871 4651 ponebant.lllud
2887 4600 3024 4655 ergo
3038 4588 3253 4640 tectum
3270 4585 3515 4658 pelagus
3532 4603 3630 4646 su-

1967 4667 2341 4740 pergrediens
2373 4667 2587 4723 invasit
2607 4672 2665 4724 et
2685 4670 2946 4739 sustulit,
2976 4670 3236 4745 levisque
3259 4674 3428 4729 undae
3461 4676 3631 4731 obse-

1968 4755 2128 4828 quio,
2163 4756 2233 4809 ad
2259 4755 2547 4811 Fiscanna
2568 4756 2763 4813 littora
2792 4759 3019 4815 devexit
3044 4764 3133 4829 ;et
3154 4761 3311 4817 dictu
3329 4762 3627 4819 mirabilel

1970 4862 2166 4901 coram
2183 4849 2395 4899 sanctae
2414 4844 2728 4900 ecclesiolaa
2768 4847 2979 4902 erectis
3015 4849 3337 4919 parietibus
3376 4849 3636 4907 ofﬁciose

1970 4933 2481 5004 deposuit,suique
2504 4932 2716 4989 littoris
2740 4933 2899 4989 alveo
2920 4934 3089 5007 lapsu
3114 4936 3361 4991 innocuo
3385 4937 3618 4993 reﬂuxit

1972 5023 2258 5078 Mirantur
2286 5021 2532 5093 operarii
2577 5026 2633 5078 et
2683 5022 2924 5095 pelagus
2967 5022 3243 5089 reﬂuens,
3296 5028 3352 5080 et
3390 5029 3637 5083 tectum'

1974 5127 2304 5177 remanens,
2336 5115 2394 5166 et
2422 5110 2481 5165 in
2513 5115 2849 5166 remanente
2873 5115 3043 5180 tecto,
3063 5110 3286 5168 nullius
3313 5111 3481 5182 elavi,
3504 5131 3640 5187 pro.

2016 5226 2608 5308 uitatesﬂNortbman.
2642 5242 2925 5308 msta‘g.
2968 5227 3086 5308 225‘
3119 5230 3177 5308 et
3221 5228 3350 5308 2.26,
3384 5230 3537 5308 apud
3570 5231 3640 5308 l_).

2023 5300 2178 5381 igot;
2225 5297 2492 5381 coeuntis:
2542 5304 2685 5354 tom.
2738 5296 3183 5355 ll'Hierarcbias
3233 5296 3544 5371 Neustrias,
3578 5303 3641 5360 in

1972 5370 2241 5442 episcopo
2266 5370 2330 5425 44
2356 5370 2696 5426 Abrincens.

2049 5441 2523 5569 (riléProvincias
2552 5445 2720 5498 vocat
2767 5440 3074 5510 Neustriae,
3106 5441 3497 5518 episcopatus,
3533 5445 3636 5522 qui

1978 5529 2118 5570 sunt
2145 5529 2199 5570 'l.

3234 5715 3314 5803 .33
