3984 6166
175 298 301 374 ’121

1361 310 1804 377 ANONYMUS
1847 311 2432 378 FISCANNENSIS.

3476 317 3594 380 722

175 445 350 503 norat
377 443 436 501 et
463 439 738 510 erudiret,
772 455 996 518 magna
1044 439 1402 502 humilitatis
1432 443 1702 518 precibus
1734 459 1828 501 ex-
1859 443 1917 514 Α
1945 443 2167 503 caeteris
2181 441 2879 520 formapulchritudinem
2892 445 3449 525 designabat,atque
3463 470 3594 510 con.-

178 534 387 592 oravit.
406 533 1007 601 QuibusB.memoriae
1021 533 1368 592 Guillelmus
1381 536 1560 592 abbas
1573 535 1832 609 primum

173 623 556 698 respondisse
581 623 791 680 fertur:
810 623 1152 680 Charissimi
1168 623 1269 680 filii
1281 669 1294 694 ,
1309 623 1644 680 audivimus
1657 625 1834 681 duces

183 713 606 780 Nurtmannos,
664 711 934 770 homines
991 714 1274 770 barbaros
1331 718 1389 770 et
1443 712 1830 780 truculentos,

177 801 616 869 Subvertere,et
637 818 753 858 non
777 802 1064 859 aediﬁcare
1106 806 1308 859 sancta
1337 802 1590 876 templa;
1625 803 1834 859 debere

173 895 240 948 et
266 891 546 963 eﬁ'ngare,
563 893 619 947 et
640 907 754 947 non
779 889 1049 964 colligere
1069 895 1171 948 aut
1191 892 1421 949 nutrire
1436 891 1830 964 spiritualium

170 978 492 1036 hominum
523 979 1005 1053 congregationes
1061 984 1316 1037 sanctas.
1347 983 1710 1054 QuaprOpter
1758 982 1836 1036 ad‘

169 1067 670 1125 ducem-vestrum
701 1067 908 1136 redite,
941 1073 998 1124 et
1026 1086 1132 1125 nos
1162 1069 1343 1140 hujus
1374 1069 1459 1125 rei
1507 1070 1834 1142 imparatos

172 1157 421 1214 omnino
443 1157 807 1230 respondete,
822 1174 956 1213 cum
973 1163 1031 1214 et
1057 1158 1226 1214 nobis
1250 1157 1529 1214 fratribus
1545 1158 1832 1214 deducen-

173 1243 516 1302 disdesunt
543 1245 700 1318 equi,
733 1250 908 1318 atque
947 1247 1256 1319 stipendiis
1305 1247 1823 1304 conducendorum

171 1333 440 1390 fratrum
460 1334 676 1390 desunt
706 1334 1018 1392 clitellarii.
1507 1325 1514 1330 ’

243 1423 791 1489 Quod‘reversorum
803 1423 1130 1497 legatorum
1141 1424 1425 1481 relatione
1440 1425 1557 1481 dux
1571 1425 1828 1498 inclytus

173 1512 570 1586 comperiens,
593 1513 882 1582 extimuit,
915 1513 1250 1586 multosque
1276 1529 1458 1586 equos
1486 1517 1542 1570 et
1583 1513 1826 1570 clitella-

167 1602 300 1658 rios
320 1601 571 1658 festinus
583 1603 955 1674 praeparavit;
981 1619 1128 1674 quos
1152 1603 1576 1659 revertentibus
1595 1603 1824 1676 legatis,

168 1690 239 1747 Β.
278 1690 574 1748 memoria:
625 1690 821 1746 abbati
880 1690 1190 1747 Guillclmo
1238 1691 1542 1747 humiliter
1577 1692 1822 1748 remisit.

166 1783 340 1835 Tunc
355 1778 420 1834 B.
440 1778 812 1835 abbasducis
833 1779 1337 1852 importunitatem
1367 1785 1424 1836 et
1453 1797 1822 1854 perseveran-

171 1868 350 1932 tiam,
371 1871 545 1939 atque
567 1869 638 1923 de
657 1867 1101 1940 importunitate
1121 1873 1178 1924 et
1207 1870 1638 1942 perseverantia
1665 1887 1822 1926 com-

170 1973 450 2029 pensans
491 1957 672 2012 animi
721 1957 1082 2013 voluntatem
1124 1962 1180 2012 et
1229 1957 1594 2014 devotionem
1627 1959 1822 2029 istam,

170 2043 424 2102 collecta
453 2044 849 2118 spiritualium
874 2046 1120 2102 fratrum
1144 2046 1524 2102 multitudine
1547 2048 1820 2116 maxima,

168 2129 292 2191 iter
321 2133 590 2206 arripuit,
625 2135 944 2208 paucisque
971 2135 1179 2191 diebus
1209 2136 1492 2202 decursis,
1525 2135 1825 2192 aestuantis

174 2222 366 2280 ducis
385 2223 674 2280 desiderio
693 2239 860 2280 suam
887 2228 943 2280 et
963 2224 1280 2281 multorum
1302 2226 1546 2280 fratrum
1578 2241 1826 2297 praesen-

173 2312 330 2368 tiam
386 2311 668 2368 exhibuit.
702 2315 883 2380 Quem
941 2315 1057 2370 dux
1115 2315 1404 2388 egregius,
1437 2315 1617 2370 totius
1644 2313 1826 2370 animi

135 2437 138 2440 ρ
175 2400 522 2458 sinceritate
571 2401 868 2474 totiusque
915 2403 1269 2459 sinceritatis
1301 2403 1610 2460 dilectione
1639 2402 1824 2459 susci-

174 2489 376 2564 piens,
394 2489 558 2547 velut.
584 2497 858 2564 suscepto
889 2491 1138 2560 Christo,
1167 2491 1300 2548 aliis
1327 2492 1540 2548 amotis
1567 2493 1824 2549 servien-

168 2578 358 2646 tibus,
391 2579 518 2651 ipse
575 2580 826 2652 propriis
885 2580 1160 2637 manibus
1208 2581 1460 2650 servivit,
1517 2582 1827 2654 medioque

167 2668 367 2724 brevis
409 2669 690 2741 temporis
721 2669 1024 2726 intervallo
1057 2671 1413 2728 Fiscannum
1471 2671 1731 2738 deduxit,
1767 2674 1823 2726 et

175 2758 411 2814 Sanctae
470 2757 773 2814 Trinitatis
829 2757 1135 2815 ecclesiam
1192 2760 1430 2816 donavit
1477 2764 1536 2815 et
1565 2760 1824 2826 tradidit,

176 2860 436 2916 eamque
457 2845 736 2902 donatam
755 2850 812 2902 et
830 2847 1128 2913 traditam,
1143 2848 1312 2919 juxta
1335 2848 1594 2920 regulam
1625 2848 1683 2904 S.
1720 2853 1824 2902 Be-

178 2935 402 2991 nedicti
435 2938 493 2991 et
522 2935 957 2992 institutionem
989 2937 1220 3010 disponi
1251 2943 1309 2994 et
1335 2937 1592 2994 ordinari
1625 2954 1824 2994 exora-

173 3024 283 3080 vit.
345 3023 610 3092 Donavit,
669 3025 934 3096 inquam,
986 3030 1044 3081 et
1102 3027 1342 3082 tradidit
1395 3027 1514 3082 dux
1557 3027 1824 3099 egregius

176 3111 514 3169 Richardus
533 3113 712 3169 beatae
734 3114 1027 3170 memoriaa
1045 3115 1242 3171 abbati
1263 3113 1573 3170 Guillclmo
1599 3115 1822 3170 Sanctae

168 3199 478 3257 Trinitatis
537 3200 988 3260 Fiscannensem
1019 3203 1350 3272 ecclesiam,
1407 3203 1756 3259 canonicoru

127 3312 130 3314 ν
171 3288 504 3345 carnalium
537 3290 1064 3364 expulitenormem
1087 3292 1543 3359 multitudinem,
1565 3307 1816 3364 quorum

172 3377 584 3452 possessiones
614 3379 867 3436 ecclesias
893 3379 1126 3453 penitus
1157 3381 1414 3437 retinens
1444 3385 1501 3436 et
1547 3380 1817 3447 reddens,

174 3467 444 3541 expulsis
464 3472 520 3524 et
549 3469 803 3525 converti
831 3469 1164 3527 nolentibus
1196 3469 1511 3538 canonicis,
1531 3467 1667 3524 alibi
1693 3485 1822 3523 con-

173 3558 386 3631 gruam
413 3556 667 3612 restituit
683 3558 1236 3630 compensationem.
1257 3557 1432 3613 Nocte
1452 3555 1822 3630 igitur,cujus

159 3644 446 3718 sequenti
465 3644 559 3701 die
578 3644 988 3703 Fiscannensis
1003 3643 1596 3718 ecclesiaspirituales
1624 3661 1820 3702 susce-

177 3734 264 3807 pit
295 3733 636 3802 monachos,
669 3733 1047 3808 carnalesque
1076 3733 1296 3808 expulit
1317 3733 1644 3799 canonicos,
1679 3733 1823 3807 ipsis

181 3821 486 3880 canonicis
507 3821 762 3879 ecclesia
787 3823 1017 3879 culmen
1053 3827 1238 3878 totum
1270 3822 1482 3896 aquilis
1522 3823 1827 3878 videbatur

179 3910 397 3985 operiri
426 3911 674 3984 ;quibus
699 3911 912 3985 aquilis
936 3911 1367 3985 ingredentium
1403 3911 1824 3968 monachorum

175 3999 411 4056 theoria
435 4004 492 4056 et
512 3999 836 4073 spiritualis
862 4000 1108 4068 volatus,
1125 4017 1191 4056 ac
1218 4002 1494 4073 deinceps
1525 4005 1828 4073 protegen-

177 4089 335 4145 tium
369 4087 712 4162 angelorum
743 4086 1061 4146 descensus
1103 4095 1159 4145 et
1190 4088 1548 4145 conversatio
1575 4105 1830 4162 congrue

183 4167 495 4251 figuratur.
531 4177 713 4251 Igitur
740 4177 802 4233 B.
837 4183 894 4234 et
922 4178 1214 4252 gloriosus
1247 4178 1427 4234 abbas
1482 4177 1829 4233 Guillclmus

184 4269 519 4339 susceptam
534 4266 839 4324 ecclesiam
859 4268 1033 4340 coepit
1047 4268 1371 4341 gubernare
1383 4271 1440 4322 et
1461 4267 1829 4324 administra-

174 4370 256 4424 re,
296 4359 358 4410 et
379 4355 550 4426 juxta
589 4355 649 4412 S.
683 4355 974 4412 Benedicti
1035 4355 1464 4411 institutionem
1523 4356 1831 4428 disponere

185 4446 244 4500 et
258 4443 570 4516 corrigere,
590 4448 764 4516 atque
781 4445 851 4499 de
870 4445 1116 4501 diversis
1135 4443 1450 4516 provinciis
1479 4459 1611 4499 vere
1631 4443 1831 4499 fideles

181 4547 524 4603 convocare,
556 4537 613 4590 et
645 4533 702 4589 in
734 4534 1033 4606 obsequiis
1055 4532 1388 4590 coelestibus
1413 4531 1582 4588 unire
1613 4537 1669 4588 et
1697 4549 1830 4588 con-
1862 4549 1910 4616 ι)

184 4622 674 4678 ﬁrmare.Subita
695 4622 876 4696 igitur
899 4621 1272 4679 conversione
1303 4620 1711 4678 Fiscannensis
1742 4638 1832 4678 ec-

185 4711 368 4771 clesia
389 4711 714 4770 ccslestium
745 4711 1000 4769 virorum
1022 4712 1234 4770 studiis
1254 4711 1510 4768 fervebat
1539 4715 1595 4767 et
1625 4712 1832 4783 ﬂagra-

176 4803 304 4868 bat,
320 4803 377 4856 et
391 4801 587 4858 multa
611 4801 966 4875 Opinationis
981 4801 1164 4876 gloria
1175 4800 1621 4874 circumpositas
1652 4798 1830 4856 eccle-

188 4887 312 4944 sias
344 4887 711 4959 praecellebat
755 4893 815 4944 et
843 4889 1214 4944 obscurabat.
1250 4887 1570 4961 Fastigium
1620 4886 1834 4960 quippe

179 4979 359 5031 tantae
418 4975 786 5033 celsitudinis
835 4993 942 5034 sua
996 4981 1403 5033 momentanea
1457 4975 1836 5033 translatione

185 5065 602 5122 Fiscannensis
641 5066 888 5122 ecclesia
917 5067 1400 5138 consequebatur,
1435 5069 1726 5137 quatenus
1755 5064 1837 5119 ita

185 5166 394 5210 omnes
419 5153 738 5210 Galliarum
761 5156 1035 5211 ecclesias
1049 5155 1466 5211 transcendens
1481 5171 1538 5209 re
1559 5153 1832 5210 ethabitu

182 5257 435 5300 summae
495 5243 816 5318 religionis,
855 5244 1350 5317 quemadmodum
1389 5242 1839 5298 transcendebat

181 5331 698 5404 verbo=etspeoiali
728 5332 1028 5406 privilegio
1045 5349 1164 5388 suae
1185 5329 1660 5403 nuncupationis.
1695 5330 1837 5386 Par-

187 5420 532 5490 cimonia,et
545 5421 828 5495 pudicitia
839 5419 1247 5500 etvoluntarize
1270 5419 1630 5493 paupertatis
1648 5419 1836 5475 abun-

188 5508 410 5578 dantia,
432 5503 844 5566 Fiscannensis
874 5508 1120 5565 ecclesia
1171 5503 1358 5563 valde
1390 5505 1677 5573 radiabat,
1712 5506 1840 5562 luce

191 5597 769 5672 virtutum,quarum
808 5599 1100 5656 evidentia
1146 5597 1424 5654 latentem
1470 5611 1588 5652 suae
1621 5596 1840 5667 formae,

1941 537 2238 593 tuentium
2279 537 2600 610 mentibus,
2635 555 2752 594 suae
2785 539 3244 597 conversationis
3277 541 3591 600 consilium

1942 624 2090 681 inire
2120 629 2177 682 et
2219 625 2457 694 imitari,
2482 627 2872 700 perfectarum
2930 633 3280 703 argumento
3309 631 3592 689 virtutum

1943 715 2296 771 accendebat
2324 719 2381 771 et
2413 716 2778 788 provocabat.
2807 718 3119 791 Ignorabat
3176 719 3275 776 illo
3333 725 3592 794 tempore

1944 803 2355 860 Fiscannensis
2386 803 2629 861 ecclesia
2655 806 2837 862 totius
2868 807 3240 880 proprietatis
3271 809 3591 882 singulari.-

1940 897 2143 962 tatem,
2159 893 2461 966 soliusque
2483 895 2925 951 communitatis
2956 898 3342 968 cognoscebat
3363 899 3590 956 unitam

1940 981 2331 1050 dilectionem,
2365 999 2491 1055 quae
2542 984 2714 1054 juxta
2765 983 3133 1040 diversitates
3173 985 3584 1059 indigentium,

1938 1075 2136 1142 partes
2159 1071 2417 1128 diversas
2441 1070 2824 1140 distribuens,
2849 1073 2948 1128 SS.
2981 1072 3380 1145 apostolorum
3413 1093 3584 1132 reno-

1937 1160 2108 1216 vabat
2131 1165 2187 1216 ct
2210 1161 2662 1232 repraesentabat
2679 1161 3033 1232 primitivam
3057 1161 3396 1235 imaginem.
3430 1165 3580 1231 Quo-

1937 1265 2069 1305 rum
2099 1249 2282 1322 igitur
2310 1250 2598 1306 bonorum
2646 1250 2926 1305 eminenti
2976 1253 3406 1322 perseverantia
3462 1254 3580 1310 dux

1937 1337 2266 1393 Richardus
2297 1337 2707 1398 Fiscannensis
2737 1339 2991 1394 ecclesiae
3023 1343 3179 1396 totus
3210 1340 3578 1416 alligabatur,

1937 1429 2112 1498 atque
2134 1426 2488 1484 utilitatibus
2513 1427 2774 1500 ejusdem
2798 1427 3582 1502 ecclesiae,totius'providen-

1935 1513 2024 1569 tia
2047 1514 2350 1588 diligentia
2371 1517 2849 1573 transferebatur.
2874 1518 3028 1573 Adeo
3051 1517 3204 1574 enim
3228 1518 3580 1576 Fiscannen-

1935 1603 2018 1659 sis
2067 1603 2322 1660 ecclesiae
2377 1604 2699 1662 illustrium
2731 1605 2988 1662 virorum
3021 1605 3347 1680 regularem
3376 1609 3578 1676 vitam,

1934 1695 1991 1748 et
2021 1691 2362 1766 religionem
2394 1711 2589 1750 veram
2617 1694 2916 1768 diligebat,
2950 1695 3278 1768 etdiligens
3310 1697 3578 1770 frequen-

1937 1781 2097 1836 tabat
2128 1787 2192 1837 ut
2243 1784 2424 1840 totius
2473 1783 2721 1840 ducatus
2752 1783 2843 1840 sui
2876 1783 3134 1850 collecta,
3161 1789 3225 1841 ut
3253 1785 3336 1842 ita
3365 1786 3580 1858 dicam,

1933 1867 2288 1942 pinguedine
2318 1871 2539 1928 caelesti
2567 1873 3000 1947 congregationi
3030 1873 3350 1931 deserviret
3369 1892 3383 1944 ;
3402 1879 3579 1948 atque

1933 1957 2258 2029 epulaturis
2298 1960 2579 2018 fratribus
2629 1961 3007 2018 servientium
3055 1963 3430 2019 multitudine
3463 1965 3579 2020 fre-

1934 2050 2178 2117 quenter
2203 2048 2325 2120 ipse
2347 2049 2726 2118 ministraret,
2749 2054 3040 2123 tantaeque
3057 2050 3408 2108 humilitatis
3427 2069 3578 2108 com-

1931 2133 2088 2206 pleto
2115 2137 2462 2205 ministerio,
2496 2138 2744 2194 fratrum
2777 2140 3044 2194 omnium
3070 2140 3318 2197 ultimus
3358 2141 3575 2198 reside-

1933 2223 2096 2280 deret
2124 2228 2181 2281 et
2227 2225 2584 2299 regularium
2634 2227 2941 2298 epularum
2998 2228 3325 2284 delectabili
3359 2229 3573 2301 pabulo

1934 2312 2090 2368 refici
2122 2315 2530 2387 congauderet.
2839 2313 2848 2322 ’

1933 2400 2069 2457 CAP.
2133 2403 2250 2458 ΧΧ.
2301 2434 2370 2444 —-
2425 2405 2500 2458 De
2554 2404 2803 2460 libertate
2877 2406 3257 2461 Fiscannensis
3332 2407 3574 2465 ecclesia?

2001 2476 2322 2557 monasterii
2345 2492 2365 2536 ;
2407 2476 2494 2557 pel
2540 2475 2802 2548 quomodo.
2856 2475 2972 2532 dua:
3018 2477 3258 2532 absolvit.
3299 2479 3367 2534 ab
3421 2481 3576 2535 omml

2001 2561 2369 2616 episcoporum
2387 2563 2540 2617 Jugo.

2005 2633 2200 2690 Sensit
2219 2633 2398 2707 igitur
2418 2635 2536 2690 dux
2555 2635 2808 2708 inclytus
2828 2638 3215 2708 quorumdam
3229 2636 3572 2695 clericorum

1934 2723 2295 2778 corrosiones
2325 2725 2381 2778 et
2412 2723 2800 2780 detractiones
2848 2725 3236 2798 praesagiique
3265 2727 3574 2797 cujusdam

1933 2811 2162 2866 futuras
2200 2811 2787 2884 adversitates,quos,
2811 2813 2882 2869 ob
2914 2813 3082 2870 ducis
3113 2813 3358 2872 nimiam
3384 2815 3576 2872 chari-

1931 2903 2134 2968 tatem,
2167 2905 2223 2956 et
2257 2905 2470 2956 sanctae
2527 2901 2793 2958 Ecclesiae
2855 2901 3171 2958 maximam
3213 2903 3576 2980 religionem,

1931 2987 2162 3044 invidiae.
2194 2989 2749 3058 morbusinfecerat,
2772 2989 3134 3062 infectosque
3164 2993 3382 3049 crudeli
3430 2995 3578 3050 inte-

1935 3074 2291 3134 stinilivoris
2315 3077 2581 3134 molestia
2613 3078 2931 3134 cruciabat.
2957 3080 3176 3135 Horum
3209 3096 3345 3153 ergo
3389 3081 3579 3137 detra-

1852 3183 1894 3249 ρ
1932 3165 2199 3222 hentium
2215 3165 2679 3222 malevolentiam
2693 3167 2810 3222 dux
2822 3167 3581 3238 compericus,clericorum-

1932 3270 2044 3326 que
2066 3254 2549 3326 praesumptiones
2571 3254 2854 3326 superbas
2865 3258 2922 3309 et
2942 3259 3363 3326 praesumentes
3375 3272 3576 3334 super-

1927 3343 2055 3398 bias
2087 3359 2464 3416 cognoscens,
2495 3342 2678 3398 totius
2727 3341 3122 3414 Northmaniae
3159 3342 3482 3417 episcopos,
3516 3350 3573 3402 et

1928 3431 2082 3487 viros
2136 3429 2386 3500 nobiles,
2419 3431 2668 3486 festinus
2726 3430 3078 3486 Fiscannum
3126 3431 3481 3500 convocavit,
3516 3437 3574 3490 et

1931 3519 2340 3576 Fiscannensis
2362 3521 2584 3576 Sanctae
2609 3519 2914 3576 Trinitatis
2945 3520 3272 3588 ecclesiam,
3309 3521 3380 3576 ab
3412 3521 3572 3577 omni

1931 3608 2335 3680 episcoporum
2343 3609 2488 3682 jugo
2511 3612 2567 3664 et
2578 3607 3022 3677 consuetudine,
3031 3609 3214 3680 justa,
3231 3608 3321 3666 vel
3334 3609 3577 3682 injuste,

1932 3696 2146 3769 eripuit
2187 3702 2242 3753 et
2283 3697 2568 3754 liberavit;
2595 3698 2754 3754 Hanc
2775 3701 2970 3754 autem
3004 3697 3337 3754 libertatem
3363 3699 3580 3756 Rotho-

1935 3787 2230 3858 magensis
2262 3786 2741 3860 archiepiscopus
2770 3787 2923 3858 fecit,
2947 3789 3004 3842 et
3025 3787 3148 3842 ﬁeri
3175 3785 3388 3854 voluit;
3409 3791 3584 3860 atque

1935 3875 2080 3930 alias
2129 3877 2572 3947 quatuordecim
2606 3875 2900 3941 ecclesias,
2933 3875 3008 3930 ob
3027 3875 3214 3946 patris
3242 3873 3334 3929 sui
3365 3891 3586 3931 memo-

1935 3963 2105 4032 riam,
2131 3972 2187 4018 et
2204 3963 2399 4019 fratris
2422 3963 2727 4036 praesentis
2741 3963 3094 4035 jussionem,
3116 3978 3181 4016 ac
3194 3961 3579 4031 voluntatem,

1937 4052 2009 4106 ab
2057 4052 2214 4106 omni
2239 4051 2553 4123 episcopali
2586 4049 3030 4116 consuetudine,
3053 4054 3110 4105 et
3136 4049 3451 4118 exactione,
3481 4052 3584 4106 ab-

1937 4139 2108 4196 solvit
2128 4143 2186 4194 et
2210 4137 2502 4206 liberavit;
2527 4139 2752 4194 donatae
2783 4137 3071 4194 libertatis
3100 4137 3362 4193 chartam
3394 4138 3582 4194 archi-

1938 4228 2268 4301 episcOpus,
2283 4227 2501 4299 aliique
2520 4227 2800 4300 episcopi,
2823 4226 2990 4300 signo
3012 4231 3070 4284 et
3091 4242 3376 4282 consensu
3396 4243 3584 4284 corro-

1937 4317 2306 4382 boraverunt,
2331 4321 2505 4388 atque
2538 4316 2971 4373 corroboratam
3002 4317 3264 4372 virorum
3296 4315 3582 4373 nobilium

1941 4405 2457 4478 astipulationibus
2478 4405 2864 4461 tradiderunt.
2889 4403 3146 4476 Cupiens
3163 4422 3299 4479 ergo
3316 4407 3434 4462 dux
3458 4423 3586 4478 pro-

1939 4495 2109 4552 vidus
2131 4500 2392 4551 sanctam
2416 4493 2718 4550 ecclesiam
2740 4493 2929 4550 modis
2942 4495 3216 4550 omnibus
3242 4495 3588 4551 confirmare

1941 4588 2000 4640 et
2017 4584 2385 4655 praemunire,
2402 4583 2716 4639 Robertum
2736 4598 2930 4656 regem
2944 4588 3002 4638 et
3023 4582 3242 4640 multos
3265 4582 3582 4640 Galliarum

1943 4689 2231 4745 proceres,
2251 4672 2602 4727 Fiscannum
2621 4671 2956 4738 accersivit;
2991 4676 3165 4743 atque
3184 4672 3363 4744 regali
3389 4671 3590 4727 charta

1943 4765 2000 4816 et
2027 4760 2389 4826 auctoritate,
2422 4775 2781 4830 suorumque
2811 4757 3124 4831 aequalium
3163 4773 3473 4826 consensu,
3533 4763 3589 4812 et

1944 4848 2376 4920 astipulatione,
2398 4848 2470 4903 ab
2491 4846 2650 4902 omni
2669 4847 3074 4919 episcoporum
3091 4848 3236 4919 jugo
3263 4851 3320 4902 et
3351 4859 3589 4901 consue-

1941 4937 2145 4994 tudine
2177 4937 2627 4993 Fiscannensem
2657 4935 2961 4992 ecclesiam
2987 4935 3203 5006 eripuit
3217 4938 3276 4990 et
3297 4933 3586 5001 liberavit,

1942 5031 2000 5082 et
2019 5043 2187 5082 suam
2211 5041 2572 5096 suorumque
2595 5023 2882 5080 nobilium
2902 5021 3165 5078 chartam
3187 5026 3245 5078 et
3274 5019 3589 5077 ordinatio-

1945 5131 2079 5170 nem
2117 5114 2369 5168 ﬁrmavit
2399 5118 2456 5168 et
2485 5113 2895 5169 corroboravit.

1945 5205 2078 5261 CAP.
2131 5202 2274 5257 XXI.
2309 5235 2373 5241 —
2425 5200 2694 5270 Quomodo
2753 5198 3084 5256 Guillehnus
3133 5199 3298 5254 abbas
3341 5197 3591 5270 porrexit

2007 5276 2170 5357 jussu
2217 5273 2388 5357 ducis,
2411 5277 2464 5329 et
2491 5272 2750 5344 quomodo
2795 5271 3095 5344 privilegia
3120 5287 3155 5326 α
3182 5270 3400 5327 domino
3443 5286 3590 5342 papa

2015 5346 2282 5472 (agitati;
2321 5415 2504 5490 igitur
2534 5413 2944 5470 Fiscannensis
2974 5412 3302 5468 constituta
3332 5411 3588 5469 libertati

1945 5506 2064 5560 dux
2085 5504 2410 5562 Richardus
2425 5501 2861 5576 congratulans,
2881 5502 3258 5576 futuramque
3273 5517 3588 5576 perennem

1951 5595 2166 5652 mentis
2181 5593 2489 5651 vivacitate
2510 5589 2852 5663 discutiens,
2886 5591 3066 5650 beaten
3092 5593 3386 5650 memorie
3430 5589 3593 5647 Guil-
