4000 6168
351 248 469 310 723

1151 250 1341 313 SEC.
1388 249 1468 313 XI
1512 248 1741 311 AUCT.
1786 245 2102 309 INCERTI
2147 247 2343 331 ANNI~
2386 249 2482 310 ET
2528 237 3071 311 SCRIPT.’AABZU.

3634 245 3787 319 724;

351 378 595 438 lelmum
620 381 891 441 abbatem
914 383 1300 455 compellavit,
1320 399 1554 454 suaeque
1574 381 1883 453 legationis
1915 382 1997 436 in-
2029 382 2083 449 Α
2113 386 2293 451 ctum,
2312 381 2703 454 injunctaaque
2723 380 3030 454 legationis
3047 377 3307 437 ofﬁcium
3344 376 3587 436 feliciter
3614 396 3781 451 con:

351 471 561 544 juncto
584 471 795 539 officio,
813 473 883 526 ad
909 473 1180 527 Romana:
1205 471 1360 526 sedis
1392 470 1767 542 apostolicam
1799 474 2002 526 aucto-

354 561 608 627 ritatem,
643 560 847 615 multis
903 566 1182 616 onustum
1232 560 1419 614 xeniis
1470 559 1698 614 direxit.
1733 559 2002 615 Confecto

351 648 549 720 itaque
578 647 805 715 itinere,
830 649 1011 704 abbas
1043 648 1392 705 Guillelmus
1428 649 1668 703 Romam
1717 647 2000 721 pervenit,

351 741 408 794 et
433 737 538 810 pia:
570 738 862 793 memoria
906 754 1069 810 papae
1101 737 1431 805 Benedicto,
1455 738 1739 792 adventus
1771 736 1861 793 sui
1912 755 2001 792 ra-

351 825 527 892 tione,
579 829 635 881 et
690 826 975 881 mittentis
1034 826 1200 882 ducis
1252 825 1607 881 voluntatem
1669 825 1914 897 aperuit,
1949 830 2006 882 et

353 914 517 970 facta:
542 914 751 970 charta:
770 915 1298 982 confirmationem,
1317 919 1373 969 et
1394 914 1698 985 apostolici
1719 913 2002 985 privilegii

356 1002 785 1073 auctoritatem,
814 1020 1041 1076 magnae
1069 1002 1426 1058 humilitatis
1457 1003 1716 1058 oratione
1747 1019 2007 1073 congrua

353 1091 689 1164 postulavit.
708 1092 863 1164 Papa
878 1092 1061 1163 igitur
1080 1092 1623 1161 Benedictus,ducis
1636 1091 2002 1161 diligentiam

355 1180 653 1236 admirans
687 1184 742 1237 et
774 1181 1031 1253 suscepti
1061 1180 1232 1236 amici
1256 1180 1575 1253 prazsentiae
1595 1196 1891 1235 summam
1913 1196 2005 1234 ex~

353 1269 705 1335 cellentiam,
748 1268 1047 1341 privilegia
1076 1268 1368 1340 postulata
1399 1268 1783 1335 confirmavit,
1819 1272 1875 1323 et
1904 1284 1996 1322 vo-

355 1357 649 1414 luntarius
662 1358 925 1422 tradidit,
951 1362 1007 1413 et
1024 1358 1475 1414 Fiscannensem
1497 1358 1720 1413 Sanctae
1750 1357 2001 1412 Trinita-

353 1446 431 1503 tis
454 1447 761 1503 ecclesiam
780 1446 850 1502 ab
869 1447 1027 1502 omni
1042 1446 1484 1519 episcoporumj
1499 1464 1628 1519 ugo,
1645 1436 2003 1518 subjectione

356 1539 413 1590 et
469 1536 896 1591 consuetudine
944 1535 1200 1591 liberans
1254 1540 1312 1591 et
1350 1536 1623 1608 eripiens,
1660 1535 1769 1590 sub
1819 1534 2002 1590 solius

355 1623 627 1679 Romana:
658 1624 928 1679 Ecclesia:
953 1624 1376 1696 gubernatione
1402 1629 1457 1680 et
1489 1623 1807 1695 patrocinio
1866 1640 2002 1678 con-

354 1710 546 1766 stituit
574 1715 631 1767 et
660 1712 939 1784 suscepit.
974 1711 1309 1779 Constituit,
1344 1713 1608 1784 inquam,
1644 1712 2000 1767 Fiscanncn-

355 1816 479 1854 sem
538 1798 646 1855 soli
701 1800 974 1855 Romana:
1031 1799 1298 1856 Ecclesia:
1349 1802 1672 1873 subjacere,
1706 1806 1881 1872 atque
1931 1801 2003 1855 ab

354 1887 513 1943 omni
544 1887 794 1943 aliarum
830 1888 1218 1944 Ecclesiarum
1253 1892 1533 1961 potestate
1567 1889 1889 1944 immunem
1949 1893 2005 1944 et

354 1975 689 2032 absolutam
721 1980 777 2032 et
805 1977 1044 2032 omnino
1076 1977 1341 2044 liberam,
1376 1979 1565 2032 forma
1605 1977 2005 2033 Cluniacensis

354 2065 696 2121 monasterii
731 2069 1128 2138 permanente.
1162 2066 1427 2138 Acceptis
1459 2066 1638 2139 igitur
1676 2065 2003 2138 apostolicae

353 2153 722 2210 auctoritatis
753 2154 1059 2226 exquisitis
1108 2154 1448 2227 privilegiis,
1481 2155 1656 2210 beatae
1708 2154 2004 2211 memorias

352 2241 676 2298 Guillemus
691 2243 871 2298 abbas
886 2244 1094 2298 festino
1108 2243 1672 2299 cursuNorthmanni
1681 2261 1774 2299 am
1791 2260 2005 2299 remea-

347 2330 452 2401 vit,
473 2330 717 2387 etducis
739 2331 1012 2406 Richardi
1033 2331 1324 2388 desiderio
1361 2350 1480 2388 suae
1512 2333 1829 2388 voluntatis
1870 2332 2002 2388 eil'e-

2115 474 2506 535 summatum,
2523 470 2917 526 enucleavitet
2938 469 3211 526 ostendit.
3237 468 3401 525 Unde
3432 468 3779 525 duxinelfa-

2111 558 2305 614 biliter
2332 559 2710 625 exhilaratus,
2744 560 2894 615 trino
2921 564 2977 615 et
3018 559 3119 614 uni
3149 559 3264 614 Deo
3314 558 3534 631 gratias
3574 559 3778 615 totius

2112 647 2459 704 intensionis
2502 650 2716 704 fervore
2746 648 3001 704 reddidit
3035 664 3047 702 :
3085 647 3186 720 qui
3217 645 3547 714 ecclesiam,
3579 664 3777 719 quam

2113 735 2439 794 Ricbardus
2490 743 2652 810 pater
2680 738 3023 792 fundaverat
3073 741 3249 807 atque
3281 735 3407 807 ipse
3438 735 3622 808 patris
3654 736 3773 791 Ri-

2112 824 2313 880 chardi
2337 830 2538 897 rogatu
2562 830 2618 881 et
2630 824 2898 896 jussione
2938 823 3327 896 compleverat
3354 840 3422 880 ac
3448 824 3770 880 ordinave-

2112 918 2221 978 rat,
2255 913 2458 968 divinaa
2491 914 2864 985 providentiae
2904 929 3114 969 arcano
3163 913 3426 980 consilio,
3458 916 3779 983 tantarum,

2111 1019 2494 1075 personarum
2508 1002 3004 1069 convenientia,ab
3018 1001 3285 1058 omnium
3298 1002 3605 1058 hominum
3611 1004 3766 1076 jugo

2112 1094 2168 1145 et
2189 1090 2521 1163 przelatione
2545 1090 2879 1146 absolvebat
2900 1090 3272 1147 etliberabat.
3297 1091 3518 1163 Magnis
3547 1090 3767 1146 deinde

2110 1179 2296 1235 xeniis
2318 1195 2489 1234 suum
2511 1178 2960 1235 dilectissimum
2982 1178 3250 1235 abbatem
3271 1177 3647 1235 Guillelmum
3660 1179 3767 1236 ho-

2114 1267 2358 1334 noravit,
2392 1267 2863 1339 honoratumque
2894 1269 3121 1324 Sancta:
3149 1267 3448 1324 Trinitatis
3495 1266 3775 1339 ecclesiae

2115 1354 2524 1411 Fiscannensis
2554 1354 2781 1411 remisit
2805 1372 2817 1410 :
2839 1355 3051 1411 iterum
3084 1360 3257 1427 atque
3288 1356 3499 1412 iterum
3526 1355 3763 1412 enixius

2110 1461 2375 1514 exorans,
2409 1448 2697 1517 quatenus
2727 1445 3054 1501 commissae
3085 1443 3363 1513 ecclesiae,
3390 1446 3560 1516 juxta
3586 1446 3759 1519 ccepti

2112 1532 2335 1589 ordinis
2352 1527 2717 1607 religionem,
2738 1533 3075 1601 custodiret,
3094 1539 3151 1589 et
3173 1534 3549 1590 custodiendo
3583 1534 3756 1607 perfi-

2112 1626 2266 1677 ceret
2297 1638 2361 1676 ac
2409 1622 2800 1678 conﬁrmaret.
2834 1622 3016 1694 Cujus
3043 1627 3276 1678 sanctas
3302 1638 3505 1694 preces
3533 1628 3759 1679 sancta-

2114 1726 2315 1765 rumve
2346 1728 2584 1782 precum
2618 1711 2831 1766 nimias
2879 1709 3263 1781 humilitates,
3298 1712 3506 1768 beatus
3551 1711 3756 1781 abbas,

2113 1798 2273 1854 velut
2293 1799 2526 1855 oracula
2542 1800 2643 1856 Dei
2672 1799 3017 1871 suscipiens.
3045 1800 3395 1856 Fiscannum
3429 1800 3686 1866 intravit,
3701 1804 3760 1856 et

2114 1905 2215 1960 per
2237 1888 2553 1944 multorum
2577 1905 2865 1944 annorum
2886 1887 3250 1960 vertiginem,
3277 1905 3465 1961 usque
3493 1889 3566 1944 ad
3588 1889 3739 1944 duca

2111 1982 2238 2032 tum
2257 1975 2715 2049 llierosolymitee
2742 1977 2977 2032 Roberti
2990 1978 3439 2034 Fiscannensem
3453 1976 3760 2033 ecclesiam

2115 2064 2279 2133 rexit,
2301 2066 2713 2137 subjectosque
2736 2082 2875 2121 suos
2897 2065 3068 2122 verbo
3093 2070 3152 2121 et
3171 2065 3434 2139 exemplo
3456 2066 3775 2139 succendit

2114 2159 2170 2209 et
2199 2153 2531 2210 reformavit
2549 2154 2620 2210 ad
2645 2153 2962 2227 imaginem
2993 2159 3050 2210 et
3080 2154 3548 2223 similitudinem,
3582 2155 3762 2211 hono-

2114 2259 2236 2298 rem
2288 2247 2345 2298 et
2387 2242 2637 2315 gloriam
2669 2243 2768 2298 Dei
2799 2232 3241 2316 Omnipotentis,
3267 2244 3370 2316 qui
3414 2244 3554 2299 vivit
3578 2248 3638 2300 et
3667 2261 3760 2301 re-

2113 2336 2255 2405 gnat
2282 2349 2385 2405 per
2412 2332 2610 2387 omnia
2638 2331 2851 2388 saecula
2878 2332 3244 2389 saeculorum.
3276 2335 3482 2389 Amen.

638 2623 1202 2741 LIBELLUS
1267 2625 1790 2738 SUPPLEX
1857 2621 2655 2736 MONACHORUM
2722 2624 3471 2741 ARULENSIUM

414 2825 506 2888 Ad
538 2827 757 2905 Patres
783 2824 850 2885 in
880 2823 1143 2885 concilio
1173 2823 1337 2903 apud
1371 2824 1435 2885 S.
1468 2822 1791 2884 Tiberium
1821 2840 1978 2914 anno
2010 2824 2161 2883 1050
2199 2826 2635 2900 congregatos,
2669 2822 2965 2883 adversus
2992 2822 3302 2884 bonorum
3332 2823 3690 2885 monasterii

1886 2919 2225 2963 111νᾶ501⁵88.

1655 3036 1888 3105 (ΜΑΝΞΙ,
1921 3034 2124 3090 Concil.
2158 3051 2271 3103 x1x,
2296 3033 2449 3106 793.)

423 3295 1057 3356 OrthodoxisPatribus
1076 3292 1996 3367 omnigenavenerationedignis,
2031 3275 2074 3343 C
2112 3292 2339 3347 alodem
2371 3292 2442 3347 de
2472 3290 2749 3361 Oriarios,
2783 3294 3143 3352 Gausbertus
3177 3293 3370 3367 ipsum
3404 3293 3473 3350 de
3510 3293 3675 3352 Pidre
3705 3301 3771 3354 et

352 3405 499 3461 quos
520 3390 725 3443 sancta
765 3403 832 3442 ex
891 3384 1135 3440 diversis
1168 3385 1505 3457 aggregavit
1537 3383 1681 3437 fides
1712 3381 2000 3453 partibus,

350 3492 616 3549 quosque
647 3474 818 3529 rectit
847 3473 905 3527 in
939 3472 1246 3528 dilectione
1279 3472 1662 3527 fraternitatis
1694 3469 2001 3526 vinculum

350 3562 595 3635 geminae
618 3560 943 3627 charitatis,
968 3561 1343 3632 pontificibus
1360 3559 1642 3627 videlicet,
1660 3560 1874 3631 quibus
1891 3559 2001 3613 col-

347 3649 467 3705 lata
493 3652 583 3706 est
613 3665 754 3704 cura
779 3648 1157 3705 ecclesiarum
1190 3647 1312 3716 Dei,
1347 3664 1487 3719 grex
1516 3647 1783 3703 tantillus
1831 3646 2001 3702 almae

352 3738 455 3794 Dei
473 3737 782 3795 Genitricis
798 3736 995 3793 Mariae
1020 3737 1265 3792 coenobii
1292 3736 1499 3791 Arulas
1529 3736 1680 3791 hanc
1703 3735 1862 3808 queri
1874 3753 1995 3791 mo-

348 3826 457 3883 niis
475 3827 797 3883 clementiae
825 3830 1028 3882 vestra}
1061 3825 1263 3898 dirigit
1289 3825 1583 3898 paginam,
1621 3825 1676 3879 in
1712 3841 1828 3897 qua
1858 3829 1997 3881 sunt

345 3917 622 3972 adnotata
646 3917 865 3989 praedia
896 3932 1021 3988 quae
1051 3932 1113 3971 sc
1146 3919 1422 3971 causatur
1438 3915 1509 3971 ab
1535 3914 1771 3985 injustis
1794 3919 1849 3969 et
1870 3931 1995 3986 pra-

346 4003 435 4059 vis
452 4003 793 4061 bominibus
825 4021 926 4077 per
955 4005 1070 4060 vim
1105 4022 1204 4059 seu
1230 4021 1331 4077 per
1362 4004 1704 4059 donationes
1736 4001 1992 4073 illicitas,

349 4109 453 4149 seu
504 4093 614 4149 sub
670 4097 949 4166 praetextu
1012 4093 1329 4165 cujuslibet
1361 4092 1789 4156 fraudulentize,
1823 4109 1856 4146 a
1888 4109 1993 4147 suo
2023 4129 2029 4135 ο

337 4182 472 4252 jure
493 4181 794 4238 distracta.
814 4183 961 4237 Nam
986 4187 1187 4237 noscat
1211 4182 1446 4237 almitas
1464 4186 1655 4236 vostra
1685 4180 1989 4252 praefatum

345 4270 672 4325 cmnobium
697 4270 920 4326 noviter
962 4269 1235 4327 aedificari
1268 4274 1520 4342 emptum
1553 4287 1657 4341 pro
1687 4273 1988 4323 tantorum

345 4357 662 4414 amissione
674 4359 1047 4430 praediorum,
1065 4376 1176 4414 non
1192 4363 1280 4414 est
1292 4374 1463 4430 posse
1477 4363 1742 4411 nostrum
1758 4356 1901 4411 illud
1919 4357 1987 4411 ad

2112 3382 2181 3436 de
2205 3380 2535 3451 Ursiniano,
2563 3381 2911 3438 Guillelmus
2944 3382 3109 3438 Oliba
3145 3383 3339 3455 ipsum
3364 3383 3433 3438 de
3464 3383 3769 3440 Cornelia-

2109 3469 2571 3537 no,Guillelmus
2610 3471 2857 3528 Joannis
2898 3476 3055 3527 tenet
3100 3473 3157 3528 S.
3193 3471 3435 3528 Mariam
3482 3472 3552 3528 dc
3592 3473 3764 3529 Pani-

2060 3610 2076 3624 ,
2110 3575 2223 3627 sar,
2261 3563 2317 3613 et
2349 3559 2508 3630 ipsas
2533 3559 2742 3617 vineas
2776 3560 2845 3615 de
2877 3560 3070 3617 Clusa.
3104 3560 3437 3619 Willelmus
3486 3560 3771 3618 Dalmatii

2107 3644 2303 3718 ipsum
2335 3647 2564 3703 alodem
2598 3648 2670 3703 de
2705 3648 2916 3716 Maras,
2939 3654 2995 3705 et
3026 3651 3096 3705 de
3127 3667 3332 3723 campo
3366 3648 3767 3719 Eldrici,etde

2106 3739 2395 3801 Tressera,
2423 3740 2479 3791 ct
2500 3737 2570 3791 de
2593 3736 2727 3792 villa
2756 3737 3048 3805 Mulacha,
3068 3744 3125 3795 et
3151 3739 3344 3811 ipsum
3365 3739 3433 3796 de
3452 3738 3761 3809 Keixanos,

2106 3825 2435 3881 Bernardus
2463 3825 2633 3881 Oliva
2671 3825 2897 3883 alodem
2932 3828 3002 3883 de
3033 3828 3329 3895 Rutmors,
3359 3832 3415 3883 et
3445 3829 3513 3885 de
3532 3829 3764 3884 Kastel-

2104 3912 2235 3969 lonc
2266 3917 2320 3968 et
2354 3914 2425 3969 de
2450 3913 2663 3984 Rodas,
2693 3916 2982 3973 Aicardus
3012 3917 3228 3973 Odonis
3278 3917 3505 3973 alodem
3555 3918 3625 3973 de
3656 3917 3768 3973 Ra-

2105 4002 2271 4071 bdos,
2302 4003 2635 4060 Bernardus
2657 4004 2956 4062 Adalberti
2983 4005 3287 4061 ecclesiam
3307 4006 3375 4063 de
3396 4006 3758 4070 Chasamori,

2103 4089 2403 4145 Arnaldus
2434 4091 2721 4149 Johannis
2745 4094 2971 4150 alodem
3005 4096 3075 4151 de
3106 4094 3359 4165 Elsinas,
3383 4093 3759 4151 Seniofredus

2103 4177 2346 4233 Mironis
2364 4179 2591 4236 alodem
2607 4182 2676 4237 de
2689 4182 3058 4254 Terradas,et
3070 4184 3305 4242 inPines
3320 4184 3579 4241 medium
3593 4200 3759 4239 man-

2102 4268 2675 4338 sum,Deusdefranc
2702 4270 3196 4329 mansum'unun‘.
3228 4273 3287 4328 in
3319 4273 3621 4341 Terrodas,
3654 4273 3753 4328 Se-

2099 4372 2279 4427 garus
2304 4357 2541 4415 Berardi
2569 4360 2725 4433 ipsos
2760 4379 3000 4419 mansos
3030 4367 3085 4418 et
3106 4362 3264 4434 ipsos
3288 4361 3484 4419 alodes
3514 4362 3586 4418 de
3615 4361 3752 4417 Ter-

343 4446 665 4518 perfectum
712 4464 896 4519 usque
930 4447 1264 4518 perducere,
1301 4444 1624 4502 necessaria
1686 4445 1988 4501 deficiente
2103 4446 2298 4515 radas,
2333 4454 2385 4503 et
2418 4447 2478 4504 in
2511 4449 2734 4506 Cirasia
2764 4468 3003 4507 mansos
3032 4456 3169 4519 tres,
3206 4455 3263 4507 ct
3292 4451 3452 4523 ipsos
3510 4467 3750 4506 mansos

344 4550 472 4606 quse
505 4534 916 4590 sustentationi
949 4537 1290 4607 competunt
1330 4533 1660 4607 fragilitatis
1689 4534 1980 4590 humana}.
2096 4551 2228 4591 cum
2264 4536 2429 4592 alode
2461 4539 2529 4594 de
2568 4539 2757 4607 Ortos,
2781 4544 2838 4594 et
2859 4540 3017 4612 ipsus
3050 4556 3286 4596 mansos
3320 4557 3455 4595 cum
3483 4538 3649 4595 alode
3676 4539 3749 4594 de

343 4622 560 4679 Idcirco
590 4623 904 4696 praadictus
939 4629 1058 4680 tam
1088 4624 1265 4679 variis
1295 4624 1529 4679 casibus
1562 4622 1857 4696 fatigatus,
1884 4624 1981 4679 Dei
2017 4640 2062 4705 Ι)
2096 4623 2235 4680 villa
2260 4627 2482 4694 Ruben,
2509 4632 2565 4682 et
2595 4628 2754 4700 ipsos
2795 4629 2865 4684 de
2886 4628 3081 4686 Vilaro
3103 4629 3441 4698 castellano,
3465 4633 3522 4684 et
3551 4629 3749 4703 ipsum

341 4711 758 4785 omnipotentis
781 4712 1025 4786 supplex
1044 4718 1411 4785 vestramque
1438 4712 1700 4768 omnium
1727 4713 1987 4785 deposcit
2098 4713 2323 4769 alodem
2375 4715 2445 4770 de
2492 4719 2661 4771 Costa
2707 4721 2764 4772 et
2809 4717 3003 4790 ipsum
3036 4720 3107 4774 de
3136 4718 3366 4791 Felgus,
3399 4722 3454 4774 et
3484 4718 3555 4773 de
3583 4714 3751 4773 Vale-

339 4800 730 4871 clementiam,
757 4806 822 4858 ut
852 4803 923 4858 ob
950 4819 1207 4858 amorem
1235 4802 1499 4875 ejusdem
1532 4801 1795 4874 gloriosae
1830 4803 1985 4875 geni-
2096 4801 2269 4870 della,
2290 4806 2346 4858 et
2375 4803 2445 4858 de
2477 4803 2692 4876 Campo
2725 4806 3032 4863 Sambuce.
3066 4807 3355 4880 Seguinus
3390 4809 3543 4863 tenet
3571 4806 3629 4860 in
3654 4804 3751 4860 Al-

338 4890 502 4948 tricis
524 4891 863 4949 auctoritate
881 4890 1198 4965 pontiﬁcali
1225 4893 1506 4947 feriantur
1522 4909 1554 4946 a
1576 4891 1737 4947 vobis
1756 4890 1985 4947 vinculo
2096 4890 2335 4946 biniano
2360 4892 2511 4947 inter
2528 4910 2764 4950 mansos
2785 4899 2841 4950 et
2858 4897 3071 4953 bordas
3089 4900 3335 4968 septem,
3356 4900 3413 4952 et
3436 4895 3632 4968 ipsum
3654 4894 3752 4950 de.

330 4981 506 5052 justas
538 4981 960 5049 damnationis,
991 4986 1049 5037 et
1099 4980 1719 5037 excommunicationis
1766 4996 1982 5052 quous-
2097 4978 2314 5033 cimum
2345 4981 2414 5035 dc
2442 4981 2791 5054 Rabugadas
2828 5001 2960 5040 cum
2995 4985 3255 5041 medium
3288 5001 3584 5051 mansum,
3607 4987 3745 5052 etc.,

339 5084 452 5139 que
475 5070 1113 5143 retinuerintprmdicta
1144 5070 1359 5143 praedia
1390 5070 1677 5141 praedicta:
1706 5068 1979 5139 Virginis.
2096 5071 2147 5120 rt
2170 5067 2351 5122 multa
2379 5068 2490 5124 alia
2520 5071 2685 5127 nobis
2708 5073 2918 5128 aufert.
2939 5074 3284 5148 Udalgerius
3305 5073 3624 5130 vicecomes
3654 5076 3747 5127 te-

344 5158 477 5212 Baec
505 5162 644 5213 sunt
692 5175 827 5215 vero
861 5159 1099 5214 nomina
1145 5158 1494 5231 praediorum
1544 5162 1601 5212 et
1633 5157 1884 5211 militum
1919 5173 1984 5211 ea
2096 5162 2192 5209 net.
2221 5159 2406 5211 totum
2441 5157 2697 5216 alodium
2731 5161 2800 5217 de
2829 5161 3059 5219 Alleles.

338 5243 788 5340 possidentium.
811 5247 871 5302 In
897 5247 1103 5340 primis
1124 5247 1349 5340 alodem
1375 5249 1433 5303 S.
1456 5247 1860 5340 Mal‘iﬂquﬁm
1886 5245 1984 5299 ha‘
2095 5262 2344 5334 Synodus
2372 5267 2670 5323 anathema
2695 5273 3019 5340 pronuntiat
3051 5271 3311 5328 adversus
3340 5273 3613 5326 i-nvasores
3648 5269 3746 5324 b0-

339 5330 437 5385 bet
479 5330 537 5385 in
592 5335 867 5390 comitatu
900 5336 1263 5405 Berchilano,
1292 5335 1348 5390 id
1396 5341 1483 5392 cst
1513 5336 1568 5389 in
1604 5333 1817 5391 Marcia
1849 5350 1981 5388 cum
2135 5330 2151 5334 ⁷
2272 5330 2277 5333 ’
2623 5330 2819 5396 ηοὴιθη
2851 5345 3191 5399 monasterii.

339 5418 469 5489 ipsa
495 5418 756 5488 ecclesia,
792 5428 848 5478 et
878 5424 937 5479 in
967 5425 1221 5481 Avisano
1254 5428 1412 5481 tenet
1459 5423 1670 5478 mulier
1720 5422 1982 5479 Reinaldi
2165 5428 2303 5479 Cum
2326 5430 2526 5483 sancta
2547 5434 2774 5503 cogeret
2796 5448 2901 5487 nos
2933 5430 3076 5487 ﬁdes
3099 5450 3167 5486 ex
3189 5430 3438 5488 diversis
3460 5430 3520 5486 in
3551 5444 3739 5485 unum

348 5505 446 5577 qui
483 5506 590 5561 fuit
622 5511 916 5579 quondam
944 5530 1075 5575 cum
1100 5514 1217 5570 filio
1251 5511 1984 5570 suo.ltomundus.\rnaldi
2094 5514 2435 5587 congregari
2464 5518 2752 5590 partibus,
2779 5524 3040 5579 sanctam
3065 5521 3412 5579 celebraturi
3444 5519 3740 5595 synodum
