3984 6166
130 309 266 374 ’725

1345 317 1609 384 SERMO
1652 321 1754 383 DE
1797 319 1859 382 S.
1905 320 2352 386 MARCULFO.

3435 316 3553 384 726

131 443 352 505 Idibus
379 443 516 504 Julii
531 447 685 522 apud
708 449 941 508 beatum
967 450 1472 520 Thiberium,eum
1495 454 1789 529 religioso-
1821 458 1873 526 Α
1900 453 2097 514 ledicti
2121 456 2511 532 ingredientes
2541 461 2598 515 et
2619 457 3000 533 egredientes.
3026 455 3218 515 Mittat
3246 472 3422 530 super
3450 472 3548 514 eos

131 553 282 593 rum
314 537 690 595 multitudine
723 541 1021 610 abbatum,
1041 548 1098 598 et
1127 544 1679 601 honestissimorum
1710 546 1791 601 vi-

127 643 344 682 rorum
378 627 684 700 utriusque
707 645 900 696 sexus,
937 633 1124 688 aetatis
1173 634 1260 689 vel
1295 636 1518 692 ordinis
1551 655 1564 703 ;
1599 635 1792 691 oblata

127 720 231 771 est
263 716 644 789 querimoniae
673 720 889 791 pagina
925 721 1108 778 oculis
1140 726 1357 779 nostris
1389 742 1457 779 ex
1489 725 1790 780 monachis

126 804 312 861 almae
363 807 554 862 Mariae
584 807 848 881 Virginis
899 812 1161 867 coenobio
1201 814 1417 880 Arulis,
1453 816 1630 870 simul
1654 832 1789 870 cum

129 900 464 967 praenotata
483 897 699 967 praedia
721 915 846 970 quae
871 900 983 954 sibi
1004 903 1076 956 ab
1099 903 1338 974 injustis
1371 903 1656 959 tolluntur
1687 903 1788 959 ho-

127 983 404 1040 minibus
437 1002 450 1039 :
476 1002 578 1058 pro
597 1003 714 1057 qua
736 987 1054 1044 amissione
1086 1007 1280 1046 rerum
1315 992 1604 1064 compulsi
1629 993 1789 1048 adire

129 1073 514 1145 praesentiam
573 1078 858 1143 nostram,
916 1079 1261 1151 suffragium
1317 1085 1654 1152 expetentes
1685 1099 1788 1137 no-

131 1167 366 1217 strum:
393 1164 548 1234 quod
574 1162 691 1218 illis
716 1181 925 1237 negare
951 1184 1064 1222 non
1085 1172 1175 1223 est
1202 1170 1382 1224 nostri
1406 1170 1648 1236 ordinis,
1684 1186 1788 1224 nec

129 1256 540 1316 rectum,cum
565 1253 620 1307 in
647 1254 923 1325 periculis
947 1256 1256 1313 subvenire
1270 1259 1606 1324 debeamus,
1641 1265 1699 1314 et
1728 1259 1787 1314 in

129 1340 492 1396 necessitate
522 1341 854 1398 constitutis
872 1343 1019 1400 ferre
1030 1345 1347 1416 justitiam.
1372 1347 1456 1402 Ob
1482 1347 1589 1403 hoc
1611 1348 1790 1420 igitur

130 1446 248 1484 nos
272 1428 526 1486 humiles
546 1429 684 1486 Jesu
712 1431 1241 1504 Christipontiﬁces
1263 1436 1624 1492 advertentes
1653 1441 1787 1491 tan-

125 1523 262 1573 tam
285 1522 523 1590 tamque
544 1519 872 1576 inauditam
896 1538 1195 1579 servorum
1212 1524 1308 1580 Dei
1332 1525 1783 1596 querimoniam,

125 1608 424 1663 instinctu
458 1609 720 1679 ejusdem
755 1628 1140 1682 provocamur
1175 1614 1245 1668 ad
1297 1615 1786 1686 eompescendum

126 1697 454 1767 eamjuxta
493 1714 662 1768 posse
700 1705 965 1756 nostrum
1001 1702 1072 1756 ad
1097 1703 1326 1758 decreta
1347 1721 1658 1760 canonum.
1697 1704 1784 1758 Id-

1903 546 2188 604 Dominus
2211 549 2422 603 famem
2445 552 2503 603 et
2525 549 2917 620 pestilentiam
2937 553 2992 604 et
3013 547 3468 622 increpationem
3495 545 3556 600 in

1901 636 2098 691 omnia
2128 654 2303 709 opera
2349 654 2552 693 eorum
2603 653 2729 708 quae
2781 638 3024 703 faciunt,
3076 637 3260 692 donec
3293 638 3556 690 conterat

1901 741 1999 781 eos
2030 731 2086 780 et
2114 727 2319 798 perdat
2336 725 2606 782 velociter
2630 730 2862 798 propter
2885 724 3322 780 adinventiones
3349 741 3552 779 eorum

1901 815 2274 885 pessimas,in
2298 816 2511 887 quibus
2545 814 2882 886 relinquunt
2915 814 3246 869 Dominum.
3289 813 3554 869 Adduca't

1898 905 2182 959 Dominus
2203 922 2378 976 super
2399 904 2526 959 illos
2542 903 2934 976 pestilentiam
2955 903 3140 958 donec
3154 902 3342 958 deleat
3365 919 3465 958 eos
3482 903 3552 958 de

1897 995 2240 1064 terraquam
2265 994 2589 1065 possident.
2623 993 2913 1048 Pereutiat
2960 1008 3058 1047 eos
3108 994 3364 1063 egestate
3388 995 3445 1045 et
3473 992 3553 1045 fe-

1898 1081 1984 1134 bri
2009 1087 2065 1136 et
2094 1083 2325 1154 frigore,
2361 1083 2564 1138 ardore
2597 1087 2653 1138 et
2693 1087 2860 1148 aestu,
2891 1086 2947 1137 et
2983 1097 3114 1137 aere
3153 1083 3448 1150 corrupto,
3481 1095 3547 1133 ac

1899 1171 2201 1242 rubigine;
2236 1177 2292 1227 et
2323 1176 2708 1244 persequatur
2761 1189 2860 1227 eos
2891 1171 3074 1240 donec
3106 1174 3365 1242 pereant.
3402 1170 3542 1223 Tra-

1899 1261 2150 1315 datillos
2169 1261 2452 1317 Dominus
2482 1265 2819 1316 corruentes
2851 1277 3048 1315 coram
3103 1257 3356 1313 inimicis
3398 1256 3542 1312 suis.

1897 1349 2027 1404 Sint
2052 1349 2580 1405 cadaveraillorum
2605 1349 2938 1405 volatilibus
2955 1348 3016 1403 in
3048 1363 3239 1404 escam
3270 1350 3326 1402 et
3342 1346 3545 1401 bestiis

1897 1442 2084 1504 terrae,
2113 1443 2169 1494 et
2193 1456 2306 1494 non
2355 1439 2432 1493 sit
2456 1440 2550 1511 qui
2573 1440 2791 1511 abigat.
2827 1439 2957 1493 Sint
2979 1437 3242 1508 percussi
3267 1435 3542 1500 cacitate,

1897 1531 1953 1582 et
1970 1527 2223 1582 amentia
2245 1545 2310 1582 ac
2335 1527 2527 1584 furore
2551 1528 2764 1583 mentis
2789 1545 2802 1595 ;
2829 1531 2884 1582 et
2935 1525 3171 1598 palpent
3221 1525 3280 1579 in
3304 1523 3548 1579 meridie

1897 1615 2049 1671 sicut
2094 1615 2316 1690 palpari
2356 1616 2502 1671 solet
2524 1634 2708 1672 caesus
2733 1616 2792 1670 in
2835 1615 3090 1671 tenebris
3119 1632 3130 1669 :
3159 1617 3216 1668 et
3244 1629 3356 1667 non
3407 1611 3545 1665 diri-

1896 1707 2110 1776 gantur
2128 1719 2368 1776 gressus
2397 1721 2618 1759 eorum.
2655 1703 2965 1760 Maledicta
2986 1703 3106 1758 sint
3126 1701 3316 1772 capita
3346 1715 3548 1754 eorum

125 1785 431 1858 circoego.
455 1787 746 1842 Wii'redus
772 1788 936 1844 almae
965 1791 1166 1862 prima:
1189 1793 1469 1848 Narbona
1496 1799 1786 1866 metropo-
1817 1829 1865 1894 B
1896 1809 2000 1864 per
2024 1797 2246 1863 septem
2278 1797 2500 1864 portas,
2555 1793 2610 1848 id
2665 1797 2754 1848 est
2802 1809 2904 1864 per
2952 1807 3144 1858 nares,
3179 1795 3235 1844 et
3266 1805 3463 1854 aures,
3495 1791 3553 1842 et

127 1873 651 1894 ,μημηῌηνμ
717 1877 813 1894 ..τ
1001 1879 1011 1888 .
1269 1880 1311 1894 ..
1389 1885 1398 1894 .
1523 1881 1532 1890 .
1629 1887 1636 1894 .
1697 1884 1709 1894 .
2013 1881 2025 1894 .
2191 1888 2198 1894 .
2399 1881 2411 1894 .
2943 1880 2996 1894 ..
3039 1878 3051 1894 .
3112 1879 3204 1894 ...
3384 1875 3419 1894 .,
3470 1892 3512 1894 ,_

127 1873 360 1930 litanus
382 1875 733 1940 conﬁrmat
771 1877 890 1949 Ugo
923 1879 1236 1950 episcopus
1269 1880 1588 1937 Uzetensis.
1618 1887 1645 1946 τι
1681 1884 1784 1935 Ar-

127 1960 335 2017 nallus
367 1961 676 2035 episcopus
705 1965 1154 2035 Magalonensis.
1189 1974 1215 2032 1
1254 1970 1637 2041 Berengarius
1663 1971 1783 2041 epi-

128 2050 732 2122 scopusBiterrensis.
766 2059 792 2118 τι
815 2054 1146 2110 Bernardus
1167 2058 1474 2128 episcopus
1493 2058 1789 2114 Lutovien-

128 2137 238 2194 sis.
274 2143 302 2204 ’r
328 2139 640 2194 Gontarius
663 2141 972 2214 episcopus
995 2145 1325 2216 Agatensis.
1353 2151 1379 2210 τι
1403 2146 1786 2218 Berengarius

127 2225 448 2298 episcopus
469 2227 737 2284 Elnensis
752 2229 838 2284 Illi
870 2231 972 2302 qui
995 2232 1235 2288 fuerunt
1257 2235 1328 2288 ad
1349 2235 1783 2291 subversionem

123 2317 196 2372 de
233 2316 410 2382 Malo,
443 2317 514 2372 de
547 2321 602 2371 S.
639 2318 841 2386 Maria,
876 2320 947 2375 de
980 2321 1215 2390 Riarde,
1247 2323 1469 2378 Roland
1519 2322 1787 2378 videlicet

125 2409 182 2460 et
211 2404 316 2460 alii
351 2405 449 2476 qui
469 2407 736 2462 concensi
761 2407 1018 2476 fuerunt,
1055 2425 1188 2466 cum
1212 2409 1419 2482 legatis
1446 2417 1785 2468 cazterorum

126 2492 612 2566 coepiscoporum
636 2501 974 2552 nostrorum
998 2503 1055 2552 et
1069 2515 1204 2553 cum
1222 2499 1538 2556 abbatibus
1557 2500 1784 2572 religio-

130 2583 213 2639 sis
238 2599 309 2639 ex
331 2583 575 2640 diversis
599 2585 904 2641 ordinibus
927 2587 1147 2642 Gothiae
1165 2606 1231 2644 ac
1251 2589 1500 2661 Spanie,
1525 2589 1786 2646 nolentes

133 2672 466 2728 exorbitare
487 2690 521 2729 a
541 2673 759 2746 regulis
773 2675 873 2731 SS.
900 2676 1392 2748 Patrum,accensi
1413 2679 1650 2734 flamma
1667 2680 1788 2751 Spi-

136 2762 292 2817 ritus
311 2761 522 2830 sancti,
550 2764 914 2834 percutimus
935 2781 1055 2831 eos,
1089 2766 1188 2838 qui
1243 2767 1301 2820 in
1362 2784 1540 2838 supra
1570 2767 1787 2839 scripta

137 2849 315 2922 culpa
330 2854 505 2922 atque
526 2851 880 2925 negligentia
901 2859 1040 2910 sunt
1091 2860 1193 2910 aut
1241 2860 1408 2911 erunt
1432 2855 1661 2916 irretiti.
1696 2873 1786 2911 se-

136 2939 403 2994 cundum
427 2939 582 3010 quod
602 2940 660 2994 in
684 2941 856 3013 culpa
879 2947 1016 2998 sunt
1047 2948 1336 3000 auterunt
1361 2945 1667 3016 implicati,
1688 2961 1790 3017 per

138 3026 411 3098 gladium
431 3027 702 3093 Patris,et
725 3029 940 3096 Filii,et
959 3032 1212 3102 Spiritus
1233 3034 1508 3102 sancti,et
1532 3050 1636 3104 per
1656 3050 1788 3089 ana-

135 3115 677 3172 thematizationem
701 3118 964 3174 omnium
981 3137 1107 3192 quae
1129 3122 1532 3188 sunt,fuerunt
1551 3129 1606 3176 et
1619 3124 1790 3177 erunt

1897 1881 2120 1946 oculos,
2152 1888 2208 1936 et
2258 1898 2360 1953 per
2399 1881 2644 1937 buccam
2682 1897 2907 1936 eorum.
2943 1878 3318 1934 Maledictum
3349 1875 3427 1932 sit
3459 1892 3548 1930 cc-

1898 1970 2133 2024 rebrum
2168 1986 2393 2034 eorum,
2416 1970 2891 2042 capilli,humeri,
2923 1969 3426 2034 brachia,manus,
3461 1964 3548 2019 di-

1897 2057 2025 2129 giti,
2059 2059 2238 2124 frons,
2264 2059 2417 2126 cilia,
2440 2059 2674 2131 linguae,
2699 2060 2924 2124 dentes,
2945 2057 3117 2128 guln,
3152 2060 3378 2128 pectus,
3411 2055 3546 2108 dor-

1897 2164 2054 2214 sum,
2084 2164 2200 2214 cor,
2235 2152 2453 2210 venter,
2505 2147 2844 2213 umbilicus,
2895 2145 3195 2210 interiora,
3236 2143 3541 2210 exteriora,

1897 2239 1953 2290 et
1982 2236 2321 2306 posteriora,
2357 2235 2572 2303 vitalia,
2605 2235 2896 2307 inguines,
2927 2250 3128 2297 coccze,
3162 2231 3434 2304 geniculi,
3467 2231 3544 2284 ti-

1896 2325 2024 2390 biae,
2077 2324 2200 2390 tali,
2233 2324 2430 2396 pedes,
2464 2325 2694 2396 planta,
2737 2321 2988 2390 articuli,
3019 2338 3198 2388 venae,
3223 2322 3537 2390 juncturae,

1896 2411 2141 2477 viscera,
2175 2429 2330 2477 ossa,
2365 2411 2775 2468 medullaJlaac
2796 2411 2994 2466 omnia
3015 2409 3442 2481 praenominata
3471 2407 3540 2461 il-

1896 2499 2088 2555 lorum
2117 2500 2426 2556 maledicta
2447 2501 2566 2555 sint
2595 2499 2708 2554 nisi
2756 2497 3126 2570 resipuerint,
3159 2501 3216 2552 et
3241 2497 3312 2552 ad
3344 2513 3539 2552 veram

1895 2589 2296 2662 paenitentiam
2318 2589 2600 2645 venerint.
2633 2589 2698 2642 Et
2728 2588 2849 2644 hac
2881 2587 3082 2660 regula
3114 2584 3542 2641 maledictionis

1897 2683 2072 2750 atque
2097 2678 2707 2733 anathematizationis
2729 2680 3012 2741 servetur,
3037 2681 3095 2731 et
3124 2677 3464 2746 permaneat
3483 2672 3544 2728 in

1897 2755 2526 2839 omnibus'primatum
2546 2765 3179 2836 ecclesiis.Quieunque
3208 2763 3390 2835 igitur
3410 2779 3544 2817 cum

1898 2855 2338 2927 praenominatis
2396 2855 2738 2910 hominibus
2796 2853 2976 2910 locuti
3023 2852 3242 2908 fuerint
3273 2851 3545 2917 scienter,

1897 2943 2010 2999 nisi
2034 2944 2345 2999 emendare
2367 2960 2464 3000 eos
2488 2943 2705 2998 hortati
2729 2942 2966 3011 fuerint,
2999 2947 3102 2997 aut
3122 2957 3256 2997 cum
3275 2941 3356 2997 eis
3381 2957 3543 2996 man-

1899 3031 2257 3096 ducaverint,
2291 3032 2567 3108 biberint,
2601 3031 2965 3099 dormierint,
2998 3029 3058 3084 in
3081 3030 3347 3101 aliquove
3365 3032 3545 3101 parti-

1899 3119 2072 3191 cipati
2106 3111 2344 3186 fuerint,
2404 3119 2517 3173 nisi
2550 3117 2939 3189 resipuerint;
2989 3118 3038 3173 si
3069 3117 3313 3173 clericus
3344 3116 3540 3184 fuerit,

136 3203 405 3260 ﬁdelium
447 3205 570 3274 Dei,
606 3206 718 3262 nisi
763 3208 833 3262 ad
856 3225 1051 3263 veram
1077 3209 1477 3280 paenitentiam
1498 3211 1781 3280 venerint,
1815 3193 1857 3258 Ο
1896 3208 2130 3280 proprio
2163 3208 2363 3263 ordine
2387 3207 2831 3279 periclitabitur,
2861 3206 2910 3261 si
2957 3205 3142 3260 laicus
3175 3209 3278 3260 aut
3305 3205 3540 3273 femina,

137 3297 192 3348 et
222 3294 556 3349 secundum
593 3311 768 3366 posse
790 3295 1024 3352 illorum
1051 3297 1505 3366 emendaverint,
1541 3299 1660 3353 sint
1689 3316 1782 3354 ex-

137 3386 326 3436 torres
359 3399 389 3437 a
423 3381 729 3438 liminibus
762 3389 977 3440 sanctae
1017 3384 1114 3440 Dei
1137 3385 1423 3451 Ecclesiae,
1459 3386 1517 3441 in
1545 3387 1784 3442 anathe-

135 3470 514 3526 matizatione
548 3471 667 3527 sint
689 3488 892 3528 omnes
919 3473 1190 3544 superius
1215 3473 1518 3539 nominati,
1554 3491 1784 3530 omnes-

136 3575 250 3629 que
281 3557 722 3616 maledictiones
743 3561 966 3616 Veteris
985 3561 1192 3618 etNovi
1223 3563 1580 3618 Testamenti
1611 3580 1789 3634 super

137 3663 342 3702 eorum
377 3647 568 3719 capita
585 3647 1070 3720 multiplicamus.
1107 3650 1394 3706 Maledicti
1430 3649 1628 3706 sintin
1649 3651 1785 3706 civi-

138 3738 270 3802 tate,
309 3734 600 3790 maledicti
630 3735 690 3790 in
731 3751 889 3808 agro,
926 3737 1236 3794 maledicta
1275 3738 1481 3794 horrea
1506 3755 1706 3794 eorum
1733 3744 1790 3794 et

141 3823 376 3879 cellaria
391 3824 916 3890 eorum,maledicti
933 3825 1047 3880 cibi
1069 3843 1268 3882 eorum
1294 3830 1351 3883 et
1369 3826 1625 3899 reliquiae
1639 3828 1791 3899 ipso-

139 3928 292 3978 rum,
328 3911 640 3968 maledicta
674 3913 792 3968 sint
816 3913 1089 3970 inferiora
1109 3915 1326 3970 ventris
1345 3932 1546 3971 eorum
1582 3921 1637 3971 et
1669 3917 1787 3971 fru-

140 4005 270 4056 ctus
283 4004 451 4056 terra:
471 4002 732 4073 ipsorum
745 4007 1026 4068 ,armenta
1041 4007 1099 4058 et
1117 4019 1322 4076 greges
1354 4004 1616 4076 ipsorum
1638 4023 1650 4074 ;
1673 4023 1792 4061 ma-

1895 3297 2008 3352 nisi
2033 3301 2372 3368 paupertate
2395 3300 2497 3350 aut
2527 3298 2684 3350 metu
2717 3294 3120 3366 deprehensus
3165 3293 3361 3359 fuerit,
3398 3309 3542 3364 prae-

1895 3386 2050 3441 dicta
2079 3385 2454 3440 damnatione
2485 3385 2872 3456 perdendum,
2931 3386 2990 3438 et
3040 3381 3540 3437 anathematizan-

1895 3475 2038 3529 dum
2097 3478 2153 3529 et
2210 3471 2841 3528 excommunicandum
2902 3487 2963 3526 se
3037 3487 3166 3526 esse
3237 3469 3542 3541 perhorre-

1897 3566 2042 3618 seat.

1966 3654 2107 3706 Acta
2129 3651 2385 3722 synodus
2406 3651 2542 3706 Idus
2564 3649 2705 3706 Julii
2728 3665 2880 3704 anno
2897 3647 3183 3704 incarnati
3199 3646 3545 3713 VerbilOSO,

1898 3739 2218 3794 indictione
2249 3755 2334 3809 iu,
2367 3757 2518 3794 anno
2548 3757 2638 3805 xx,
2674 3741 2955 3810 regnante
3006 3753 3138 3810 rege
3194 3735 3440 3792 Henrico
3488 3735 3548 3790 in

1898 3829 2162 3894 Francia,
2216 3827 2516 3900 aunicycli
2563 3828 2746 3883 octavi
2781 3825 2991 3882 decimi
3037 3843 3115 3880 v1.
3151 3825 3415 3897 Sriptum
3447 3841 3551 3895 per

1901 3934 2112 3972 manus
2144 3917 2317 3972 Olivae
2352 3923 2376 3981 ψ
2434 3915 2850 3981 Guislibertus,
2883 3913 3074 3986 gratia
3106 3911 3208 3967 Dei
3239 3911 3548 3983 episcopus

1900 4005 2367 4072 Barcinonensis,
2399 4005 2701 4059 Wifredus
2733 4001 2945 4074 praesul
2979 4006 3030 4066 t.

857 4279 1278 4372 SERMO
1350 4282 1513 4372 DE
1587 4281 2068 4375 SANCTO
2141 4280 2824 4375 MARCULFO

1206 4457 1484 4512 ABBATE
1524 4457 1902 4524 NANTENSI,

1973 4457 2445 4516 CONFESSCﬂE.

247 4576 518 4648 (MAEILL.
553 4577 684 4632 Acta
713 4578 810 4635 SS.
844 4579 1066 4647 Bened.,
1097 4583 1234 4636 Saec.
1267 4580 1361 4649 VI,
1387 4597 1444 4652 p.
1478 4598 1537 4636 ιι.
1572 4598 1628 4653 p.
1659 4582 1784 4650 517,
1808 4598 1878 4636 ex
1902 4599 2004 4638 ms.
2037 4583 2216 4640 codice
2244 4584 2480 4641 ozenabii
2506 4586 2565 4641 S.
2597 4583 2862 4639 Vincentii
2885 4580 3031 4654 apud
3045 4579 3418 4652 Laudunum.)

205 4860 262 4915 4.
317 4859 644 4916 Venerandi
676 4862 876 4918 Patres
929 4881 994 4919 ac
1024 4864 1221 4920 dilecti
1272 4866 1501 4933 fratres,
1545 4883 1692 4938 quos
1727 4867 1782 4920 in

1907 4885 2035 4914 2:"

141 4948 318 5004 domo
349 4966 456 5005 sua
477 4950 630 5005 Deus
653 4951 914 5007 habitare
937 4953 1072 5008 facit
1095 4954 1779 5025 unanimes,exhortatio-

141 5037 238 5093 nis
271 5041 481 5093 nostra:
535 5038 812 5112 alloquia,
847 5041 962 5097 imo
995 5041 1200 5098 divinae
1265 5045 1498 5100 virtutis
1529 5045 1787 5118 insignia

140 5124 296 5181 beati
331 5126 592 5182 Marculﬁ
651 5129 878 5185 meritis
911 5135 1144 5187 ostensa
1173 5136 1499 5187 vestrorum
1535 5134 1785 5206 benigne

146 5215 470 5288 percipiant
501 5235 670 5273 aures
698 5236 710 5272 :
763 5219 1070 5276 Salomone
1113 5225 1382 5286 testante,
1421 5223 1536 5277 imo
1567 5224 1782 5295 Spiritu

144 5309 346 5360 sancto
399 5305 729 5364 Salomonis
779 5326 875 5364 ore
929 5309 1222 5380 loquente,
1282 5309 1596 5366 didicimus
1652 5312 1788 5383 quia

143 5394 322 5460 gloria
352 5411 544 5465 regum
577 5398 756 5453 celare
803 5398 1044 5466 verbum,
1079 5399 1256 5468 gloria
1292 5415 1413 5454 vero
1442 5401 1542 5455 Dei
1562 5401 1783 5454 investi-

2077 4887 2093 4919 ι
2122 4888 2128 4910 ›
2157 4887 2172 4921 ι
2197 4885 2208 4900 ν
2233 4886 2266 4921 η
2313 4869 2517 4934 (Prov.
2556 4885 2702 4934 xxv,
2741 4867 2796 4936 2)
2829 4867 2929 4938 (1),
2984 4866 3368 4936 Quapropter,
3401 4859 3545 4916 deli-

1893 4956 2161 5024 ctissimi,
2195 4961 2387 5012 vestra
2446 4955 2678 5011 dilectio
2739 4953 2964 5010 noverit
3023 4969 3131 5007 nos
3163 4949 3545 5020 investigasse

1898 5045 2161 5116 quzndam
2194 5062 2436 5117 operum
2491 5044 2812 5100 Salvatoris
2870 5041 3056 5098 nostri
3090 5039 3346 5109 Dei,qua3
3378 5038 3548 5092 Pater

1895 5135 2023 5201 ejus
2047 5138 2457 5203 pernaturam,
2491 5139 2689 5188 noster
2717 5149 2850 5188 vero
2901 5147 3003 5203 per
3051 5127 3322 5201 gratiam,
3359 5142 3544 5198 usque

1898 5221 2068 5276 modo
2100 5228 2391 5292 operatur,
2427 5227 2482 5277 et
2510 5221 2660 5276 idem
2697 5219 2878 5276 Filius
2934 5215 3162 5291 operari
3209 5232 3342 5271 cum
3377 5215 3544 5270 Patre

1897 5327 2011 5364 non
2041 5311 2272 5366 desinit.
2310 5311 2494 5383 Igitur
2552 5311 2742 5366 fidelis
2799 5327 2862 5366 ac
2894 5307 3031 5364 boni
3083 5305 3400 5361 testimonii
3434 5303 3542 5358 viri

1894 5398 2080 5454 relatu
2139 5401 2532 5472 comperimus
2593 5400 2746 5471 quod
2809 5398 2880 5454 ad
2939 5395 3188 5470 gloriam
3248 5394 3347 5450 Dei
3409 5411 3538 5449 san-

215 5517 291 5596 (1)
322 5518 426 5575 Hic
473 5521 637 5596 locus
694 5523 868 5580 hodie
909 5523 968 5580 in
1022 5524 1271 5596 Vulgata
1330 5528 1532 5581 nostra
1587 5525 1877 5582 contrario
1928 5541 2102 5581 sensu
2137 5526 2219 5582 sic
2265 5527 2502 5583 effertur
2533 5542 2546 5582 :
2583 5525 2766 5581 Gloria
2790 5526 2887 5581 Dei
2918 5528 2994 5580 est
3022 5524 3198 5580 celare
3229 5520 3472 5589 verbum,
3495 5524 3546 5577 et

143 5585 320 5656 gloria
344 5607 534 5661 regum
563 5595 888 5667 investigare
917 5585 1238 5652 sermonEm.
