4000 6168
365 266 482 346 72'7

1102 286 1287 353 SEC.
1333 290 1414 353 XI
1457 287 1684 353 AUCT.
1729 282 2047 351 INCERTI
2088 284 2280 349 ANNI
2322 287 2422 351 ET
2465 288 2762 353 SCRIPT.
2809 296 3034 349 ’mn.

3656 270 3785 357 723‘

375 420 724 500 ctorumque
780 426 908 500 ejus
964 425 1243 483 honorem
1275 424 1483 483 litteris
1514 425 1750 482 tradere
1781 423 2009 482 studui-
2038 404 2096 489 Α
2118 420 2401 481 ﬂuctibus
2431 424 2863 481 ad'monast'erii
2882 429 3115 499 portum
3138 422 3805 502 convolaverat,ibi‘que’

371 533 528 574 mus.

444 610 500 663 2.
524 606 698 662 Nocte
720 610 1000 679 sequente
1012 605 1166 660 diem
1186 604 1666 661 Annuntiationis
1684 603 2019 674 Dominicce,

374 696 439 752 in'
467 694 713 753 ecclesia
740 696 799 750 in
823 711 939 767 qua
968 695 1174 749 beatus
1198 694 1518 750 Marculfus
1553 694 1864 766 requiescit
1894 711 2019 751 cor-

374 785 717 859 pore,talem
730 784 1001 839 virtutem
1025 783 1207 839 Deum
1230 784 1526 839 credimus
1549 787 1852 857 operatum
1868 801 2017 839 esse.

377 875 591 932 Eadem
627 876 880 944 namque
912 876 1080 927 nocte
1104 873 1230 944 jam
1264 873 1579 939 mediante,
1630 873 1912 929 exstincto
1958 874 2018 928 in

376 961 619 1020 ecclesia
673 959 922 1017 lucernae
979 960 1226 1027 lumine,
1286 961 1469 1018 solita:
1502 963 1692 1017 noctis
1724 962 2024 1019 redierunt

379 1051 651 1108 tenebrae.
684 1049 953 1105 .Edituus
1002 1051 1254 1123 denique
1303 1068 1337 1106 a
1362 1068 1568 1107 somno
1619 1052 1923 1118 excitatus,
1959 1056 2023 1107 ut

376 1139 794 1213 circumspexit
829 1156 894 1195 ac
925 1138 1256 1195 sensitluce
1284 1138 1497 1196 visibili
1526 1140 1827 1196 basilicam
1861 1157 2020 1197 care-

378 1227 665 1297 re',relicto
693 1232 880 1285 stratu
907 1228 1317 1285 dormitorium
1349 1235 1404 1285 et
1436 1232 1748 1302 coquinam
1777 1230 2020 1286 fratrum

379 1337 496 1377 non
529 1319 730 1375 timuit
759 1318 938 1389 adire,
1000 1322 1290 1391 quatenus
1338 1318 1418 1375 ibi
1469 1319 1711 1376 candela
1740 1337 2024 1377 succensa

304 1440 310 1446 -
383 1410 575 1467 lucem
600 1409 866 1465 redderet
895 1408 1094 1464 domui
1114 1412 1350 1465 sanctae.
1381 1409 1489 1464 Sed
1514 1412 1569 1464 et
1592 1409 1648 1465 in
1683 1409 2021 1465 dormitorio

379 1500 704 1570 lucernam,
736 1502 793 1554 et
822 1498 881 1553 in
908 1497 1037 1570 ipsa
1082 1497 1256 1554 etiam
1280 1498 1533 1570 coquina
1562 1515 1782 1571 prunas
1814 1498 2026 1571 reperit

381 1585 717 1655 eistinetas,
752 1603 866 1642 non
890 1584 1152 1656 fortuitu,
1188 1588 1288 1642 sed
1322 1591 1389 1643 ut
1432 1604 1647 1653 remur,
1683 1592 1749 1643 ut
1780 1586 2025 1644 manife-

382 1670 681 1734 starentur
700 1676 798 1732 Dei
820 1692 1013 1749 opera.
1048 1676 1192 1742 Quid
1226 1692 1361 1749 ergo
1385 1676 1539 1732 idem
1559 1678 1807 1732 aedituus
1832 1681 2027 1750 ageret

385 1766 711 1840 ignorabat.
744 1766 1004 1822 Tandem
1057 1764 1240 1822 nimia
1271 1765 1548 1822 mcestitia
1581 1766 1865 1822 attonitus
1896 1782 2025 1822 ora-

382 1853 600 1913 torium
623 1854 1017 1927 rediit,ibiquc
1034 1858 1365 1928 prostratus
1388 1872 1581 1911 coram
1605 1855 1771 1911 altari
1789 1856 2026 1911 diutinae

383 1940 630 2001 orationi
688 1944 974 2012 incubuit,
1035 1943 1374 2017 supplicans
1404 1945 1609 2000 divinm
1645 1946 1937 2016 majestati
1964 1950 2029 2001 ut

386 2030 613 2092 meritis
635 2033 819 2091 sancti
842 2034 931 2091 sui
955 2032 1174 2089 ibidem
1211 2034 1563 2106 quiescentis
1584 2033 1645 2090 in
1673 2034 1782 2091 hac
1814 2052 2029 2107 oppor-

387 2123 635 2183 tunitate
656 2126 1021 2181 succurreret
1041 2124 1192 2192 ei,ne
1215 2122 1645 2181 seilicetlumen
1670 2125 1898 2181 deesset
1919 2125 2029 2180 fra-

385 2208 579 2272 tribus
644 2213 1051 2270 matutinalem
1096 2213 1363 2286 synaxim
1397 2214 1657 2286 proxime
1686 2213 2028 2270 cantaturis.

385 2306 503 2363 Nec
531 2302 760 2361 distulit
789 2303 1171 2375 Omnipotens
1193 2302 1467 2359 exaudire
1486 2307 1542 2358 et
1572 2303 1814 2358 auribus
1846 2303 2029 2376 perci-

387 2388 523 2468 pere
551 2393 840 2467 lacrymas
870 2392 1147 2467 pauperis
1181 2391 1253 2447 ad
1304 2408 1364 2447 se
1396 2391 1453 2446 in
1487 2391 1800 2448 afflictione
1831 2391 2031 2447 clami-

387 2468 587 2541 tantis.
619 2481 767 2538 Nam
804 2480 1045 2536 aﬂ‘ectus
1068 2479 1326 2551 tristitia,
1361 2480 1551 2536 fessus
1573 2480 1745 2535 etiam
1770 2480 2032 2536 oratione

388 2570 687 2647 ipsa,dum
718 2568 991 2624 Elbertus
1014 2568 1119 2639 (sic
1142 2568 1299 2623 enim
1329 2573 1569 2623 vocatur
1590 2568 1865 2640 praefatus
1897 2568 2031 2623 aedi-

391 2660 553 2731 tuus)
578 2658 742 2723 dum,
776 2657 1267 2733 inquam,stratus
1289 2655 1381 2711 sui
1408 2657 1737 2729 repetiisset
1759 2657 2029 2729 spatiola,

391 2751 535 2804 tunc
566 2762 797 2819 quoque
829 2744 1203 2818 lacrymatur,
1240 2748 1305 2821 et
1342 2744 1453 2801 sibi
1484 2745 1723 2801 omnino
1758 2751 2034 2818 reputans

393 2834 561 2909 quasi
580 2832 671 2891 sui
688 2832 1044 2907 negligentia
1071 2832 1200 2889 luce
1231 2838 1452 2889 careret
1470 2832 1730 2902 ecclesia,
1764 2834 1864 2889 Dei
1887 2838 2031 2890 nutu

391 2914 694 2999 respectus
710 2920 1144 2995 circumspexit,
1164 2924 1463 2995 totamque
1485 2922 1787 2979 basilicam
1815 2923 2034 2979 cmlesti

392 3013 522 3069 luce
569 3011 885 3069 clarescere
914 3009 1078 3066 vidit.
1107 3010 1362 3085 Repente
1401 3011 1615 3084 gaudio
1644 3010 1877 3085 gavisus
1912 3029 2033 3069 ma-

394 3101 835 3177 gno,lucernam
862 3099 1036 3175 paulo
1071 3104 1206 3156 ante
1231 3100 1577 3156 exstinctam
1600 3100 1762 3170 adiit,
1788 3118 2037 3175 eamque

393 3190 719 3248 clarissime
748 3189 1051 3246 ardentem
1105 3189 1335 3262 reperit.
1370 3189 1500 3245 Mox
1557 3189 1730 3247 etiam
1763 3191 2036 3265 lacrymis

392 3279 641 3337 tristitia:
663 3278 861 3354 gaudii
882 3279 1171 3354 lacrymas
1192 3279 1645 3351 superfundens,
1660 3279 1775 3337 Deo
1796 3284 1851 3335 et
1868 3281 2036 3336 beato

393 3362 676 3425 Mareulfo
706 3367 1128 3443 preconiorum
1176 3366 1399 3438 jubilos
1458 3366 1677 3437 retulit,
1713 3369 1913 3441 sicque
1944 3385 2035 3425 se-

394 3448 921 3531 curiordormitum
954 3455 1082 3510 init.
1112 3456 1281 3511 Mane
1312 3458 1511 3510 autem
1545 3455 1811 3512 discusso
1846 3457 2033 3512 noctis

390 3544 800 3619 peplo,dieque
817 3543 1076 3600 radiante
1096 3544 1539 3613 sereno,fratres
1570 3544 1698 3611 loci,
1716 3546 2032 3602 monachos

387 3632 657 3690 videlicet
681 3631 1003 3688 beatissimi
1028 3628 1292 3703 Remigii,
1324 3632 1647 3700 accersivit,
1682 3632 1883 3705 eisque
1916 3636 2031 3706 (me

387 3724 671 3797 praesente
702 3719 799 3792 qui
832 3719 955 3774 haec
986 3717 1243 3792 scripsi,)
1274 3735 1395 3775 rem
1421 3724 1645 3793 gestam
1671 3724 2035 3794 pandit,con-

375 3815 603 3868 testans
632 3808 731 3866 Dei
764 3808 1039 3865 virtutem
1066 3810 1520 3882 sanctorumque
1560 3810 1687 3881 ejus
1717 3812 2029 3867 auctorita-

370 3904 492 3958 tem
553 3900 779 3966 omnia,
834 3915 960 3971 que
1022 3897 1232 3966 aiebat,
1294 3913 1541 3971 qumque
1589 3898 1724 3955 huic
1756 3899 2029 3972 pitaciolo

372 3989 737 4047 decrevimus
769 3988 1093 4055 inferenda,
1115 3986 1199 4044 sic
1230 3986 1457 4042 haberi.

443 4079 707 4135 3.Adhuc
740 4081 937 4134 autem
963 4077 1074 4133 sub
1116 4075 1225 4131 hac
1257 4078 1456 4130 nostra
1502 4093 1833 4133 aerumnosa
1860 4082 2030 4135 aetate

377 4185 497 4225 non
528 4167 731 4240 dispar
762 4165 1133 4237 omnipotens
1164 4165 1319 4221 Deus
1348 4163 1700 4219 miraculum
1732 4166 1789 4220 in
1823 4167 2026 4222 eadem

375 4254 621 4312 ecclesia
640 4255 915 4324 ostendit,
941 4258 1004 4309 ut
1034 4253 1313 4326 quoniam
1341 4252 1595 4309 electum
1616 4271 1791 4309 suum
1824 4255 2026 4310 ineffa-

379 4342 574 4399 biliter
602 4342 989 4415 glorificatum
1022 4341 1273 4397 habebat
1295 4340 1355 4396 in
1377 4340 1558 4409 ecelis,
1588 4358 1701 4396 non
1726 4340 1922 4399 minus
1952 4345 2025 4399 ad

381 4430 761 4503 capacitatem
792 4428 1129 4485 mortalium
1163 4427 1827 4501 miriﬁcaredignaretur
1846 4430 1903 4486 in
1919 4438 2029 4489 ter-

2127 526 2230 587 per
2249 514 2471 586 aliquot
2496 531 2680 571 annos
2701 512 3149 572 ministraverat.
3184 515 3449 589 Cumque
3476 519 3547 574 ah
3571 519 3782 576 eodem

2128 605 2343 660 domno
2370 605 2619 660 R’oberto
2652 605 2757 675 (sic
2780 604 2934 660 enim
2968 607 3301 677 vocabatur)
3333 607 3533 664 omnia
3564 624 3697 680 quae
3730 609 3786 665 ei

2129 694 2201 750 ad
2225 692 2472 750 salutem
2503 693 2889 766 provenirent,
2925 711 2992 750 ex
3019 710 3177 750 more
3202 695 3577 769 percepisset,
3610 712 3769 770 aegro

2130 787 2227 839 tus
2258 784 2502 855 adjecit:
2543 807 2564 833 ι
2598 784 2717 856 Ego
2749 784 3007 855 quidem,
3040 784 3120 839 mi
3155 784 3339 853 Pater,
3369 785 3647 858 quoniam
3709 787 3785 842 de

2130 871 2451 946 longinquo
2477 873 2697 941 sum,in
2720 873 2990 945 presenti
3017 873 3334 946 repatriare
3362 874 3642 947 dispono:
3677 877 3783 932 sed

2130 962 2240 1018 hoc
2268 963 2339 1019 ob
2371 962 2737 1019 devotionem
2770 966 2924 1035 pcto,
2956 965 3020 1017 ut
3050 963 3171 1019 haec
3193 979 3372 1035 quam
3404 960 3619 1020 obtulit
3638 982 3779 1021 can-

2131 1051 2343 1118 delam,
2372 1054 2505 1107 ante
2526 1051 2636 1107 hoc
2654 1050 3125 1107 sacratissimum
3154 1050 3491 1125 sepulcrum
3516 1052 3780 1126 quandiu
3805 1072 3811 1076 ’

2129 1141 2340 1197 durare
2363 1142 2591 1213 poterit,
2628 1157 2814 1213 usque
2847 1141 2919 1197 ad
2947 1141 3517 1198 consummationem
3552 1142 3775 1207 ardeat,

2133 1230 2411 1303 quoniam
2437 1245 2568 1285 cum
2608 1230 2663 1285 in
2684 1230 2872 1302 patria
2903 1246 3031 1285 mea
3052 1230 3320 1297 essem,si
3356 1247 3471 1287 non
3501 1236 3565 1287 ex
3597 1228 3781 1289 actio-

2133 1318 2225 1388 ne,
2255 1323 2407 1376 certe
2437 1337 2504 1376 ex
2533 1318 2822 1375 desiderio
2853 1335 2980 1375 eam
3015 1320 3181 1375 beato
3217 1318 3494 1375 Marculfo
3517 1321 3778 1394 saepissi-

2134 1425 2227 1465 me
2259 1410 2594 1465 offerebam.
2620 1409 2756 1465 Erat
2786 1411 2981 1464 autem
3017 1425 3131 1463 non
3167 1402 3409 1466 modica:
3432 1408 3784 1482 quantitatis

2135 1498 2822 1570 utinfinitepertresdies
2857 1494 2993 1553 dare
3034 1496 3231 1552 lumen
3256 1497 3312 1552 in
3342 1497 3589 1554 ecclesia
3611 1498 3778 1553 suffi-

2135 1592 2310 1653 ceret,
2336 1588 2579 1659 jamque
2601 1591 2736 1642 ante
2762 1586 2942 1642 altare
2965 1585 3119 1659 quod
3149 1590 3235 1642 est
3281 1587 3338 1642 in
3368 1587 3587 1643 honore
3618 1588 3782 1659 ejus-

2134 1677 2267 1732 dem
2285 1674 2500 1732 Christi
2523 1675 2895 1742 confessoris,
2912 1675 3172 1731 revoluta
3187 1692 3361 1748 super
3383 1677 3779 1749 pavimentum

2136 1765 2415 1821 ardebat:
2470 1768 2822 1837 acceptaque
2883 1765 3196 1837 sponsione
3248 1783 3281 1821 a
3311 1766 3595 1822 monacho
3624 1767 3777 1839 quod

2138 1871 2266 1927 quae
2287 1853 2567 1926 petiverat
2580 1853 3297 1927 adimpleret,peregrinus
3316 1855 3779 1922 recedebat,cum

2138 1943 2424 2012 Elbertus,
2456 1943 2527 1999 de
2548 1960 2663 2015 quo
2690 1944 2961 2021 superius
2994 1943 3391 2011 meminimus,
3420 1945 3589 2016 quasi
3619 1944 3778 2000 aliud

2139 2034 2277 2107 quid
2301 2049 2469 2107 agere
2489 2031 2659 2089 vellet
2680 2035 2825 2107 pede
2842 2034 3209 2106 superposito
3232 2033 3532 2090 candelam
3564 2034 3782 2091 exstin-

2138 2123 2410 2195 xit,juxta
2431 2138 2623 2179 arcam
2648 2139 2912 2179 seorsum
2944 2121 3291 2179 exstinctam
3335 2123 3622 2197 deposuit,
3655 2128 3789 2197 post

2141 2212 2512 2285 peregrinum
2556 2209 2751 2266 valvas
2782 2208 3036 2266 ecclesiae
3061 2209 3441 2267 obseraturus
3472 2210 3633 2267 abiit.
3669 2211 3783 2266 Nec

2142 2300 2583 2367 mora,ﬁrmatis
2606 2300 2796 2366 ostiis,
2821 2304 3137 2372 antequam
3159 2299 3255 2355 ille
3277 2300 3512 2365 rediret,
3544 2300 3793 2356 candela

2141 2390 2423 2445 divinitus
2446 2405 2688 2444 accensa
2709 2392 2816 2458 est,
2850 2392 3165 2460 tantusque
3186 2403 3255 2443 ex
3275 2405 3343 2445 ea
3375 2388 3529 2462 ignis
3543 2388 3786 2458 exilivit,

2143 2482 2209 2533 ut
2237 2483 2293 2533 et
2323 2495 2516 2533 arcam
2565 2482 2623 2533 et
2663 2481 2853 2534 vestes
2882 2494 3027 2533 arcae
3058 2478 3459 2550 superpositas
3488 2472 3686 2533 subito
3715 2477 3786 2533 in‘

2142 2565 2398 2622 favillam
2431 2567 2716 2639 redegerit
2749 2584 2761 2633 ;
2797 2567 3040 2638 ipsaque
3087 2565 3330 2622 candela
3361 2564 3535 2638 (sicut
3564 2582 3790 2640 pauper

2144 2655 2329 2713 sancti
2356 2655 2620 2728 petierat)
2644 2655 2799 2710 illico
2820 2660 3228 2711 consummata
3241 2658 3347 2711 est.
3364 2655 3474 2712 Res
3497 2654 3790 2711 mirabilis

2143 2746 2296 2818 quod
2323 2745 2493 2817 quasi
2525 2745 2755 2800 duobus
2778 2745 3094 2800 momentis
3124 2749 3182 2800 et
3211 2745 3449 2800 ﬂamma
3481 2742 3790 2818 multiplex

2144 2833 2482 2906 excreverit,
2505 2838 2561 2890 et
2576 2851 2702 2907 quae
2720 2832 3049 2906 arripuerat
3066 2834 3304 2889 omnino
3332 2849 3437 2890 con
3447 2833 3791 2906 sumpserit.

2145 2923 2254 2980 Sed
2289 2923 2338 2979 si
2386 2922 2825 2979 consideremus
2856 2922 3031 2979 unius
3062 2920 3430 2979 devotionem
3461 2926 3517 2978 et
3547 2920 3796 2978 alterius

2146 3010 2584 3086 negligentiam,
2639 3012 2823 3085 liquet
2860 3010 3116 3085 profecto
3167 3028 3269 3084 pro
3304 3010 3556 3085 irregata
3586 3004 3794 3067 fraude

2140 3102 2304 3174 juste
2321 3101 2604 3157 divinitus
2620 3100 2937 3157 vindictam
2960 3100 3336 3156 subsecutum
3354 3098 3795 3165 esse.Vidisses‘,

2151 3190 2353 3257 fateor,
2374 3188 2727 3246 miraculum
2751 3190 2823 3244 de
2842 3190 3016 3245 rebus
3038 3187 3481 3244 insensibilibus
3502 3186 3577 3243 ad‘
3597 3188 3796 3244 redar-

2145 3279 2437 3350 guendam
2472 3294 2666 3334 rerum
2695 3277 3088 3346 sensibilium,
3124 3276 3177 3332 id
3214 3281 3302 3333 est
3322 3276 3627 3334 hominum
3660 3294 3795 3334 ava-

2145 3366 2360 3422 ritiam.
2390 3368 2701 3422 Aecurrere
2728 3366 2933 3422 fratres
2945 3366 3044 3438 qui
3063 3365 3121 3421 in
3144 3365 3331 3422 vicino
3354 3366 3613 3435 aderant,
3645 3382 3788 3422 nam

2144 3456 2428 3528 crepitum
2463 3455 2618 3528 ignis
2650 3455 2960 3511 audierant
2982 3455 3400 3527 custodemque
3421 3454 3794 3511 subclaman-

2141 3548 2283 3601 tem.
2318 3544 2467 3610 Quid
2518 3543 2776 3601 dicerent
2823 3548 3129 3616 agerentve
3151 3561 3263 3599 non
3295 3543 3608 3609 habebant,
3640 3560 3796 3617 quo-

2141 3634 2300 3690 niam
2316 3633 2459 3689 nihil
2471 3636 2595 3706 jam
2618 3633 3148 3705 remanseratquod
3171 3632 3291 3705 igni
3320 3632 3790 3690 sUbstraherent.

2141 3723 2244 3780 Ille
2274 3727 2468 3779 autem
2501 3740 2563 3778 se
2613 3739 2800 3792 reum,
2845 3738 2908 3779 se
2939 3721 3076 3778 huic
3108 3722 3436 3779 discrimini
3468 3722 3793 3778 obnoxium

2138 3812 2279 3869 totis
2302 3810 2661 3884 singultibus
2684 3812 3357 3883 fatebatur,acceptaque
3381 3809 3726 3884 paenitentia
3759 3822 3797 3869 a

2138 3899 2501 3965 fratribus,in
2537 3900 2833 3955 communi
2868 3903 3153 3954 statutum
3188 3903 3365 3972 atque
3396 3899 3795 3956 anathematis

2138 3988 2371 4047 vinculo
2393 3989 2807 4044 confirmatum
2838 3992 2927 4043 est
2949 3993 3013 4043 ut
3038 3986 3234 4043 oblata
3253 4005 3287 4043 a
3318 3987 3590 4044 fidelibus
3613 3988 3795 4044 lumi-

2138 4079 2305 4135 naria
2333 4093 2637 4149 nunquam
2670 4075 2956 4132 hactenus
2987 4077 3131 4133 alias
3164 4076 3278 4132 nisi
3300 4077 3358 4132 in
3385 4076 3592 4132 usibus
3623 4077 3791 4149 ejus-

2137 4169 2270 4223 dem
2301 4166 2556 4222 ecclesiaa
2589 4165 2956 4239 fratrumque
2990 4166 3069 4221 ibi
3094 4165 3468 4223 servientium
3502 4162 3793 4239 expende-

2138 4261 2357 4313 rentur.

2207 4348 2259 4401 4.
2288 4344 2696 4401 Necessarium
2740 4347 2830 4399 est
2872 4343 3209 4399 charissimi
3254 4343 3483 4411 fratres,
3516 4343 3575 4398 in
3603 4342 3784 4400 laude

2135 4434 2316 4507 hujus
2333 4430 2693 4491 sanctissimi
2724 4432 2955 4505 patroni
2986 4449 3051 4486 ac
3082 4432 3424 4504 protectoris
3439 4429 3620 4487 nostri
3637 4431 3789 4486 Mar-

381 4520 482 4576 ris.
502 4519 649 4592 Nam
669 4517 832 4574 illius
861 4515 1221 4573 inﬁrmitatis
1253 4517 1528 4573 sanandae
1562 4520 1758 4591 (quam
1792 4521 2016 4594 regium
2049 4527 2099 4594 D
2131 4525 2267 4583 eulfl
2291 4523 2588 4597 quod,Deo
2610 4522 2883 4589 donante,
2918 4521 3135 4578 nostris
3158 4520 3344 4577 oculis
3364 4523 3787 4593 praesentan

376 4608 649 4666 morbum
680 4608 758 4680 [1]
788 4608 1014 4677 vocant)
1039 4609 1201 4661 tanta
1219 4604 1270 4661 ei
1294 4605 1481 4678 gratia
1511 4606 1725 4664 coelesti
1758 4610 1906 4667 dono
1933 4629 2022 4668 ac-

375 4696 571 4767 cessit,
606 4701 671 4753 ut
694 4712 810 4753 non
842 4694 1040 4751 minus
1082 4712 1152 4751 ex
1195 4695 1436 4750 remotis
1460 4712 1527 4751 ac
1548 4696 1813 4755 barbaris
1841 4717 2019 4773 quam

372 4805 443 4845 ex
470 4786 678 4844 vicinis
709 4784 1049 4863 nationibus
1078 4785 1149 4840 ad
1183 4801 1316 4840 eum
1340 4785 1749 4856 aegrotantium
1782 4794 2017 4847 catervae

374 4880 655 4952 perpetuo
674 4874 1259 4938 conﬂuant.Quodam
1279 4873 1473 4945 itaque
1498 4874 1590 4929 die
1621 4875 1863 4947 hujusce
1894 4895 2020 4952 gra-

369 4967 454 5024 tia
474 4965 717 5039 quidam
765 4964 939 5020 homo
961 4963 1032 5020 ad
1064 4962 1371 5019 ecclesiam
1394 4963 1644 5032 devenit,
1679 4982 1797 5020 suae
1846 4968 2015 5024 devo-

369 5055 549 5112 tionis
580 5070 798 5112 munus
841 5052 1054 5129 obtulit
1088 5069 1100 5121 ;
1135 5052 1304 5124 eique
1336 5051 1505 5122 cujus
1536 5051 1592 5104 id
1650 5058 1769 5109 erat
1816 5057 2012 5123 ofﬁcii,

370 5144 463 5201 sui
493 5144 779 5217 adventus
809 5158 1053 5199 causam
1079 5138 1368 5214 patefecit.
1387 5141 1443 5194 Is
1473 5142 1669 5194 autem
1705 5142 1801 5212 qui
1836 5161 2016 5217 super

370 5248 539 5288 sacra
565 5231 820 5289 ecclesia
852 5229 1179 5288 ministeria
1236 5227 1564 5286 custodiam
1623 5230 1897 5301 habebat,
1931 5233 2018 5289 vir

368 5335 593 5392 magnae
627 5319 685 5375 in
715 5319 941 5393 Christo
995 5318 1320 5375 reserentiae
1373 5323 1514 5388 erat,
1577 5318 1675 5391 qui
1717 5336 1785 5375 ex
1816 5321 2014 5377 seaculi

441 5494 516 5568 (i)
550 5494 725 5550 Vides
759 5484 1119 5568 strumarum
1169 5498 1441 5554 morbum
1476 5492 1632 5568 (huic
1689 5497 1843 5554 enim
1887 5517 2011 5556 me-

369 5565 559 5625 dendo
611 5565 885 5638 praesidet
944 5570 1001 5624 S.
1038 5568 1379 5642 Marcult’us)
1410 5565 1622 5642 regium
1653 5568 1786 5627 olim
1817 5572 2012 5645 appel-

2132 4619 2221 4672 est
2250 4611 2545 4669 memoria:
2572 4611 3011 4680 tradere,qucm
3044 4609 3414 4681 omnipotens
3444 4609 3596 4666 Deus
3625 4609 3788 4681 apud

2131 4721 2189 4761 se
2217 4704 2498 4776 dignatus
2531 4702 2619 4755 est
2649 4696 2963 4771 specialem
2996 4696 3133 4752 dare
3159 4714 3262 4768 pro
3293 4697 3461 4754 nobis
3503 4697 3787 4753 interces-

2130 4808 2342 4849 sorem.
2378 4790 2508 4863 Ipse
2539 4791 2630 4843 est
2660 4786 2819 4842 enim
2858 4786 2959 4857 qui
2994 4785 3231 4842 assidue
3264 4789 3384 4841 orat
3425 4802 3530 4859 pro
3560 4783 3787 4858 populo

2128 4898 2256 4947 suo,
2290 4885 2347 4935 et
2375 4894 2477 4951 pro
2508 4875 2936 4932 habitatoribus
2967 4874 3147 4947 hujus
3197 4874 3386 4931 sancti
3432 4876 3779 4932 monasterii

2128 4970 2241 5025 sui.
2301 4969 2585 5037 Tempore
2644 4963 2823 5038 igitur
2865 4980 2979 5035 quo
3010 4964 3283 5019 eumdem
3314 4962 3552 5020 beatum
3583 4963 3787 5021 virum

2127 5057 2279 5130 apud
2314 5059 2574 5110 castrum
2604 5054 2884 5107 Peronam
2909 5054 3177 5124 (Peranna
3208 5052 3267 5107 in
3297 5052 3581 5126 Picardia)
3604 5051 3787 5109 mira-

2120 5145 2273 5222 culis
2306 5159 2610 5199 coruscare
2652 5141 2711 5196 hi
2763 5142 2863 5213 qui
2908 5141 3299 5198 interfuerunt
3315 5146 3372 5198 et
3393 5142 3686 5210 viderunt,
3723 5147 3788 5199 et

2126 5233 2401 5290 manibus
2433 5234 2849 5298 tractaverunt,
2882 5229 3073 5297 nobis,
3108 5229 3209 5302 qui
3251 5230 3311 5286 in
3343 5232 3470 5305 ejus
3519 5229 3797 5306 gloriosa

2124 5323 2261 5380 sede
2282 5319 2701 5389 remansimus,
2725 5317 2930 5394 quanti
2953 5334 3081 5374 eam
3096 5318 3608 5376 haberetmirahili
3639 5335 3781 5395 ope-

2121 5501 2307 5628 latlilim
2396 5514 2533 5556 nam
2562 5492 3035 5570 alioqni'lepram
3061 5496 3169 5554 hoc
3191 5495 3428 5555 nomine
3443 5486 3666 5554 veteres
3681 5508 3783 5568 ap-

2124 5589 2194 5628 ne
2243 5588 2315 5628 an
2350 5614 2362 5627 .

2124 5588 2362 5648 peuant.
