4000 6168
170 350 293 415 729

1459 348 1561 413 nu
1605 348 1921 415 SEPTEM
1965 335 2306 414 ARTIBUS

3342 415 3355 425 ,
3464 338 3615 412 736»

174 483 401 544 ratione
448 482 736 559 patefecit.
771 478 907 541 Erat
953 480 1111 540 enim
1166 485 1301 540 ante
1349 478 1530 541 altare
1570 481 1669 540 ubi
1700 483 1828 558 ipse
1854 493 1919 561 Αι
1940 481 2155 542 biniaci
2182 481 2496 541 millesimo
2526 479 2879 557 octogesimo
2901 480 3107 557 quinto
3127 497 3280 541 anno
3294 482 3593 544 ineat-nati

173 573 428 650 pretioso
477 572 793 655 requiescit
838 584 1098 646 corpOre,
1133 572 1363 647 lampas
1411 574 1648 641 ardens,
1697 590 1825 646 qua

172 663 339 721 nullo
357 664 531 720 modo
543 663 635 719 die
645 665 940 736 noctuque
956 663 1823 736 exstinguehatur,quiaquam-

170 754 260 811 vis
276 753 574 810 modicum
599 752 829 809 abesset
851 751 1249 825 corporaliter,
1283 769 1397 808 non
1412 756 1606 808 tamen
1630 753 1828 808 deerat

171 842 575 917 spiritualiter.
606 841 662 898 Is
691 842 889 915 itaque
920 843 1019 914 qui
1050 840 1305 898 ecclesiae
1336 842 1529 897 ofﬁcio
1561 845 1823 915 praeerat,

171 932 345 1005 coepit
366 946 567 988 secum
589 931 900 1004 cogitando
924 932 1115 988 dicere
1145 930 1425 1003 quoniam
1466 931 1619 986 idem
1650 929 1825 985 lumi-

174 1037 317 1078 nare
346 1019 406 1076 in
437 1024 654 1076 vanum
687 1020 1023 1088 ardebat,eo
1052 1020 1204 1091 quod
1239 1034 1450 1091 corpus
1489 1018 1640 1075 beati
1672 1020 1825 1075 Mar-

174 1109 311 1167 culﬁ
341 1109 401 1165 in
429 1107 699 1182 praesenti
732 1125 847 1163 non
881 1112 1179 1174 esset,non
1205 1108 1585 1164 considerans
1606 1107 1825 1163 ibibem

174 1198 547 1255 Dominicum
579 1213 793 1269 corpus
824 1198 900 1270 (3)
937 1199 1114 1270 (quod
1145 1198 1339 1268 majus
1377 1200 1434 1253 et
1464 1197 1821 1270 praecipuum

174 1290 323 1357 erat)
352 1302 486 1342 cum
520 1285 861 1359 angelorum
912 1287 1117 1342 adesse
1165 1286 1453 1343 custodia.
1487 1286 1649 1353 Quod
1691 1300 1825 1341 cum

173 1393 351 1451 prave
377 1379 443 1433 et
465 1376 720 1432 inaniter
751 1375 1377 1449 cogitasset,exstincta
1399 1374 1640 1431 lucerna
1661 1375 1823 1443 abiit;

172 1466 276 1524 sed
307 1469 441 1538 post
468 1467 835 1521 transactum
864 1464 1020 1520 horae
1053 1464 1334 1537 spatium,
1381 1480 1558 1520 causa
1588 1468 1827 1538 cogente

173 1554 376 1627 aliqua
405 1562 694 1625 reversus,
744 1553 905 1609 dictu
951 1552 1260 1610 mirabile!
1294 1552 1448 1609 illico
1482 1553 1669 1609 oculis
1699 1553 1827 1625 ejus

175 1641 634 1717 apparuit.Vidit
648 1652 901 1715 namque
923 1643 1190 1698 eamdem
1212 1641 1546 1715 lampadem
1566 1641 1829 1715 angelica

174 1730 440 1789 claritate
471 1730 900 1804 fulgentem,ita
928 1730 1207 1787 ineffabili
1256 1731 1429 1787 modo
1461 1730 1730 1803 pendere,
1765 1735 1829 1785 ut

175 1837 283 1878 nec
310 1821 450 1877 fune
478 1821 731 1892 desuper
757 1823 1074 1888 teneretur,
1101 1835 1205 1876 nec
1239 1823 1403 1876 terrae
1432 1820 1705 1876 deorsum
1740 1819 1826 1874 in-

1932 574 2130 630 Verbi.

2003 664 2057 718 5.
2094 662 2295 736 Igitur,
2351 662 2740 731 dilectissimi,
2797 663 2896 735 qui
2945 663 3055 720 hoc
3117 664 3340 733 audire,
3391 667 3466 735 et,
3517 669 3584 723 ut

1934 768 2153 819 remur,
2186 752 2418 807 credere
2451 768 2567 807 non
2600 752 2897 820 renuistis,
2922 753 3125 809 scitote
3155 754 3293 827 quia
3324 755 3433 811 hoc
3460 759 3580 812 tam

1934 839 2169 897 evidens
2199 840 2549 897 miraculum
2580 841 2650 897 ad
2677 841 2956 898 honorem
2988 843 3173 899 sancti
3204 844 3397 909 sui,ad
3426 844 3585 901 utili-

1935 932 2114 986 tatem
2145 945 2379 1002 quoque
2406 929 2591 985 nostri
2621 930 2774 986 Deus
2805 930 3084 1003 dignatus
3106 932 3191 987 sit
3213 933 3584 1004 operari.Nec

1932 1018 2230 1075 immerito
2256 1035 2267 1072 :
2291 1018 2429 1091 quia
2450 1018 2608 1074 enim
2630 1019 2837 1075 beatus
2856 1020 3347 1090 Marculfus,dum
3370 1023 3426 1078 in
3447 1039 3583 1079 con-

1933 1107 2082 1164 valle
2110 1107 2502 1180 lacryznarum
2535 1124 2707 1163 carne
2738 1112 3084 1181 moraretur,
3111 1125 3285 1183 opera
3314 1113 3583 1168 tenebra-

1936 1214 2066 1253 rum
2100 1196 2394 1268 abjecit,et
2424 1196 2668 1252 indutus
2688 1197 2870 1253 armis
2889 1197 3037 1255 lucis
3055 1198 3300 1256 viriliter
3317 1200 3583 1272 ejusdem

1932 1285 2083 1343 lucis
2113 1285 2362 1357 principi
2393 1284 2697 1354 militavit;
2733 1286 2942 1343 merito
2973 1287 3166 1344 carnis
3205 1306 3379 1345 onere
3408 1289 3584 1348 levia-

1934 1380 2053 1445 tus,
2085 1380 2141 1432 et
2170 1376 2242 1431 ad
2275 1391 2531 1448 superna
2578 1374 2869 1447 polorum,
2902 1382 2968 1431 ut
2996 1377 3310 1446 credimus,
3362 1383 3583 1450 vectus,

1937 1464 2159 1522 auctori
2206 1463 2491 1520 claritatis
2546 1464 2826 1522 inhaerere
2883 1467 3224 1537 promeruit.
3270 1468 3418 1542 Ergo
3469 1486 3586 1525 non

1937 1554 2328 1610 dubitandum
2353 1558 2442 1609 est
2471 1553 2610 1626 quin
2634 1554 2975 1611 exstinctam
2999 1555 3188 1611 lucem
3210 1558 3585 1629 reparaverit,

1938 1644 2037 1715 qui
2066 1644 2338 1699 tenebras
2369 1642 2555 1699 noctis
2587 1644 2645 1698 in
2677 1642 2923 1700 basilica
2950 1661 3057 1700 sua
3104 1660 3230 1701 esse
3260 1644 3585 1703 abhorruit.

1935 1732 2356 1789 Verumtamen
2387 1731 2666 1803 quoniam
2697 1732 2844 1788 nihil
2879 1734 2943 1788 fit
2972 1732 3031 1788 in
3056 1738 3213 1790 terra
3232 1733 3358 1791 sine
3388 1750 3585 1803 causa,

1940 1826 1997 1877 et
2027 1822 2194 1877 beato
2219 1820 2495 1894 Gregorio
2528 1821 2804 1890 dictante,
2830 1821 3224 1894 comperimus
3265 1823 3406 1895 quia
3434 1823 3603 1881 Deus

176 1910 495 1967 cumberet.
528 1910 666 1965 Erat
711 1913 906 1966 autem
952 1922 1177 1982 magna
1208 1907 1452 1965 visionis
1474 1903 1827 1965 miraculum
1862 1903 1908 1928 ”
1940 1915 1998 1967 et
2028 1909 2309 1967 Dominus
2333 1910 2618 1965 nosterad
2642 1911 2785 1966 bene
2815 1910 3109 1984 agendum
3132 1911 3444 1985 aliquando
3464 1929 3593 1969 veri

176 2000 333 2074 quod
369 2000 520 2055 inter
548 1998 747 2055 funem
769 2002 825 2055 et
853 1996 1187 2071 lampadem
1218 1998 1470 2053 habebat
1494 1998 1674 2053 cubiti
1705 2014 1833 2069 spa-

176 2090 412 2160 tium,et
436 2088 589 2145 inter
617 2088 950 2161 lampadem
981 2091 1039 2143 et
1080 2091 1296 2143 terram
1328 2087 1509 2142 cubiti
1560 2086 1832 2142 similiter

178 2178 437 2253 spatium
462 2196 477 2247 ;
508 2182 586 2245 et,
619 2181 685 2233 ut
714 2177 852 2245 dixi,
877 2176 1102 2231 lumine
1132 2175 1353 2232 caelesti
1386 2191 1631 2230 accensa
1661 2175 1833 2230 mira-

176 2267 375 2325 biliter
392 2266 785 2323 ardebat.Non
813 2265 920 2320 tibi
953 2264 1194 2321 forsitan
1220 2265 1304 2321 ad
1323 2264 1681 2320 credendum
1704 2264 1829 2320 ani-

177 2373 312 2414 mus
338 2355 690 2423 suffecisset,
724 2354 838 2411 nisi
870 2354 1117 2409 fratrum
1151 2352 1470 2427 populique
1509 2364 1829 2409 cencursus

174 2444 581 2503 testimonium
613 2430 917 2500 effecisset.
936 2442 1083 2499 Nam
1129 2441 1229 2499 ille
1271 2442 1482 2499 timore
1530 2443 1747 2515 pariter
1776 2450 1831 2499 et

178 2534 566 2593 admiratione
598 2536 919 2605 correptus,
954 2548 1024 2588 ex
1049 2536 1169 2589 toto
1198 2532 1324 2589 vico
1347 2548 1469 2588 rem
1499 2531 1695 2588 videre
1727 2532 1831 2586 mi-

177 2623 427 2681 rabilem
457 2622 775 2679 maximam
807 2621 1143 2677 concionem
1160 2621 1351 2694 plebis
1381 2619 1831 2677 evocavit.Mulli

178 2713 434 2785 denique
462 2712 846 2768 exuberavere
876 2710 1170 2784 lacrymis,
1204 2710 1463 2766 dicentes
1497 2726 1509 2765 :
1543 2710 1831 2776 Quoniam

178 2802 488 2876 piissimus
517 2800 727 2857 Christi
745 2800 1047 2856 confessor
1064 2798 1676 2872 Marculfus,ipsorum
1700 2804 1834 2872 post

178 2891 368 2948 Deum
400 2893 600 2947 custos
625 2888 1199 2963 vigilantissimus,et
1229 2889 1381 2962 apud
1414 2892 1596 2944 Deum
1630 2887 1829 2943 multi-

178 2980 312 3055 plex
342 2978 957 3051 advocatus,quamvis
972 2977 1469 3050 modicotempore
1491 2980 1646 3034 esset
1664 2976 1832 3034 alior—

181 3085 341 3138 sum,
375 3084 515 3124 suos
546 3071 743 3123 tamen
781 3065 934 3122 ﬁlios
964 3083 1067 3139 per
1114 3065 1511 3122 ostensionem
1563 3065 1833 3122 miraculi

180 3156 473 3215 consolari
504 3172 571 3212 ac
596 3154 831 3212 visitare
860 3159 953 3211 est
988 3153 1284 3227 dignatus.
1326 3158 1527 3211 Actum
1576 3157 1665 3209 est
1694 3154 1829 3209 Cor-

250 3299 329 3371 (3)
362 3299 426 3355 In
459 3298 692 3371 archivo
713 3296 963 3371 ccenobii
992 3296 1322 3371 Remigiani
1353 3295 1482 3371 legi,
1501 3295 1724 3371 litteras
1753 3296 1838 3352 Si-

180 3367 376 3427 monis
408 3368 645 3426 abbatis
666 3367 1022 3437 attestantis,
1056 3367 1317 3423 Odo'nem
1347 3367 1678 3423 de‘Sarceio
1708 3384 1839 3423 mo-

179 3441 440 3499 nachum
478 3441 549 3496 de
571 3440 943 3497 conniventia
971 3454 1100 3495 sua-
1136 3439 1401 3510 redditus
1438 3437 1836 3510 acquisivisse,

178 3518 238 3569 et
267 3513 343 3569 de
374 3512 521 3584 ipsis
553 3511 878 3568 redditibus
929 3511 989 3584 in
1038 3509 1290 3584 ecclesia
1324 3510 1382 3565 S.
1412 3508 1679 3584 Remigii
1711 3514 1841 3584 ante

178 3585 362 3656 τηαρω
397 3582 604 3665 altare.
624 3599 790 3655 super
814 3582 988 3665 μιαρά,
1021 3598 1215 3665 corpus
1261 3582 1483 3665 Domitii
1528 3582 1836 3665 reponitur,

174 3651 394 3712 cereum
418 3651 918 3736 perpetuo'ardére
965 3651 1284 3735 instituisse.
1321 3652 1382 3706 Id
1431 3652 1649 3706 factum
1689 3651 1836 3707 Wil-

174 3725 353 3805 l_elm_o
404 3725 855 3805 archiepiscopo
895 3724 1192 3805 Remepm,
1243 3724 1353 3805 sub
1400 3739 1621 3805 annum
1673 3722 1832 3805 11.6.5.

175 3796 489 3855 Preiverat
518 3793 636 3853 uno
684 3793 898 3852 saaéulo
947 3794 1166 3851 Paulus
1208 3794 1391 3850 abbas
1443 3794 1501 3850 S.
1534 3793 1741 3850 Albani
1775 3794 1834 3849 in

1940 1999 2051 2065 bis,
2064 1997 2382 2071 aliquando
2403 2015 2511 2055 nos
2533 1999 2955 2073 admonetipsis
2968 2000 3388 2058 miraculorum
3407 2018 3595 2059 exem-

1939 2087 2054 2160 plis
2080 2105 2092 2154 ;
2127 2104 2402 2143 curemus
2423 2087 2603 2160 hujus
2630 2088 2817 2144 sancti
2856 2106 2921 2145 ac
2951 2090 3105 2146 beati
3134 2090 3363 2164 patroni
3405 2091 3591 2149 nostri

1938 2175 2220 2243 Mareulﬂ,
2253 2181 2386 2232 ante
2417 2178 2588 2250 cujus
2620 2194 2816 2234 sacros
2849 2177 3074 2235 cineres
3105 2180 3589 2252 excubamus,cu-

1932 2267 2035 2337 jus
2065 2266 2241 2321 etiam
2268 2265 2610 2323 memoriam
2632 2267 2806 2323 hodie
2828 2267 3163 2324 solemniter
3183 2268 3549 2326 celebramus
3575 2288 3589 2340 ;

1940 2371 2239 2423 curemus,
2270 2355 2534 2426 inquam,
2568 2355 2747 2426 hujus
2773 2357 3163 2429 patrocinium
3191 2372 3469 2430 quaerere,
3494 2360 3593 2415 ob-

1941 2447 2235 2499 secrantes
2262 2447 2328 2499 ut
2358 2444 2482 2501 suis
2514 2444 2627 2517 piis
2658 2445 2929 2518 precibus
2950 2447 3112 2520 fuget
3129 2447 3404 2504 tenebras
3420 2448 3592 2504 caeci-

1940 2533 2076 2588 tatis
2107 2536 2163 2590 et
2194 2533 2534 2606 ignorantia:
2584 2537 2816 2602 nostrae,
2863 2535 3136 2609 impetret
3181 2536 3353 2592 nobis
3399 2536 3591 2594 lucem

1941 2620 2194 2676 caelestis
2222 2622 2424 2694 gratiae
2458 2639 2471 2676 :
2506 2638 2622 2695 qua
2667 2621 2983 2678 illuminati
3014 2640 3190 2696 opera
3216 2624 3590 2681 tenebrarum

1941 2709 2311 2782 abjiciamus,
2344 2710 2575 2783 piisque
2606 2712 2815 2768 intenti
2848 2712 3078 2768 actibus
3107 2713 3291 2769 armis
3319 2712 3469 2770 lucis
3496 2714 3594 2770 in-

1943 2797 2231 2867 duamur;
2266 2798 2360 2854 his
2402 2815 2636 2872 quoque
2695 2799 2907 2855 muniti
2967 2800 3290 2873 principem
3332 2802 3594 2858 tenebra-

1941 2902 2071 2942 rum
2106 2891 2474 2960 proteramus
2510 2903 2524 2943 :
2552 2890 2635 2944 sic
2666 2887 2843 2945 etiam
2888 2889 3132 2947 victoria
3161 2889 3350 2962 potiti,
3381 2889 3593 2947 Condi-

1942 2974 2054 3030 tori
2084 2974 2236 3032 lucis
2266 2975 2558 3032 adhaerere
2590 2994 2938 3047 mereamur,
2972 2977 3070 3050 qui
3119 2977 3257 3035 vivit
3303 2982 3361 3034 et
3390 2982 3595 3052 regnat

1939 3065 2133 3122 trinus
2163 3069 2221 3122 et
2251 3082 2407 3120 unus
2432 3065 2605 3121 Deus.

1950 3295 2182 3371 Anglia,
2212 3295 2335 3371 _qui
2367 3290 3217 3371 referenteMatthaao'Parisio,
3263 3296 3473 3371 pelvem
3499 3315 3593 3371 ar-

1946 3367 2097 3439 geiiti
2123 3367 2289 3433 dedit,
2320 3367 2712 3434 constituendo,
2745 3371 2805 3421 ut
2835 3381 3049 3439 cereum
3066 3368 3365 3422 contineret
3381 3368 3596 3439 jugiter

1946 3438 2225 3495 ardentem
2254 3442 2383 3494 ante
2408 3440 2585 3505 maius
2612 3439 2807 3494 altare.
2841 3437 3148 3493 Aimoinus
3178 3437 3596 3495 observatFlo-

1948 3509 2087 3564 riaci
2118 3525 2327 3582 morem
2352 3511 2523 3582 fuisse
2551 3527 2585 3565 α
2616 3511 2816 3581 priscis
2860 3510 3170 3564 institutum
3218 3510 3496 3576 Patribus,
3534 3518 3596 3566 ut

1946 3588 2061 3636 tam
2104 3581 2291 3637 diebus
2318 3597 2484 3652 quam
2528 3583 2773 3638 noctibus
2799 3582 2982 3652 trium
3010 3581 3361 3637 lucernarum
3392 3583 3595 3638 [omine

1946 3661 2247 3708 memorata
2275 3650 2656 3709 illustraretur
2681 3652 2924 3709 ecclesia.
2958 3650 3232 3709 Lucernze
3279 3666 3415 3709 ergo
3440 3664 3594 3709 com-

1946 3723 2206 3778 muniter
2230 3724 2662 3781 adhibebantur
2687 3724 2848 3791 olim,
2883 3724 3073 3780 rarius
3103 3723 3273 3794 cerei,
3304 3723 3376 3781 ad
3409 3724 3591 3782 conti-

1945 3810 2130 3850 nuum
2161 3794 2220 3850 in
2253 3795 2514 3853 basilicis
2543 3794 2764 3853 lumen.

801 4022 1558 4123 OPUSCULUM
1629 4013 1793 4120 DE
1868 4025 2359 4120 SEPTEM
2427 4027 2960 4121 ARTIBUS

170 4205 393 4279 (Edidit
420 4206 487 4264 D.
523 4205 868 4275 Havmssox,
902 4208 1161 4278 Rapports
1185 4220 1282 4260 sur
1313 4206 1391 4260 les
1420 4203 1941 4279 bieliothequrades
1971 4202 2372 4279 departcynents
2400 4202 2466 4279 {te
2494 4202 2717 4279 l’anst,
2745 4203 3030 4277 Append.,
3064 4221 3121 4277 p.
3156 4203 3278 4273 404,
3307 4219 3375 4260 ex
3396 4203 3591 4262 codice

1173 4292 1286 4332 ms.
1322 4275 1520 4333 saeculi
1549 4292 1629 4333 xu
1668 4273 1730 4331 in
1757 4273 2117 4332 bibliotheca
2142 4273 2595 4347 Alenconiensi.)

168 4563 260 4620 Ad
278 4576 550 4619 mensam
577 4559 961 4634 philosophiae
993 4559 1259 4617 sitientes
1283 4557 1521 4627 currite,

167 4652 241 4709 Et
267 4648 496 4725 saporis
522 4649 798 4723 tripertiti
825 4653 1047 4723 septem
1081 4642 1236 4704 rivos
1267 4647 1470 4715 bibite,

164 4740 299 4799 Uno
324 4738 485 4797 fo’nte
511 4736 916 4811 procedentes,
950 4752 1067 4793 non
1098 4737 1299 4793 eodem
1328 4737 1589 4808 tramite,

164 4830 355 4895 Quem
383 4826 724 4901 Pithegares
754 4827 1006 4882 rimatus
1029 4824 1299 4882 excitavit
1327 4822 1587 4898 phisioas,

166 4917 313 4974 lude
337 4915 605 4973 Sdcrates
636 4917 694 4971 et
719 4914 878 4972 Plato
907 4913 1297 4971 honestarum
1336 4908 1560 4986 ethicis,

162 5003 499 5062 Aristotiles
524 5002 757 5077 loquaci
789 5002 1167 5077 desponsavit
1195 5001 1414 5076 logicae.

164 5093 255 5150 Ab
281 5092 377 5151 his
388 5094 569 5150 secta
583 5092 1000 5161 multiformes,
1022 5090 1265 5148 Athenis
1284 5092 1591 5149 materiam
1616 5097 1819 5167 nactae,

94 5192 97 5197 '
164 5182 289 5240 Hoc
318 5181 546 5255 liquore
572 5185 757 5239 totam
780 5180 1103 5253 irrigarunt
1125 5179 1429 5249 Graeciam,

165 5273 313 5340 Qua
338 5270 678 5327 redundans
708 5269 938 5326 infinite
968 5268 1132 5324 ﬂuxit
1154 5268 1211 5323 in
1246 5269 1583 5341 Hesperiam
1614 5289 1625 5340 ;

164 5361 299 5418 Non
324 5363 525 5416 tamen
553 5358 682 5416 sine
705 5359 946 5415 ductore
973 5356 1063 5412 vel
1093 5360 1225 5413 tuto
1256 5357 1524 5430 remigio,

164 5449 318 5516 Quia
346 5458 554 5505 navem
584 5449 980 5522 gubernantes
1010 5448 1169 5504 Maro
1192 5450 1369 5519 atque
1398 5447 1594 5505 Cicero

166 5540 419 5595 Centum
448 5541 659 5594 nautas
689 5536 1019 5593 asciverunt
1036 5549 1338 5608 quemque
1366 5551 1473 5592 suo
1493 5539 1709 5595 studio.

169 5627 268 5685 Sic
296 5630 456 5684 recta
484 5625 860 5700 philosophia
885 5624 1078 5681 minas
1107 5624 1247 5681 vicit
1276 5625 1544 5697 aquoris,

1853 4537 1901 4602 Ῑ)
1931 4562 2143 4618 Nostra
2174 4576 2414 4617 sumens
2445 4560 2736 4617 elementa
2765 4578 2869 4635 pro
2895 4562 3129 4618 Achivis
3161 4560 3389 4631 litteris,

1929 4650 2190 4706 Tandem
2220 4650 2352 4705 laeta
2379 4649 2538 4705 venit
2569 4649 2814 4704 Romam
2849 4666 2951 4721 per
2981 4650 3202 4706 fluenta
3229 4644 3503 4707 Tibridis.

1928 4738 2066 4794 Erat
2096 4738 2254 4795 enim
2288 4739 2471 4795 Roma
2504 4742 2710 4812 potens
2741 4736 3031 4794 bellorum
3055 4739 3337 4806 victoriis,

1930 4827 1998 4882 Et
2028 4830 2092 4882 ut
2122 4838 2326 4883 omnes
2356 4830 2557 4901 gentes
2585 4826 2711 4883 suis
2742 4825 2991 4898 subjecit
3020 4825 3305 4898 imperiis,

1929 4915 2024 4971 Sic
2054 4914 2285 4970 dicebat
2314 4920 2379 4971 ut
2409 4919 2711 4988 praestaret
2739 4913 2990 4989 gemmis
3022 4914 3463 4987 philosOphicis.

1928 5007 2048 5060 Has
2077 5004 2147 5058 ad
2181 5019 2309 5058 sese
2327 5004 2597 5062 Tulliana
2626 5006 2796 5063 torsit
2827 5003 3180 5076 eloquentia,

1929 5093 2112 5164 Cujus
2141 5094 2305 5147 tonat
2332 5092 2703 5151 vehementer
2728 5094 2923 5151 triﬁda
2950 5086 3258 5151 rethorica.

1928 5182 2032 5237 His
2055 5180 2282 5236 imbuta
2312 5179 2510 5251 pulsat
2539 5187 2695 5238 astra
2720 5185 3041 5241 Mantuana
3078 5181 3294 5240 ﬁstula.

1929 5270 2074 5326 Hinc
2105 5285 2219 5324 non
2253 5268 2455 5340 paucis
2486 5269 2734 5327 evolutis
2766 5290 3053 5330 annorum
3076 5270 3383 5330 curriculis

1927 5357 2238 5415 Severinus
2267 5357 2361 5413 his
2390 5358 2679 5415 successit
2707 5359 2767 5415 in
2800 5361 2960 5418 nullo
2994 5361 3317 5428 dissimilis,

1929 5451 2065 5515 Quae
2095 5446 2531 5521 philosophiam
2563 5446 2833 5520 spectant
2852 5449 3015 5505 nullo
3038 5450 3231 5508 minor
3259 5452 3505 5507 meritis.

1932 5539 2147 5594 Praater
2173 5536 2331 5593 hunc
2360 5539 2416 5593 et
2447 5542 2626 5610 'supra
2657 5534 2841 5595 dictos
2863 5538 3178 5594 extiterunt
3208 5539 3470 5611 plurimi.

1934 5627 2325 5699 Praeceptores
2352 5629 2411 5684 et
2430 5630 2612 5700 poetae
2641 5624 2731 5684 vel
2761 5624 3238 5701 historiographi,
