4000 6168
333 262 446 324 ’131

1068 257 1256 322 S/EC.
1302 258 1385 322 XI
1427 257 1657 323 AUCT.
1704 257 2020 321 INCERTI
2065 257 2255 321 ANNI
2298 258 2401 322 ET
2445 258 2742 324 SCRIPT.
2791 264 3014 317 ’AAEzu.

3620 246 3745 313 782

335 396 596 463 Quorum
617 388 907 467 quosdam
927 389 1024 450 hic
1041 392 1471 462 dicamus,uam
1485 392 1978 461 convenitordiui,
2010 396 2065 463 Α
2093 393 2208 452 Hec
2238 394 2455 452 difﬂuit
2482 399 2539 452 et
2569 394 2867 463 discernit,
2902 392 3109 449 dividit
3137 394 3194 448 et
3223 386 3451 456 asserit,

337 485 405 543 Hi
438 489 578 543 sunt
610 483 871 551 Plautus,
905 483 1079 553 Naso,
1113 480 1621 549 Flaccus,Nevius,
1659 482 1977 552 Perentius,

339 575 557 639 Livius,
592 575 883 641 Lucanus,
920 572 1121 638 Varro,
1154 571 1404 639 Stacius,
1438 571 1750 638 Salustius,

340 663 585 732 Plinius,
618 662 1028 729 Quintilianus,
1062 660 1381 729 Juvenalis,
1417 661 1669 731 Persius,

336 754 579 820 Ennius,
611 755 766 818 Cato,
800 749 1082 817 Catullus,
1116 751 1307 805 Macer
1328 754 1384 806 et
1406 750 1755 818 Macrobius,

337 842 688 908 Marcianus,
717 838 1070 903 Victorinus,
1106 844 1361 895 Donatus
1392 843 1449 895 et
1477 838 1732 905 Servius,

337 931 669 987 Priscianus
701 927 901 1001 primae
930 928 1073 984 artis
1104 932 1462 984 restaurator
1486 932 1783 984 strenuus;

334 1019 549 1076 Multos
581 1022 777 1073 tamen
808 1022 864 1074 et
894 1022 1233 1089 praestantes
1264 1016 1548 1074 vertimus
1581 1021 1638 1072 et
1673 1016 1979 1089 liquimus.

333 1109 501 1164 Nunc
531 1107 789 1180 quedam
819 1106 913 1162 hic
945 1105 1128 1162 libare
1160 1107 1418 1162 nitemur
1447 1123 1515 1161 ex
1547 1106 1771 1162 artibus

331 1197 642 1255 Profutura
674 1195 954 1252 studiosis
982 1195 1192 1250 harum
1226 1194 1626 1251 facultatibus.

333 1287 525 1343 Prime
555 1286 713 1342 sedis
744 1285 1125 1340 fundamento
1157 1285 1460 1357 presidens
1493 1284 1897 1355 grammatica,

332 1377 532 1432 Preter
562 1375 741 1431 denas
772 1378 945 1446 atque
976 1378 1171 1430 ternas
1202 1378 1396 1446 partes
1431 1374 1688 1439 dividua,

333 1465 400 1521 In
427 1464 633 1537 primis
665 1463 923 1535 quinque
945 1462 1154 1534 pertila
1186 1478 1286 1535 per
1311 1463 1402 1517 bis
1434 1461 1808 1534 quaternaria

333 1553 463 1609 Haec
495 1552 554 1607 in
586 1552 729 1625 ipsis
760 1552 1093 1607 studiorum
1126 1551 1374 1608 discitur
1403 1550 1759 1623 crepundiis,

332 1641 402 1697 Et
430 1641 541 1696 sub
573 1657 680 1712 ope
714 1639 1090 1695 instrumenti
1122 1640 1274 1695 viam
1302 1643 1469 1712 parat
1496 1639 1727 1706 ceteris,

336 1729 728 1797 Informaudo,
762 1729 1051 1784 edocendo
1083 1728 1330 1783 infinitis
1363 1728 1599 1800 regulis.

338 1817 483 1873 Huic
514 1817 772 1873 secunda
801 1817 1059 1873 sociatur
1089 1817 1277 1874 civilis
1310 1816 1600 1873 rethorica

337 1908 405 1963 Et
434 1902 681 1963 verbosa
710 1922 887 1977 super
918 1921 1142 1974 omnes,
1178 1905 1446 1977 partibus
1473 1904 1764 1977 quinaria,

333 1995 561 2065 Genera
588 2010 896 2049 causarum
933 1993 1045 2049 tria
1076 1995 1247 2064 cujus
1280 1995 1545 2050 materia.

337 2086 451 2141 Hec
480 2084 741 2139 forenses
773 2082 905 2139 lites
936 2083 1121 2151 sedat,
1150 2090 1359 2140 causas
1390 2084 1529 2156 agit,
1564 2084 1847 2148 clamitat,

334 2173 749 2240 Discerneudo,
785 2173 1127 2239 recusando,
1162 2172 1524 2229 defendendo
1549 2173 1799 2246 judicat,

334 2261 404 2317 Et
435 2279 549 2334 quo
579 2261 703 2317 vult
732 2260 889 2334 leges
931 2264 1246 2334 retorquet,
1281 2261 1442 2329 dicit,
1478 2267 1669 2335 negat,
1705 2261 1988 2334 implicat.

334 2351 516 2422 Cujus
545 2366 755 2424 genere
786 2350 1117 2406 communis
1147 2350 1284 2406 biuc
1316 2355 1405 2407 est
1434 2350 1754 2417 dialectica,

336 2440 473 2504 Quae
505 2444 716 2496 natura
745 2440 905 2512 prior
934 2443 1088 2495 extat
1116 2439 1292 2495 etiam
1324 2439 1732 2511 grammatica,

335 2533 485 2583 Dum
518 2533 758 2584 cunctas
786 2527 932 2600 ligat
960 2532 1018 2583 et
1037 2526 1228 2594 solvit,
1264 2527 1545 2599 pervideri
1587 2527 1783 2583 nescia
1815 2545 1827 2582 :

2096 482 2445 541 Ratiocinari
2478 489 2704 558 potens,
2734 485 2973 540 vincens
3003 480 3383 545 invincibilis,

2093 572 2274 636 Quam
2306 574 2535 646 lampas
2565 572 2904 629 clariﬁeavit
2932 570 3212 628 Manliani
3241 567 3508 625 luminis.

2095 662 2419 717 Transtulit
2449 662 2598 718 hanc
2631 661 2970 719 resolvenda
3002 660 3156 716 binis
3185 657 3524 724 Analeticis,

2094 752 2475 807 lntroducens
2508 752 2779 823 Isagogas
2809 750 2966 807 binis
2996 747 3455 815 commentariis,

2094 840 2163 894 Et
2192 839 2342 894 idem
2377 840 2714 912 Kategorias
2746 856 2880 894 cum
2912 836 3330 900 Perierminiis,

2094 928 2308 999 Topica
2338 945 2472 984 cum
2505 928 2857 1001 Sillogismis
2887 932 3063 999 atque
3092 924 3462 991 Differeutiis,

2093 1016 2532 1072 Difﬁuicionum
2564 1016 2780 1072 librum
2813 1033 2946 1073 cum
2979 1014 3373 1072 Divisionibus

2096 1105 2433 1178 Explicavit,
2467 1106 2689 1161 addens
2721 1122 2905 1161 unum
2938 1103 3464 1177 Propositionibus.

2096 1196 2237 1251 Hinc
2259 1196 2582 1250 abstractas
2616 1195 2977 1267 quantitates
3008 1194 3211 1249 edocet
3240 1190 3608 1263 quadrivium

2094 1285 2365 1340 Numeris
2397 1290 2454 1339 et
2484 1284 2833 1355 simphoniis
2865 1282 3278 1353 mensurisque
3308 1279 3633 1352 proprium,

2058 1440 2066 1448 .
2096 1374 2164 1429 Et
2189 1374 2495 1446 perpendit
2524 1372 2648 1428 cceli
2678 1373 2800 1427 vias
2831 1388 3040 1428 cursus
3073 1376 3246 1443 atque
3277 1370 3553 1426 siderum.

2096 1462 2286 1533 Hujus
2316 1466 2596 1534 quattuor
2624 1462 2683 1516 iu
2714 1465 2911 1532 partes
2936 1460 3183 1516 solvitur
3211 1456 3474 1524 scientia,

2097 1553 2436 1608 Enarranda
2466 1551 2621 1607 binis
2652 1551 2856 1607 formis
2889 1550 2980 1606 sui
3013 1550 3123 1605 sub
3155 1548 3427 1605 essentia.

2098 1640 2244 1695 Hinc
2272 1644 2523 1696 testatur
2550 1639 2804 1695 Severini
2837 1639 3086 1711 diligens
3118 1636 3407 1705 sollertia;

2019 1768 2067 1832 Β
2099 1732 2355 1795 Quarum
2390 1730 2580 1801 prima
2608 1732 2934 1784 ceterarum
2968 1732 3153 1783 mater
3180 1724 3567 1791 arithmetica,

2101 1820 2169 1874 Et
2198 1823 2399 1891 postea
2427 1823 2650 1890 septem
2686 1834 2895 1872 vocum
2930 1815 3283 1872 moderatrix
3312 1813 3558 1879 musica,

2098 1907 2300 1963 'l‘ereia
2328 1906 2669 1979 geometria,
2704 1906 2841 1961 hinc
2872 1920 2966 1961 ars
2996 1904 3364 1978 astrologica.

2105 1999 2230 2052 llaec
2259 1996 2571 2069 perpendit
2598 1994 2810 2061 celum,
2843 1998 3081 2059 terram,
3115 1993 3319 2065 [solem
3342 1997 3399 2049 et
3421 1993 3750 2059 zodiacum,

3282 2081 3529 2154 [lunam,
3562 2081 3751 2154 polos,

2102 2173 2453 2240 Parabellas,
2487 2190 2672 2237 axem,
2708 2174 2907 2229 decem
2941 2172 3214 2239 circulos,

2101 2262 2533 2333 Stellarumque
2564 2263 2754 2317 noscit
2782 2263 2931 2318 situs
2958 2261 3018 2317 in
3050 2277 3320 2316 occasum
3347 2259 3631 2333 geminos.

2100 2350 2397 2408 Exsultate
2426 2349 2737 2422 Papieuses
2768 2350 2922 2406 cives
2952 2348 3330 2418 iuclitissimi,

2100 2439 2267 2511 Apud
2299 2455 2448 2510 quos
2478 2438 2793 2510 quiescunt
2823 2455 2959 2494 ossa
2986 2438 3238 2511 insignis
3269 2437 3481 2508 Boecii,

2100 2526 2216 2583 Vos
2250 2526 2343 2582 his
2372 2527 2510 2583 rivis
2540 2526 2989 2584 inclaresceutes
3015 2529 3148 2599 jure
3178 2531 3313 2599 post
3340 2526 3553 2583 eximii.

1121 2814 1557 2907 FOBMA
1626 2814 2980 2927 EXCOMMUNICATIONIS

1442 3018 1707 3089 [ΜΑΒιιι.
1738 3017 2007 3086 Analect.,
2041 3018 2180 3078 Nov.
2213 3019 2376 3088 edit.,
2410 3035 2467 3093 p.
2503 3020 2649 3091 162.]

409 3290 541 3347 Haec
565 3290 1090 3371 excommunicatio
1123 3292 1384 3371 factaest
1414 3293 2220 3371 subﬁuemsmculigdecimi,
2251 3312 2365 3367 quo
2398 3296 2516 3371 fere
2564 3301 2825 3371 tempore
2874 3301 3537 3371 excommunicationem
3567 3290 3759 3358 subiit

341 3362 725 3454 gageuardus
754 3379 948 3454 eomes
971 3364 1327 3454 Senoneusis
1352 3381 1486 3454 cum
1518 3365 1830 3454 Gauefrido
1861 3370 1919 3420 et
1946 3362 2527 3454 Qeiloueqcanonicis
2571 3362 3007 3454 Senoueusibus
3038 3373 3251 3454 ;‘cujus
3280 3372 3755 3429 excommunica-

342 3433 522 3517 tionis
553 3433 885 3517 exemplum
920 3434 1108 3514 primo
1139 3436 1293 3507 typis
1324 3435 1549 3517 editum
1570 3440 1665 3517 est
1687 3436 1746 3491 in
1778 3442 1936 3517 to_mo
1966 3437 2012 3491 X
2042 3436 2377 3517 Spicilegii,
2397 3444 2522 3517 tum
2573 3442 2726 3517 apud
2773 3442 2928 3517 Step_.
2950 3433 3267 3517 _Bal_uzium
3322 3445 3377 3517 in
3406 3443 3758 3517 iAppengdice

342 3505 423 3587 ad.
446 3503 1037 3587 Regiuouemﬂaria‘s
1067 3503 1613 3587 excommunicaudi
1639 3508 1921 3587 formulas
1946 3503 2176 3587 8336qu
2187 3526 2245 3563 1x
2257 3503 2514 3567 usitatas
2536 3503 2751 3568 videsis
2770 3503 2923 3584 apud
2949 3514 3305 3586 Reginonem
3327 3503 3593 3571 abbatém
3609 3514 3755 3571 Pru-

344 3573 634 3630 mieusem
667 3573 727 3628 in
757 3573 861 3628 lib.
894 3576 945 3630 ll
976 3576 1057 3631 De
1087 3575 1498 3633 ecclesiasticis
1529 3578 1876 3651 disciplinis,
1909 3595 2037 3651 cap.
2070 3580 2176 3634 407
2202 3596 2366 3653 seqq.

342 3753 469 3840 Ηέιςσ
493 3754 588 3840 ¹ςδι
617 3752 1127 3840 ρξέιξςςηηηιῖιιηζεαιίοζ
1160 3755 1230 3835 .in
1249 3825 1259 3836 υ
1280 3769 1387 3824 qua
1415 3756 1527 3825 fuit
1544 3764 1769 3840 sanctus
1801 3756 1988 3840 Theut-
2022 3755 2065 3824 C
2104 3758 2513 3816 rectitudiuem
2541 3760 2866 3819 faciendam
2886 3764 3133 3822 invitare
3155 3768 3588 3840 potui,diguum
3612 3768 3756 3824 duxi

416 3823 983 3897 baldus,_Viennensis
1011 3823 1469 3897 archiepiscopus,
1502 3836 1554 3884 et
1584 3832 1834 3895 Isarnus,
1872 3827 2000 3883 Grc-

413 3895 845 3966 tianopolitanus
876 3897 1172 3967 episcopus.

414 4018 755 4091 Quicunque
795 4018 1128 4075 habitantes
1178 4020 1391 4078 Arelati
1441 4022 1593 4080 hanc
1645 4028 1996 4100 scripturam

344 4107 624 4180 legeritis,
659 4108 964 4173 admoneo,
994 4125 1199 4180 precor
1223 4113 1281 4165 et
1311 4111 1517 4183 adjuro
1551 4130 1655 4186 per
1684 4116 1999 4190 Patrem,et

347 4194 580 4262 Filium,
613 4198 671 4251 et
698 4195 980 4267 Spiritum
1015 4201 1307 4266 sanctum,
1358 4216 1461 4271 per
1510 4219 1693 4259 unum
1726 4206 1908 4264 Deum
1941 4215 1999 4265 et

347 4287 666 4339 creatorem
698 4284 986 4352 omnium,
1024 4290 1081 4340 et
1105 4303 1208 4357 per
1228 4287 1457 4344 beatam
1482 4290 1725 4349 Mariam
1751 4294 1852 4351 Dei
1888 4298 1995 4354 Gc-

348 4370 640 4436 uitricem,
673 4375 728 4425 et
756 4388 859 4442 per
888 4389 1093 4428 omnes
1125 4378 1358 4431 sanctos
1405 4376 1506 4432 Dei
1548 4383 1867 4452 praesentiae
1911 4405 1998 4443 as-

350 4458 645 4526 sisteutes,
677 4475 749 4514 ne
779 4460 1109 4528 dimittatis,
1160 4462 1302 4534 quin
1354 4466 1628 4524 omnibus
1674 4471 1870 4543 palam
1902 4493 1999 4532 an-

352 4546 654 4639 nuntietis,
686 4563 815 4639 nec
850 4548 929 4639 sit
978 4549 1191 4639 aliquis
1241 4553 1340 4625 qui
1374 4555 1540 4612 tollat
1589 4574 1717 4617 eam
1748 4563 1998 4639 desuper

353 4636 695 4693 altarebeati
712 4636 1136 4709 Stephani,uisi
1162 4641 1299 4698 dum
1333 4643 1481 4701 lecta
1502 4647 1675 4706 fuerit
1690 4655 1747 4707 et
1777 4636 1995 4724 audita,

352 4725 535 4781 donec
565 4725 819 4782 audiatis
847 4733 1246 4799 persecutores
1278 4732 1378 4788 Dei
1409 4734 1695 4807 Ecclesiae,
1729 4757 1833 4813 pro
1874 4744 2001 4815 qui-

352 4815 466 4871 bus
496 4831 596 4870 rex
624 4815 839 4889 agitur,
873 4817 944 4872 ad
996 4819 1452 4879 satisfactionem
1506 4828 1721 4884 venire.
1770 4831 2002 4888 Noverit

352 4904 551 4994 itaque
580 4905 847 4994 omnium
882 4906 1141 4970 ﬁdelium
1167 4908 1266 4966 Dei
1289 4913 1879 4989 prudentia,qualiter
1895 4937 1999 4994 ego

2107 3850 2172 3901 ut
2193 3847 2486 3919 judicium
2517 3851 2900 3925 mteruiRegis
2918 3855 3345 3913 Domininostri
3367 3856 3752 3929 postularem,

2106 3938 2163 3989 et
2194 3936 2322 4005 ejus
2351 3934 2703 3993 inelfabilem
2737 3939 3199 3999 misericordiam
3230 3960 3549 4000 exorarem.
3581 3944 3759 4000 Vera-

2106 4023 2248 4079 citer
2275 4024 2430 4079 enim
2465 4024 2684 4081 scimus
2729 4029 2867 4100 quia
2913 4029 3146 4103 gladius
3194 4036 3251 4088 et
3297 4032 3450 4106 ignis
3498 4032 3754 4090 caelestis

2104 4111 2474 4185 imperatoris
2506 4119 2708 4173 contra
2738 4116 2887 4175 ﬁlios
2919 4120 3259 4176 diffidentiae
3280 4121 3597 4179 vindictam
3620 4138 3757 4195 ope-

2105 4206 2283 4257 ratur.
2322 4202 2439 4259 Hac
2464 4202 2641 4276 igitur
2672 4207 3392 4279 uecessitateimmiueute,
3414 4213 3756 4283 protegente

2104 4290 2349 4347 Domino
2380 4291 2674 4351 Salvatore
2703 4300 2921 4362 nostro,
2969 4298 3279 4355 consilium
3330 4303 3388 4355 et
3408 4300 3687 4371 juvameu
3718 4316 3756 4355 a

2105 4379 2435 4437 senioribus
2466 4383 2682 4439 nostris
2731 4385 3018 4458 episcopis
3061 4387 3216 4443 circa
3246 4405 3352 4445 nos
3383 4388 3757 4445 morantibus

2105 4469 2397 4541 deprecati
2426 4486 2659 4539 sumus,
2689 4488 2941 4544 quorum
2984 4476 3311 4532 mercedem
3357 4481 3415 4533 et
3455 4476 3753 4533 consecuti

2107 4575 2317 4615 sumus
2381 4561 2703 4617 secundum
2760 4562 2942 4618 animi
3014 4564 3396 4622 voluntatem.
3455 4566 3756 4623 Habemus

2107 4648 2264 4703 enim
2291 4650 2952 4708 excommunicationem
2969 4653 3170 4710 domui
3186 4654 3560 4723 Theutbaldi,
3582 4655 3756 4712 Vien-

2109 4736 2308 4793 nensis
2355 4738 2797 4811 archiepiscOpi,
2848 4742 3046 4798 domui
3085 4742 3376 4810 Widouis,
3422 4743 3755 4801 Anicieusis

2110 4825 2397 4897 praesulis,
2431 4827 2633 4882 domui
2666 4828 2871 4897 Isarui,
2906 4830 3454 4905 Gratianopolitauaa
3475 4832 3634 4890 sedis
3655 4850 3757 4889 an-

2107 4914 2331 4981 tistitis,
2352 4931 2573 4971 necnon
2587 4916 2788 4974 domui
2806 4920 3459 4990 Gerauldi,Geueveusis
3474 4923 3771 4996 episcopi:

352 4993 1009 5085 Aimo,‘Valeut_inensis
1048 4996 1205 5053 sedis
1261 5000 1447 5072 gratia
1499 5003 1595 5059 Dei
1625 4993 1999 5066 humillimus
2110 5020 2359 5075 quorum
2383 5004 2441 5059 in
2466 5022 2526 5060 Pe
2557 5005 2962 5077 hujuscemOdi
2991 5027 3108 5066 una
3138 5016 3227 5067 est
3255 4993 3548 5070 sententi}!
3580 4993 3757 5085 atque

355 5081 593 5190 praesul,
642 5083 1121 5184 proclamaverim
1157 5104 1248 5143 me
1279 5093 1411 5145 ante
1441 5096 1812 5162 praesentiam
1844 5098 2001 5154 Gou-
2030 5125 2077 5190 D
2110 5109 2452 5149 consensus.
2504 5095 2567 5149 Et
2608 5096 2886 5167 quoniam
2930 5098 3130 5155 Arelas
3176 5106 3353 5173 caput
3400 5104 3490 5157 est
3539 5081 3758 5158 etesse

356 5170 523 5258 dradi
554 5172 707 5244 regis
739 5174 988 5229 senioris
1016 5176 1222 5243 nostri,
1272 5178 1425 5247 quod
1462 5179 1754 5238 Aikardus
1787 5190 1999 5241 terram
2030 5170 2076 5190 υ
2111 5182 2281 5237 debet
2312 5180 2485 5238 istius
2514 5183 2730 5253 Callias,
2764 5170 3281 5258 proclamationem
3330 5193 3594 5247 nostram
3622 5193 3757 5246 ante

356 5257 509 5356 beati
538 5259 889 5356 apollinaris
921 5264 1137 5356 egregii
1169 5264 1519 5356 conPeSsoris
1558 5268 1793 5340 Christi,
1826 5277 2001 5346 atque
2112 5270 2477 5343 praesentiam
2510 5273 2748 5331 rectoris
2770 5257 2901 5347 ejus
2930 5276 3152 5334 deferre
3177 5277 3562 5345 decrevimus,
3611 5294 3757 5351 qua-

357 5344 511 5440 beati
534 5344 800 5440 Cypriani
821 5350 1059 5440 gloriosi
1084 5349 1356 5426 martyris
1383 5353 1599 5427 injuste
1621 5359 1821 5416 ordine
1842 5344 2002 5419 tene-
2113 5364 2283 5417 tenus
2315 5377 2386 5417 ne
2415 5361 2760 5436 dediguetur
2791 5344 3012 5422 merces
3040 5367 3168 5437 ejus
3199 5367 3381 5425 tantis
3410 5344 3759 5440 patronibus

358 5432 489 5534 bat,
510 5436 567 5488 et
589 5439 789 5534 contra
807 5439 998 5534 Deum
1032 5445 1089 5498 et
1114 5447 1373 5534 sanctos
1408 5445 1536 5516 ejus
1566 5449 1785 5504 crudeli
1824 5454 2003 5509 teme-
2114 5449 2431 5522 prmlibatis
2489 5432 2797 5511 assensum
2853 5432 3314 5513 accommodare.
3375 5432 3505 5515 Sint
3558 5456 3760 5528 itaque

358 5524 529 5579 ritate
559 5524 918 5595 possidet.Et
947 5532 1226 5602 quoniam
1256 5532 1419 5591 nulla
1448 5534 1670 5595 ratione
1704 5537 1901 5611 ipsum
1932 5542 2004 5600 ad
