4000 6168
379 262 503 353 ’739
1133 290 1321 352 sec.
1370 291 1449 351 x1
1495 286 1723 350 AUCT.
1769 287 2081 349 mcsari
2130 287 2317 347 ANNI
2366 288 2465 347 ΕΤ
2511 287 2803 348 sempr.
2844 295 3068 342 ’Aaszn.
3670 262 3805 347 πο

386 425 606 490 terfuit,
637 422 914 479 vicesimo
942 425 1168 476 tantum
1199 421 1431 476 circiter
1461 425 1592 491 post
1623 436 1774 475 anno
1815 420 1886 491 ad
1929 416 2307 491 Helenensem
2346 419 2692 491 cathedram
2724 417 3005 491 pervenit.
3067 417 3349 473 Praeterea
3406 416 3805 491 Berengarius

385 499 695 571 episcopus
714 492 1150 571 gerundensis,
1173 494 1271 571 qui
1304 489 1548 571 concilio
1578 492 1718 571 item
1750 490 2088 571 Tulugiensi
2123 490 2403 571 interfuit,
2437 506 2590 571 anno
2619 489 2845 571 tantum
2882 490 3021 545 1050
3051 489 3697 571 lactus-est'episcopus
3729 497 3803 545 ut

388 560 685 625 adnotavit
714 560 1338 641 Franciscus_D_idaeus
1361 565 1418 641 in
1448 563 1708 641 catalogo
1737 560 2143 641 episcoporum
2170 562 2661 641 Gerpndensium)
2693 562 3144 641 adeoque-anno
3166 562 3317 641 ⁸19ξῦ
3348 560 3645 641 interesse
3673 578 3799 641 non

429 641 578 696 otuit
605 638 743 693 huic
773 635 1018 692 concilio
1046 635 1387 707 Tulugiensi
1414 639 1479 707 ut
1500 630 1811 707 cpiscopus
1833 630 2252 707 Qeﬁupdensis.
2272 633 2384 707 Sed
2416 635 2464 688 si
2497 632 2579 688 ita
2609 630 3058 707 statgsententia,
3081 631 3221 703 quid
3255 630 3537 707 faciemus
3557 632 3797 689 decreto

434 711 561 767 libae
593 707 846 782 episcOpi
878 703 1259 787 ausonens‘is,
1292 705 1391 787 qui
1422 705 1486 787 in
1514 703 1658 786 actis
1683 703 1887 777 synodi
1912 703 2249 787 Helenensis
2272 704 2548 787 disertam
2572 704 2927 787 mentionem
2954 703 3089 787 facit
3118 720 3317 787 (parum
3345 720 3471 787 quae
3495 703 3799 787 detreuga

386 788 443 838 et
472 798 611 849 pace
627 775 855 836 'slatu'ta
884 780 1113 833 fuerant
1139 778 1211 832 ab
1233 775 1523 849 episcopis
1555 776 1653 849 qui
1678 775 2077 849 convenerunt
2094 777 2153 849 in
2167 776 2428 849 comitatu
2459 775 2856 849 Rossz'lionense
2874 777 2935 849 in
2949 782 3109 847 prato
3131 775 3344 846 Tulujes
3364 779 3389 827 .9
3407 776 3497 849 An
3525 775 3792 831 dicemus

384 845 610 909 Olibam
640 851 797 932 loqui
832 849 1227 932 dens'nper‘iore
1251 845 1503 920 quodam
1536 845 1780 932 concilio
1813 845 2265 932 Tulugiens‘iLin
2300 852 2641 932 quohactum
2672 845 3182 932 fuepitnde'treuga
3211 845 3269 901 et
3313 862 3458 932 pace
3475 847 3504 901 ?
3530 849 3617 902 An
3647 864 3790 932 vero

383 925 679 1009 decretum
712 916 855 976 illud
886 916 1067 1009 Olnib'aa.
1089 916 1364 1009 dicemus”
1382 936 1510 1009 esse
1540 919 1851 1009 falsum‘ac
1883 916 2648 1009 snplposititiurn'flProrsus
2678 916 2973 1009 difﬁcilem
3021 916 3148 973 esse
3196 916 3331 972 rem'
3366 918 3556 1009 video,
3609 922 3666 973 et
3694 920 3794 1009 cui

380 994 732 1068 explicandae
759 992 1154 1068 opportunior
1170 990 1320 1068 alibi“
1338 991 1604 1068 fortassis
1631 990 1743 1068 erit
1771 988 2278 1068 locusISuperest
2300 989 2475 1068 igitur
2504 995 2567 1043 ut
2597 990 2798 1068 eadem
2834 993 3024 1068 vetera
3069 994 3469 1056 monumenta,
3515 1006 3665 1068 quae,
3705 990 3793 1045 uti

379 1059 740 1131 dicebamus,
773 1059 1047 1134 inprima
1068 1062 1320 1117 editione
1344 1062 1590 1134 istarum
1615 1059 2419 1134 dissertationum_e_rnisimus
2441 1060 2501 1114 in
2526 1059 2845 1134 publicum,
2870 1059 2963 1114 hic
2985 1076 3217 1134 quoque
3240 1077 3476 1134 rursum
3499 1059 3747 1134 edamus
3773 1079 3788 1130 ;

378 1138 429 1193 si
462 1137 633 1211 prius
664 1131 947 1190 monuero
976 1134 1251 1211 lectorem
1272 1132 1515 1211 Tulujas
1535 1131 1813 1204 oppidum
1836 1147 1966 1211 esse
1986 1131 2108 1203 agri
2137 1131 2617 1211 Ruscinonensis,
2644 1131 3023 1211 haudprocul
3043 1131 3408 1211 Perpiniano,
3427 1131 3598 1211 tertio
3613 1133 3791 1211 _vide-

374 1202 512 1265 licet
542 1209 615 1264 ab
641 1224 707 1262 ea
739 1208 880 1261 urbe
920 1204 1212 1275 milliario,
1246 1205 1401 1276 quod
1433 1202 1587 1259 circa
1613 1202 1834 1257 annum
1865 1202 1972 1256 880
2002 1202 2237 1276 vocatur
2265 1204 2409 1276 villa
2434 1202 2863 1276 Tulujes,_et_rie_
2894 1202 3276 1276 Txilugiis,;_z'n_
3293 1205 3551 1276 comitatu
3604 1204 3788 1276 Rusci-

378 1281 636 1349 lz’oncnsi,
671 1284 734 1333 ut
758 1278 937 1349 tidem
967 1273 1347 1349 faciunt'acta
1376 1281 1565 1331 vetera
1598 1276 1723 1346 quae
1754 1278 1982 1328 exstant
2010 1273 2066 1328 in
2094 1273 2450 1329 chartulario
2481 1273 2736 1329 ecclesiaa
2766 1273 3122 1329 Helenensis.
3158 1273 3340 1329 Hodie
3368 1279 3599 1330 vocatur
3624 1275 3790 1330 Tutu-

369 1354 483 1427 jas_
518 1352 588 1405 ab
621 1347 826 1427 incolis
859 1348 1089 1427 illarum
1121 1347 1397 1427 partium.
1476 1417 1488 1427 ‘
1522 1415 1577 1427 Η
1960 1414 1996 1427 υ
2104 1414 2117 1427 1
2172 1414 2181 1424 ,
2427 1416 2442 1427 .
2684 1416 2699 1427 ‘
2918 1421 2927 1427 Α
3015 1415 3024 1425 .
3076 1416 3091 1427 1
3232 1414 3243 1426 ⁸
3296 1420 3305 1427 ι
3562 1415 3622 1427 η
3663 1414 3674 1426 η

451 1423 529 1478 De
561 1420 801 1492 concilio
828 1414 1303 1492 porroﬂTrojano,
1339 1415 1614 1492 quod_hic
1646 1431 1879 1486 quoque
1909 1414 2000 1469 edi
2031 1414 2345 1492 voluimus,
2375 1416 2805 1471 admonendum
2832 1414 3416 1492 putavidescriptum
3442 1415 3582 1471 illud
3599 1414 3786 1471 fuisse

379 1495 437 1549 in
472 1492 714 1560 registro
740 1486 955 1558 Urbani
986 1491 1055 1553 ll,
1089 1486 1159 1544 ut
1184 1486 1583 1545 testanturlvo
1603 1492 2013 1560 parte_1x,_cap.
2035 1487 2116 1560 52}
2136 1488 2337 1560 etdure
2370 1492 2606 1560 vetustae
2645 1486 2934 1560 canonum
2971 1486 3364 1560 collectiones,
3394 1504 3642 1560 quarum
3665 1504 3787 1542 una

378 1565 489 1619 fuit
514 1552 901 1619 illustrissimi
944 1552 1046 1615 viri
1090 1561 1239 1616 Petri
1279 1562 1348 1615 de
1394 1552 2047 1629 Marcafarchiepiscopi
2079 1557 2443 1629 Parisiensis,
2480 1558 2593 1613 alia
2618 1558 2927 1613 clarissimi
2957 1558 3064 1612 viri
3096 1558 3318 1613 Claudii
3348 1552 3610 1614 Puteani.
3644 1560 3779 1624 Quae

374 1641 672 1707 postrema
697 1633 954 1707 collectio
986 1637 1173 1687 exstat
1203 1632 1373 1707 hodie
1405 1632 1463 1685 in
1498 1628 2079 1707 Bibliotheca__ltegia.
2114 1628 2479 1707 Celebratum
2526 1635 2717 1707 autem
2746 1631 2880 1707 _l_‘u_it
2911 1630 3018 1707 hoc
3067 1629 3379 1707 concilium
3427 1646 3580 1707 anno
3618 1630 3782 1707 4993,

376 1700 578 1761 inense
604 1704 829 1769 Martio,
866 1708 930 1757 ut
960 1707 1187 1757 constat
1217 1719 1284 1756 ex
1314 1702 1406 1756 his
1438 1718 1563 1771 quae
1613 1717 1766 1755 nunc
1796 1700 2045 1765 edimus,
2081 1704 2136 1753 et
2166 1715 2232 1754 ex
2264 1700 2424 1755 bulla
2456 1702 2709 1823 quadam
2746 1700 2982 1766 Urbani,
3030 1717 3155 1772 quae
3200 1706 3386 1756 exstat
3434 1702 3495 1755 in
3546 1700 3778 1756 archivo

376 1775 793 1823 nmhinnisnnni
828 1774 1244 1823 Narbonensis.
1277 1774 1412 1823 data
1442 1772 1626 1823 Troiae
1656 1789 1748 1823 xw
1778 1770 1900 1823 Kal.
1931 1769 2165 1823 Anrilis.
2198 1788 2349 1823 anno
2400 1772 2477 1823 lO‘
2498 1773 2550 1823 3.
2588 1772 2826 1823 Frustra
2871 1789 3039 1823 norro
3072 1775 3208 1823 sunt
3239 1772 3337 1823 oui
3372 1773 3488 1823 duo
3535 1771 3777 1823 concilia

376 1775 801 1849 archiepiscopi
828 1774 1244 1849 Narbonensis,
1277 1769 1626 1849 data_'l‘_rojze
1656 1770 1900 1849 xiv__Kal.
1931 1769 2165 1849 Aprilis,
2198 1788 2349 1849 anno
2400 1769 2550 1849 “)93.
2588 1772 2826 1849 Frustra
2870 1769 3208 1849 porro'sunt
3238 1772 3500 1849 qui_duo_
3531 1771 3778 1849 concilia

374 1841 626 1920 Trojan'a
656 1841 990 1903 tib-Urbano
1018 1843 1387 1920 [celebrata
1415 1841 1593 1920 fuisse
1622 1841 2199 1920 existimant.’QOdex
2232 1842 2387 1909 enim
2421 1843 2789 1920 Anianensis,
2824 1841 2923 1920 qui
2946 1860 3101 1897 nunc
3128 1841 3777 1920 exstat_in_bibliothec_a

373 1912 730 1981 Colbertina,
763 1933 1015 1972 canones
1046 1916 1331 1986 Trojanos
1361 1914 1459 1969 uni
1493 1914 1711 1986 synodo
1743 1912 2000 1986 ascribit.
2023 1913 2415 1986 Quod_verum
2448 1931 2575 1969 esse
2597 1912 2988 1986 subodoratus
3010 1920 3097 1970 est
3125 1914 3567 1986 illustrissimus
3591 1914 3779 1969 cardi-

375 1991 527 2046 nalis
559 1989 859 2045 Baronius.
891 1984 1211 2043 Gerardum
1245 1991 1447 2057 autem,
1470 1984 1809 2057 episcopum
1836 1984 2160 2057 Trojanum
2192 1984 2502 2057 fuisseiper
2562 1985 2689 2041 illas
2744 1990 3123 2057 tempestates
3174 1990 3332 2057 patet
3377 2002 3447 2040 ex
3491 1985 3777 2057 Chronico

373 2062 614 2118 Cavensi
648 2061 802 2133 quod
834 2058 1235 2133 Ferdinandus
1253 2053 1537 2133 Ughcllus
1554 2053 1736 2133 edidit
1756 2055 1816 2109 in
1847 2053 2110 2133 catalpgo
2142 2053 2718 2133 archiepiscoporum
2737 2053 3257 2133 Salernitanorum,
3277 2056 3534 2128 itemque
3557 2073 3624 2111 ex
3645 2056 3781 2112 sub-

372 2126 790 2206 scriptionibus
816 2130 1100 2203 privilegii
1129 2126 1466 2185 monasterii
1498 2127 1771 2182 Cavensis
1805 2127 1959 2199 apud
1994 2126 2308 2181 Baronium
2342 2126 2413 2182 ad
2447 2126 2664 2182 annum
2698 2127 2855 2183 1092.

373 2471 681 2528 Concilium
721 2469 1038 2535 Tulugz’cnse
1086 2466 1335 2521 habitum
1382 2465 1481 2520 sub
1523 2464 1786 2535 Gut/reda
1832 2463 2014 2519 archi-

865 2540 1109 2610 epz'sCOpo
1153 2538 1517 2592 Narbonensi.

443 2646 570 2701 Hzec
600 2648 688 2701 est
712 2649 915 2715 trenga
943 2648 999 2699 et
1029 2660 1137 2714 pax
1158 2644 1503 2698 confirmata
1531 2642 1602 2695 ab
1628 2639 2015 2711 archiepisco-

372 2752 445 2808 po
484 2732 842 2790 Narbonensi
901 2731 1100 2786 domni
1159 2730 1453 2796 Guifredo,
1505 2733 1561 2795 et
1591 2745 1624 2783 a
1670 2728 2015 2811 Berengario

371 2820 735 2879 Gerundensi
770 2820 1059 2891 episcopo,
1093 2823 1149 2873 et
1179 2835 1211 2873 a
1240 2819 1455 2872 domno
1475 2817 1818 2889 ltaymundo
1849 2816 2013 2871 Hele-

372 2912 540 2967 nensi
579 2910 871 2982 episcopo,
909 2913 965 2963 et
1011 2926 1044 2962 a
1093 2908 1403 2962 comitibus
1456 2904 2012 2972 Russilionensium,

368 3001 582 3057 domno
614 2998 837 3055 scilicet
866 2997 1186 3053 Gauzfredo
1218 3001 1274 3051 et
1331 2994 1665 3051 Guilaberto
1711 2993 1830 3049 filio
1860 2994 2011 3064 ejus,

368 3093 425 3145 et
449 3106 483 3145 a
500 3089 713 3144 domno
732 3085 938 3141 Poncio
956 3083 1406 3157 Impuritanensi
1432 3084 1728 3141 comite.et
1746 3100 1777 3136 a
1800 3083 2014 3137 domno

366 3175 676 3234 Guillelmo
699 3173 1216 3230 Bisuldunensium
1240 3173 1473 3237 comite,
1496 3177 1555 3227 et
1576 3190 1608 3226 a
1629 3172 1844 3225 domno
1873 3171 2016 3243 Bay-

365 3266 586 3322 mundo
598 3263 1091 3321 Cerritanensium
1114 3262 1346 3327 comite,
1364 3264 1419 3315 et
1440 3277 1473 3315 a
1494 3262 1710 3315 domno
1732 3259 2016 3314 Gauzber-

362 3361 423 3412 to
454 3353 787 3411 vicecomite
811 3352 881 3407 de
911 3351 1279 3417 Castronovo,
1305 3366 1440 3425 cum
1471 3348 1693 3403 czcteris
1725 3346 2011 3419 magnati-

362 3446 475 3500 bus
506 3440 848 3499 Helenensis
899 3440 1290 3511 episcopatus.
1323 3438 1382 3493 in
1432 3436 1779 3508 Tulugiensi
1825 3439 2011 3506 prato,

356 3531 519 3603 quod
565 3534 657 3585 est
704 3530 762 3583 in
819 3528 1096 3583 comitatu
1148 3525 1517 3582 Rossilionis.
1568 3523 2016 3580 Constituerunt

364 3634 621 3689 namque
651 3615 906 3689 przedicti
940 3615 1264 3687 pontiﬁces,
1298 3631 1431 3669 cum
1463 3628 1751 3669 consensu
1782 3613 2012 3666 caetero-

270 3729 277 3735 '
362 3724 496 3765 rum
526 3703 835 3771 nobilium,
877 3708 943 3758 ut
993 3704 1053 3758 in
1107 3703 1386 3757 comitatu
1441 3699 1891 3769 Russilionensi,
1923 3697 2011 3753 vel

363 3795 800 3861 Confluentano,
833 3792 922 3847 vel
952 3790 1396 3863 Vallispiriensi,
1432 3788 1589 3845 ullus
1625 3788 1799 3843 homo
1831 3786 2011 3843 eccle-

354 3886 514 3942 siam
546 3902 662 3940 non
695 3882 993 3955 infringat,
1027 3896 1215 3951 neque
1245 3878 1577 3935 coemeteria
1623 3874 1710 3932 vel
1759 3875 2015 3931 sacraria

361 3991 473 4030 xxx
501 3988 785 4045 passuum
817 3969 1348 4026 ecclesiasticorum
1371 3967 1430 4022 in
1461 3966 1708 4023 circuitu
1731 3966 2011 4029 uniuscu~

353 4064 573 4134 jusque
603 4059 879 4125 ecclesias,
911 4058 1025 4113 nisi
1082 4057 1389 4130 episcopus
1421 4059 1659 4129 propter
1714 4053 2011 4109 hominem

360 4150 952 4215 excommunicatum,
994 4151 1095 4203 aut
1133 4150 1369 4218 propter
1427 4162 1602 4202 suum
1654 4159 1917 4199 censum.
1950 4140 2011 4195 Si

361 4256 493 4294 vero
524 4237 739 4309 aliquis
789 4236 965 4290 homo
1019 4234 1187 4290 aliter
1243 4234 1540 4306 infregerit
1584 4231 1891 4288 ecclesiam
1924 4228 2012 4284 vel

361 4327 617 4398 spatium
649 4342 760 4380 xxx
790 4340 1073 4395 passuum
1105 4323 1294 4394 ipsius
1334 4321 1590 4377 ecclesiae
1647 4319 1705 4373 in
1741 4318 2010 4390 pracdicto

359 4413 694 4486 episcopatu
720 4410 1041 4477 Helenensi,
1058 4410 1340 4481 quidquid
1365 4415 1421 4464 et
1441 4407 1800 4465 commiserit
1820 4423 2009 4462 emen-

358 4502 457 4558 det
486 4506 550 4556 ut
569 4503 800 4572 justum
834 4500 1008 4555 fuerit
1035 4498 1147 4570 ipsi
1173 4498 1393 4553 homini
1422 4497 1516 4553 cui
1558 4495 1835 4568 injuriam
1862 4496 2008 4551 fece-

358 4591 436 4646 rit
462 4593 519 4645 et
548 4588 804 4645 ecclesiae
836 4589 891 4643 in
927 4605 1045 4659 qua
1072 4587 1269 4643 fecerit
1298 4586 1620 4642 satisfaciat
1641 4583 1925 4657 legaliter,
1952 4588 2013 4639 et

355 4680 596 4749 insuper
621 4675 1106 4749 compositionem
1139 4674 1425 4747 sacrilegii
1448 4671 1753 4730 Helenensi
1770 4687 2009 4743 compo-

355 4772 458 4824 nat
483 4766 777 4839 episcopo.
812 4764 1099 4821 Ecclesiae
1130 4781 1262 4819 vero
1288 4763 1416 4818 illas
1439 4762 1536 4818 ubi
1571 4766 1763 4817 castra
1795 4760 2013 4815 fuerint

356 4860 712 4922 constructa,
747 4854 867 4910 sive
899 4855 996 4909 ubi
1031 4856 1188 4909 fures
1218 4852 1307 4909 vel
1338 4869 1574 4924 rapaces
1623 4866 2008 4923 congregave-

354 4946 473 5002 rint
502 4946 658 5000 furta
686 4943 774 5001 vel
809 4944 1062 5017 praedam
1091 4941 1181 4998 vel
1204 4940 1529 5006 malefacta,
1563 4939 1767 4995 tandiu
1801 4953 2009 5010 posue-

354 5040 493 5091 runt
520 5052 619 5091 eas
640 5034 909 5107 jamdicti
939 5032 1193 5104 episcOpi
1225 5030 1281 5085 in
1306 5029 1639 5086 defensione
1660 5026 2008 5100 praescriptas

2044 2376 2099 2442 Α
2127 2375 2280 2430 dicto
2312 2375 2648 2448 episcopatu
2682 2376 2991 2434 Helenensi
3021 2376 3218 2432 nullus
3247 2376 3530 2432 violenter
3568 2377 3778 2433 infrin-

2126 2467 2224 2534 gat
2240 2463 2699 2520 dominicaturas
2713 2465 3131 2521 canonicorum
3148 2465 3237 2521 vel
3260 2466 3775 2536 monasteriorum,

2125 2568 2313 2624 neque
2344 2552 2567 2625 aliquid
2601 2554 2789 2626 rapiat
2817 2554 2971 2609 inde.
3006 2555 3288 2610 Clericum
3312 2571 3446 2611 vero
3463 2571 3627 2610 arma
3659 2572 3775 2610 non

2125 2641 2426 2707 ferentem,
2457 2641 2545 2696 vel
2570 2642 2945 2709 monachum,
2979 2643 3063 2697 vel
3098 2643 3621 2711 sanctimonialem,
3655 2642 3777 2700 sive

2096 2729 2565 2791 .viduam,nemo
2588 2730 3003 2803 apprehendat,
3033 2748 3137 2787 nec
3158 2730 3275 2787 illis
3299 2731 3517 2804 aliquid
3541 2731 3774 2804 injuriae

2127 2818 2353 2872 inferat.
2372 2817 2667 2873 Villanum
2689 2832 2875 2891 neqUe
2891 2818 3167 2875 villanam
3186 2837 3355 2876 nemo
3374 2820 3777 2892 apprehendat

2123 2905 2234 2961 nisi
2270 2911 2503 2978 prepter
2533 2907 2766 2979 culpam
2797 2924 2973 2980 quam
3008 2909 3133 2981 ipse
3159 2907 3411 2963 villanus
3441 2909 3529 2964 vel
3557 2908 3775 2964 villana

2125 2995 2383 3050 fecerint.
2412 2995 2481 3049 Et
2511 2996 2558 3052 si
2581 3012 2679 3053 eos
2701 2996 3169 3069 apprehenderit,
3195 3014 3308 3053 non
3330 2998 3641 3071 distringat
3661 2997 3771 3053 nisi

2125 3100 2226 3155 per
2253 3083 2559 3140 directum.
2578 3085 2645 3139 Et
2664 3090 2729 3140 ut
2746 3086 2999 3158 praedam
3024 3103 3194 3142 nemo
3217 3086 3594 3158 faciatinjam
3617 3086 3772 3142 dicto

2123 3172 2458 3244 episcopatu
2491 3173 2561 3227 de
2593 3174 2857 3245 equabus
2883 3174 2971 3229 vel
3002 3174 3181 3245 pullis
3209 3174 3329 3229 sive
3360 3173 3536 3229 mulis
3568 3191 3774 3230 earum

2123 3261 2307 3315 astatis
2328 3262 2505 3317 unius
2528 3262 2688 3330 anni,
2712 3279 2900 3335 neque
2921 3263 2992 3318 de
3017 3263 3226 3330 bobus,
3254 3279 3445 3335 neque
3466 3263 3537 3318 de
3556 3263 3772 3329 vaccis,

2123 3350 2245 3405 sive
2265 3350 2464 3406 vitulis
2492 3367 2715 3407 earum.
2738 3367 2924 3423 neque
2948 3351 3016 3407 de
3038 3351 3221 3413 asinis
3240 3350 3330 3408 vel
3352 3351 3631 3408 asinabus
3653 3352 3776 3409 sive

2123 3437 2299 3509 pullis
2331 3454 2556 3506 earum,
2590 3455 2779 3511 neque
2811 3439 2882 3495 de
2940 3438 3165 3507 ovibus,
3217 3440 3521 3508 arietibus,
3566 3440 3773 3510 hircis,

2123 3526 2335 3596 capris,
2370 3527 2489 3581 sive
2520 3544 2721 3583 earum
2763 3528 2996 3583 fetibus.
3048 3527 3381 3584 Mansiones
3420 3527 3778 3585 villanorum

2123 3630 2294 3669 nemo
2308 3615 2596 3682 incendat,
2618 3632 2806 3687 neque
2826 3620 3068 3671 evertat.
3088 3617 3298 3672 Terras
3320 3617 3379 3672 in
3403 3617 3778 3674 contentione

2123 3703 2342 3773 positas
2354 3702 2552 3758 nullus
2566 3702 2816 3759 villanus
2829 3704 3050 3760 laboret
3064 3707 3775 3777 postquamcommonitus

2125 3791 2297 3846 fuerit
2326 3792 2397 3846 ab
2429 3808 2494 3847 eo
2522 3792 2579 3845 in
2608 3809 2722 3864 quo
2746 3793 2981 3864 justitia
3013 3792 3210 3865 placiti
3248 3810 3361 3850 non
3395 3796 3770 3852 remanserit.

2122 3879 2182 3934 Si
2210 3896 2340 3935 vero
2372 3884 2461 3935 ter
2490 3881 2905 3950 commonitus,
2940 3887 3141 3953 postea
3178 3882 3257 3939 ibi
3310 3883 3678 3951 laboraverit,
3710 3891 3776 3941 et

2122 3973 2428 4041 propterea
2457 3970 2740 4025 damnum
2770 3973 3074 4043 acceperit,
3109 3989 3224 4028 non
3283 3973 3615 4044 requiratur
3661 3990 3774 4045 pro

2121 4072 2263 4128 pace
2294 4057 2493 4112 fracta.
2528 4058 2583 4111 Si
2618 4058 2752 4129 quis
2785 4062 2980 4113 autem
3025 4059 3337 4129 ﬁdejussor
3383 4060 3688 4128 exstiterit,
3722 4062 3778 4117 si

2122 4145 2295 4200 fidem
2321 4161 2434 4200 non
2465 4146 2799 4216 portaverit,
2823 4147 2894 4202 de
2911 4163 3017 4201 suo
3041 4147 3274 4220 proprio
3301 4148 3781 4222 pignoretur,nec

2122 4250 2224 4305 pro
2255 4249 2392 4305 pace
2425 4233 2606 4289 fracta
2626 4234 2930 4299 habeatur.
2957 4234 3018 4291 Si
3048 4235 3183 4308 quis
3214 4240 3409 4292 autem
3436 4239 3783 4309 praedictam

2119 4326 2340 4377 trevam
2363 4328 2419 4377 et
2441 4339 2643 4394 pacem
2663 4323 2983 4395 infregerit,
3009 4323 3224 4396 simpla
3241 4330 3475 4381 tantum
3491 4327 3787 4400 composi-

2120 4409 2277 4464 tione
2308 4411 2581 4466 emendet
2623 4410 2705 4465 illi
2738 4411 2829 4465 cui
2885 4411 3187 4483 infregerit
3246 4411 3397 4468 infra
3454 4412 3675 4485 primos
3701 4430 3785 4469 xv

2121 4498 2262 4553 dies.
2296 4499 2357 4554 Si
2388 4515 2521 4555 vero
2552 4499 2704 4555 infra
2737 4499 2957 4571 primos
2986 4518 3062 4555 xv
3091 4500 3216 4556 dies
3269 4500 3611 4574 simpliciter
3658 4518 3781 4558 non

2119 4588 2537 4655 emendaverit,
2570 4587 3056 4659 compositionem
3090 4588 3226 4643 mali
3277 4591 3434 4660 quod
3472 4589 3671 4647 intulit
3710 4591 3775 4646 in

2120 4675 2300 4746 duplo
2331 4679 2668 4748 componat,
2702 4676 2782 4731 ita
2812 4680 2879 4731 ut
2930 4677 3302 4733 medietatem
3350 4679 3526 4735 istius
3583 4678 3780 4751 dupla

2121 4762 2564 4834 compositionis
2593 4763 2807 4819 habeat
2830 4765 3180 4835 querelator,
3207 4771 3266 4821 et
3287 4765 3530 4822 alteram
3560 4767 3781 4824 medie-

2120 4854 2298 4906 tatem
2331 4851 2537 4907 haheat
2569 4850 2877 4924 episcopus
2906 4856 2964 4908 et
2993 4853 3119 4925 ipse
3151 4870 3346 4910 comes
3394 4854 3493 4927 qui
3542 4854 3782 4926 adjutor

2122 4939 2295 4993 fuerit
2325 4939 2513 4994 eidem
2546 4939 2816 5012 episcopo
2839 4941 2910 4997 ad
2934 4940 3083 4998 hanc
3102 4942 3397 5014 justitiam
3422 4944 3773 5000 faciendam.

2122 5027 2181 5083 Si
2213 5027 2347 5099 quis
2375 5034 2571 5083 autem
2605 5029 2941 5101 praedictam
2966 5046 3167 5102 pacem
3192 5030 3281 5086 vel
3313 5034 3532 5089 trevam
3564 5032 3775 5105 [frege-

355 5124 516 5195 pacis
548 5095 857 5195 quousque
886 5095 1253 5193 querimonia
1283 5095 1693 5191 praedictarum
1726 5095 2004 5170 ecclesia-
2035 5095 2078 5162 C
2119 5095 2246 5181 rit,]—
2268 5120 2324 5171 et
2348 5116 2484 5171 inde
2506 5095 2803 5188 justitiam
2835 5095 3024 5174 facere
3049 5118 3322 5187 noluerit,
3357 5119 3512 5175 infra
3644 5095 3774 5178 dies

355 5228 489 5268 rum
520 5212 815 5268 deferatur
845 5209 1155 5267 Helenensi
1187 5207 1480 5280 episcopo,
1513 5210 1570 5261 et
1617 5205 1747 5275 ejus
1780 5202 2005 5274 judicio

356 5303 459 5354 aut
471 5298 641 5375 justel
654 5300 996 5355 emendetur
1011 5299 1166 5370 quod
1196 5298 1252 5352 in
1281 5296 1426 5368 ipsis
1449 5293 1709 5350 ecclesiis
1731 5291 2005 5347 commis-

355 5402 487 5442 sum
522 5386 716 5453 fuerit,
752 5392 853 5443 aut
879 5389 949 5444 ab
983 5387 1186 5443 eodem
1217 5385 1489 5458 episcopo
1521 5382 1658 5454 ipsa:
1689 5379 1941 5437 ecclesiae
1974 5395 2009 5434 a

353 5473 691 5541 defensione
718 5476 1017 5545 praelibata
1048 5476 1209 5549 pacis
1240 5476 1600 5547 separentur.

426 5563 610 5630 Iidem
636 5563 897 5643 episcopi
925 5565 1147 5643 praefati
1192 5561 1627 5627 constituerunt
1673 5561 1740 5619 ut
1793 5558 1854 5617 in
1879 5558 2006 5639 jam

2116 5204 2269 5274 quod
2303 5203 2632 5275 querelator
2660 5221 2831 5261 suam
2855 5205 3150 5279 querelam
3174 5210 3615 5280 praesentaverit
3635 5212 3774 5265 ante

2115 5290 2455 5362 episcopum
2488 5296 2544 5347 et
2582 5294 2848 5364 ejusdem
2899 5294 3140 5359 clericos
3195 5313 3263 5352 ac
3310 5297 3586 5353 comitem
3643 5296 3775 5370 ipse

2115 5377 2454 5435 malefactor
2476 5384 2533 5436 et
2560 5381 2967 5440 consiliatores
2995 5386 3051 5439 et
3082 5385 3381 5456 adjutores
3402 5386 3533 5455 ejus
3560 5402 3769 5451 emen-

2116 5468 2254 5522 dare
2286 5467 2597 5539 noluerint,
2630 5472 3004 5544 egrediantur
3031 5490 3065 5528 a
3094 5477 3254 5530 treva
3273 5478 3329 5530 et
3360 5490 3521 5546 pace,
3555 5478 3614 5531 et
3640 5490 3770 5530 ma-

2114 5554 2241 5621 lum
2272 5557 2428 5639 quod
2459 5563 2695 5639 propter
2723 5559 2831 5622 hoc
2862 5560 3091 5624 illatum
3108 5562 3304 5635 fuerit,
3327 5562 3412 5625 eis
3434 5580 3550 5625 non
3576 5561 3773 5643 requi-
