4000 6168
203 363 314 422 741

1330 364 1643 429 MONUM.
1690 362 1791 428 DE
1836 364 2155 431 TREUGA
2200 364 2505 429 DOMINI.

3474 369 3622 453 '742

200 498 368 550 ratur
398 510 501 567 pro
534 510 673 566 pace
702 493 793 550 vel
824 498 984 551 treva
1014 497 1216 552 fracta.
1252 497 1319 552 Et
1352 498 1401 553 si
1434 499 1771 555 malefactor
1801 506 1858 556 et
1885 505 1939 568 Α
1968 506 2135 555 treva:
2171 501 2426 568 Domini,
2459 500 2571 573 ipsi
2603 506 2661 557 et
2687 518 2779 557 res
2811 518 3014 557 eorum
3046 518 3160 557 non
3207 501 3534 558 habeantur
3564 503 3622 557 in

200 583 503 654 adjutores
534 583 661 654 ejus
709 586 912 655 postea
951 585 1238 656 jamdicto
1290 586 1612 658 querelanti
1662 587 1849 644 ullum

199 671 424 728 malum
459 671 700 728 fecerint
729 671 885 729 intra
913 677 1152 742 trevam,
1186 676 1456 731 emendet
1487 693 1589 748 pro
1620 681 1777 733 treva
1800 681 1857 734 et

196 778 342 836 pace
372 761 574 817 fracta.
608 761 751 817 Item
771 763 1029 834 prmdicti
1062 763 1317 837 episcopi
1347 764 1725 821 ﬁrmaverunt
1746 770 1856 822 tre-

193 867 331 906 vam
359 849 610 906 Domini.
634 849 917 907 Videlicet
945 852 1185 909 utomni
1216 856 1472 925 tempore
1504 856 1855 910 teneaturab

199 939 479 994 omnibus
510 938 860 995 Christianis
887 941 958 996 ab
989 957 1198 997 occasu
1234 941 1374 998 solis
1409 948 1628 1015 quartae
1678 944 1856 1013 feriae,

198 1027 259 1083 id
291 1033 381 1084 est
400 1027 719 1084 Merchoris
749 1028 1068 1102 die,usque
1086 1031 1154 1086 ad
1190 1034 1382 1087 ortum
1417 1032 1557 1089 solis
1588 1034 1856 1088 secundae

201 1116 379 1183 ferite,
410 1116 468 1172 id
501 1121 590 1173 est
606 1117 786 1173 Lunis
804 1117 917 1174 die.
947 1119 1093 1175 Item
1125 1121 1512 1177 continuatim
1547 1126 1861 1178 teneatura

202 1205 394 1278 prima
424 1205 520 1261 die
552 1206 844 1262 Adventus
875 1207 1106 1263 Domini
1140 1226 1324 1281 usque
1355 1212 1427 1265 ad
1459 1215 1693 1267 octavas
1724 1211 1857 1284 Epi-

200 1293 430 1368 phaniae
462 1295 714 1361 Domini,
773 1296 1007 1368 QU’lDdO
1071 1297 1353 1354 festivitas
1408 1300 1597 1355 sancti
1658 1298 1861 1355 Hilarii

195 1382 412 1456 agitur.
444 1383 587 1439 Item
638 1383 911 1440 similiter
969 1385 1356 1442 continuatim
1410 1392 1679 1444 teneatur
1708 1406 1741 1442 a
1769 1389 1861 1443 die

197 1473 377 1529 Lunis
409 1489 536 1545 quae
567 1473 857 1529 antecedit
887 1478 1062 1547 caput
1097 1474 1307 1546 jejunii
1368 1493 1556 1548 usque
1590 1478 1659 1532 ad
1708 1477 1863 1533 diem

199 1562 387 1618 Lunis
420 1562 520 1634 qui
554 1567 641 1618 est
660 1563 890 1635 primus
922 1563 1222 1636 postdiem
1253 1564 1615 1621 Dominicam
1640 1571 1863 1621 octava-

198 1667 335 1707 rum
367 1651 772 1708 Pentecosten.
804 1652 876 1707 Et
906 1656 1023 1707 tres
1050 1652 1392 1709 festivitates
1425 1659 1637 1710 sanctae
1670 1655 1861 1710 Mariae

197 1757 338 1796 cum
370 1740 824 1814 suisvigiliis.Et
850 1741 1215 1797 nativitatem
1248 1742 1433 1797 sancti
1461 1742 1704 1800 Joannis
1727 1760 1861 1799 cum

199 1847 315 1886 sua
342 1828 560 1903 vigilia,
578 1833 633 1885 et
663 1829 1036 1886 festivitatem
1052 1835 1387 1886 sanctorum
1406 1831 1559 1887 Justi
1586 1837 1642 1888 et
1668 1833 1863 1889 Pasto-

199 1917 309 1985 ris,
342 1923 397 1974 et
426 1917 631 1973 Abdon
665 1922 723 1973 et
751 1919 1002 1984 Sennen,
1038 1922 1095 1973 et
1125 1917 1311 1973 sancti
1337 1917 1557 1986 Felicis,
1593 1922 1649 1974 et
1672 1919 1856 1974 sancti

199 2002 460 2076 Genesii,
494 2011 551 2062 et
578 2006 763 2062 sancti
796 2006 1042 2062 Nazarii.
1105 2012 1161 2062 et
1192 2007 1374 2062 sancti
1432 2008 1747 2075 Laurentii,
1807 2012 1863 2063 et

200 2096 390 2151 sancti
425 2094 749 2161 Michaelis,
785 2099 842 2151 et
890 2094 1261 2151 festivitatem
1311 2096 1585 2151 Omnium
1615 2098 1861 2151 Sancto-

203 2201 365 2251 rum,
394 2188 451 2240 et
480 2184 663 2240 sancti
697 2182 950 2251 Martini,
996 2188 1052 2238 et
1081 2184 1208 2238 dua:
1260 2184 1599 2240 festivitates
1646 2191 1859 2240 sanctae

199 2274 427 2340 Crucis,
460 2278 517 2330 et
571 2272 862 2329 Cathedra
920 2273 1109 2329 sancti
1164 2272 1337 2340 Petri,
1401 2277 1457 2328 et
1488 2273 1858 2330 festivitatem

199 2362 393 2419 sancti
425 2362 680 2428 Ennesii,
742 2378 869 2433 quin
929 2366 1019 2417 est
1048 2379 1127 2417 x11
1184 2361 1311 2417 Kal.
1374 2362 1756 2435 Septembris,
1807 2369 1864 2419 et

202 2450 666 2508 Decollationem
700 2451 882 2506 sancti
900 2451 1144 2506 Joannis
1163 2451 1455 2525 Baptistae,
1491 2469 1623 2507 cum
1646 2452 1863 2526 vigiliis

200 2546 264 2597 et
295 2557 427 2597 cum
442 2539 717 2596 omnibus
732 2539 966 2595 noctibu
976 2556 1001 2595 s
1008 2540 1134 2610 jam
1148 2540 1436 2596 dictarum
1454 2541 1860 2599 festivitatum.

204 2631 282 2687 Et
304 2644 508 2686 omnes
565 2629 689 2685 dies
721 2632 777 2685 et
835 2633 1034 2684 noctes
1089 2629 1350 2693 Quatuor
1406 2635 1753 2703 temporum.
1802 2632 1863 2688 Si

205 2719 349 2792 quis
378 2722 572 2774 autem
605 2718 757 2773 infra
787 2717 937 2773 hanc
984 2718 1316 2791 praedictam
1368 2722 1587 2775 trevam
1632 2720 1861 2777 Domini

205 2808 445 2881 aliquod
479 2806 698 2862 malum
730 2806 902 2862 alicui
936 2807 1149 2875 fecerit,
1184 2808 1242 2862 in
1274 2808 1519 2880 duplum
1553 2809 1603 2864 ei
1635 2826 1864 2883 compo-

206 2901 333 2967 nat,
368 2900 424 2953 et
453 2900 656 2969 postea
687 2915 790 2970 per
827 2896 1119 2968 judicium
1173 2914 1335 2969 aquae
1380 2896 1600 2969 frigidae
1645 2903 1861 2954 trevam

209 2986 448 3043 Domini
483 2986 541 3041 in
574 2985 710 3041 sede
742 2989 953 3041 sanctae
988 2983 1315 3057 Eulaliae(8)
1345 2987 1632 3042 emendet.
1656 2987 1709 3041 Si
1735 2988 1864 3060 quis

210 3079 410 3132 autem
442 3075 595 3130 infra
642 3074 793 3130 hanc
828 3078 1046 3130 trevam
1080 3074 1380 3129 hominem
1431 3075 1710 3131 occiderit
1740 3077 1865 3132 sine

214 3164 414 3237 aliquo
446 3180 609 3232 casu,
642 3180 709 3219 ex
746 3179 1030 3219 consensu
1082 3163 1347 3218 omnium
1397 3163 1864 3221 Christianorum

1966 605 2107 661 pace
2138 592 2196 645 et
2226 591 2386 644 treva
2417 589 2672 645 Domini.

2038 678 2155 750 Ego
2187 677 2542 734 Gauzfredus
2575 695 2770 736 comes
2796 680 2932 751 juro
2962 679 3069 735 tibi
3102 680 3269 736 Petro
3317 679 3624 736 Helenensi

1965 765 2236 838 episcopo
2260 770 2315 822 et
2346 766 2491 823 facio
2518 767 2989 825 tibihostaticum
3008 774 3069 824 ut
3094 787 3195 841 per
3225 770 3339 825 duo
3358 773 3625 842 tempora

1967 856 2125 920 anni,
2161 856 2382 912 scilicet
2413 858 2484 912 ad
2528 857 2952 914 dedicationem
3003 859 3064 913 B.
3124 857 3382 927 Eulaliae,
3433 859 3490 913 id
3536 862 3625 915 est

1965 960 2067 1000 vm
2102 944 2685 1013 IdusOctobris,etad
2706 946 3269 1017 caputjejuniorum,
3296 963 3621 1018 perunum-

1969 1049 2263 1104 quemque
2297 1050 2540 1101 annum,
2560 1035 2819 1106 quandiu
2842 1034 3070 1102 vixeris,
3107 1040 3360 1090 revertar
3381 1036 3451 1090 ad
3476 1035 3625 1091 hanc

1969 1122 2165 1178 sedem
2198 1122 2260 1176 B.
2294 1120 2565 1189 Eulaliae;
2602 1128 2659 1177 et
2690 1140 2802 1177 non
2850 1124 3133 1196 separabo
3193 1122 3328 1178 hinc
3360 1141 3452 1178 me
3499 1124 3625 1179 sine

1970 1210 2204 1266 licentia
2232 1214 2334 1265 tua
2356 1210 2441 1265 vel
2471 1210 2731 1282 ipsorum
2764 1211 3106 1267 clericorum
3140 1212 3356 1285 quibus
3387 1216 3450 1267 tu
3473 1230 3626 1268 com-

1972 1299 2228 1368 miseris,
2261 1299 2307 1354 si
2343 1317 2418 1355 aes
2450 1317 2562 1355 non
2610 1300 2904 1367 habuero;
2939 1306 2993 1355 et
3031 1301 3077 1356 si
3112 1318 3189 1357 ass
3238 1301 3518 1369 habuero,
3559 1318 3625 1357 eo

1974 1388 2221 1444 transito
2257 1389 2407 1442 infra
2436 1406 2535 1443 vui
2593 1389 2717 1443 dies
2769 1395 3043 1455 revertar,
3079 1394 3134 1445 et
3166 1409 3280 1446 non
3343 1390 3626 1463 separabo

1972 1477 2109 1556 hinc
2140 1495 2232 1532 me
2265 1477 2391 1533 sine
2438 1477 2672 1533 licentia
2708 1482 2806 1534 tua
2854 1479 2940 1535 vel
2988 1480 3248 1551 ipsorum
3283 1479 3623 1535 clericorum

1973 1566 2190 1637 quibus
2221 1570 2282 1621 tu
2315 1566 2701 1635 commiseris,
2738 1583 2841 1640 per
2876 1568 3054 1623 Deum
3087 1574 3143 1623 et
3174 1567 3295 1623 hinc
3322 1572 3542 1644 sancta.

2767 1675 2832 1728 Il.

2030 1743 2282 1815 Synodus
2312 1745 2621 1799 Ilclcnensz's
2652 1745 2749 1799 sub
2781 1746 2937 1800 Olz'ba
2969 1746 3214 1816 episcopo
3244 1746 3569 1801 Ausonensz'.

2045 1836 2209 1888 Anno
2242 1832 2557 1888 Dominica:
2593 1833 3018 1888 Incarnationis
3043 1850 3196 1887 xxvu
3228 1838 3360 1904 post
3385 1833 3627 1889 millesi-

1974 1938 2156 1989 mum,
2190 1938 2304 1976 xvu
2334 1920 2462 1976 Kal.
2493 1922 2674 1989 Junii,
2710 1921 2979 1976 convenit
3008 1921 3175 1977 Oliba
3224 1922 3485 1993 pontifex
3512 1924 3629 1978 Au-

1974 2010 2243 2067 sonensis
2271 2011 2340 2065 ad
2374 2011 2555 2066 vicem
2616 2011 2950 2083 Berengarii
3011 2010 3318 2067 Elenensis
3367 2012 3626 2084 episc0pi

1976 2104 2113 2153 tunc
2144 2099 2489 2170 temporisin
2506 2100 2916 2154 transmarinis
2931 2101 3198 2171 partibus
3211 2101 3498 2173 peregrini
3514 2104 3629 2156 una

1975 2204 2106 2242 cum
2144 2187 2464 2243 Udalchero
2524 2192 2739 2243 sancta:
2791 2188 3092 2243 Elenensis
3122 2188 3392 2245 Ecclesiae
3436 2190 3629 2245 archi-

1972 2276 2337 2348 presbytero,
2370 2280 2426 2331 et
2455 2276 2763 2332 Cancelino
2795 2276 3229 2341 archidiacono,
3268 2281 3321 2332 et
3338 2277 3629 2334 Ellemaro

1973 2364 2343 2420 sacriscrinio
2376 2356 2433 2420 et
2463 2364 2727 2433 Coraule,
2760 2365 3108 2431 Gauzberlo,
3142 2371 3201 2421 et
3233 2365 3458 2421 caeteris
3477 2382 3631 2437 prae-

1976 2454 2104 2509 fatae
2139 2453 2295 2509 sedis
2326 2454 2646 2520 canonicis,
2680 2456 3011 2525 castumque
3043 2469 3345 2509 sacrorum
3386 2453 3626 2524 ducum,

1972 2546 2262 2598 catervam
2299 2558 2531 2614 quoque
2546 2542 2831 2609 ﬁdelium,
2868 2559 2983 2597 non
3007 2541 3200 2598 solum
3229 2543 3509 2609 virorum,
3527 2543 3628 2598 sed

1972 2632 2148 2686 etiam
2184 2631 2558 2687 feminarum.
2592 2631 3000 2687 Convenerunt
3029 2635 3223 2687 autem
3260 2631 3319 2687 in
3351 2631 3631 2687 comitatu

1978 2719 2436 2786 Rassilionense,
2468 2719 2528 2775 in
2544 2723 2708 2792 prato
2731 2718 2995 2791 Tulujes.
3017 2719 3139 2783 Quo
3171 2736 3303 2775 cum
3329 2719 3630 2776 convenis-

1977 2813 2127 2868 sent.
2148 2809 2340 2880 primo
2357 2814 2626 2881 rogantes
2642 2808 2872 2863 Domini
2887 2808 3349 2864 misericordiam
3374 2812 3441 2864 ut
3456 2808 3632 2864 corda

1978 2897 2237 2953 fidelium
2263 2915 2505 2953 suorum
2540 2899 2608 2952 ad
2637 2915 2697 2953 se
2729 2902 3102 2963 converteret,
3138 2902 3364 2953 mentes
3396 2913 3629 2969 quoque

1975 2990 2030 3042 et
2064 2990 2229 3041 actus
2243 2985 2536 3057 dirigeret,
2565 2986 2695 3041 dein
2713 2985 3107 3057 requisierunt
3128 2987 3175 3042 si
3194 3004 3321 3058 quae
3346 2985 3629 3041 hactenus

1976 3092 2008 3130 a
2038 3074 2286 3145 praefatis
2316 3073 2601 3146 episcopis
2634 3077 2852 3129 statuta
2884 3074 3115 3130 fuerant
3160 3075 3625 3130 observarentur.
3668 3114 3673 3119 ρ

1974 3164 2083 3217 Sed
2116 3180 2249 3217 eum
2283 3178 2428 3234 pene
2460 3162 2658 3216 omnia
2688 3161 3051 3217 invenissent
3080 3162 3193 3217 nisi
3243 3161 3433 3218 solum
3464 3163 3627 3235 pedi-

210 3252 535 3309 difﬁnitum
566 3255 656 3308 est
677 3257 739 3307 ut
764 3251 1040 3307 omnibus
1070 3251 1279 3307 diebus
1328 3252 1453 3306 vitae
1486 3270 1604 3309 suae
1652 3254 1855 3309 exsilio
1888 3240 1931 3306 C
1971 3252 2085 3307 bus
2117 3250 2474 3316 conculcata,
2507 3251 2605 3305 sed
2638 3250 2813 3305 etiam
2846 3248 3121 3306 oblivioni
3153 3251 3368 3317 dedita,
3413 3252 3627 3307 iterum

205 3343 541 3397 damnetur.
575 3341 635 3398 Si
667 3346 865 3397 autem
888 3357 1021 3396 cum
1054 3358 1191 3396 casu
1214 3340 1323 3396 hoc
1355 3341 1576 3411 fecerit,
1607 3342 1863 3415 egredia-

204 3435 306 3486 tur
334 3436 530 3486 tamen
550 3447 584 3486 a
615 3434 767 3486 terra
790 3445 977 3502 usque
1003 3431 1073 3485 ad
1098 3429 1417 3485 triennium
1450 3447 1623 3503 quem
1647 3431 1864 3504 episco-

202 3536 319 3592 pus
354 3518 444 3575 vel
478 3518 739 3574 canonici
772 3518 1233 3574 existimaverint
1263 3535 1392 3574 esse
1415 3518 1858 3590 imponendum.

202 3607 259 3662 Si
297 3607 743 3680 quisveroinfra
770 3607 920 3663 hanc
940 3611 1157 3661 trevam
1183 3623 1245 3662 se
1268 3608 1493 3662 miserit
1524 3609 1581 3662 in
1597 3608 1859 3681 aguit(2),

201 3695 294 3752 vel
325 3697 521 3769 ipsum
555 3701 730 3770 aguet
762 3695 1051 3751 stabiliter
1076 3712 1179 3768 pro
1210 3700 1396 3751 morte
1427 3696 1515 3750 vel
1545 3697 1863 3769 apprehen-

206 3785 374 3840 sione
404 3784 655 3857 alicujus
684 3784 962 3848 hominis,
987 3789 1087 3839 aut
1118 3800 1220 3856 pro
1239 3784 1698 3856 apprehensione
1721 3785 1863 3841 alte-

204 3873 333 3929 rius
366 3871 609 3942 castelli,
645 3878 700 3929 et
746 3879 942 3928 tamen
977 3873 1023 3927 si
1058 3872 1167 3928 hoc
1221 3864 1390 3944 agere
1422 3891 1535 3929 non
1584 3875 1860 3945 potuerit,

205 3960 481 4018 similiter
510 3962 779 4018 emendet
802 3961 872 4016 ad
896 3961 1185 4031 judicium
1203 3961 1456 4034 episcopi
1489 3966 1542 4018 et
1565 3964 1864 4019 canonico-

202 4067 339 4106 rum
371 4051 500 4121 ejus
532 4050 718 4121 ipsam
781 4056 1027 4105 trevam,
1058 4049 1313 4118 Domini,
1348 4051 1501 4106 sicut
1559 4052 1770 4107 faceret
1813 4052 1861 4108 si

200 4139 440 4195 fecisset
473 4140 629 4210 quod
662 4154 831 4210 agere
860 4139 1123 4193 tentavit.
1160 4139 1302 4195 Item
1330 4140 1759 4211 prohibuerunt
1790 4158 1862 4197 ne

201 4228 263 4284 in
296 4226 648 4283 terminibus
681 4226 774 4282 his
806 4227 1167 4282 continuatis
1200 4228 1397 4295 trevis,
1422 4228 1689 4285 videlicet
1717 4233 1862 4285 temo

202 4332 343 4390 pore
372 4317 672 4372 Adventus
704 4315 957 4385 Domini,
992 4333 1094 4371 seu
1128 4315 1619 4387 Quadragesimm,
1665 4318 1862 4373 nullus

201 4409 466 4460 castrum
496 4403 583 4459 vel
617 4402 1003 4461 munitionem
1023 4403 1309 4459 aedificare
1335 4410 1650 4475 praasumat
1667 4407 1862 4463 nisixv

201 4493 415 4549 diebus
433 4497 567 4548 ante
579 4492 950 4547 continuatae
972 4492 1276 4564 praedictas
1296 4495 1485 4546 trevas
1498 4491 1607 4547 hoc
1631 4493 1862 4549 inchoa-

1976 3356 2254 3411 reparare
2285 3339 2639 3394 studuerunt
2667 3338 2867 3393 eodem
2900 3341 3097 3394 tenore
3127 3355 3238 3408 quo
3269 3339 3501 3394 fuerant
3523 3341 3626 3396 ha-

1973 3434 2181 3484 ctenus
2214 3428 2466 3484 condita.
2526 3426 2970 3483 Constituerunt
3019 3427 3214 3499 itaque
3255 3426 3476 3500 praefati
3508 3428 3628 3500 epi-

1974 3517 2130 3589 scopi
2151 3515 2324 3573 simul
2344 3532 2475 3571 cum
2508 3514 2837 3572 omniclero
2866 3521 2923 3571 et
2955 3514 3111 3572 fideli
3140 3516 3357 3589 populo
3378 3521 3441 3571 ut
3457 3532 3629 3572 nemo

1972 3606 2033 3661 in
2064 3609 2184 3661 toto
2216 3605 2552 3676 supradicto
2578 3604 2860 3660 comitatu
2889 3604 2975 3661 vel
3004 3605 3343 3679 episcopatu
3363 3605 3636 3661 habitans

1973 3694 2242 3751 assaliret
2274 3694 2529 3767 aliquem
2562 3712 2737 3751 suum
2770 3694 3073 3750 inimicum
3103 3696 3174 3752 ab
3222 3696 3369 3752 hora
3399 3695 3632 3751 sabbati

1973 3802 2128 3839 nona
2164 3784 2418 3853 usquein
2451 3783 2739 3839 dieLunis
2756 3783 3123 3856 horaprima,
3159 3788 3223 3839 ut
3253 3785 3635 3841 omnishomo

1974 3871 2265 3944 persolvat
2299 3871 2564 3927 debitum
2598 3872 2878 3928 honorem
2913 3872 3029 3927 diei
3079 3873 3397 3938 dominico,
3447 3888 3636 3944 neque

1971 3960 2091 4016 ullo
2117 3961 2288 4016 modo
2316 3960 2530 4031 aliquis
2544 3960 2815 4015 assaliret
2831 3959 3181 4015 monachum
3201 3977 3334 4015 cum
3357 3960 3634 4016 clericum

1971 4050 2100 4105 sine
2130 4049 2314 4104 armis
2338 4048 2936 4119 incedentem,neque
2968 4047 3222 4119 aliquem
3247 4048 3545 4104 hominem
3562 4050 3634 4105 ad

1975 4138 2283 4194 ecclesiam
2300 4153 2433 4193 cum
2449 4135 2696 4192 consilia
2714 4141 2946 4192 euntem
2975 4136 3058 4191 vel
3076 4137 3635 4208 redeuntem,neque

1972 4227 2231 4299 aliquem
2292 4225 2603 4280 hominem
2635 4240 2768 4279 cum
2818 4222 3096 4301 sportella
3150 4222 3633 4295 proﬁciscentem,

1971 4332 2162 4389 neque
2181 4314 2440 4387 aliquem
2456 4313 2752 4368 hominem
2772 4329 2907 4367 cum
2928 4312 3162 4367 feminis
3180 4316 3411 4368 euntem
3426 4327 3635 4385 ,neque

1972 4404 2191 4478 aliquis
2222 4403 2463 4459 auderet
2519 4401 2829 4458 ecclesiam
2879 4399 2967 4457 vel
3027 4402 3234 4457 domos
3284 4402 3341 4456 in
3388 4400 3634 4458 circuitu

1971 4495 2192 4566 positas
2224 4511 2257 4549 a
2288 4510 2400 4547 xxx
2434 4492 2707 4563 passibus
2735 4489 2948 4546 violare
2980 4494 3082 4546 aut
3111 4490 3376 4547 assalire.
3396 4491 3515 4547 Hoc
3537 4509 3637 4547 au-

198 4582 369 4637 verit.
404 4581 485 4637 De
516 4580 791 4652 praedicta
823 4584 1016 4635 autem
1048 4585 1206 4636 treva
1240 4579 1324 4635 vel
1356 4596 1495 4652 pace
1530 4580 1767 4652 querela
1788 4583 1859 4637 ad
1891 4601 1937 4666 D
1972 4587 2088 4637 tem
2123 4588 2356 4653 pactum
2392 4581 2511 4637 sive
2545 4587 2810 4652 treguam
2845 4580 2976 4635 ideo
3009 4581 3461 4647 constituerunt,
3495 4596 3634 4651 quo-

198 4669 546 4742 episcopum
574 4667 663 4724 vel
683 4669 753 4723 ad
786 4669 913 4738 ejus
930 4669 1240 4724 canonicos
1271 4683 1372 4723 seu
1409 4667 1668 4739 fatigatio
1698 4669 1859 4723 omni

192 4763 463 4832 tempore
493 4759 594 4814 ﬁat
619 4776 632 4826 ;
667 4763 724 4814 et
754 4758 906 4814 sicut
936 4758 1207 4829 superius
1226 4757 1507 4830 scriptum
1540 4758 1701 4813 estin
1720 4775 1858 4831 pace

197 4848 274 4903 de
307 4846 590 4915 ecclesiis,
623 4847 705 4902 ita
734 4847 835 4902 fiat
876 4847 945 4902 Et
974 4847 1085 4919 ipsi
1120 4846 1411 4918 inquibus
1441 4846 1749 4920 episcopus
1770 4847 1853 4902 vel

194 4935 469 4992 canonici
501 4936 760 5008 praedicti
792 4952 854 4992 se
888 4934 1251 5009 fatigaverint
1273 4936 1343 4990 de
1375 4936 1699 5008 direptione
1723 4955 1858 5009 prae-

192 5025 332 5080 fatae
362 5025 529 5099 pacis
558 5024 644 5082 vel
678 5030 850 5081 trevas
882 5024 1134 5090 Domini,
1186 5023 1306 5081 sive
1347 5024 1738 5095 fidejussores,
1770 5025 1856 5081 vel

190 5112 480 5169 hostatici
512 5130 616 5186 pro
648 5130 788 5186 pace
811 5112 898 5169 vel
932 5117 1091 5169 treva
1107 5111 1358 5181 Domini,
1383 5113 1663 5169 etmalam
1680 5114 1855 5169 ﬁdem

194 5201 335 5258 inde
357 5205 660 5274 portantes
679 5203 952 5275 episcopo
973 5201 1062 5257 vel
1086 5201 1383 5258 canonicis
1394 5203 1655 5273 ejusdem
1678 5203 1854 5272 sedis,

194 5291 784 5348 excommunicentur
811 5291 885 5347 ab
917 5289 1187 5362 episcopo
1218 5290 1303 5347 vel
1328 5308 1361 5345 a
1389 5291 1684 5347 canonicis
1706 5293 1858 5363 ejus-

195 5378 344 5435 dem
409 5379 568 5436 sedis
599 5397 734 5435 cum
789 5379 1216 5453 protectoribus
1246 5382 1303 5434 et
1333 5379 1744 5450 adjuvantibus
1797 5397 1858 5436 se

193 5467 466 5540 quandiu
500 5485 565 5525 se
597 5468 1005 5525 contenderint
1034 5466 1186 5524 sicut
1214 5467 1556 5524 infractores
1585 5469 1746 5541 pacis
1766 5468 1855 5525 vel

266 5647 343 5730 (1)
369 5646 431 5706 Id
463 5651 553 5709 est
583 5646 644 5708 in
676 5644 995 5721 cathedrali
1021 5644 1266 5705 ecclesia
1294 5644 1621 5707 Helenensi.

1971 4671 2128 4725 niam
2160 4670 2355 4724 divina
2386 4669 2475 4725 lex
2508 4675 2563 4724 et
2590 4686 2734 4741 pene
2751 4669 2945 4725 omnis
2967 4669 3298 4725 Christiana
3334 4668 3536 4741 religio
3559 4669 3629 4724 ad

1968 4758 2214 4813 nihilum
2245 4758 2514 4825 deducta,
2549 4764 2613 4813 ut
2636 4758 2868 4831 legitur,
2892 4759 3235 4815 abundabat
3256 4758 3556 4829 iniquitas,
3578 4763 3634 4813 et

1966 4846 2626 4918 refrigescebalcaritas.
2661 4847 2725 4900 Et
2760 4846 2888 4901 ideo
2906 4847 3277 4918 praecipimus
3305 4862 3410 4901 nos
3430 4862 3632 4918 supra-

1968 4936 2105 4990 dicti
2138 4933 2677 5006 episcopus,clerus
2697 4933 2970 5003 simul,et
2996 4935 3189 4990 omnis
3204 4936 3345 4990 ordo
3368 4933 3627 4990 serviens

1967 5023 2180 5080 divinis
2210 5021 2487 5089 cultibus,
2509 5027 2565 5076 et
2579 5038 2773 5076 coram
2789 5022 2903 5078 Deo
2919 5021 3328 5080 interdicimus
3346 5028 3411 5079 ut
3428 5022 3631 5079 nullus

1966 5113 2140 5170 homo
2170 5111 2258 5167 vel
2289 5111 2507 5166 femina
2529 5110 2598 5165 de
2614 5111 3034 5183 suprascriptis
3061 5110 3282 5182 aliquid
3302 5111 3631 5169 voluntarie

1964 5207 2248 5258 temerare
2278 5199 2365 5256 vel
2397 5199 2713 5270 infringere
2740 5203 3074 5269 prmsumat,
3113 5215 3219 5254 nec
3250 5199 3488 5254 invadat
3537 5217 3631 5256 res

1966 5295 2180 5347 sanctae
2213 5288 2417 5345 matris
2447 5286 2702 5344 ecclesia:
2724 5286 3026 5341 Elenensis
3057 5286 3176 5340 sive
3197 5285 3421 5340 caeteris
3444 5285 3629 5341 eccle-

1966 5381 2072 5437 siis
2130 5379 2215 5435 vel
2274 5374 2646 5433 monasteriis
2705 5374 2952 5430 dcbitas.
3013 5374 3213 5445 Neque
3267 5371 3500 5445 aliquis,
3564 5390 3627 5429 se

1967 5470 2206 5538 sciente,
2239 5467 2301 5523 in
2322 5468 2547 5523 incestu
2574 5480 2761 5536 usque
2784 5463 2856 5519 ad
2882 5466 3111 5519 sextum
3131 5461 3381 5537 gradum
3407 5479 3631 5539 perma-

2044 5649 2121 5730 (2)
2151 5648 2213 5707 ld
2244 5651 2333 5707 est
2363 5644 2611 5706 insidias
2645 5641 2943 5704 struxerit.
