3982 6172
418 315 533 378 743

1168 313 1359 377 saec.
1404 315 1487 379 x1
1529 312 1762 375 AUCT.
1809 310 2126 374 INCERTI
2174 311 2365 372 ANNI
2410 312 2511 373 ET
2554 272 3113 373 SCRIPTnAAEsn.

3715 309 3845 370 7M

416 453 570 506 neat.
604 449 803 522 Neque
832 448 1045 522 aliquis
1076 464 1312 505 uxorem
1338 446 1640 520 pr0priam
1660 446 1937 513 dimittat,
1966 461 2067 500 nec
2099 446 2151 510 Α
2182 443 2503 499 Dominicis
2525 440 3273 515 obtemperantesjussibus
3290 457 3393 513 pro
3410 440 3844 514 temporalibus

415 536 658 595 alteram
691 536 970 594 feminam
1018 537 1249 593 habeat.
1303 535 1466 601 Quod
1497 534 1547 591 si
1580 535 1713 607 quis
1758 533 1914 599 fecit,
1949 532 2068 589 sive

412 626 650 684 inantea
676 626 895 693 fecerit,
929 625 1040 683 nisi
1059 624 1438 695 resipueritet
1466 639 1568 697 pro
1602 639 1775 695 posse
1795 622 2068 678 emenda-

412 715 558 772 verit
605 719 663 772 et
708 714 781 779 ad
832 713 1068 786 plenam
1120 713 1581 770 satisfactionem
1617 715 1832 768 sanctae
1864 709 2068 766 matris

415 803 682 861 Ecclesiae
703 818 898 860 coram
918 802 1271 875 supradictis
1285 800 1579 857 canonicis
1594 799 1745 856 infra
1776 797 2067 856 mensium

412 891 592 948 trium
615 890 871 964 spatium
888 890 1128 957 veneriz,
1150 908 1184 947 a
1213 889 1520 946 liminibus
1536 893 1749 945 sanctae
1771 887 2067 944 catholicae

413 980 679 1036 Ecclesiae
709 984 767 1037 et
790 981 1055 1036 omnium
1081 978 1548 1035 Christianorum
1570 981 1716 1033 ccetu
1732 993 2066 1032 excommu-

412 1069 639 1124 nicatus
670 1072 1031 1141 permaneat.
1093 1068 1163 1122 Et
1192 1071 1258 1122 ut
1305 1066 1584 1123 noveritis
1638 1083 1842 1121 omnes
1895 1063 2068 1137 quale

410 1162 716 1230 peccatum
751 1156 826 1212 sit
831 1156 1004 1229 jungi
1024 1173 1325 1213 excommu
1337 1153 1768 1224 nicatis,nullus
1789 1153 2066 1209 Christia-

410 1263 523 1303 nus
551 1246 724 1303 debet
754 1246 1110 1302 manducare
1162 1262 1295 1301 cum
1338 1245 1443 1313 eis,
1476 1243 1564 1300 vel
1612 1243 1828 1311 bibere,
1877 1258 2066 1315 neque

409 1334 674 1392 osculum
707 1334 789 1390 eis
810 1335 1137 1408 porrigere,
1175 1351 1361 1407 neque
1379 1349 1513 1389 cum
1546 1332 1630 1389 eis
1660 1331 1824 1404 loqui
1853 1332 1967 1387 nisi
1994 1333 2065 1388 de

412 1421 845 1492 satisfactione;
902 1422 1188 1495 neque‘si
1246 1421 1734 1478 excommunicati
1803 1420 2062 1476 defuncti

409 1512 646 1580 fuerint,
681 1512 969 1568 debentur
1000 1512 1071 1567 ad
1120 1509 1395 1569 ecclesias
1429 1509 1695 1583 sepeliri;
1752 1525 1937 1581 neque
1969 1507 2067 1563 ali-

408 1600 542 1673 quis
571 1600 821 1657 clericus
851 1600 936 1656 vel
968 1598 1157 1656 ﬁdelis
1189 1601 1359 1656 debet
1378 1617 1481 1673 pro
1502 1599 1585 1655 eis
1618 1613 1801 1654 orare.
1836 1596 1898 1653 Si
1927 1613 2062 1653 vero

408 1705 512 1760 pro
549 1688 732 1746 nihilo
752 1689 1026 1744 duxerint
1042 1687 1730 1752 excommunicationem,
1750 1686 2063 1742 transactis

408 1775 602 1832 tribus
662 1776 986 1843 mensibus,
1042 1776 1435 1832 anathematis
1482 1773 1737 1842 vinculo,
1763 1774 1821 1829 id
1854 1778 1962 1841 est,
1999 1777 2063 1829 ut

409 1864 619 1937 perditi
653 1865 806 1920 sicut
834 1865 1017 1921 Judas
1034 1865 1313 1938 proditor,
1330 1866 1703 1920 damnentur.
1728 1864 1795 1919 Et
1815 1865 1887 1931 si,
1908 1863 2083 1936 quod

410 1954 559 2010 Deus
591 1958 831 2022 avertat,
864 1953 923 2009 in
954 1954 1067 2010 hac
1096 1954 1344 2026 perﬁdia
1361 1954 1635 2022 obierint,
1671 1970 1913 2027 corpora
1934 1952 2060 2007 illo-

407 2059 538 2098 rum
572 2059 703 2098 cum
722 2042 966 2115 psalmis
993 2047 1048 2099 et
1073 2042 1405 2117 hymnisvel
1438 2042 1803 2115 spiritalibus
1820 2041 2062 2097 canticis

405 2148 522 2185 non
555 2132 848 2193 ducantur
877 2132 950 2187 ad
982 2130 1364 2203 sepulturam,
1392 2130 1663 2187 necinter
1693 2129 1895 2186 ﬁdeles
1915 2146 2064 2185 mor-

404 2224 537 2276 tuos
568 2236 772 2275 eorum
807 2220 1048 2276 nomina
1076 2220 1149 2275 ad
1200 2237 1431 2277 sacrum
1495 2219 1675 2276 altare
1724 2219 2058 2275 recitentur.

401 2309 473 2364 Et
496 2308 976 2383 'quialpeccatum
1005 2313 1486 2382 pcrpetraverunt
1519 2309 1591 2366 ad
1646 2312 1915 2375 mortem,
1946 2307 2061 2363 nisi

403 2397 803 2471 pcenituerint,
836 2398 963 2454 sine
996 2398 1108 2453 fine
1131 2398 1488 2454 damnentur
1516 2397 1575 2453 in
1595 2402 1870 2453 aeternam
1893 2398 2057 2453 dam—

402 2485 719 2544 nationem.
777 2487 1068 2544 Omnibus
1108 2488 1406 2544 canonicis
1459 2486 1869 2560 suprascriptae
1902 2484 2059 2542 sedis

401 2574 807 2631 interdicimus
841 2592 1035 2631 coram
1051 2575 1167 2630 Deo
1183 2581 1240 2630 et
1253 2575 1471 2631 sanctis
1489 2575 1617 2646 ejus
1646 2578 1713 2630 ut
1743 2573 1942 2630 nullus
1963 2591 2057 2630 eo-

404 2679 536 2718 rum
568 2663 638 2718 de
670 2663 763 2718 his
795 2662 1017 2735 aliquid
1065 2662 1285 2719 solvere
1335 2663 1546 2719 audeat
1594 2662 1719 2719 sine
1769 2680 2057 2720 consensu

401 2751 623 2822 praefati
673 2751 1157 2824 archipresbyteri
1207 2752 1293 2807 vel
1344 2752 1893 2809 archidiaconorum
1937 2752 2057 2809 sive

404 2837 762 2895 sacriscrinii
784 2842 836 2895 et
855 2839 1316 2911 caputscholaris
1336 2839 1422 2896 vel
1450 2844 1788 2896 czeterorum
1810 2841 2055 2897 fratrum

406 2927 844 2984 canonicorum.
877 2926 1203 2983 Ministeria
1244 2932 1441 2984 autem
1493 2928 1691 2985 divina
1719 2929 1847 2985 sine
1879 2930 2056 2985 inter-

401 3016 680 3073 missione
693 3017 836 3091 ﬁant
846 3034 951 3089 pro
965 3017 1483 3074 excommunicatis
1496 3035 1595 3090 per
1608 3019 1863 3091 spatium
1877 3018 2053 3074 trium

398 3105 717 3172 mensium,
751 3108 816 3161 ut
845 3106 941 3162 det
971 3105 1086 3161 illis
1122 3107 1271 3163 Deus
1306 3105 1729 3179 paenitentiam,
1763 3111 1821 3163 et
1850 3106 2053 3180 resipi-

2180 530 2504 588 commodis
2522 528 2851 587 commissae
2884 529 2992 585 sibi
3014 528 3173 607 plebi
3206 526 3515 601 impensis,
3539 546 3573 585 a
3598 546 3844 587 summo

2178 621 2443 676 omnium
2477 624 2725 693 pastore,
2759 624 2823 675 ut
2853 624 3067 674 aeterna
3099 616 3339 697 praemia
3354 623 3689 675 mereantur
3710 620 3844 675 adi-

2178 709 2325 782 pisci
2355 708 2414 763 in
2448 707 2679 764 saecula.
2713 707 2906 763 Primo
2937 723 3073 780 ergo
3096 705 3361 763 omnium
3394 705 3843 766 institutionum

2178 800 2534 867 nostrarum,
2568 814 2695 870 quae
2726 796 2785 852 in
2808 795 2917 853 hoc
2946 801 3104 852 torno
3121 792 3434 852 scribenda
3458 800 3617 863 sunt,
3633 814 3840 854 mone-

2178 904 2313 944 mus
2342 890 2399 941 et
2453 886 2809 942 mandamus
2866 886 3194 943 secundum
3255 888 3611 958 praeceptum
3639 885 3744 945 Dei
3778 890 3841 942 et

2179 981 2443 1032 nostrum
2477 980 2542 1032 ut
2571 975 2769 1031 nullus
2801 974 3264 1030 Christianorum
3299 973 3482 1029 alium
3513 974 3838 1048 quemlibet

2178 1064 2576 1120 Christianum
2600 1063 2848 1130 occidat,
2880 1063 3017 1135 quia
3040 1061 3141 1135 qui
3171 1061 3570 1118 Christianum
3592 1064 3829 1132 occidit,

2177 1152 2301 1208 sine
2334 1153 2514 1208 dubio
2545 1152 2756 1208 Christi
2792 1151 3141 1225 sanguinem
3171 1151 3380 1207 fundit.
3413 1152 3475 1209 Si
3509 1152 3641 1226 quis
3670 1170 3833 1223 vero,

2175 1243 2329 1314 quod
2361 1259 2475 1297 non
2510 1247 2803 1314 optamus,
2833 1240 3049 1312 injuste
3080 1240 3379 1296 hominem
3410 1241 3702 1310 occiderit,
3729 1259 3834 1315 per

2173 1329 2361 1404 legem
2395 1347 2527 1386 eum
2560 1331 2851 1386 emendet.

2245 1419 2461 1476 Iterum
2490 1420 2843 1476 mandamus
2857 1423 3031 1491 atque
3051 1418 3463 1475 conﬁrmamus
3493 1419 3679 1492 ipsam
3704 1424 3832 1476 tre-

2172 1525 2305 1581 gam
2330 1508 2429 1565 Dei
2447 1526 2575 1580 quae
2591 1526 2625 1564 a
2643 1508 2810 1564 nobis
2823 1508 3044 1563 dudum
3063 1506 3381 1565 constituta
3392 1507 3655 1589 fuerat,et
3668 1526 3836 1575 nunc

2173 1616 2206 1654 a
2238 1597 2430 1669 pravis
2443 1597 2785 1653 hominibus
2801 1598 3070 1670 disrupta
3091 1614 3219 1654 esse
3231 1596 3550 1666 videtur,ut
3570 1597 3823 1654 ﬁrmiter

2173 1686 2446 1759 deinceps
2478 1686 2549 1741 ab
2582 1685 2858 1742 omnibus
2890 1689 3176 1741 teneatur.
3212 1684 3398 1757 Igitur
3446 1685 3822 1767 obsecramus

2171 1775 2459 1846 perDeum
2475 1778 2530 1830 et
2542 1792 2850 1830 monemus
2866 1778 2929 1829 ut
2950 1772 3589 1833 nemoCbristianorum
3606 1791 3810 1847 quem-

2172 1862 2313 1920 libet
2370 1862 2767 1920 Christianum
2810 1863 3071 1936 requirat
3101 1863 3173 1919 ad
3223 1862 3710 1919 malefaciendum
3738 1864 3815 1920 ab

2173 1969 2379 2008 occasu
2411 1951 2552 2009 solis
2583 1958 2803 2025 quarta:
2838 1952 2988 2009 feriae
3002 1968 3188 2024 usque
3219 1951 3487 2008 secundae
3515 1951 3667 2008 feria:
3691 1951 3822 2008 illu-

2171 2046 2431 2097 cescente
2462 2040 2602 2098 sole.
2633 2040 3020 2114 Praecepimus
3052 2040 3227 2096 etiam
3260 2044 3324 2095 ut
3353 2057 3387 2095 a
3418 2040 3610 2112 prima
3631 2036 3824 2111 Domi-

2172 2130 2301 2185 nica
2356 2131 2642 2187 adventus
2702 2128 2931 2186 Domini
2977 2146 3166 2202 usque
3224 2132 3455 2186 octavas
3496 2131 3822 2195 transactas

2170 2218 2530 2292 Epiphaniae,
2566 2218 2685 2275 sive
2716 2236 2751 2276 a
2797 2219 2988 2292 prima
3043 2216 3343 2274 Dominica
3389 2234 3516 2301 quae
3569 2222 3658 2274 est
3687 2222 3822 2279 ante

2169 2312 2347 2380 caput
2368 2308 2732 2380 jejuniorum
2765 2324 2952 2381 usque
2970 2309 3295 2364 transactus
3312 2308 3549 2375 octavas
3560 2306 3818 2376 Pascbaa,

2166 2397 2288 2452 sive
2320 2414 2353 2451 a
2385 2396 2683 2452 Dominica
2712 2400 2845 2452 ante
2889 2395 3306 2452 Ascensionem
3354 2393 3583 2457 Domini
3631 2411 3824 2468 usque

2169 2489 2404 2542 octavas
2437 2485 2814 2541 Pentecosten
2847 2484 3126 2558 expletas,
3166 2482 3254 2539 vel
3286 2484 3357 2539 de
3404 2481 3822 2540 festivitatibus

2168 2577 2382 2631 sanctae
2416 2573 2632 2642 Mariae,
2665 2577 2724 2629 et
2753 2574 2811 2629 in
2842 2572 3060 2646 vigiliis
3107 2573 3398 2645 ejusdem,
3447 2574 3504 2627 et
3532 2572 3590 2625 in
3612 2570 3824 2643 vigilia

2169 2662 2355 2719 sancti
2386 2663 2630 2719 Joannis
2663 2662 2957 2736 Baptistae,
2992 2660 3078 2718 vel
3101 2660 3160 2717 in
3187 2660 3497 2718 festivitate
3527 2659 3819 2732 ejusdem;

2168 2755 2343 2824 atque
2374 2752 2434 2807 in
2481 2752 2696 2824 vigiliis
2745 2750 3161 2824 apostolorum,
3213 2749 3355 2805 etin
3399 2748 3823 2821 festivitatibus

2165 2842 2528 2910 eorumdem,
2562 2844 2618 2897 et
2645 2840 2704 2896 in
2736 2840 2936 2913 vigilia
2963 2838 3220 2895 Vinculae
3252 2838 3437 2894 sancti
3474 2837 3647 2906 Petri,
3677 2842 3733 2895 et
3756 2838 3819 2895 in

2164 2930 2480 2987 festivitate
2513 2930 2798 3001 ejusdem,
2831 2933 2887 2985 et
2915 2928 2976 2983 in
3004 2927 3204 3001 vigilia
3223 2932 3556 3003 sanctorum
3585 2925 3617 2983 J
3625 2926 3741 2982 usti
3756 2931 3827 2985 et

2165 3018 2504 3087 Pastoris,et
2532 3018 2898 3075 solemnitate
2908 3015 3401 3085 eorumdem,etin
3416 3014 3822 3090 vigiliasancti

2166 3107 2482 3176 Laurentii,
2525 3108 2910 3180 ejusdemque
2962 3104 3290 3173 festivitate,
3323 3110 3381 3160 et
3412 3104 3471 3160 in
3503 3103 3821 3162 festivitate

402 3198 571 3250 scant
593 3212 628 3251 a
655 3193 882 3268 laqueis
909 3193 1147 3263 diaboli,
1182 3212 1216 3250 a
1248 3195 1464 3267 quibus
1495 3197 1646 3268 capti
1677 3178 2051 3253 tenentur‘ad
2085 3178 2127 3246 (ἶ
2165 3196 2353 3252 sancti
2384 3178 2705 3264 Michaelis,
2730 3199 2789 3252 et
2814 3178 3083 3270 invigilia
3103 3195 3371 3250 omnium
3389 3188 3822 3263 sanctorum,et

396 3282 585 3356 ipsius
615 3283 996 3340 voluntatem.
1025 3284 1186 3352 Quod
1222 3283 1324 3357 qui
1352 3284 1605 3342 noluerit
1633 3286 1927 3358 perﬁcere,
1949 3302 2049 3341 no-

395 3372 543 3429 verit
574 3389 635 3429 se
667 3371 1066 3441 multandum,
1100 3373 1211 3428 nisi
1272 3374 1602 3447 resipuerit,
1651 3370 2069 3447 suprascripta.

396 3460 1018 3529 excommunicatione.
1055 3460 1341 3518 Omnibus
1373 3467 1567 3519 autem
1597 3462 1933 3535 supradicta
1955 3463 2052 3518 ob-

393 3550 760 3606 servantibus
782 3566 895 3621 pax
908 3555 963 3605 et
976 3549 1379 3607 misericordia
1390 3551 1744 3625 concedatur
1755 3569 1789 3608 a
1807 3550 2049 3608 Domino

392 3636 533 3693 Jesu
564 3636 791 3693 Christo
823 3637 917 3693 hic
948 3641 1004 3692 et
1035 3637 1091 3692 in
1123 3643 1495 3712 perpetuum.
1528 3642 1731 3696 Amen.

1170 3744 1265 3799 ΙΙΙ.

568 3813 874 3870 Concilium
903 3814 1251 3872 Narboneme
1275 3816 1525 3873 habitum
1552 3834 1696 3873 anno
1730 3819 1886 3873 1054.

462 3906 629 3959 Anno
660 3902 971 3959 Dominica:
987 3904 1414 3961 Incarnationis
1431 3905 1744 3962 millesimo
1758 3907 2047 3980 quinqua-

394 3993 617 4067 gesimo
649 3996 879 4065 quarto,
937 3992 1255 4051 indictione
1299 3995 1566 4067 septima,
1618 4000 1822 4069 epacta
1869 4014 2046 4066 nona,

394 4084 777 4138 concurrente
806 4080 874 4149 V,
908 4086 1108 4138 octavo
1138 4083 1266 4138 Kal.
1299 4084 1679 4157 Septembris,
1729 4091 2048 4143 conventus

393 4174 517 4226 erat
561 4171 714 4243 apud
750 4171 959 4226 urbem
1010 4171 1343 4229 Narbonem
1392 4173 1591 4231 decem
1622 4174 2046 4231 venerabilium

392 4258 821 4332 episcoporum,
856 4260 1132 4315 Bernardi
1164 4260 1384 4317 scilicet
1414 4262 1778 4329 Biterrensis,
1811 4268 1867 4319 et
1896 4264 2048 4319 Gon-

391 4345 908 4419 teriiAgatbensis,
940 4348 1285 4422 etRostagni
1309 4350 1699 4417 Luctevensis,
1731 4355 1789 4406 et
1810 4351 2047 4408 Arnaldi

394 4432 849 4504 Magalonensis,
914 4435 1153 4491 Froterii
1213 4453 1445 4508 quoque
1511 4438 1842 4504 Nemausis,
1907 4440 2046 4496 Gui-

395 4521 543 4576 fredi
575 4537 708 4577 vero
738 4527 1013 4578 Carcasen
1023 4524 1125 4588 sis,
1141 4523 1259 4579 imo
1272 4524 1603 4598 Berengarii
1627 4526 2044 4598 Gerundensis,

396 4608 659 4666 Guifredi
692 4609 1203 4681 Barchinonensis,
1238 4630 1342 4668 nec
1372 4630 1487 4670 non
1519 4618 1575 4671 et
1622 4614 1916 4672 Guillelmi
1948 4615 2044 4672 Al-

396 4698 652 4768 biensis;
687 4699 840 4755 inter
868 4717 1015 4772 quos
1065 4701 1223 4757 fuere
1271 4701 1446 4776 legati
1504 4703 1706 4760 domni
1755 4705 2048 4762 Guillelmi

395 4786 750 4862 Urgellensis
782 4788 1046 4845 videlicet
1067 4791 1420 4864 Berengarii,
1450 4796 1506 4847 et
1543 4792 1761 4866 Ugonis
1802 4794 2041 4851 Uzeten-

395 4876 498 4936 sis.
534 4876 885 4935 Przesidente
915 4879 1130 4936 domno
1184 4880 1485 4949 Guifredo,
1546 4883 1830 4954 praedicta:
1880 4884 2043 4939 urbis

396 4966 827 5040 archiprzesule,
881 4968 1049 5039 cujus
1096 4968 1385 5024 industria
1436 4970 2044 5044 praedictasynodus,

395 5055 718 5128 opitulante
738 5056 905 5113 Petro
929 5055 1220 5113 Ramundi
1240 5057 1473 5124 comite,
1504 5063 1678 5132 atque
1698 5060 2045 5133 Berengario

394 5145 750 5209 vicecomite,
788 5162 904 5201 una
924 5162 1057 5201 cum
1077 5146 1357 5201 abbatum
1372 5150 1429 5201 et
1458 5145 1799 5203 clericorum
1822 5166 1887 5204 ac
1909 5166 2049 5222 quo-

398 5234 669 5290 rumdam
705 5233 991 5290 nobilium
1022 5233 1833 5308 etignobiliumnoﬁminima
1857 5237 2048 5293 multi-

397 5321 621 5388 tudine,
654 5323 726 5378 ad
757 5323 1220 5378 conﬁrmandam
1272 5321 1488 5395 pariter
1518 5327 1573 5378 et
1604 5325 2046 5382 custodiendam

399 5410 621 5479 tregam
652 5413 710 5464 et
739 5428 940 5481 pacem
972 5414 1029 5468 et
1069 5411 1436 5467 dilectionem
1485 5428 1663 5484 quam
1705 5413 2050 5471 universalis

400 5494 659 5551 Ecclesia
692 5499 1336 5569 unanimiterinstituit,
1357 5504 1412 5556 et
1429 5499 1866 5558 reformandum
1892 5504 2049 5574 ejus-

402 5582 537 5653 dem
568 5586 809 5657 statum,
839 5588 979 5664 quia
998 5588 1190 5664 pravis
1209 5586 1659 5659 conculcabatur
1686 5588 2050 5666 hominibus,

2159 3285 2219 3340 in
2252 3285 2562 3342 festivitate
2581 3285 2941 3352 eorumdcm,
2970 3289 3027 3340 et
3044 3285 3101 3339 in
3117 3283 3425 3340 festivitate
3447 3281 3633 3353 sancti
3658 3282 3817 3339 Mar-

2160 3374 2287 3442 tini,
2322 3378 2378 3430 et
2404 3373 2464 3430 in
2487 3374 2734 3446 jejuniis
2763 3377 3017 3446 quatuor
3046 3378 3329 3445 tempora,
3364 3372 3426 3427 in
3455 3370 3816 3445 praescriptis

2150 3462 2416 3536 jejuniis,
2477 3462 2597 3519 sive
2654 3461 3089 3528 festivitatibus,
3147 3465 3320 3534 atque
3355 3459 3595 3536 vigiliis,
3620 3476 3808 3539 nemo

2158 3550 2626 3608 Christianorum
2654 3549 2975 3625 quemlibet
3004 3550 3185 3606 alium
3207 3548 3820 3617 Christianumlaadat,

2159 3656 2347 3713 neque
2363 3641 2746 3696 dehonestare
2762 3639 3208 3712 autdepraedare
3236 3640 3308 3694 de
3326 3638 3450 3694 suis
3475 3637 3654 3703 rebus
3670 3653 3823 3709 prae-

2159 3734 2374 3785 sumat.
2406 3731 2567 3785 Hanc
2596 3734 2817 3801 tregam
2844 3728 3073 3784 Domini
3108 3727 3355 3783 firmiter
3374 3725 3657 3794 custodiri
3679 3742 3833 3799 prae-

2159 3818 2446 3890 cipimus;
2479 3823 2535 3874 et
2565 3835 2773 3874 omnes
2820 3817 2920 3890 qui
2952 3834 3081 3874 eam
3135 3815 3451 3883 tenuerint,
3484 3818 3543 3871 et
3572 3813 3832 3871 ﬁdeliter

2161 3905 2548 3977 observarint,
2600 3907 3065 3962 benedictionem
3119 3905 3538 3978 sempiternam
3589 3903 3663 3959 ab
3691 3901 3828 3975 ipso

2155 3995 2295 4051 Jesu
2328 3994 2555 4051 Christo
2589 3995 2837 4051 Domino
2865 3994 3229 4051 etSalvatore
3254 3997 3451 4050 nostro
3472 3992 3823 4064 percipiant,

2157 4088 2213 4139 et
2241 4083 2637 4139 bzereditatem
2660 4088 2889 4138 aeternae
2912 4083 3040 4139 vitae
3074 4084 3200 4140 sine
3221 4082 3335 4138 fine
3358 4074 3817 4154 possideant.llli

2157 4176 2355 4228 autem
2388 4171 2487 4243 qui
2522 4170 2768 4227 rebelles
2824 4171 3151 4228 exstiterint
3177 4170 3266 4227 vel
3317 4173 3810 4245 transgressores,

2157 4260 2276 4316 sive
2308 4260 2408 4332 qui
2440 4258 2720 4316 auxilium
2752 4260 2836 4316 eis
2867 4259 2925 4315 in
2957 4260 3153 4332 aliquo
3184 4257 3555 4332 prmbuerint,
3582 4256 3811 4314 tamdiu

2157 4349 2550 4406 anathematis
2562 4348 2791 4405 vinculo
2805 4350 3464 4421 subjaceantquousgue
3477 4346 3651 4421 digne
3662 4345 3818 4407 arbi-

2157 4438 2268 4493 trio
2301 4437 2518 4511 proprii
2542 4438 2799 4511 episcOpi
2822 4435 3204 4494 satisfaciant.
3240 4436 3297 4492 SI
3332 4436 3467 4509 quis
3498 4440 3693 4491 autem
3712 4449 3813 4491 vo-

2157 4525 2408 4583 luntarie
2428 4525 2515 4582 vel
2532 4526 2784 4582 scienter
2798 4524 3091 4581 hominem
3110 4525 3387 4582 occiderit
3404 4524 3461 4580 in
3480 4521 3589 4595 hac
3604 4525 3819 4599 treuga

2156 4620 2260 4671 aut
2291 4614 2863 4689 apprehenderit,aut
2886 4619 3145 4671 castrum
3162 4613 3479 4686 cujuslibet
3500 4610 3699 4667 tulerit
3711 4614 3820 4673 aut

2159 4704 2527 4772 destruxerit,
2562 4708 2663 4760 aut
2693 4703 2867 4770 in,....
2886 4703 3166 4759 indictam
3185 4707 3449 4775 treugam
3480 4697 3817 4759 insidiando

2159 4799 2259 4849 aut
2288 4793 2606 4866 aguitando
2638 4793 2825 4848 facere
2855 4791 3057 4849 volens
3073 4792 3490 4865 comprobatus
3519 4788 3723 4863 fuerit,
3738 4788 3815 4847 ab

2152 4882 2311 4938 omni
2343 4885 2495 4937 coetu
2526 4881 2992 4937 Christianorum
3016 4880 3327 4937 definitum
3350 4883 3440 4935 est
3470 4883 3535 4934 ut
3564 4877 3620 4932 in
3645 4876 3810 4947 omni

2152 4971 2278 5027 vitae
2301 4988 2419 5027 suae
2450 4974 2728 5042 perpetuo
2762 4969 3075 5025 damnetur
3103 4968 3329 5025 exsilio.
3357 4969 3415 5024 Si
3445 4966 3579 5041 quis
3610 4968 3816 5043 autem

2155 5059 2323 5116 aliter
2351 5057 2524 5114 alicui
2556 5058 2819 5132 aliquam
2851 5059 3131 5131 injuriam
3163 5058 3361 5115 fecerit
3386 5061 3485 5114 aut
3501 5056 3815 5122 damnum,

2146 5149 2214 5204 in
2237 5147 2464 5220 judicio
2496 5148 2713 5221 proprii
2737 5148 2992 5220 episcopi
3017 5151 3120 5204 aut
3140 5146 3481 5205 clericorum
3517 5143 3814 5217 ejusdem,

2156 5237 2372 5310 quibus
2400 5236 2555 5293 idem
2586 5235 2895 5309 episcopus
2926 5236 3312 5304 commiserit,
3342 5233 3668 5292 secundum
3690 5248 3821 5288 mo-

2157 5327 2300 5382 dum
2331 5324 2513 5397 culpaa
2545 5324 2921 5382 directionem
2951 5325 3125 5382 faciat
3174 5342 3276 5398 per
3296 5323 3592 5398 judicium
3645 5337 3816 5395 aqua:

2158 5413 2402 5487 frigidae,
2437 5417 2539 5469 aut
2568 5430 2670 5486 per
2697 5413 2992 5481 exsilium,
3027 5415 3175 5473 sicut
3202 5418 3489 5470 statutum
3529 5413 3638 5467 est.
3672 5409 3818 5474 Qui-

2159 5518 2390 5574 cunque
2414 5518 2548 5558 vero
2579 5503 3085 5576 appropinquante
3138 5501 3607 5574 Quadragesimae
3656 5494 3818 5555 tem-

2162 5607 2320 5671 pore,
2373 5591 2492 5651 sive
2540 5590 2910 5652 Ascensionis
2967 5592 3219 5666 Domini,
3277 5589 3368 5652 vel
3414 5589 3816 5665 Pentecosten,
