3982 6172
145 279 264 352 745

1257 276 1579 342 ΜοΝυΜ.
1626 277 1727 338 ne
1771 273 2090 361 TREUGA
2130 271 2434 356 DOMINI.

3434 281 3562 351 7.46.

144 426 377 467 necnon
408 413 465 466 et
493 409 790 467 Adventus
819 410 1071 480 Domini,
1089 410 1185 484 qui
1209 416 1295 468 est
1326 429 1427 484 per
1443 415 1665 484 tregam
1690 410 1797 466 Do-
1829 408 1884 475 Α
1912 407 2029 462 lere
2060 412 2392 479 praesumat,
2427 423 2530 463 nec
2578 393 2796 481 aliquid
2829 409 2963 465 inde
3001 425 3312 483 usurpare;
3365 429 3558 486 neque

140 500 313 564 mini,
336 503 596 570 castrum
626 499 712 555 vel
745 500 1132 556 munitionem
1167 505 1501 557 construere
1529 499 1796 566 voluerit,

137 606 256 645 non
303 587 386 644 illi
436 569 619 646 facerb
671 589 779 645 hoc
827 589 1016 657 liceat,
1043 590 1154 646 nisi
1204 593 1352 646 duas
1399 589 1797 645 hebdomadas

135 678 368 734 cunctis
387 678 706 735 scientibus
726 682 860 734 ante
879 680 1222 752 praedictum
1241 684 1473 750 tempus
1492 677 1793 751 incipiant.

134 767 218 823 De
239 767 606 824 debitoribus
627 785 759 823 vero
786 771 842 823 et
870 768 1318 839 ﬁdejussoribus
1341 768 1712 840 przecipimus
1735 769 1800 820 ut

139 855 188 912 si
219 857 578 912 contendunt
608 873 674 912 ea
705 873 831 928 quae
859 857 1497 929 debent,projiciantur
1516 858 1588 912 ab
1609 855 1799 912 Eccle-

138 945 247 1011 sia,
272 948 330 1001 et
358 945 418 1000 in
450 944 685 1001 illorum
709 947 1015 1016 parochias
1037 963 1208 1002 nemo
1234 947 1405 1001 faciat
1431 963 1660 1002 sacrum
1694 945 1797 999 mi-

138 1034 450 1090 nisterium
467 1050 653 1106 usque
673 1035 1298 1107 priescriptidebitorcs
1320 1037 1564 1090 reddant
1582 1035 1793 1090 debita.

139 1123 360 1180 Oliveta
391 1140 666 1195 namque,
688 1125 860 1195 cujus
891 1125 1236 1197 pignoribus
1267 1125 1325 1178 in
1361 1125 1486 1196 ipso
1509 1140 1794 1195 aquarum

139 1212 358 1268 diluvio
391 1229 592 1286 pacem
623 1212 876 1285 legimus
902 1213 1074 1269 terris
1106 1214 1416 1281 redditam,
1441 1218 1497 1268 et
1527 1215 1597 1268 de
1629 1213 1796 1283 cujus

136 1300 364 1372 liquore
395 1305 664 1356 sanctum
692 1300 950 1356 chrisma
983 1302 1310 1368 conﬁcitur,
1334 1318 1558 1357 necnon
1581 1306 1638 1357 et
1659 1301 1795 1357 alta-

137 1389 227 1446 ria
256 1395 460 1446 sancta
505 1389 939 1458 illuminantur,
976 1391 1086 1446 sub
1140 1396 1259 1446 tam
1313 1393 1542 1446 ﬁrmam
1593 1407 1795 1463 pacem

137 1479 458 1535 statuimus
491 1483 556 1535 ut
602 1497 774 1536 nemo
807 1479 1272 1536 Christianorum
1305 1497 1433 1536 eam
1488 1479 1797 1551 praecidere

139 1569 369 1636 audeat,
384 1568 471 1624 vel
494 1569 563 1624 ad
590 1569 1019 1624 deformitatem
1046 1574 1335 1636 truncare,
1364 1585 1551 1640 neque
1573 1584 1799 1624 earum-

136 1658 270 1713 dem
302 1657 527 1712 fructus
571 1657 976 1729 rapere.0uod
1019 1657 1119 1729 qui
1172 1658 1581 1728 fecerit,juxta
1640 1657 1792 1727 quod

137 1745 447 1802 deﬁnitum
480 1746 550 1801 de
598 1746 842 1813 caeteris,
876 1763 980 1817 per
1019 1751 1243 1818 tregam
1276 1746 1376 1801 Dei
1409 1763 1477 1800 ea
1506 1746 1792 1801 emendet.
1825 1781 1873 1846 Β

137 1835 286 1890 Oves
316 1849 452 1906 ergo
483 1838 542 1890 et
574 1850 775 1889 earum
824 1839 1087 1906 pastores
1134 1851 1233 1890 eas
1283 1835 1680 1890 custodientes
1713 1835 1796 1889 si-

137 1923 360 1979 militer
389 1923 449 1978 in
479 1927 704 1997 tregam
757 1923 854 1979 Dei
885 1930 1270 1996 permaneant
1316 1924 1542 1979 cunctis
1590 1923 1797 1979 diebus

133 2012 197 2068 in
231 2011 457 2068 cunctis
486 2012 649 2080 locis,
678 2013 760 2068 ita
807 2017 872 2069 ut
921 2013 1122 2069 nullus
1155 2012 1524 2068 Christianus
1568 2030 1666 2068 eas
1699 2013 1796 2068 de-

135 2101 396 2174 praedare
427 2107 764 2174 praesumat,
797 2119 985 2174 neque
1030 2102 1162 2158 illas
1211 2119 1398 2173 neque
1428 2101 1662 2156 illarum
1695 2119 1796 2174 pa-

132 2195 325 2247 stores
353 2191 562 2248 lmdere
586 2191 674 2247 vel
705 2192 994 2247 invadere.
1021 2193 1182 2258 Quod
1209 2193 1308 2264 qui
1334 2193 1550 2257 fecerit,
1576 2207 1676 2262 per
1697 2192 1797 2248 Dei

130 2286 359 2353 tregam
393 2281 502 2337 hoc
532 2284 722 2338 totum
753 2282 1044 2337 emendet.

837 2423 906 2461 DE
947 2423 1102 2461 PACE.

206 2525 416 2578 Pacem
468 2526 666 2578 autem
700 2539 734 2578 a
776 2522 945 2578 nobis
997 2524 1117 2578 sive
1166 2539 1199 2577 a
1248 2521 1613 2594 principibus
1657 2522 1796 2576 olim

139 2611 523 2667 constitutam
567 2611 920 2668 mandamus
952 2612 1070 2667 sive
1102 2612 1410 2667 ﬁrmamus
1457 2616 1522 2665 ut
1569 2612 1640 2667 ab
1693 2612 1800 2666 ho-

142 2697 346 2758 dierna
376 2700 468 2756 die
497 2704 554 2756 et
583 2700 857 2773 deinceps
905 2700 1212 2757 ecclesiam
1246 2700 1444 2756 nullus
1493 2701 1799 2757 hominum

140 2789 446 2862 infringat,
482 2805 670 2862 neque
702 2791 1038 2846 mansiones
1071 2807 1198 2860 qua:
1244 2790 1302 2844 in
1336 2790 1584 2845 circuitu
1614 2790 1800 2845 eccle-

141 2877 366 2933 siarum
398 2882 644 2935 suntet
692 2883 883 2948 erunt,
919 2896 1107 2951 neque
1138 2879 1357 2950 aliquid
1408 2896 1477 2935 ex
1525 2879 1801 2934 omnibus

141 2985 269 3039 quae
300 2967 454 3022 infra
495 2985 604 3023 xxx
649 2985 862 3041 passus
893 2974 1032 3024 sunt
1081 2968 1336 3024 ecclesiae
1368 2973 1424 3024 et
1453 2973 1644 3035 erunt,
1674 2968 1801 3024 vio—

137 3056 327 3112 lenter
355 3057 582 3112 auferre
614 3058 849 3126 audeat,
881 3062 982 3112 aut
1013 3075 1364 3130 praesumere
1405 3058 1540 3128 (nisi
1573 3058 1800 3128 cpisco-

1910 513 2012 568 per
2039 497 2178 565 vim,
2212 514 2399 569 neque
2430 514 2532 568 per
2566 497 2864 564 vicariam,
2887 515 3074 572 neque
3105 516 3207 572 per
3237 500 3560 567 districtio-

1909 602 2042 640 nem
2101 586 2180 639 ibi
2233 585 2410 641 ullam
2473 587 2930 658 hospitalitatem
2989 589 3254 661 accipiat,
3288 590 3400 646 nisi
3458 609 3562 664 per

1911 673 2249 730 missionem
2282 675 2369 730 vel
2410 677 2630 731 donum
2677 677 3082 749 episcoporum
3112 679 3202 734 vel
3253 680 3560 745 canonico-

1909 779 2039 817 rum
2072 767 2127 818 et
2157 763 2460 833 abbatum,
2484 766 2555 819 ad
2587 781 2737 836 quos
2768 767 2998 840 proprie
3029 768 3230 824 eadem
3261 784 3354 824 res
3385 770 3561 841 perti-

1908 851 2118 920 nuerit,
2162 853 2462 923 acquirere
2512 855 2823 926 potuerint.
2860 857 3104 928 Insuper
3148 873 3246 912 eas
3291 857 3458 915 villas
3508 863 3566 916 et

1908 958 2168 1007 mansos,
2193 946 2379 998 terras
2413 947 2467 999 et
2496 943 2715 1011 vineas,
2739 945 2859 1001 sive
2882 945 3175 1011 ecclesias,
3202 963 3328 1019 quae
3360 964 3394 1002 a
3421 949 3562 1004 fide-

1908 1029 2062 1086 libus
2088 1031 2190 1085 Dei
2237 1030 2456 1086 collatce
2497 1048 2624 1088 esse
2662 1033 2936 1088 videntur
2964 1034 3024 1089 in
3057 1051 3204 1106 opus
3253 1036 3560 1100 canonico-

1908 1137 2060 1186 rum,
2090 1123 2155 1174 ut
2186 1137 2495 1176 commune
2518 1121 2653 1176 inde
2674 1122 2949 1194 viverent,
2967 1139 3092 1194 quae
3113 1125 3396 1180 veraciter
3414 1124 3565 1188 scire

1907 1213 2098 1280 potest
2129 1210 2184 1264 in
2219 1209 2327 1264 hoc
2378 1227 2526 1281 opus
2584 1211 2721 1266 data
2777 1226 2903 1266 esse
2962 1218 3306 1282 noscuntur,
3339 1213 3564 1271 nullius

1906 1314 2158 1368 persona
2187 1298 2493 1353 hominum
2541 1317 2721 1354 ausus
2773 1299 2850 1355 sit
2897 1301 3111 1357 habere
3152 1302 3242 1358 vel
3287 1302 3560 1372 retinere,

1906 1402 2096 1458 neque
2137 1403 2239 1458 per
2267 1386 2567 1456 vicariam,
2602 1405 2790 1461 neque
2841 1405 2943 1461 per
2992 1390 3206 1459 fevum,
3239 1407 3430 1464 neque
3460 1408 3564 1464 per

1906 1475 2211 1545 bajuliam,
2247 1493 2432 1547 neque
2463 1494 2566 1548 per
2595 1476 2777 1532 ullam
2799 1495 3018 1547 vocem,
3049 1479 3176 1535 sine
3205 1480 3443 1554 propria
3469 1497 3565 1538 vo-

1905 1562 2127 1618 luntate
2159 1564 2416 1636 episcopi
2461 1569 2517 1620 et
2556 1566 2994 1636 canonicorum,
3022 1568 3110 1624 vel
3139 1568 3440 1639 abbatum,
3465 1587 3564 1626 ca-

1909 1651 2274 1721 nonicorum,
2303 1657 2404 1708 aut
2436 1670 2582 1726 quos
2627 1673 2725 1711 eas
2774 1672 2866 1711 res
2898 1657 3185 1731 pertinere
3217 1663 3564 1728 noscuntur,

1907 1758 2040 1795 cum
2073 1741 2368 1797 voluntate
2401 1743 2812 1799 canonicorum
2847 1762 3110 1814 suorum,
3138 1746 3252 1803 nisi
3279 1751 3571 1819 quantum.

1907 1830 2226 1901 praescripti
2250 1831 2511 1886 canonici
2533 1849 2666 1887 cum
2689 1833 3047 1904 praescriptis
3069 1834 3398 1892 senioribus
3417 1851 3569 1892 com-

1908 1919 2166 1974 muniter
2194 1919 2502 1976 voluerint.
3341 1989 3343 1993 η

1979 2009 2306 2063 Statuimus
2325 2013 2520 2065 autem
2541 2013 2690 2065 inter
2702 2027 2804 2067 vos
2823 2011 2893 2066 de
2905 2012 3374 2070 contentionibus
3391 2017 3571 2071 terra-

1909 2113 2059 2168 rum,
2084 2100 2140 2152 et
2159 2098 2228 2151 de
2259 2097 2624 2154 debitoribus
2654 2103 2711 2154 et
2739 2099 3210 2170 ﬁdejussoribus,
3233 2101 3336 2158 Dei
3364 2105 3565 2160 aucto-

1906 2185 2076 2240 ritate
2107 2189 2161 2240 et
2206 2189 2425 2254 nostra,
2461 2191 2525 2241 ut
2572 2203 2744 2242 nemo
2776 2204 2844 2243 ex
2883 2188 2966 2244 eis
2995 2188 3315 2247 vindictam
3369 2196 3569 2248 sumat

1907 2274 2090 2330 donec
2121 2279 2255 2331 ante
2287 2275 2376 2330 sui
2418 2275 2638 2347 proprii
2670 2276 2928 2348 episcopi
2967 2281 3024 2333 et
3060 2278 3364 2350 potestatis
3394 2281 3565 2351 cujus

1907 2362 2147 2418 ditionis
2191 2364 2363 2418 fuerit
2406 2366 2777 2434 praesentiam
2827 2365 3091 2434 veniens,
3123 2385 3363 2425 causam
3394 2385 3564 2425 suam

1907 2455 2291 2522 exponant,ut
2308 2451 2558 2523 alicujus
2574 2470 2708 2510 eoru
2720 2455 3012 2526 mjudicio
3028 2457 3376 2515 terminetur
3389 2462 3568 2530 atque

1908 2541 2239 2595 deﬁniatur.
2273 2542 2596 2614 Episcopus
2655 2546 2854 2599 autem
2889 2547 2945 2598 et
2983 2544 3256 2618 princeps
3308 2546 3566 2619 regionis

1910 2629 2350 2701 ipsius,quibus
2381 2631 2583 2686 eadem
2618 2648 2709 2687 res
2736 2633 3083 2703 pertinuerit
3114 2636 3186 2690 ad
3220 2633 3570 2707 distringen-

1910 2719 2072 2788 dum,
2122 2723 2326 2774 noceat
2384 2719 2704 2790 resistenti,
2766 2725 2824 2776 et
2882 2722 3117 2792 adjuvet
3173 2723 3568 2781 obedientem.

1907 2807 2112 2864 Nullus
2171 2808 2346 2863 etiam
2395 2809 2863 2866 Christianorum
2912 2809 3097 2866 ullam
3171 2813 3569 2870 substantiam

1905 2897 2106 2952 villani
2139 2914 2254 2952 non
2287 2899 2709 2969 apprehendat,
2743 2899 2857 2955 nisi
2883 2904 3114 2957 tantum
3146 2917 3361 2973 corpus
3391 2918 3571 2959 suum

1910 2974 2011 3058 per
2042 2987 2413 3042 forfacturam
2462 3004 2640 3058 quam
2692 2988 2816 3059 ipse
2871 3005 2974 3060 per
3021 3007 3084 3045 se
3135 2990 3338 3060 faciat,
3367 2995 3426 3047 et
3453 3008 3570 3048 non

1911 3075 2223 3146 distringat
2252 3091 2385 3130 eum
2420 3075 2532 3131 nisi
2563 3093 2666 3146 per
2697 3077 3004 3133 directum.
3039 3078 3430 3136 Caballarium
3462 3096 3570 3135 au-

141 3161 274 3240 P“§:
300 3148 401 3200 θουῖ
431 3145 526 3240 cili
569 3145 692 3240 ipse
717 3146 991 3240 dusserit:
1026 3150 1282 3240 PPOPt9P_
1314 3164 1488 3240 51mm
1534 3162 1796 3240 censum:
1833 3151 1876 3218 C
1914 3168 2030 3220 tem
2081 3145 2250 3219 nemo
2295 3145 2712 3234 apprehendat,
2747 3168 2812 3218 ut
2851 3167 3022 3221 redut
3051 3166 3128 3237 (3)
3159 3167 3332 3223 faciat
3380 3185 3570 3240 neque

141 3237 248 3288 aut
295 3236 530 3306 propter
571 3233 871 3290 hominem
915 3235 1510 3302 cxcommunicatum,
1564 3239 1802 3305 excepta

142 3322 471 3378 munitione
501 3341 628 3395 quae
655 3325 808 3379 infra
837 3325 1146 3397 praedictos
1173 3342 1384 3396 passus
1415 3342 1525 3379 xxx
1548 3324 1803 3379 ecclesiae

141 3412 259 3466 sita
289 3411 483 3483 fuerit)
515 3413 585 3468 ad
621 3413 1032 3468 concitandum
1076 3413 1228 3469 bella
1275 3417 1332 3469 et
1381 3414 1803 3484 contentiones.

141 3500 467 3556 Censemus
500 3501 712 3556 iterum
763 3507 828 3557 ut
875 3518 946 3557 ne
980 3503 1114 3574 quis
1146 3502 1451 3558 hominum
1501 3507 1684 3558 terras
1715 3502 1804 3556 vel

142 3605 238 3644 res
266 3589 674 3662 cujuscunque
716 3590 970 3646 ecclesiae
1001 3591 1295 3646 vindicare
1336 3595 1651 3662 praesumat
1680 3591 1806 3646 sine

143 3677 297 3732 dono
329 3681 385 3731 et
424 3678 811 3750 permissione
861 3679 1020 3734 illius
1069 3681 1242 3749 cujus
1300 3681 1502 3736 eadem
1563 3679 1808 3736 ecclesia

147 3765 346 3820 fuerit.
381 3765 664 3823 Redditus
708 3785 841 3824 vero
873 3768 1183 3841 synodales
1216 3785 1384 3825 nemo
1435 3768 1714 3824 laicorum
1747 3770 1805 3825 in

145 3869 297 3926 opus
319 3870 495 3910 suum
520 3854 764 3912 retineat
790 3861 996 3929 praeter
1026 3874 1380 3914 consensum
1403 3858 1806 3929 episcoporum

142 3942 234 3997 vel
270 3941 636 4012 clericorum,
672 3947 773 4001 sed
807 3946 1022 4018 quibus
1065 3949 1199 4017 jure
1239 3948 1524 4002 debentur
1567 3949 1807 4003 omnino

147 4031 440 4087 restituat.
475 4034 781 4090 Monemus
833 4036 1041 4090 iterum
1087 4041 1151 4091 ut
1183 4035 1382 4090 nullus
1429 4035 1713 4090 laicorum
1747 4036 1805 4090 in

146 4137 298 4192 opus
323 4138 499 4177 suum
523 4123 771 4179 retineat
793 4123 1104 4196 primitias,
1131 4141 1318 4196 neque
1342 4125 1688 4192 oblationes,
1714 4141 1810 4180 ne-

147 4225 261 4280 que
307 4211 772 4268 coemeteriorum
803 4213 1008 4285 pretia,
1034 4230 1224 4284 neque
1269 4231 1393 4281 ova,
1423 4217 1526 4269 aut
1572 4231 1638 4268 ea
1679 4231 1805 4284 qua:

149 4298 221 4354 ad
256 4314 354 4353 eos
384 4299 600 4356 dantur
646 4318 748 4373 per
797 4301 1194 4374 aspersionem
1244 4303 1383 4358 salis
1432 4306 1488 4358 et
1537 4320 1698 4374 aqua:
1749 4303 1807 4358 in

148 4387 328 4441 Coena
356 4389 607 4456 Domini,
643 4408 829 4462 neque
880 4392 1238 4464 trigintarios
1282 4394 1381 4462 (les
1428 4393 1808 4463 trentmza-z'rcs)

151 4475 254 4545 qui
299 4480 452 4532 recte
502 4477 787 4534 debentur
818 4498 851 4534 a
883 4479 1106 4536 clericis
1169 4480 1342 4551 recipi
1395 4496 1498 4551 pro
1548 4480 1808 4534 ﬁdelium

150 4563 562 4621 defunctorum
609 4569 993 4638 orationibus,
1027 4570 1127 4624 sed
1161 4568 1387 4624 clericis
1438 4568 1539 4640 qui
1589 4569 1810 4624 eisdem

148 4650 418 4709 ecclesiis
449 4660 707 4726 praesunt
729 4658 973 4713 utendos
1001 4658 1324 4729 relinquat;
1355 4673 1459 4713 nec
1481 4657 1806 4728 quidquam

150 4755 224 4794 ex
254 4740 379 4796 fevo
425 4745 580 4814 quod
638 4762 740 4818 pro
788 4747 989 4802 eadem
1041 4747 1284 4803 ecclesia
1333 4751 1492 4802 tenet
1545 4747 1809 4801 minuere

151 4833 738 4899 praesumatClericis
763 4851 1015 4907 quoque,
1036 4835 1360 4902 monachis,
1386 4841 1561 4907 atque
1595 4836 1808 4890 sancti—

93 4935 100 4942 ε
156 4917 518 4976 monialibus
559 4924 810 4992 feminis,
837 4929 892 4979 et
921 4925 1234 4982 comitibus
1282 4943 1485 4980 eorum
1538 4923 1814 4979 militaria

155 5022 327 5062 arma
359 5026 471 5064 non
506 5014 900 5084 portantibus,
937 5019 1000 5069 ut
1031 5013 1250 5085 aliquid
1296 5031 1364 5069 ex
1412 5015 1580 5070 bonis
1613 5030 1812 5068 eorum

155 5111 334 5150 nemo
367 5100 786 5170 apprehendat,
829 5120 931 5158 nec
966 5103 1243 5176 rapiendo
1276 5104 1518 5159 auferat.
1546 5103 1653 5158 Eas
1683 5118 1814 5158 vero

156 5201 272 5248 res,
299 5190 355 5240 et
386 5191 591 5258 terras,
612 5208 678 5246 ac
715 5190 934 5260 vineas,
961 5197 1017 5248 et
1039 5197 1243 5247 caetera
1274 5210 1400 5264 qua:
1449 5192 1508 5246 in
1549 5193 1651 5262 jus
1679 5209 1816 5264 pro-

158 5271 356 5344 prium
383 5293 448 5332 ac
470 5278 796 5336 dominium
819 5281 1101 5351 canonici,
1118 5285 1174 5338 et
1191 5282 1484 5350 monachi,
1505 5282 1820 5338 sanctimo-

157 5361 349 5418 niales
377 5365 604 5423 feminae
634 5369 852 5426 habent
890 5376 946 5426 et
993 5371 1207 5428 habere
1238 5376 1584 5442 noscuntur,
1619 5370 1822 5428 nullus

157 5449 474 5539 hominum
506 5458 595 5514 vel
627 5459 980 5517 feminarum
1020 5461 1314 5533 invadere,
1342 5477 1544 5537 rapere
1576 5465 1678 5520 aut
1706 5461 1821 5521 tol-

166 5567 314 5664 υέ(3)
340 5570 465 5632 Vox
495 5579 788 5650 corrupta.

488 5700 758 5771 PATROL.
804 5702 947 5769 GLI.

1914 3253 2107 3319 faciat,
2143 3269 2331 3322 neque
2363 3252 2756 3308 substantiam
2801 3254 2928 3322 ejus
2971 3253 3158 3323 tollat,
3191 3255 3304 3310 nisi
3331 3259 3565 3310 tantum

1914 3360 2016 3414 per
2085 3341 2394 3396 directum.
2430 3341 2682 3412 Rapinas
2722 3345 2779 3396 et
2818 3335 3044 3412 praedas
3093 3359 3162 3398 ex
3207 3342 3570 3414 quibuslibet

1913 3430 2378 3487 Christianorum
2403 3445 2572 3484 nemo
2593 3429 2851 3485 virorum
2885 3435 2988 3486 aut
3016 3431 3330 3488 mulierum
3362 3431 3557 3488 faciat.

1915 3519 2290 3590 Praecipimus
2319 3517 2494 3572 etiam
2521 3522 2586 3572 ut
2613 3535 2794 3589 equas
2817 3535 2988 3574 nemo
3008 3519 3216 3591 rapiat,
3241 3519 3354 3576 nisi
3381 3520 3558 3576 homo

1917 3608 2167 3678 desuper
2185 3605 2453 3660 inventus
2484 3605 2657 3660 fuerit
2687 3610 2967 3662 armatus.
2991 3607 3190 3663 Aleses
3223 3625 3357 3664 vero
3388 3624 3560 3665 nemo

1916 3697 2208 3753 incendat.
2263 3695 2394 3750 Furi
2453 3700 2769 3766 praenotata
2819 3699 2875 3751 et
2922 3697 3179 3768 publico,
3234 3698 3565 3771 latronique

1918 3791 2090 3858 atque
2123 3784 2381 3857 praedoni
2414 3785 2471 3839 in
2515 3784 2860 3841 Christianis
2890 3803 3058 3842 nemo
3109 3786 3392 3844 auxilium
3424 3803 3570 3860 prte-

1916 3876 2070 3941 beat,
2095 3889 2282 3944 neque
2315 3873 2385 3926 ad
2432 3872 2576 3928 illud
2628 3875 2919 3946 agendum
2971 3891 3107 3931 eum
3156 3877 3464 3943 conducat,
3513 3893 3577 3932 se

1917 3964 2157 4028 sciente,
2192 3978 2378 4032 usque
2412 3963 2481 4017 ad
2515 3963 2973 4019 satisfactionem
3009 3965 3263 4021 veniant.
3299 3964 3575 4035 Negotia-

1917 4056 2072 4106 tores
2102 4054 2158 4107 et
2189 4054 2444 4105 oratores
2476 4051 2575 4120 qui
2606 4051 2797 4106 ferunt
2820 4057 3076 4123 sportas,
3101 4070 3272 4110 nemo
3305 4053 3576 4109 substan-

1916 4141 2058 4196 tiam
2091 4156 2294 4196 eorum
2326 4139 2748 4211 apprehendat.

1989 4234 2148 4284 Hanc
2181 4233 2377 4283 autem
2409 4227 2836 4285 institutionem
2879 4230 3218 4301 praedictam
3267 4245 3577 4287 monemus

1919 4319 2135 4392 pariter
2164 4323 2219 4372 et
2250 4319 2626 4373 obsecramus
2653 4321 2719 4371 ut
2739 4333 2942 4374 omnes
2966 4319 3235 4377 homines
3266 4324 3322 4376 et
3348 4319 3578 4376 femina:

1918 4411 1978 4464 in
1998 4407 2293 4480 praedictis
2313 4407 2686 4462 comitatibus
2710 4406 2827 4462 sive
2850 4408 3284 4482 episcopatibus
3301 4411 3578 4482 degentes

1843 4519 1888 4585 ι)
1921 4500 2167 4554 ﬁrmiter
2187 4501 2424 4554 teneant
2447 4501 2621 4567 atque
2644 4497 2863 4553 intente
2898 4499 3231 4556 custodiant
3251 4500 3577 4556 secundum

1923 4607 2096 4645 suum
2128 4605 2320 4659 posse.
2345 4588 2508 4650 Quod
2542 4587 2589 4643 si
2623 4588 2755 4658 quis
2786 4590 3126 4646 eorumdem
3160 4591 3470 4648 hominum
3490 4587 3579 4644 vel

1916 4677 2266 4732 feminarum
2292 4675 2627 4746 praedictam
2658 4693 2858 4745 pacem
2882 4696 2948 4733 ac
2977 4679 3408 4736 institutionem
3436 4695 3582 4751 praa-

1919 4767 2264 4835 sumptuose
2292 4763 2612 4835 infregerit,
2641 4768 2698 4818 et
2730 4765 2882 4821 infra
2911 4784 2966 4821 x1
2998 4767 3122 4823 dies
3155 4785 3271 4823 non
3304 4768 3585 4824 emenda-

1920 4854 2084 4920 verit,
2110 4853 2333 4908 noverit
2364 4869 2424 4906 se
2455 4853 2660 4907 tandiu
2693 4858 3030 4910 extraneum
3056 4873 3089 4910 a
3110 4856 3583 4912 Christianorum

1924 4941 2212 4998 consortio
2246 4945 2302 4994 et
2331 4958 2363 4995 a
2393 4940 2698 4996 liminibus
2732 4947 2945 4998 sancta
2969 4943 3069 4997 Dei
3093 4943 3363 4998 Ecclesize
3397 4958 3585 5014 segre-

1925 5035 2126 5103 gatum
2156 5030 2335 5083 donec
2358 5028 2408 5083 ei
2433 5029 2524 5083 cui
2560 5030 2843 5086 damnum
2877 5030 3182 5102 pertulerit
3213 5031 3460 5103 duplum
3493 5047 3588 5084 re-

1889 5152 1892 5155 -
1927 5119 2150 5186 stituat,
2176 5121 2232 5172 ct
2262 5117 2535 5188 potestati
2583 5116 2742 5174 illius
2772 5125 2936 5175 terrae
2969 5121 3027 5175 in
3059 5137 3177 5192 qua
3208 5119 3352 5175 illud
3394 5123 3587 5175 actum

1929 5209 2104 5264 fuerit
2153 5225 2224 5262 XL
2272 5206 2490 5263 solidos
2531 5209 2833 5276 emendet;
2893 5213 2949 5265 et
2994 5210 3267 5282 episcopo
3323 5209 3589 5280 ejusdem

1928 5303 2094 5354 terra:
2124 5297 2413 5366 emendet,
2439 5314 2615 5370 manu
2653 5298 2889 5370 propria
2912 5299 3167 5370 jurando
3200 5315 3375 5372 super
3405 5297 3590 5356 altare

1932 5387 2108 5458 sedis,
2133 5391 2234 5444 aut
2265 5403 2441 5460 super
2471 5405 2586 5462 quo
2616 5386 3025 5460 liberavit,quo
3049 5388 3358 5463 episcopus
3385 5390 3590 5461 jusse-

1932 5477 2026 5547 rit,
2047 5477 2188 5553 quia
2219 5477 2475 5552 amplius
2506 5479 2816 5538 emeudare
2846 5495 2963 5537 non
2993 5479 3201 5539 debeat
3247 5497 3351 5556 pro
3394 5483 3590 5540 trans-

3190 5699 3271 5767 Ἡ

2960 5763 3016 5778 διι.
