3982 6172
383 237 501 299 ’147

1122 238 1311 301 ΞιλΕΟ.
1355 237 1433 299 XI
1477 235 1709 300 AUCT.
1754 229 2066 298 INCERTI

2197 234 2309 297 1N1
2355 229 2456 297 ET
2504 230 2802 298 SCRIPT.
2849 240 3074 290 ’AAEZII.

3680 230 3814 298 748

384 370 681 444 gressione
711 372 1357 441 excommunicationis;
1405 375 1505 428 aut
1551 368 1821 426 emendet
1869 369 1920 424 ei
1966 386 2038 424 xr.
2064 373 2121 440 Α
2153 369 2379 426 nocenti
2408 372 2508 425 aut
2537 368 2828 425 innocenti
2862 367 3085 424 malum
3113 367 3360 441 ingerat,
3379 366 3495 424 nisi
3516 383 3652 424 cum
3675 367 3815 442 ipso

385 460 604 516 solidos
649 460 774 517 sine
824 466 1208 518 sacramento.
1240 460 1503 516 Dicimus
1552 459 1763 516 iterum
1810 464 1874 514 ut
1922 459 2045 514 haec

386 549 676 605 institutio
709 551 779 606 ab
811 551 1085 606 omnibus
1118 550 1365 606 ﬁrmiter
1397 553 1668 606 teneatur
1695 548 1848 604 sicut
1879 555 2050 618 supe‘

386 638 510 694 rius
542 639 826 712 scriptum
858 643 964 707 est,
988 643 1195 710 praeter
1241 655 1338 694 eos
1373 638 1473 710 qui
1505 639 1574 693 de
1605 655 1710 693 suo
1762 636 1928 692 alode
1959 640 2047 694 vel

385 728 511 784 fevo
543 728 660 784 sive
703 728 921 800 bajulia
965 727 1334 783 institutores
1366 727 1712 783 exstiterint.
1739 728 1926 794 Quam
1956 726 2046 781 in-

385 817 749 873 stitutionem
782 817 1116 889 quicunque
1148 821 1560 888 transgressus
1593 816 1786 881 fuerit,
1811 816 2048 871 obedire

386 906 587 962 nolens
609 906 963 978 supradictis
985 905 1486 973 institutionibus,
1511 906 1814 977 presbyter
1841 904 1891 960 ei
1914 904 2050 959 mis-

384 1011 511 1051 sam
561 1013 676 1051 non
730 999 947 1062 cantet,
1002 1013 1188 1068 neque
1237 996 1426 1052 ullum
1477 1013 1712 1052 sacrum
1762 994 2044 1063 officium,

385 1100 573 1156 neque
603 1085 997 1140 communicet
1026 1102 1182 1152 eum,
1216 1085 1304 1141 vel
1338 1084 1599 1156 sepeliet,
1627 1102 1687 1140 se
1718 1084 1955 1140 sciente.
1990 1076 2048 1137 Si

384 1177 582 1229 autem
614 1173 893 1245 quislibet
940 1172 1255 1229 hominum
1286 1173 1374 1228 vel
1425 1173 1779 1230 feminarum
1823 1173 1895 1228 ab
1940 1172 2049 1227 hac

385 1260 478 1316 die
508 1267 566 1318 et
609 1263 886 1335 deinceps
920 1279 1071 1318 ausu
1114 1262 1425 1318 temerario
1476 1263 1656 1334 hujus
1701 1264 1913 1317 nostra:
1960 1261 2049 1316 in-

385 1350 712 1407 stitutionis
761 1351 1005 1407 violator
1051 1351 1356 1420 exstiterit,
1393 1351 1789 1406 anathematis
1819 1350 2051 1406 vinculo

386 1441 645 1508 feriatur,
680 1443 736 1496 et
769 1459 802 1496 a
833 1447 1036 1497 sancta
1070 1440 1170 1496 Dei
1222 1441 1481 1498 Ecclesia
1531 1439 1732 1513 procul
1781 1439 2051 1523 pellatur,

388 1533 443 1584 et
502 1530 575 1583 ab
635 1530 900 1586 omnium
962 1535 1112 1586 cmtu
1172 1531 1639 1586 Christianorum
1698 1530 1898 1585 tandiu
1959 1546 2052 1583 se-

389 1622 627 1689 paretur
668 1620 847 1674 donec
890 1621 962 1674 ad
1005 1619 1466 1676 satisfactionem
1509 1619 1913 1675 indubitanter
1952 1633 2053 1674 ve-

391 1707 535 1761 niat.

1173 1798 1268 1852 IV.

484 1886 750 1956 Excerpta
773 1886 996 1942 concilii
1022 1887 1168 1957 apud
1196 1890 1444 1940 sanctum
1474 1885 1767 1954 AEgidium
1797 1884 1970 1939 habili

1056 1974 1200 2013 anno
1234 1958 1393 2012 1056.

466 2045 548 2100 Ex
604 2045 846 2102 concilio
905 2047 1060 2118 apud
1114 2050 1383 2103 sanctum
1443 2045 1737 2118 .dﬂgidium
1799 2048 2050 2118 peracto,

395 2133 494 2190 ubi
527 2135 678 2190 facta
706 2137 794 2190 est
842 2134 1141 2206 synodalis
1184 2134 1414 2190 collatio
1459 2135 1720 2203 Patrum,
1753 2133 2052 2206 episcopo-

393 2240 524 2278 rum
570 2222 838 2279 videlicet
879 2223 1313 2280 Gallicanorum
1355 2241 1505 2291 xxu;
1552 2240 1802 2295 quorum
1845 2223 2053 2279 unani-

393 2312 568 2367 miter
606 2328 925 2368 consensus
965 2315 1022 2368 et
1059 2329 1166 2384 par
1210 2316 1407 2367 votum
1446 2311 1552 2366 hoc
1595 2311 1859 2366 definivit
1897 2310 2052 2382 quod

394 2399 487 2454 hic
519 2399 817 2456 titulatum
854 2401 1305 2456 memorandum
1348 2401 1725 2467 mandamus,
1759 2415 1893 2454 cum
1925 2414 2054 2471 per-

394 2490 556 2544 sonis
605 2490 947 2562 suppositis.
981 2491 1049 2544 Hi
1096 2495 1282 2545 sunt:
1321 2488 1705 2545 Raimbaldus
1755 2488 2056 2543 Arelaten-

396 2578 501 2646 sis,
556 2577 951 2650 Laudegarius
992 2578 1366 2647 Viennensis,
1415 2595 1550 2632 cum
1590 2577 1796 2649 legatis
1837 2578 2056 2633 Narbo-

393 2666 594 2724 nensis
624 2665 824 2737 primm
857 2666 1123 2738 praesulis
1167 2666 1288 2721 vice
1322 2665 1726 2738 fungentibus,
1760 2665 2056 2721 Froterius

391 2753 832 2823 Nemausensis,
892 2754 1013 2826 Ugo
1052 2754 1430 2823 Uceticensis,
1464 2753 1778 2810 Wilelmus
1819 2753 2057 2809 Albien-

390 2842 496 2907 sis,
553 2843 892 2897 Bernardus
944 2843 1302 2910 Lutevensis,
1345 2842 1627 2899 Geraldus
1675 2842 2056 2930 Vivariensis,

399 2930 604 2986 Petrus
634 2930 933 2999 Vasensis,
965 2930 1274 2987 Udalricus
1303 2931 1810 2999 Tricastrinensis,
1839 2933 2057 2988 Franco

397 3021 816 3089 Vendacensis,
840 3021 1104 3078 Clemens
1135 3021 1574 3091 Cavillonensis,
1601 3023 1804 3078 Petrus
1832 3024 2059 3095 Aquen-

407 3111 510 3177 sis,
571 3111 810 3167 Pontius
870 3111 1282 3179 Massiliensis,
1342 3112 1636 3167 Deodatus
1695 3111 2132 3184 Telonensis,c

402 3197 755 3255 Gaucelinus
807 3200 1246 3272 Forojuliensis,
1299 3200 1566 3256 Andreas
1613 3200 1897 3269 Nicensis,
1948 3201 2063 3256 Du-

399 3287 620 3344 randus
650 3289 979 3356 Vincensis,
1010 3290 1370 3346 Bertrandus
1403 3290 1708 3362 Regensis,
1742 3290 1862 3362 Ugo
1891 3295 2066 3346 Sena-

395 3377 630 3446 ciensis,
653 3377 894 3433 Pontius
940 3378 1315 3448 Glandensis,
1345 3383 1467 3451 Ugo
1495 3379 1830 3452 Dignensis.
1855 3379 1922 3434 Hi
1946 3396 2064 3435 om-

395 3482 499 3522 nes
529 3464 750 3522 collecti
784 3466 843 3521 in
871 3484 1052 3522 unum
1083 3467 1198 3524 tale
1231 3468 1532 3525 sancitum
1556 3469 1845 3524 dederunt
1875 3469 2067 3524 decre-

401 3558 548 3610 tum.

473 3646 524 3699 1.
558 3643 911 3700 Canonicam
951 3645 1392 3716 promulgantes
1435 3645 1812 3711 sententiam,
1847 3649 1912 3700 ut
1941 3645 2068 3702 loca

401 3734 835 3800 canonicorum,
876 3749 943 3789 ac
988 3733 1410 3788 monachorum
1458 3733 1736 3799 cmnobia,
1768 3733 1857 3788 vel
1897 3734 2066 3790 villas

403 3821 585 3878 sacris
643 3823 948 3878 ordinibus
1007 3821 1389 3878 ecclesiarum
1451 3822 1787 3891 designatas
1847 3822 2066 3878 nullius

404 3911 754 3967 conditionis
782 3928 1033 3984 persona
1064 3911 1336 3966 invadere
1364 3914 1546 3966 tentet
1571 3911 1642 3966 ab
1677 3911 1848 3966 hodie
1881 3928 2067 3983 usque

405 3999 463 4054 in
510 4003 856 4072 perpetuum
905 4016 1010 4055 nec
1057 3998 1478 4071 hospitalitatis
1528 4016 1727 4066 causa,
1762 4017 1864 4055 nec
1905 4000 2066 4073 inge-

409 4089 504 4144 nio
537 4088 702 4144 mala:
727 4089 913 4144 insitae
948 4087 1416 4155 consuetudinis,
1442 4088 1556 4143 nisi
1591 4105 1723 4144 eum
1748 4089 2067 4144 necessitas

407 4179 679 4250 coegerit,
714 4181 1002 4248 quantum
1054 4178 1125 4232 ad
1186 4194 1361 4233 usum
1419 4182 1639 4232 natura:
1700 4177 2065 4248 pertinuerit,

412 4267 538 4320 sine
569 4265 966 4321 destructione
997 4265 1135 4320 loci.

480 4357 534 4406 2.
564 4352 853 4408 Ecclesias
885 4357 1078 4408 autem
1114 4370 1241 4424 quae
1273 4353 1428 4408 intra
1461 4352 1766 4408 castellum
1801 4357 1902 4409 aut
1931 4354 2099 4409 civi—-

409 4445 586 4496 tatem
617 4439 867 4494 fundatze
891 4439 1126 4510 fuerint,
1145 4444 1245 4495 aut
1277 4441 1333 4495 in
1365 4440 1519 4497 villis
1538 4440 1625 4495 vel
1659 4441 1716 4496 in
1751 4443 1933 4515 agris,
1955 4443 2065 4498 illze

409 4528 674 4584 videlicet
709 4529 765 4583 in
802 4529 1016 4600 quibus
1049 4528 1360 4584 aedilicium
1400 4531 1471 4584 ad
1505 4529 1918 4588 debellandum
1950 4549 2065 4588 non

412 4618 679 4683 habetur,
700 4618 786 4673 vel
817 4635 950 4673 cum
983 4617 1200 4689 quibus
1230 4619 1438 4674 seditio
1471 4637 1585 4675 non
1618 4625 1935 4690 exercetur,
1961 4639 2066 4677 nec

411 4706 848 4762 malefactorum
881 4724 1159 4764 excursus
1188 4707 1260 4762 ad
1295 4709 1615 4780 reparanda
1636 4710 1853 4766 damna
1875 4710 2067 4765 civilia

407 4793 490 4850 vel
513 4795 849 4851 communia
866 4795 989 4849 fieri
1009 4797 1444 4875 comprobatur,
1462 4797 1610 4852 hanc
1631 4799 1754 4870 pari
1775 4815 2063 4855 consensu

407 4883 611 4940 volunt
640 4889 695 4940 et
725 4884 1011 4941 definiunt
1039 4885 1253 4940 habere
1301 4890 1645 4958 potestatem
1679 4892 1744 4942 ut
1776 4905 1944 4943 nemo
1976 4888 2063 4942 in-

412 4977 498 5030 fra
530 4976 849 5030 terminum
889 4991 998 5028 xxx
1028 4975 1366 5030 dextrorum
1399 4975 1552 5029 circa
1589 4975 1860 5031 ecclesias
1907 4977 2062 5048 posi-

411 5067 536 5119 tum
571 5063 892 5134 quidquam
927 5080 1129 5134 rapere
1160 5066 1497 5134 praesumat,
1531 5080 1635 5119 nec
1669 5063 1770 5118 ulli
1803 5081 2062 5136 personae

510 5168 558 5241 4)
590 5169 693 5239 Ap.
729 5167 1014 5241 Gratiam,
1048 5169 1137 5241 35,
1173 5187 1228 5239 q.
1260 5170 1338 5233 6.,
1372 5186 1496 5241 cap.
1531 5170 1592 5223 Si
1619 5169 1744 5241 duo.

479 5239 560 5321 ⁹(β)
585 5239 768 5321 Caroli
800 5239 1196 5321 Magnistirpe
1218 5241 1290 5295 ad
1313 5239 1585 5321 occasum
1619 5239 1953 5321 inclinante,
1973 5259 2064 5297 co-

415 5311 605 5382 mites,
631 5311 720 5382 sui
764 5311 1189 5382 provinciarum
1223 5315 1474 5366 rectores
1503 5327 1600 5366 eas
1633 5311 1744 5365 sibi
1775 5315 2060 5382 tanquam

407 5379 662 5456 privatas
696 5379 998 5456 facultates
1029 5380 1097 5456 in
1115 5381 1535 5456 patrimonium
1560 5381 1849 5456 asciscere
1879 5379 2063 5456 cmpe-

407 5449 565 5536 runt:
590 5449 916 5536 Translatio
939 5453 1100 5536 regni
1116 5449 1196 5535 ad
1223 5453 1523 5536 Hugonem
1556 5451 1791 5536 illorum
1815 5449 2060 5536 conatus

407 5519 728 5606 plurimum
760 5522 981 5596 adjuvit
1003 5519 1348 5598 Fprovinciai
1373 5541 1488 5583 non
1514 5523 1768 5601 amplius
1799 5541 1869 5585 ex
1898 5530 2059 5587 ante~

2156 459 2405 514 termino
2439 459 2776 514 malefactor
2804 459 3086 514 damnum
3119 457 3402 513 intulerit.
3435 457 3554 514 Hoc
3582 474 3821 516 excom-

2158 548 2464 604 municant
2493 549 2603 604 sub
2632 548 2999 604 anathemate
3028 548 3087 603 in
3120 552 3491 620 perpetuum.

2227 640 2278 691 3.
2315 637 2601 694 Militibus
2634 642 2831 693 autem
2863 638 3187 709 majoribus
3217 637 3305 692 vel
3337 636 3664 693 minoribus
3701 637 3817 693 hoc

2158 725 2521 798 praecipiunt,
2549 729 2614 780 ut
2645 727 2714 782 ab
2746 725 2916 782 hodie
2936 743 3125 799 usque
3147 725 3204 780 in
3231 725 3595 782 nativitatem
3617 726 3814 782 sancti

2155 815 2400 870 Joannis
2432 814 2632 870 nullus
2653 831 2817 870 arma
2844 814 2992 871 ferre
3022 819 3339 888 praesumat
3363 831 3719 888 quacunque
3739 815 3815 872 de

2158 921 2355 970 causa,
2390 904 2503 960 nisi
2537 904 2627 960 sui
2661 904 2949 960 solutione
2977 904 3257 977 episcopi.

2231 997 2370 1048 Data
2404 991 2589 1065 pridie
2619 993 2767 1048 Non.
2801 991 3180 1065 Septembris.

2946 1083 2994 1135 V

2233 1154 2536 1209 Concilium
2568 1154 2858 1225 Trojanum
2899 1124 3146 1280 liiléggtum
3175 1153 3242 1210 ab
3277 1154 3488 1211 Urbano
3516 1156 3565 1210 II
3592 1170 3741 1210 anno

2230 1316 2395 1369 Anno
2429 1314 2742 1370 Dominicae
2771 1314 3196 1370 Incarnationis
3228 1315 3386 1381 1093,
3417 1314 3735 1370 indictione
3767 1331 3811 1382 ι,

2163 1401 2530 1458 hebdomade
2573 1403 3038 1475 Quadragesimae
3091 1405 3299 1476 prima,
3333 1421 3387 1462 vi
3417 1405 3556 1459 Idus
3586 1403 3814 1471 Martii,

2163 1492 2429 1546 convenit
2457 1493 2639 1562 Trojae
2679 1492 2739 1547 in
2788 1492 2998 1564 Apulia
3043 1493 3354 1549 concilium
3403 1493 3812 1565 episcoporum

2163 1581 2279 1635 lere
2310 1598 2470 1647 Lxxv,
2503 1582 2785 1636 abbatum
2815 1599 2915 1636 xu.
2941 1582 3206 1638 Secundo
3237 1582 3433 1654 itaque
3455 1582 3566 1648 die,
3587 1598 3717 1637 cum
3736 1581 3810 1636 de

2165 1670 2519 1741 quibusdam
2552 1669 2704 1724 infra
2751 1671 3280 1743 consanguinitatis
3310 1670 3525 1726 lineam
3575 1670 3809 1742 copula-

2075 1749 2123 1813 B
2155 1759 2232 1813 tis
2263 1763 2456 1814 actum
2487 1758 2714 1826 fuisset,
2737 1761 2977 1816 tandem
3005 1761 3507 1817 consentientibus
3537 1759 3812 1816 omnibus

2162 1847 2268 1902 hoc
2301 1864 2476 1918 super
2507 1849 2592 1904 eis
2621 1847 2942 1920 capitulum
2977 1849 3411 1922 promulgatum
3442 1854 3551 1905 est.

2235 1938 2284 1990 1.
2318 1937 2585 2009 Episcopi
2635 1953 2887 2010 quorum
2917 1938 3228 1995 diazcesani
3283 1942 3422 1994 sunt
3475 1955 3576 1994 eos
3625 1950 3810 2008 usque

2162 2025 2220 2080 in
2253 2026 2628 2082 Pcntecosten
2660 2026 2814 2082 trina
2855 2027 3230 2084 advocatione
3258 2027 3624 2084 conveniant.
3650 2027 3812 2081 Tunc

2162 2113 2212 2169 si
2237 2114 2350 2168 duo
2380 2113 2487 2168 viri
2507 2115 2603 2184 (li),
2627 2114 2713 2169 vel
2733 2119 2872 2180 tres,
2900 2115 3469 2189 consanguinitatem
3484 2114 3811 2186 jurejuran-

2163 2204 2235 2257 do
2268 2203 2641 2269 firmaverint,
2674 2203 2761 2258 vel
2813 2203 3052 2275 ipsimet
3084 2205 3226 2260 forte
3275 2204 3522 2260 confessi
3575 2201 3814 2269 fuerint,

2165 2290 2434 2363 conjugia
2465 2291 2882 2348 dissolvantur.
2917 2294 2974 2349 Si
3008 2309 3140 2349 vero
3177 2297 3452 2350 neutrum
3484 2289 3813 2364 contigerit,

2165 2381 2420 2453 episcopi
2480 2396 2578 2436 eos
2635 2397 2740 2452 per
2791 2381 3151 2454 baptismum
3200 2382 3435 2448 Christi,
3482 2397 3584 2454 per
3641 2380 3816 2435 fidem

2166 2469 2400 2537 Christi,
2433 2485 2534 2541 per
2580 2469 2797 2526 Christi
2842 2471 3158 2543 judicium,
3191 2470 3251 2526 in
3298 2487 3434 2526 vera
3482 2467 3818 2526 obedientia

2166 2559 2528 2614 obtestentur
2558 2563 2848 2629 quatenus
2873 2559 3068 2631 palam
3091 2559 3308 2615 faciant
3329 2563 3525 2614 utrum
3555 2574 3636 2626 se,
3667 2557 3822 2612 sicut

2166 2648 2325 2704 fama
2353 2651 2460 2715 est,
2492 2648 2960 2720 consanguineos
2999 2651 3439 2720 recognoscant.
3473 2647 3532 2702 Si
3574 2661 3821 2718 negave-

2168 2737 2305 2802 rint,
2340 2735 2451 2792 sibi
2499 2735 2643 2808 ipsis
2703 2737 3071 2809 relinquendi
3121 2742 3280 2808 sunt,
3314 2738 3394 2793 ita
3447 2741 3640 2792 tamen
3675 2739 3741 2790 ut
3771 2733 3824 2789 si

2168 2824 2327 2880 aliud
2359 2825 2417 2879 in
2449 2825 2803 2882 conscientia
2834 2825 3108 2892 habeant,
3140 2843 3200 2882 se
3233 2843 3266 2882 a
3295 2825 3600 2880 liminibus
3628 2823 3826 2879 Eccle-

2169 2913 2286 2984 siae,
2307 2931 2340 2969 a
2370 2930 2607 2986 corpore
2637 2918 2694 2970 et
2724 2915 3007 2988 sanguine
3039 2915 3290 2983 Domini,
3309 2932 3343 2970 a
3370 2913 3629 2970 ﬁdelium
3661 2929 3825 2968 com-

2169 3002 2446 3058 munione
2484 3003 2748 3059 noverint
2794 3007 3148 3076 segregatos,
3183 3009 3356 3075 atque
3405 3003 3655 3059 infames
3685 3003 3822 3058 effe-

2171 3096 2316 3159 ctos,
2341 3093 2524 3147 donec
2562 3093 2632 3148 ab
2674 3092 2875 3148 incesti
2918 3092 3172 3149 facinore
3201 3093 3492 3149 desinant.
3526 3092 3583 3148 Si
3628 3107 3689 3146 se
3721 3091 3826 3162 ju-

2173 3179 2323 3236 dicio
2353 3181 2761 3252 episcoporum
2807 3181 3256 3254 segregaverint,
3291 3182 3339 3236 si
3389 3182 3630 3252 juvenes
3660 3184 3824 3249 sunt,

2173 3267 2286 3324 alia
2316 3269 2690 3325 matrimonia
2718 3271 3061 3326 contrahere
3092 3288 3205 3326 non
3236 3269 3676 3342 prohibeantur.

2243 3361 2296 3412 2.
2330 3358 2386 3411 Si
2445 3357 2578 3429 quis
2633 3358 2875 3414 treviam
2934 3359 3035 3414 Dei
3095 3359 3348 3432 fregerit,
3409 3374 3598 3430 usque
3651 3355 3827 3412 tertio

2175 3446 2245 3500 ad
2301 3446 2755 3502 satisfactionem
2815 3448 2887 3503 ab
2944 3447 3214 3520 episcopo
3272 3451 3597 3502 moneatur.
3657 3446 3828 3510 Quod

2174 3534 2223 3589 si
2271 3550 2376 3589 nec
2434 3535 2602 3590 tertio
2660 3535 2995 3591 satisfacere
3051 3536 3432 3600 consenserit,
3489 3534 3828 3607 episcopus,

2172 3621 2288 3677 vel'
2323 3639 2456 3677 cum
2518 3622 2946 3694 metropolitani
3005 3623 3267 3692 consilio,
3328 3628 3428 3679 aut
3482 3640 3619 3678 cum
3679 3623 3828 3678 duo-

2175 3711 2287 3766 bus
2317 3709 2418 3766 aut
2461 3729 2576 3766 uno
2605 3711 2927 3767 vicinorum
2978 3712 3405 3785 episcoporum,
3438 3712 3498 3766 in
3547 3709 3832 3766 rebellem

2175 3800 2565 3855 anathematis
2613 3801 2963 3856 sententiam
3013 3800 3191 3870 dicat,
3222 3807 3278 3858 et
3323 3818 3425 3873 per
3474 3800 3832 3872 scripturam

2174 3887 2463 3960 episcopis
2494 3889 2954 3961 circumquaque
2996 3890 3317 3946 denuntiet.
3357 3889 3450 3946 Sic
3491 3904 3832 3944 excommu-

2177 3977 2434 4032 nicatum
2491 3977 2897 4050 episcoporum
2966 3978 3165 4034 nullus
3225 3979 3282 4032 in
3349 3977 3830 4034 communionem

2176 4065 2488 4138 suscipiat;
2551 4067 2690 4134 imo,
2748 4067 3037 4138 scriptura
3107 4072 3398 4139 suscepta,
3472 4065 3829 4122 sententiam

2177 4155 2428 4226 quisque
2483 4156 2806 4211 confirmet.
2842 4157 2899 4212 Si
2946 4157 3079 4228 quis
3136 4156 3303 4213 aliter
3363 4153 3830 4228 praesumpserit,

2175 4244 2398 4300 ordinis
2430 4244 2518 4300 sui
2551 4244 2808 4317 periculo
2858 4245 3202 4317 subiacebit.
3230 4246 3597 4317 Responsum
3631 4246 3722 4300 est
3752 4242 3826 4297 ab

2176 4333 2449 4389 omnibus
2484 4351 2496 4388 :
2532 4334 2674 4391 Fiat.

2950 4426 3046 4481 VI.

2893 4530 3047 4584 pace,
3099 4529 3224 4586 qua?
3265 4514 3427 4584 vulgo
3457 4513 3674 4568 Tasvu
3723 4510 3829 4566 Dm

2246 4584 2451 4638 dicitur
2480 4585 2584 4656 (5),
2623 4587 2979 4640 constitutum
3027 4603 3061 4640 α
3109 4584 3379 4640 ‘Willelmo
3419 4587 3650 4648 seniore,
3692 4598 3831 4656 rege

2245 4654 2545 4723 Anglorum
2575 4673 2640 4710 ac
2667 4657 2796 4710 duce
2834 4656 3355 4723 Northmannorum,
3395 4657 3654 4726 cpiscOpis
3683 4654 3834 4709 Nor-

2246 4673 2545 4723 ngwrum
2575 4673 2640 4710 ac
2667 4673 2796 4710 aucc
2834 4673 3355 4723 lvorznmannorum,
3395 4673 3423 4710 ε
3463 4673 3489 4710 ι

2246 4727 2566 4795 thmannizr,
2601 4727 2744 4798 apud
2775 4726 3068 4783 Cadomum
3097 4745 3189 4782 an.
3226 4728 3363 4782 1042
3393 4673 3489 4799 (εξ).

2211 4813 2418 4883 (Mus:
2453 4815 2656 4870 Concil.
2689 4819 2730 4870 t.
2765 4815 2904 4882 XIX,
2937 4815 3044 4871 col.
3067 4815 3174 4870 597
3203 4833 3270 4871 ex
3303 4815 3550 4883 Bessum,
3580 4813 3789 4871 Concil.

2769 4903 2921 4958 prov.
2956 4888 3222 4958 Rothom.)

2247 4975 2474 5030 Fratres
2508 4974 2564 5028 in
2598 4974 2847 5030 Domino"
2873 4975 3227 5044 charissimi,
3253 4976 3312 5030 in
3337 4991 3478 5048 pace
3500 4991 3626 5047 qua:
3647 4971 3827 5046 vulgo

2173 5063 2388 5117 dicitur
2419 5062 2600 5118 trevia
2649 5064 2769 5130 Dei,
2801 5069 2859 5120 et
2889 5082 3015 5137 quae
3061 5065 3153 5122 die
3187 5064 3454 5120 Mercurii
3507 5062 3628 5120 sole
3676 5061 3833 5118 occi-

2173 5169 2390 5243 riorum
2422 5169 2615 5243 legum
2647 5171 2989 5243 auctoritate
3019 5171 3281 5238 directze;
3317 5171 3419 5243 sed
3447 5170 3711 5243 quisque,
3727 5184 3828 5224 res

2172 5241 2361 5314 magis
2374 5259 2442 5298 ex
2456 5239 2521 5298 co
2529 5242 2762 5298 mmodo
2775 5260 2952 5315 quam
2967 5260 3035 5299 ex
3047 5260 3214 5314 aequo
3227 5239 3494 5299 ordinare
3511 5239 3824 5367 gestiebat.

3667 5327 3824 5367 101110

3667 5327 3827 5367 101110

2175 4512 2447 4583 Synodalc
2475 4512 2748 4568 decretum
2789 4513 2853 4568 de

2239 5454 2316 5522 (6)
2347 5453 2440 5509 Sic
2472 5453 2799 5511 restituitur
2846 5455 3054 5512 titulus
3103 5472 3171 5512 ex
3219 5471 3330 5512 ms.
3382 5455 3442 5511 S.
3495 5452 3827 5522 Michaelis,

2169 5542 2423 5602 quocum
2453 5531 2660 5588 caetera
2687 5530 2828 5588 sunt
2864 5527 3098 5600 collata,
3129 5527 3309 5587 simul
3358 5531 3418 5588 et
3465 5542 3601 5588 cum
3629 5524 3829 5605 Bigot.
