3982 6172
203 322 326 417 749

1326 326 1641 391 MONUM.
1685 328 1789 390 DE
1832 328 2151 393 TREUGA
2193 328 2500 392 DOMINI.

3497 331 3621 396 750

202 445 374 513 dente
403 454 631 529 incipit,
665 458 723 512 et
747 454 840 513 die
887 457 1058 514 Lunae
1091 458 1213 516 sole
1245 464 1519 517 nascente
1553 461 1703 530 ﬁuit,
1739 461 1860 518 hzec
1890 464 1944 531 Α
1975 463 2311 535 episcopatu
2346 462 2493 518 nihil
2515 462 2650 536 plus
2673 478 2849 536 quam
2867 463 2978 520 sibi
2996 480 3063 521 ac
3090 428 3221 523 suis
3232 463 3400 537 equis
3424 480 3624 524 neces-

202 542 333 619 quae
347 544 537 603 dicam
547 545 713 602 vobis
726 548 1168 620 promptissima
1180 552 1373 605 mente
1386 548 1598 605 dehinc
1610 550 1669 605 in
1683 554 1854 607 antea

199 634 426 692 debetis
457 635 782 693 observare.
825 636 1033 693 Nullus
1057 637 1252 707 homo,
1287 656 1392 694 nec
1424 639 1642 695 femina
1670 639 1855 697 homi-

199 741 339 781 nem
367 727 470 781 aut
502 725 781 781 feminam
820 742 1084 799 unquam
1117 726 1378 796 assaliat,
1412 744 1517 784 nec
1562 727 1851 797 vulneret,

199 830 310 870 nec
339 813 588 882 occidat,
612 831 717 871 nec
739 814 1188 882 castellum,nec
1219 817 1494 887 burgum,
1518 833 1623 872 nec
1654 816 1853 873 villam

196 902 260 959 in
292 903 405 960 hoc
433 903 625 977 spatio
664 907 875 976 quater
905 904 1131 960 dierum
1181 909 1238 960 et
1285 905 1545 978 quinque
1592 904 1854 962 noctium

198 992 460 1061 assaliat,
477 1009 581 1049 nec
602 993 987 1066 deprzedetur,
1016 1011 1118 1051 nec
1140 993 1353 1066 capiat,
1387 1010 1492 1050 nec
1518 995 1717 1051 ardeat
1738 994 1856 1050 ullo

199 1082 457 1156 ingenio,
488 1086 590 1138 aut
616 1082 912 1151 violentia,
965 1086 1065 1138 aut
1098 1083 1296 1155 aliqua
1333 1084 1556 1140 fraude.
1611 1084 1774 1149 Quod
1807 1084 1855 1140 si

199 1170 435 1244 aliquis,
477 1171 634 1244 quob
667 1171 840 1239 absit,
874 1171 1036 1228 illam
1067 1189 1182 1228 non
1215 1173 1465 1229 tenendo
1498 1191 1623 1245 quae
1655 1173 1854 1245 praci-

198 1259 399 1332 pimus
421 1260 758 1333 infregerit:
793 1260 842 1317 si
874 1278 988 1318 non
1013 1279 1126 1317 xxx
1147 1278 1436 1318 annorum
1455 1263 1854 1335 paenitentiam

196 1348 260 1404 in
290 1349 493 1406 exsilio
517 1350 736 1419 iecerit,
769 1353 827 1405 et
858 1353 1173 1422 antequam
1192 1351 1264 1407 ab
1295 1352 1634 1424 episcopatu
1656 1356 1856 1407 nostro

195 1441 383 1505 exeat,
417 1439 709 1512 quidquid
731 1438 866 1496 fecit
896 1443 1100 1496 contra
1130 1440 1788 1512 pacem,emendaverit,
1824 1458 1857 1495 a

193 1527 447 1584 Domino
479 1528 595 1584 Deo
617 1528 696 1584 sit
716 1528 1279 1596 excommunicatus,
1308 1533 1366 1584 et
1381 1546 1415 1584 a
1445 1532 1565 1585 tota
1580 1528 1857 1586 Christia-

192 1616 381 1672 nitate
400 1617 477 1672 sit
497 1620 823 1689 separatus.
851 1616 1216 1689 Quicumque
1231 1633 1365 1673 vero
1387 1616 1470 1672 illi
1494 1617 1694 1689 aliqua
1718 1618 1775 1673 in
1796 1633 1855 1673 re

190 1706 735 1773 communicaverit,
762 1709 865 1762 aut
894 1705 1208 1761 consilium
1240 1707 1359 1762 sive
1372 1707 1730 1778 adjutorium
1754 1706 1852 1761 de-

190 1794 366 1862 derit,
392 1798 495 1851 aut
518 1793 707 1851 ullum
729 1793 1116 1867 colloquium,
1139 1795 1253 1852 nisi
1271 1799 1337 1850 ut
1358 1796 1431 1851 ad
1452 1795 1851 1868 paenitentiam

185 1884 412 1954 veniat,
442 1887 500 1940 et
523 1888 590 1939 ut
617 1884 840 1939 dictum
892 1887 1000 1950 est,
1034 1884 1108 1939 ab
1155 1882 1265 1940 hoc
1314 1883 1657 1957 episcopatu
1688 1888 1854 1941 exeat

188 1973 488 2040 habuerit,
522 1972 793 2029 similiter
840 1972 916 2028 sit
946 1972 1512 2041 excommunicatus,
1552 1973 1735 2030 donec
1779 1975 1853 2029 ad

188 2060 665 2118 emendationem
701 2060 944 2117 venerit.
996 2062 1159 2125 Quod
1192 2061 1241 2115 si
1284 2060 1382 2116 ille
1436 2066 1654 2118 sanctae
1692 2061 1853 2134 pacis

148 2205 156 2208 Α
184 2151 438 2208 violator
463 2148 852 2218 miserrimus,
888 2150 1237 2222 priusquam
1260 2154 1495 2221 accepta
1511 2149 1853 2221 poenitentia

186 2258 303 2297 xxx
337 2256 624 2297 annorum
639 2238 1124 2307 exsulmoriatur,
1159 2237 1360 2294 nullus
1375 2238 1845 2294 Christianorum

185 2334 513 2405 praesumat
545 2328 715 2385 illum
748 2328 1006 2399 visitare,
1038 2331 1141 2383 aut
1169 2344 1381 2400 corpus
1426 2344 1461 2383 a
1489 2327 1614 2383 loco
1647 2327 1707 2383 in
1734 2345 1848 2399 quo

178 2420 442 2493 jacuerit
471 2418 694 2489 tollere,
731 2435 836 2475 nec
876 2416 1201 2491 quidquam
1245 2434 1313 2473 ex
1357 2417 1696 2473 substantiae
1728 2434 1846 2473 suae

182 2509 364 2585 bonis
394 2509 679 2583 accipere.

258 2602 569 2665 Praeterea,
624 2598 853 2665 iratrcs,
886 2596 1039 2652 hanc
1086 2612 1290 2668 pacem
1338 2599 1395 2650 et
1427 2595 1668 2651 trcviam
1718 2596 1842 2662 Dei,

146 2738 151 2741 Α
181 2689 259 2749 de
287 2687 459 2747 terris
486 2704 553 2744 ac
583 2687 653 2743 de
702 2685 928 2753 bestiis,
960 2685 1203 2759 insuper
1249 2686 1321 2741 de
1352 2685 1525 2740 rebus
1566 2685 1843 2742 omnibus

182 2793 321 2851 qua
349 2775 553 2833 haberi
599 2779 868 2848 possunt,
920 2773 1195 2830 tenebitis
1242 2772 1394 2829 inter
1421 2790 1541 2828 vos.
1596 2774 1759 2837 Quod
1790 2774 1840 2830 si

179 2866 323 2941 quis
353 2868 456 2923 aut
485 2864 745 2937 aliquam
796 2864 1068 2930 bestiam,
1098 2868 1199 2919 aut
1228 2862 1405 2918 etiam
1448 2862 1684 2918 obolum
1720 2864 1839 2920 sive

178 2955 603 3015 vestimentum
632 2954 693 3009 in
724 2953 837 3009 ista
867 2970 1007 3026 pace
1036 2951 1236 3008 tulerit
1264 2952 1459 3020 alieni,
1494 2950 1570 3007 sit
1601 2969 1835 3008 excom-

151 3045 524 3101 .municatus
556 3044 741 3100 donec
772 3043 843 3099 ad
875 3042 1346 3098 emendationem
1367 3040 1579 3096 veniat.
1600 3043 1761 3107 Quod
1785 3042 1834 3098 si

180 3136 255 3190 ad
288 3133 768 3190 emendationem
794 3131 1043 3189 voluerit
1077 3132 1294 3197 venire,
1330 3130 1585 3204 primum
1630 3131 1834 3187 reddat

1885 1834 1932 1900 B

1962 551 2118 608 saria
2161 552 2233 608 ad
2282 551 2499 607 victum
2552 552 2860 625 accipiant.
2913 555 3260 611 Mercatores
3311 557 3531 624 autem,
3571 562 3631 615 et

1963 658 2172 697 omnes
2189 641 2458 698 homines
2481 641 2583 713 qui
2605 642 2675 697 ab
2702 642 2832 699 aliis
2852 644 3190 717 regionibus
3205 659 3310 718 per
3322 660 3425 701 vos
3443 647 3635 700 trans-

1969 729 2171 795 ierint,
2193 746 2393 801 pacem
2427 729 2681 785 habeant
2710 747 2745 785 a
2772 730 2960 786 vobis.

2039 818 2081 873 Η
2094 835 2203 875 anc
2234 818 2409 873 etiam
2434 818 2537 873 Dei
2561 818 2805 874 treviam
2831 819 2903 873 ab
2933 818 3100 875 initio
3124 821 3417 877 Adventus
3438 818 3634 877 Domi-

1971 907 2085 963 nici
2115 906 2388 980 usquead
2409 910 2639 964 octavas
2662 908 3021 981 Epiphaniae,
3046 912 3104 964 et
3133 926 3167 965 a
3186 909 3389 982 Capite
3408 908 3630 981 Jejunii

1964 1013 2153 1068 usque
2179 996 2249 1052 ad
2282 1000 2516 1052 octavas
2548 996 2802 1065 Paschae,
2838 1000 2895 1053 et
2924 1014 2958 1052 a
2995 997 3205 1054 diebus
3236 998 3629 1071 Rogationum

1965 1085 2379 1141 inchoantibus
2429 1101 2619 1156 usque
2685 1086 2757 1140 ad
2806 1088 3039 1142 octavas
3092 1086 3465 1144 Pentecostes
3525 1103 3630 1160 per

1966 1192 2170 1231 omnes
2204 1174 2329 1229 dies
2360 1174 2651 1230 tenebitis.
2675 1174 3037 1247 Presbyteris
3067 1178 3262 1231 autem
3292 1175 3628 1250 praecipitur

1966 1269 2031 1319 ut
2060 1263 2119 1318 in
2146 1261 2559 1319 festivitatibus
2591 1280 2657 1318 ac
2688 1263 2897 1319 diebus
2922 1264 3243 1320 Dominicis
3265 1280 3471 1321 omnes
3492 1264 3626 1322 illos

1965 1352 2064 1425 qui
2088 1352 2239 1408 hanc
2253 1368 2453 1425 pacem
2477 1351 2928 1421 observaverint,
2952 1369 3057 1426 pro
3075 1352 3193 1410 illis
3219 1369 3420 1426 preces
3448 1370 3624 1428 agen-

1964 1442 2058 1505 do,
2090 1441 2438 1497 benedicant
2465 1460 2477 1510 ;
2512 1441 2645 1497 illos
2675 1457 2809 1497 vero
2836 1442 2938 1513 qui
2968 1441 3331 1515 infregerint,
3362 1447 3465 1499 aut
3487 1443 3624 1516 quis

1964 1531 2055 1584 inf
2053 1530 2375 1585 ractoribus
2390 1530 3264 1600 consenserint,maledicant.Si
3280 1530 3412 1603 quis
3425 1536 3623 1589 autem

1963 1635 2023 1674 sc
2048 1635 2252 1690 pacem
2288 1620 2615 1677 nescienter
2640 1620 2850 1676 dixerit
2876 1620 3187 1692 infregisse
3218 1620 3384 1691 prius
3421 1637 3622 1677 sacra-

1966 1712 2230 1763 mentum
2246 1708 2436 1778 faciat,
2461 1708 2836 1780 calidumque
2859 1708 3394 1781 (7)judiciiferrum
3410 1711 3619 1781 portet-
3656 1776 3668 1784 _

2725 1814 2849 1871 VII.

1966 1906 2351 1961 Germanicum
2405 1906 2601 1961 incerti
2642 1905 2747 1959 loci
2795 1904 3094 1978 concilium
3137 1920 3242 1978 quo
3296 1905 3480 1962 Trevx
3519 1905 3622 1962 Dei

2029 1978 2127 2048 pia
2156 1982 2209 2032 et
2235 1984 2423 2032 sancta
2470 1978 2742 2032 institutio
2782 1976 3038 2033 stabilita
3086 1976 3181 2048 est,
3213 1993 3360 2034 anno
3398 1978 3620 2035 circiter

2037 2050 2169 2104 1041
2202 2050 2549 2106 celebratum.

2033 2155 2259 2226 (MANSI,
2296 2156 2500 2211 Concil.
2534 2158 2574 2209 t.
2597 2153 2741 2226 XIX,
2774 2154 2882 2211 cal.
2916 2155 3043 2222 593,
3077 2170 3147 2211 ex
3175 2172 3287 2212 ms.
3316 2155 3618 2229 Talverzs.)

2032 2244 2094 2298 In
2129 2244 2362 2299 nomine
2394 2243 2494 2300 Dei
2546 2242 2731 2298 Patris
2785 2244 3227 2316 omnipotentis,
3278 2248 3335 2300 et
3376 2243 3529 2312 Filii,
3561 2247 3619 2301 et

1958 2332 2207 2404 Spiritus
2238 2333 2445 2389 sancti.
2489 2331 2897 2404 Raginbaldus
2925 2332 3285 2389 Arelatensis
3332 2332 3616 2405 archiepi-

1959 2440 2193 2495 scopus,
2244 2440 2377 2478 cum
2433 2422 2742 2478 Benedicto
2798 2423 3210 2493 Avenionensi,
3266 2427 3324 2478 et
3376 2422 3618 2478 Nitardo

1954 2511 2186 2568 Nicensi
2242 2512 2556 2585 episcopis,
2626 2528 2851 2567 necnon
2916 2515 2973 2568 et
3028 2510 3349 2568 venerabili
3406 2510 3618 2569 abbate

1954 2602 2175 2656 domno
2206 2602 2283 2673 (8)
2315 2599 2558 2656 Odilone
2591 2617 2710 2656 una
2739 2617 2873 2655 cum
2900 2600 3180 2656 omnibus
3210 2599 3521 2671 episcopis,
3557 2601 3617 2656 et

1955 2690 2289 2757 abbatibus,
2324 2693 2379 2745 et
2409 2693 2619 2745 cuncto
2652 2689 2804 2745 clero
2842 2706 2947 2762 per
2976 2689 3313 2747 universam
3360 2687 3610 2745 Galliam

1951 2778 2374 2849 habitantibus,
2440 2776 2715 2833 omnibus
2763 2776 3239 2849 archiepiscopis,
3289 2774 3604 2850 episcopis,

1950 2867 2325 2940 presbyteris,
2358 2870 2414 2922 et
2447 2869 2656 2922 cuncto
2677 2866 2829 2923 clero
2854 2883 2956 2939 per
2984 2869 3169 2922 totam
3197 2863 3427 2921 Italiam
3449 2880 3603 2921 com-

1948 2958 2335 3022 morantibus,
2370 2956 2558 3028 gratia
2584 2956 2749 3011 vobis
2778 2959 2834 3011 et
2857 2972 2969 3028 pax
2998 2973 3034 3011 a
3069 2955 3185 3012 Deo
3208 2955 3376 3015 Patre
3402 2953 3593 3011 omni-

1945 3050 2196 3120 potente,
2227 3045 2459 3117 quiest,
2493 3048 2548 3099 et
2577 3044 2678 3115 qui
2706 3049 2851 3111 erat,
2880 3048 2938 3099 et
2968 3045 3068 3116 qui
3097 3048 3379 3100 venturus
3410 3048 3518 3100 est.

2015 3138 2311 3209 Rogamus
2341 3151 2462 3202 vos,
2487 3137 2544 3189 et
2572 3133 2950 3189 obsecramus
2981 3149 3206 3199 omnes,
3239 3131 3340 3206 qui
3370 3131 3592 3188 timetis

179 3224 341 3297 quod
374 3222 588 3296 rapuit,
622 3225 722 3278 aut
776 3225 1006 3278 tantum
1037 3220 1242 3292 quanti
1290 3203 1415 3276 erat
1459 3220 1628 3292 pretii
1675 3221 1831 3291 quod
1863 3203 1905 3270 Ο
1946 3203 2530 3295 ῡθυηῖ,θιοιτθάἱιίεἱη
2549 3221 2980 3294 eum,etipsius
2997 3203 3287 3294 sanguine
3307 3220 3596 3292 redempti

180 3312 451 3369 abstulit.
482 3311 702 3368 Dehinc
748 3330 827 3369 vn
858 3310 1028 3368 annis
1058 3310 1335 3384 poeniteat
1360 3309 1510 3365 infra
1538 3308 1834 3382 episc0pa-

178 3405 334 3457 tum.
370 3401 429 3458 Si
462 3405 660 3458 autem
709 3400 999 3458 moriatur
1043 3399 1388 3471 priusquam
1427 3397 1751 3453 satisfaciat
1779 3401 1837 3454 et

181 3490 593 3564 pcenitentiam
614 3493 830 3558 sumat,
861 3505 975 3544 non
1006 3487 1341 3560 sepeliatur,
1364 3502 1469 3541 nec
1500 3503 1534 3541 a
1562 3485 1687 3541 loco
1719 3503 1835 3557 quo

121 3599 124 3603 '
173 3579 321 3636 obiit
353 3583 674 3648 moveatur,
711 3578 821 3634 nisi
853 3595 958 3650 pro
1004 3575 1104 3632 illo
1136 3579 1408 3648 parentes
1437 3575 1565 3645 ejus
1605 3575 1832 3631 satisfe-

173 3668 366 3725 cerint
394 3668 468 3737 ei,
499 3668 594 3724 cui
623 3666 902 3739 injuriam
934 3664 1089 3721 fecit.
1144 3664 1425 3720 Caeterum
1458 3664 1518 3718 in
1552 3663 1661 3718 hac
1692 3680 1833 3734 pace

173 3757 381 3814 nullus
412 3756 527 3813 nisi
574 3773 673 3812 rex
714 3760 815 3812 aut
844 3770 1038 3811 comes
1084 3753 1262 3823 hujus
1291 3752 1493 3824 patr-im
1524 3751 1835 3807 caballica-

174 3847 398 3903 tionem
456 3850 556 3901 aut
598 3843 980 3901 hostilitatem
1033 3841 1247 3897 faciat:
1297 3845 1355 3895 et
1399 3839 1734 3913 quicunque
1772 3840 1833 3896 in

174 3933 621 3992 caballicatione
669 3937 772 3990 aut
815 3930 1136 3988 hostilitate
1185 3929 1337 4003 regis
1386 3929 1581 3997 fuerit,
1614 3929 1674 3985 in
1721 3930 1832 3986 hoc

172 4060 383 4115 Vicino
413 4058 673 4115 vicinum
707 4058 984 4125 invidere,
1018 4057 1171 4112 rixas
1205 4072 1452 4125 movere,
1490 4071 1717 4181 pugnas
1745 4055 1830 4108 in-

174 4131 365 4181 vicem
414 4131 779 4181 committere
811 4129 868 4181 in
919 4145 1140 4181 morem
1191 4127 1440 4181 devenit.
1522 4126 1830 4181 'lagnatum

174 4131 365 4186 vicem
414 4131 779 4186 committere
811 4129 868 4183 in
919 4145 1140 4183 morem
1191 4127 1460 4198 devenit.
1492 4126 1830 4198 Magnatum

177 4201 448 4273 exemplo
468 4202 826 4273 privatorum
843 4216 1051 4272 pugnae
1069 4203 1124 4253 et
1137 4198 1288 4273 bella
1300 4197 1467 4270 quasi
1481 4197 1828 4273 domestica;

178 4273 338 4329 faida
354 4268 532 4344 quam
546 4268 877 4344 vocitabant
888 4268 1022 4344 ante
1036 4270 1204 4342 quasi
1230 4268 1581 4344 intermotua
1603 4268 1829 4344 revixit,

178 4349 236 4401 et
268 4339 390 4415 quo
416 4344 593 4415 semel
626 4343 763 4415 quis,
789 4339 1125 4415 quempiam
1158 4340 1485 4415 occidisset,
1520 4339 1834 4415 prepinqui

179 4362 236 4401 8t
308 4362 385 4399 uo
416 4362 593 4400 semel
626 4362 759 4415 quis
789 4362 1125 4414 quempiam
1158 4362 1485 4405 OCCIUISseL,
1521 4362 1831 4411 propmqux

179 4362 400 4471 cegem
422 4414 647 4481 ulcisci,
679 4414 812 4470 etin
842 4414 1161 4469 vindictam
1180 4413 1374 4482 ipsum
1399 4410 1831 4482 interfectorem

178 4486 271 4543 vel
298 4486 575 4559 quemvis
589 4480 657 4541 ex
680 4486 821 4559 pejus
846 4501 1055 4557 genere
1086 4480 1327 4559 impune
1358 4480 1614 4559 occidere
1646 4497 1832 4552 coepe-

176 4552 341 4637 runt.
364 4558 448 4637 Ad
478 4552 802 4637 tollendum
823 4552 1129 4637 tamgrave
1154 4552 1396 4637 malum,
1416 4552 1692 4637 quoniam
1712 4570 1830 4637 pon
1863 4572 1908 4637 Ι)

202 4632 411 4695 poterat
451 4628 649 4685 statim
697 4627 912 4693 curari,
945 4622 1057 4682 Hac
1104 4630 1227 4681 arte
1256 4625 1403 4679 itum
1434 4622 1542 4678 est.
1584 4622 1832 4686 Quidam

218 4648 411 4686 onerat
451 4648 649 4685 suanm
697 4648 912 4693 curari,
947 4648 1057 4682 nac
1104 4648 1227 4681 arte
1259 4648 1403 4679 llum
1434 4648 1542 4678 ὕει.
1584 4648 1832 4686 uuluam

176 4648 312 4773 gies
342 4699 625 4773 assignati
649 4703 788 4755 sunt
805 4699 1020 4773 quibus
1039 4698 1206 4773 quies
1228 4699 1383 4773 esset
1403 4695 1472 4773 ab
1492 4694 1832 4773 hujusmodi

178 4771 377 4837 bellis,
401 4764 505 4827 nec
523 4770 701 4842 alium
723 4764 913 4842 quivis
926 4764 1194 4842 persequi
1217 4768 1476 4842 auderet,
1492 4767 1592 4842 sed
1615 4764 1834 4842 singuli

180 4842 423 4916 publica
463 4841 654 4916 quiete
697 4837 886 4916 securi
926 4837 1301 4916 fruerentur:
1338 4841 1396 4916 e_t_
1432 4838 1539 4892 has
1567 4837 1835 4916 indusias

180 4909 451 4995 ireugam
480 4909 594 4995 Dei.
609 4930 710 4969 seu
734 4910 1231 4995 treviam‘pomini
1253 4909 1604 4995 vocitarupt,
1630 4909 1700 4991 de
1719 4925 1837 4995 qua

227 4978 411 5057 assim
442 4986 598 5057 apud
631 4988 896 5057 auctores
945 4981 1101 5037 illius
1149 4981 1450 5053 temporis.
1493 4978 1690 5057 Tnevia
1738 4978 1838 5057 illa

227 5002 411 5041 assxm
442 5002 598 5057 apua
631 5002 896 5040 aucrores
945 5002 1101 5037 unus
1149 5002 1450 5053 temporis.
1503 5002 1690 5036 lrevw
1739 5002 1838 5035 ma

178 5002 436 5113 gecretis
466 5056 869 5120 conciliorum,
902 5059 959 5109 et
980 5053 1717 5124 summorumpontificum
1748 5051 1838 5124 lit-

181 5129 328 5183 teris
358 5126 649 5184 celebrata
677 5132 767 5183 est
793 5131 851 5182 et
880 5126 1243 5199 approbata;
1275 5123 1536 5199 qui’vero
1561 5123 1717 5199 hanc
1741 5123 1835 5199 in-

182 5199 493 5254 duciarum
515 5198 704 5271 legem
734 5193 1195 5253 temere—violare
1225 5193 1354 5250 ausi
1382 5197 1595 5261 essent,
1628 5193 1838 5266 capitis

258 5295 339 5367 (7)
367 5296 574 5369 Indicit
599 5299 813 5369 ferrum
832 5298 1034 5369 portet.
1070 5295 1132 5369 In
1161 5290 1513 5369 Pontificalb
1534 5296 1667 5347 ante
1699 5292 1721 5348 -Ι
1733 5293 1839 5347 000

183 5362 285 5451 an,
304 5362 546 5451 Scripta,
569 5362 725 5451 quad
743 5368 802 5450 in
819 5362 1269 5451 Gemmeticensi
1291 5362 1840 5451 bibliotheca‘as‘ser-

184 5440 380 5511 vatur,
414 5434 563 5494 ritus
580 5434 791 5511 judicii
815 5455 918 5511 per
940 5439 1157 5511 ferrum
1176 5436 1434 5511 candens
1455 5434 1536 5490 ita
1558 5452 1618 5491 se
1639 5435 1835 5511 habet.

184 5456 380 5506 vatur,
414 5456 563 5494 mus
613 5456 791 5495 ιιαιοιι
815 5456 918 5511 per
940 5456 1157 5493 terram
1178 5456 1434 5491 canuens
1456 5456 1536 5490 ita
1558 5456 1618 5491 se
1640 5456 1835 5491 nanet.

182 5510 417 5565 Fam-um
469 5456 805 5581 proileratur,
855 5508 995 5582 quod
1036 5526 1072 5563 α
1099 5508 1316 5579 culpata
1367 5522 1551 5582 caram
1588 5508 1840 5582 omnibus

181 5577 513 5653 accipiatur,
544 5577 596 5638 et
619 5598 722 5653 per
747 5577 1069 5653 mensuram
1106 5577 1295 5634 nouem
1319 5577 1517 5648 pedum
1555 5580 1840 5649 portetur;

182 5652 387 5729 manus
436 5652 731 5729 sigittetur,
780 5652 1123 5729 sub_sigilto_
1149 5653 1414 5729 aervetug,
1448 5656 1499 5706 et
1566 5654 1686 5729 post
1735 5654 1842 5706 tres

180 5726 368 5788 nocte:
395 5721 724 5802 aperiatur:
768 5733 821 5786 et
849 5725 902 5785 si
950 5721 1188 5783 inundat
1217 5729 1312 5795 est,
1362 5721 1468 5782 Deo
1496 5721 1841 5797 gratuletur;

1947 3315 2107 3381 estis,
2147 3318 2208 3368 ut
2236 3310 2486 3367 caveatis
2517 3313 2574 3366 et
2593 3309 2948 3382 provideatis
2978 3326 3079 3366 vos
3104 3310 3177 3365 ad
3197 3309 3448 3365 salutem
3474 3309 3597 3365 ani-

1946 3416 2175 3456 marum
2226 3403 2282 3454 et
2327 3414 2658 3471 corporum,
2700 3400 2758 3452 et
2806 3395 3135 3470 sequamini
3190 3397 3439 3470 vestigia
3472 3397 3592 3465 Dei,

1945 3506 2147 3563 pacem
2175 3488 2457 3544 habentes
2487 3488 2558 3543 ad
2578 3486 2845 3554 invicem,
2872 3489 2940 3542 ut
2955 3503 3091 3542 cum
3111 3486 3240 3559 ipso
3253 3485 3595 3543 mereamini

1944 3595 2170 3651 pacem,
2193 3582 2249 3632 et
2278 3574 2759 3649 tranquillitatem
2782 3580 3122 3648 perpetuam
3143 3575 3462 3649 possidere.
3489 3576 3596 3634 Re-

1944 3667 2115 3739 cipite
2147 3683 2305 3739 ergo,
2338 3670 2395 3721 et
2442 3667 2632 3721 tenete
2679 3681 2903 3736 pacem,
2936 3669 2993 3721 et
3021 3664 3185 3720 illam
3217 3668 3438 3721 trevam
3467 3664 3590 3733 Dei,

1943 3773 2120 3828 quam
2155 3760 2209 3811 et
2230 3772 2356 3827 nos,
2383 3754 2581 3810 divina
2609 3753 2931 3827 inspirante
2946 3753 3430 3811 misericordiade
3450 3753 3592 3810 coelo

1942 3845 2108 3901 nobis
2138 3843 2687 3914 transmissamjam
2722 3843 3055 3915 accepimus
3080 3848 3138 3899 et
3165 3842 3410 3899 ﬁrmiter
3432 3847 3592 3900 tene-

1942 3949 2097 4001 mus,
2131 3932 2213 3987 ita
2232 3931 2631 3999 constitutam,
2665 3934 2722 3985 et
2750 3929 3120 4002 dispositam,
3148 3929 3415 3985 videlicet
3434 3934 3500 3984 ut
3519 3930 3591 3988 ab

1941 4056 2240 4112 autexsilii
2258 4054 2518 4126 poenave]
2533 4053 3137 4126 excommunicatione
3154 4052 3587 4126 plectebantur:

1942 4131 2060 4208 imo
2079 4128 2242 4208 apud
2258 4123 2582 4208 scriptores.
2600 4125 2758 4208 illiqs
2789 4124 2890 4179 aevi
2911 4123 3127 4208 legitur
3150 4123 3437 4208 plurimos
3454 4125 3589 4208 ipso

1941 4202 2058 4257 Deo
2087 4196 2314 4254 vindice
2335 4196 2689 4269 prostratos.
2703 4196 2828 4269 Non
2851 4196 3055 4269 eodem
3078 4200 3339 4269 tempore
3370 4196 3589 4269 ubique

1942 4275 2215 4343 suscepta
2261 4266 2391 4343 fuit.
2454 4272 2619 4343 Anno
2667 4267 2771 4323 997
2830 4268 3156 4340 Dagbertus
3202 4266 3590 4343 Bituricensis

1943 4338 2226 4415 archiep.‘
2260 4341 2526 4415 chartam
2584 4340 2655 4415 de
2709 4338 3023 4415 treuga'et
3072 4355 3213 4411 pace
3258 4338 3593 4415 a_W_id9ne

1943 4355 2199 4415 arcmep.
2260 4355 2526 4396 chartam
2584 4355 2655 4394 ue
2709 4355 2916 4465 treuga
2966 4355 3023 4394 et
3072 4355 3213 4411 pace
3260 4356 3295 4395 a
3354 4355 3592 4394 wmone

1939 4413 2233 4471 Aniciensi
2255 4413 2503 4484 aliisque
2533 4411 2823 4484 episcopis
2878 4413 3068 4484 actam
3099 4427 3233 4466 cum
3256 4409 3592 4484 Theobaldo

1938 4486 2253 4542 Viennensi
2311 4482 2586 4555 archiepi
2634 4482 3018 4541 confirmavit.
3073 4485 3240 4539 Anno
3298 4482 3437 4539 1033
3491 4498 3595 4555 per

1939 4557 2330 4636 Arelatensem
2360 4555 2909 4636 etﬁLugdunenscm
2934 4555 3298 4636 ‘provinncias,
3316 4555 3594 4636 adeoque

1942 4645 2045 4700 per
2073 4628 2402 4700 universam
2427 4625 2856 4700 Burgundiam,
2883 4625 3108 4682 editum
3140 4626 3250 4683 fuit
3279 4626 3350 4682 ab
3373 4625 3594 4700 episca-

1944 4696 2034 4771 pis
2068 4699 2371 4771 decretum
2418 4696 2487 4750 de
2532 4697 2901 4771 reformanda
2929 4714 3069 4768 pace
3100 4714 3203 4752 seu
3233 4696 3438 4771 treuga
3466 4696 3590 4771 Dei,

1944 4716 2034 4771 pls
2068 4713 2363 4752 decretum
2418 4713 2487 4750 ue
2532 4713 2901 4753 retormanaa
2929 4714 3069 4768 pace
3100 4714 3203 4752 seu
3233 4713 3441 4820 ἘνθυΞὲ
3466 4713 3590 4761 UB],

1944 4769 2101 4842 quod
2125 4767 2375 4842 universi
2397 4767 2684 4842 promptis
2715 4768 2931 4842 animis
2962 4772 3328 4842 acceperunt.
3459 4765 3592 4842 Gla-

1947 4836 2045 4895 bro
2080 4837 2383 4909 Radulfol.
2410 4836 2491 4903 iv,
2516 4836 2651 4909 eff),
2677 4856 2769 4894 an.
2795 4839 2958 4907 4041,
2980 4836 3185 4909 treuga
3206 4836 3329 4901 Dei,
3354 4840 3591 4891 auctore

1946 4913 2004 4967 in
2037 4908 2473 4984 primis__0done
2499 4908 2868 4984 Cluniacensi
2892 4908 3342 4984 abbate,’d_enuo
3373 4909 3594 4984 statuta

1946 4977 2056 5050 est;
2077 4986 2219 5037 teste
2238 4979 2477 5050 Hugone
2498 4979 2915 5035 Flaviniacensi
2929 4979 3158 5050 abbate.
3179 4977 3340 5032 Hanc
3356 4977 3595 5050 {austra-

1945 5055 2017 5110 sii
2041 5045 2382 5126 probavere,
2418 5067 2483 5105 ac
2512 5050 2751 5126 tandem
2773 5049 3099 5126 l\'_e_ustrasii
3129 5049 3190 5105 in
3220 5045 3486 5104 conciliis
3507 5062 3597 5103 ca-

1946 5121 2105 5182 domi
2136 5121 2351 5179 habitis
2382 5139 2476 5178 an.
2512 5121 2653 5177 1043
2683 5125 2740 5177 et
2769 5122 2926 5177 1061.

1946 5297 1997 5350 .ςὶ
2026 5298 2206 5349 autem
2218 5293 2398 5348 sanies
2418 5290 2731 5364 crudescens
2753 5292 2813 5345 in
2848 5290 3071 5361 vestigio
3096 5289 3243 5364 ferri
3260 5288 3596 5359 inveniatur,

1947 5365 2238 5437 culpabitis
2269 5367 2319 5419 et
2350 5362 2663 5437 immundus
2694 5364 2989 5437 reputetar.

2020 5432 2095 5508 (8)
2138 5432 2819 5508 ,Hugo,‘FlaviniacenSis
2869 5432 3319 5508 abbas_trevam
3363 5435 3599 5508 auctore

1948 5502 2287 5563 Sdeilone
2338 5505 2398 5560 in
2450 5504 2657 5577 primis
2703 5505 2999 5577 firmatam
3037 5504 3231 5577 fuisse
3264 5519 3416 5560 anno
3458 5502 3591 5559 1041

1950 5579 2187 5658 disertis
2240 5575 2703 5658 verbis—asserit
2736 5575 2796 5658 in
2838 5575 3141 5658 Chronico,
3184 5589 3430 5658 eamque
3481 5591 3600 5630 non

1951 5650 2143 5707 solum
2174 5650 2436 5705 humana
2464 5647 2827 5714 auctoritate,
2856 5648 2959 5707 sed
2989 5647 3163 5706 etiam
3183 5647 3396 5707 divinis
3416 5649 3601 5708 terro-

1950 5724 2117 5782 ribus
2149 5721 2573 5781 conﬁrmatam.
2605 5718 2905 5780 Maerens.
