3984 6166
399 273 513 333 751
585 236 588 240 ’
1161 274 1355 338 suo.
1398 271 1480 339 XI
1522 273 1751 336 AUCT.
1795 271 2111 335 INGERTI
2152 270 2339 334 ANNI
2381 270 2486 333 ET
2528 269 2826 334 sempr.
2860 275 3085 327 manu.
3688 266 3815 331 752

396 403 885 479 horavespertina
895 406 1009 464 diei
1022 407 1290 465 Mercurii
1304 407 1455 464 inter
1470 418 1675 464 omnes
1687 404 2049 463 Christianos
2077 406 2133 473 Α
2163 404 2564 480 opitulatione,
2596 403 2736 478 quia
2753 404 2908 478 apud
2923 419 3050 473 nos,
3074 404 3141 459 ut
3171 400 3487 467 credimus,
3503 401 3655 458 nihil
3674 401 3817 463 boni

398 494 619 553 amicos
651 499 709 553 et
734 495 1029 568 inimicos,
1078 497 1299 554 vicinos
1329 501 1385 553 et
1416 500 1738 565 extraneos,
1771 496 1849 553 sit
1878 496 2048 552 firma
2156 495 2460 569 agebatur,
2489 494 2725 567 quando
2755 511 2788 550 a
2820 494 2931 550 Deo
2961 491 3176 567 populo
3198 509 3306 549 suo
3335 490 3685 550 transmissa
3705 497 3814 551 est.

395 602 511 659 pax
537 589 595 643 et
623 585 852 644 stabilis
881 591 1082 644 treuva
1105 584 1292 659 usque
1316 585 1375 642 in
1398 586 1717 643 secundam
1741 586 1966 653 feriam,
1986 584 2045 642 id
2154 586 2462 642 Dominica
2485 588 2644 641 certa
2671 584 2796 640 dies
2850 601 2967 640 non
2998 583 3423 651 celebrabatur,
3472 582 3577 639 sed
3610 587 3822 640 cuncta

399 678 492 732 est
522 674 615 731 die
645 676 816 732 Lunae
844 677 916 732 ad
948 678 1140 733 ortum
1156 675 1324 742 solis,
1346 674 1553 731 utistis
1567 679 1821 748 quatuor
1840 674 2046 731 diebus
2155 673 2387 731 servilia
2416 691 2593 747 opera
2622 673 2681 733 in
2711 691 2780 731 ea
2800 673 3034 730 ﬁebant.
3068 672 3463 730 Promisimus
3484 671 3687 746 itaque
3703 677 3819 729 Deo

398 779 466 821 ac
495 764 767 821 noctibus
796 764 955 821 omni
990 763 1136 821 hora
1165 763 1357 820 securi
1380 763 1521 830 sint,
1553 766 1611 819 et
1633 763 1852 820 faciant
1881 763 2047 835 quid-
2154 781 2219 820 ac
2252 764 2591 820 devovimus
2639 762 3042 836 quatriduum,
3076 766 3142 818 ut
3194 779 3377 836 supra
3421 761 3703 832 diximus,
3758 768 3821 818 ut

396 852 540 924 quid
573 852 684 909 erit
713 856 1105 926 opportunum
1138 853 1209 909 ab
1241 852 1399 909 omni
1430 851 1640 908 timore
1671 851 2044 907 inimicorum
2155 854 2299 909 feria
2330 871 2364 907 v
2389 856 2625 926 propter
2646 851 3072 920 ascensionem,
3101 850 3243 907 feria
3258 868 3314 907 v1
3332 854 3580 923 propter
3605 850 3824 907 Christi

396 940 670 1013 absoluti,
702 945 760 999 et
786 942 847 997 in
888 941 1290 1015 tranquilitate
1321 939 1501 1015 pacis,
1546 945 1601 997 et
1634 940 1808 997 istius
1831 945 2045 996 treuva:
2154 943 2512 1017 passionem,
2546 941 2859 998 sabbatum
2878 956 2982 1014 pro
2997 939 3373 997 veneratione
3397 938 3743 1012 sepulturae,
3766 944 3823 996 et

396 1030 745 1087 conﬁrmati.
778 1031 1122 1104 Quicunque
1147 1031 1297 1087 hanc
1318 1047 1543 1104 pacem,
1575 1034 1631 1086 et
1660 1034 1922 1087 treuvam
1944 1029 2046 1086 Dei
2153 1036 2218 1087 ut
2246 1030 2554 1087 Dominica
2584 1029 2929 1087 resurrectio
2948 1027 3360 1086 inviolabiliter
3395 1027 3819 1097 celebraretur,

394 1118 848 1187 observaverint,
882 1137 949 1176 ac
979 1120 1226 1176 firmiter
1255 1120 1575 1186 tenuerint,
1598 1119 1719 1175 sint
1739 1119 1991 1176 absoluti
2014 1137 2047 1175 a
2155 1121 2225 1176 ab
2272 1120 2548 1176 omnibus
2596 1118 2788 1175 rurale
2817 1135 2966 1191 opus
2996 1119 3055 1174 in
3082 1135 3151 1175 ea
3181 1118 3421 1174 omnino
3472 1135 3591 1174 non
3630 1119 3822 1189 fieret,

392 1208 510 1266 Deo
542 1210 708 1267 Patre
738 1210 1156 1283 omnipotente,
1189 1214 1246 1266 et
1274 1208 1417 1264 Filio
1466 1209 1594 1280 ejus
1621 1209 1761 1265 Jesu
1794 1206 2044 1277 Christo,
2155 1208 2757 1265 inimicusinimieum
2772 1226 2885 1264 non
2900 1207 3262 1273 formidaret,
3282 1208 3606 1264 secundum
3620 1211 3824 1263 aucto-

395 1301 452 1354 et
476 1298 699 1373 Spiritu
733 1303 958 1369 sancto,
990 1300 1062 1355 de
1091 1302 1293 1356 sancta
1323 1298 1507 1354 Maria
1537 1315 1670 1354 cum
1705 1298 1897 1354 choris
1931 1298 2046 1353 vir-
2154 1299 2386 1354 ritatem
2419 1316 2451 1353 a
2482 1298 2595 1354 Deo
2645 1296 2945 1365 collatam,
2994 1301 3053 1353 et
3092 1297 3165 1353 ab
3198 1295 3475 1369 apostolis
3507 1296 3821 1353 traditam.

395 1388 624 1463 ginum,
655 1392 711 1445 et
741 1389 812 1446 de
841 1390 900 1445 S.
922 1388 1203 1445 Michaele
1227 1404 1361 1445 cum
1390 1388 1585 1444 choris
1606 1387 1971 1461 angelorum,
1990 1391 2047 1443 et
2155 1388 2394 1454 Omnes,
2427 1386 2529 1459 qui
2560 1386 2711 1442 hanc
2740 1403 2965 1459 pacem,
2989 1390 3046 1441 et
3062 1385 3161 1441 Dei
3184 1389 3438 1442 treuvam
3462 1385 3827 1450 amaverint,

397 1479 468 1540 de
505 1480 564 1535 S.
612 1479 780 1535 Petro
824 1477 1084 1551 principe
1134 1477 1531 1551 apostolorum
1585 1493 1721 1533 cum
1773 1477 2049 1533 omnibus
2156 1476 2581 1544 benedicimus,
2616 1480 2672 1530 et
2694 1474 3079 1547 absolvimus,
3109 1474 3266 1530 sicut
3296 1473 3565 1548 superius
3588 1473 3826 1531 dictum

396 1567 635 1637 sanctis,
663 1570 720 1623 et
769 1567 1038 1625 ﬁdelibus
1069 1566 1295 1623 cunctis
1323 1584 1479 1623 nunc
1497 1570 1554 1623 et
1578 1583 1829 1638 semper,
1863 1570 1920 1621 et
1948 1583 2050 1638 per
2155 1564 3188 1637 est.lllosautcm,quicontradicunt,
3210 1562 3819 1632 excommunicamus,

397 1658 597 1715 omnia
642 1656 855 1712 saecula
901 1656 1270 1714 saeculorum.
1304 1655 1412 1722 Qui
1440 1673 1576 1712 vero
1624 1659 1889 1712 treuvam
1914 1672 2049 1729 pro-
2157 1655 2589 1726 maledicimus,
2632 1660 2688 1711 et
2740 1654 3307 1710 anathematizamus
3337 1658 3394 1710 et
3439 1672 3475 1710 a
3502 1652 3818 1710 liminibus

396 1744 1132 1813 missamhabuerint,etse
1152 1746 1373 1801 sciente
1395 1745 1714 1817 infringere
1734 1743 2045 1814 voluerint,
2076 1782 2125 1849 B
2155 1749 2368 1801 sanctae
2402 1746 2608 1802 matris
2657 1744 2932 1802 Ecclesiae
2983 1744 3381 1801 eliminamus.
3434 1744 3581 1800 Cum
3619 1747 3823 1799 autem

392 1835 515 1891 sint
560 1833 1048 1890 excommunicati
1096 1851 1131 1888 a
1160 1834 1275 1889 Deo
1324 1834 1494 1889 Patre
1536 1833 1956 1905 omnipotente,
1989 1837 2046 1889 et
2077 1831 2125 1849 "
2154 1833 2409 1891 evenerit
2434 1833 2711 1905 cuiquam
2736 1832 3034 1890 vindicare
3056 1833 3114 1889 in
3137 1850 3236 1890 eos
3258 1833 3526 1907 quihanc
3546 1831 3822 1889 chartam

394 1923 538 1983 Filio
568 1924 697 1995 ejus
725 1922 864 1979 Jesu
894 1920 1143 1990 Christo,
1169 1926 1227 1978 et
1256 1921 1477 1994 Spiritu
1501 1925 1723 1984 sancto.
1748 1926 1804 1978 et
1833 1922 1904 1978 de
1920 1939 2044 1979 om-
2154 1928 2211 1980 et
2242 1924 2341 1979 Dei
2394 1928 2658 1979 treuvam
2707 1922 3032 1996 irrumpere
3076 1921 3581 1996 praesumpserint,
3626 1920 3823 1977 vindi-

393 2011 571 2069 nibus
602 2011 822 2068 sanctis
843 2008 1105 2079 Dei,sint
1122 2009 2046 2080 excommunicati,maledicti,et
2155 2017 2353 2070 cantes
2397 2012 2541 2067 nulli
2596 2012 2779 2085 culpae
2826 2012 3157 2069 habeantur
3205 2012 3462 2079 obnoxii,
3516 2011 3622 2069 sed
3664 2010 3823 2068 sicut

393 2100 666 2159 detestati
697 2100 793 2156 hic
817 2102 875 2156 et
900 2099 961 2155 in
991 2101 1361 2172 perpetuum,
1393 2103 1450 2154 et
1470 2098 1589 2155 sint
1608 2099 1869 2155 damnati
1893 2099 2047 2156 sicut
2153 2102 2408 2158 cultores
2440 2119 2627 2157 causa:
2658 2101 2759 2157 Dei
2790 2102 2861 2157 ab
2916 2100 3191 2158 omnibus
3232 2100 3543 2157 chistianis
3575 2104 3812 2169 exeant,

392 2190 644 2257 Dathan,
676 2190 734 2247 et
760 2187 997 2258 Abiron,
1019 2188 1092 2259 fet
1121 2188 1274 2245 sicut
1301 2187 1504 2257 Judas,
1540 2188 1641 2261 qui
1670 2188 1912 2244 tradidit
1940 2189 2046 2245 Do-
2153 2194 2210 2246 et
2238 2191 2480 2247 redeant
2509 2190 2821 2247 benedicti.
2852 2190 2911 2246 Si
2926 2207 3060 2247 vero
3082 2189 3334 2246 residuis
3357 2188 3566 2246 diebus
3586 2187 3816 2261 aliquid

394 2280 643 2350 minum,
675 2281 733 2336 et
756 2277 1133 2335 sintdimersi
1162 2277 1222 2333 in
1254 2279 1612 2349 profundum
1631 2278 1865 2347 inferni,
1890 2278 2045 2334 sicut
2153 2279 2445 2336 sublatam
2498 2278 2690 2347 fuerit,
2742 2283 2799 2334 et
2837 2278 2897 2334 in
2950 2278 3157 2335 diebus
3208 2282 3420 2335 treuvaa
3472 2276 3817 2346 obviaverit,

392 2370 617 2428 Pharao
650 2368 708 2425 in
740 2367 934 2425 medio
979 2367 1182 2435 maris,
1214 2366 1263 2424 si
1307 2368 1379 2424 ad
1411 2368 1881 2423 emendationem
1927 2385 2041 2424 non
2153 2369 2394 2425 omnino
2425 2386 2541 2424 non
2590 2372 2882 2438 teneatur,
2915 2384 2988 2424 ne
3017 2367 3245 2425 occasio
3277 2366 3514 2424 inimico
3560 2368 3700 2424 data
3727 2367 3815 2423 vi-

389 2461 676 2528 venerint,
706 2458 858 2515 sicut
877 2456 1263 2514 constitutum
1293 2460 1402 2513 est.
1434 2456 1718 2513 Videlicet
1746 2457 1796 2513 si
1827 2458 1961 2530 quis
1981 2458 2043 2514 in
2152 2458 2378 2515 deatur.
2413 2458 2693 2514 Praeterea
2737 2473 3035 2531 rogamus,
3085 2473 3187 2513 vos
3220 2457 3452 2523 fratres,
3477 2460 3545 2513 ut
3574 2456 3633 2511 in
3667 2473 3821 2529 qua-

390 2548 537 2624 ipsis
564 2546 773 2606 diebus
803 2551 1019 2604 treuvaa
1049 2546 1171 2616 Dei,
1206 2546 1593 2602 homicidium
1626 2545 1845 2616 fecerit,
1875 2545 2042 2602 exsul
2151 2563 2383 2619 cunque
2413 2546 2506 2602 die
2537 2546 2692 2618 apud
2718 2562 2819 2601 vos
2849 2546 3126 2619 praedicta
3149 2562 3259 2619 pax
3282 2548 3339 2601 et
3368 2549 3570 2601 treuva
3594 2545 3814 2601 consti-

391 2638 605 2707 factus,
655 2641 832 2709 atque
872 2653 907 2691 a
950 2634 1186 2708 prepria
1231 2635 1419 2707 patria
1465 2636 1684 2706 ejectus
1712 2635 2039 2693 Jerusalem
2152 2639 2280 2692 tuta
2308 2636 2503 2704 fuerit,
2537 2635 2734 2707 ipsum
2756 2635 2911 2691 diem
2942 2634 3143 2692 devote
3175 2632 3447 2692 recolatis
3476 2635 3539 2690 in
3571 2634 3817 2691 nomine

388 2727 658 2797 tendens,
681 2723 1211 2798 longinquumillic
1231 2722 1489 2802 patiatur
1509 2723 1801 2779 exsilium.
1826 2723 1886 2780 Si
1905 2741 2039 2781 vero
2151 2728 2367 2781 sanctae
2400 2724 2727 2781 Trinitatis.
2762 2724 3043 2780 Latrones
3078 2740 3463 2797 quoscunque
3507 2724 3579 2781 de
3607 2728 3812 2780 vestra

391 2812 452 2871 in
478 2813 613 2872 aliis
635 2812 1000 2887 quibulisbet
1025 2812 1202 2871 rebus
1224 2812 1623 2884 supradictam
1645 2816 1907 2870 treuvam
1939 2814 2039 2869 Dei
2149 2814 2383 2887 regione
2423 2813 2690 2884 cjiciatis,
2731 2816 2788 2869 et
2832 2813 3274 2883 abominamini,
3320 2813 3715 2883 maledicatis,
3760 2818 3817 2871 et

389 2908 448 2961 et
475 2918 680 2978 pacem
711 2900 965 2976 fregerit,
1010 2901 1381 2958 examinatus
1433 2918 1535 2974 per
1574 2903 1803 2960 decreta
1840 2903 2036 2977 legum
2149 2901 2691 2960 excommunicetus
2720 2919 2789 2958 ex
2819 2905 2982 2976 parte
3012 2903 3276 2959 omnium
3332 2907 3677 2959 sanctorum
3706 2903 3811 2976 qui

390 2992 783 3061 saecularium,
808 2992 981 3063 juxta
1028 2991 1271 3047 modum
1298 2990 1606 3064 culparum
1638 2996 1880 3064 cogatur
1907 3010 2035 3065 per-
2147 3009 2327 3064 supra
2357 2991 2559 3064 scripti
2581 2996 2738 3049 sunt.
2766 2991 3028 3049 Decimus
3040 3008 3173 3049 vero
3194 2995 3418 3049 vestras
3440 2996 3499 3048 et
3511 2992 3809 3066 primitias

386 3083 627 3152 solvere,
660 3087 720 3139 et
743 3098 848 3156 per
877 3084 1216 3138 sanctorum
1249 3097 1540 3137 canonum
1580 3080 1812 3155 regulas
1843 3081 2035 3155 dupli-
2084 3155 2089 3156 ί
2147 3082 2219 3138 de
2250 3080 2553 3137 laboribus
2581 3081 2790 3137 vestris
2838 3081 2952 3137 Deo
2979 3080 3258 3138 offeratis.
3292 3086 3371 3139 De
3403 3081 3572 3139 bonis
3600 3083 3813 3139 vestris

386 3177 517 3231 cata
545 3155 886 3245 poenitentia
904 3169 1287 3241 judicabitur.
1313 3171 1476 3237 Quod
1508 3170 1638 3226 ideo
1663 3169 1907 3245 dignum
1933 3171 2035 3227 du-
2064 3155 2107 3223 C
2145 3171 2217 3226 ad
2249 3169 2527 3226 ecclesias
2569 3170 2884 3243 deportetis
2914 3187 3019 3243 pro
3042 3170 3231 3228 salute
3244 3171 3507 3227 vivorum
3531 3175 3587 3228 et
3608 3171 3814 3228 defun-

385 3262 598 3331 cimus,
630 3265 695 3318 ut
723 3262 775 3319 si
822 3259 1272 3334 promissionem
1304 3258 1424 3315 illic
1472 3259 1684 3316 factam
1733 3260 1792 3316 in
1834 3259 2029 3334 aliquo
2147 3263 2393 3326 ctorum,
2421 3266 2487 3315 ut
2532 3258 2684 3315 Deus
2732 3276 2834 3316 vos
2864 3258 3072 3316 liberet
3101 3260 3173 3316 ab
3221 3261 3498 3318 omnibus
3530 3259 3708 3317 malis
3742 3262 3805 3316 in

385 3365 757 3422 corrumpere
772 3348 1347 3422 przesumpserimus,
1369 3348 1690 3415 mundano,
1714 3348 2037 3421 etspiritali
2147 3349 2256 3406 hac
2284 3350 2420 3419 vita,
2454 3355 2511 3405 et
2538 3352 2671 3422 post
2698 3349 2850 3405 hanc
2880 3350 3060 3406 vitam
3081 3351 3364 3423 perducat
3391 3366 3493 3407 vos
3525 3350 3600 3407 ad
3623 3367 3811 3424 regna

375 3439 604 3513 judicio
632 3436 941 3511 dupliciter
955 3438 1435 3494 condemnemur.
1457 3437 1762 3494 Credimus
1782 3454 2039 3510 namque
2149 3437 2449 3506 caelorum,
2472 3437 2725 3511 quicum
2756 3443 2869 3494 Deo
2888 3439 3076 3508 Patre,
3104 3442 3162 3494 et
3174 3438 3427 3511 Spiritus
3441 3443 3648 3497 sancto
3672 3438 3813 3495 vivit

381 3529 563 3585 istam
579 3543 819 3585 causam
845 3543 880 3583 a
907 3526 1022 3583 Deo
1043 3525 1213 3583 nobis
1233 3525 1459 3583 coalitus
1476 3525 1821 3598 inspiratam
1843 3527 2041 3583 divina
2148 3532 2206 3584 et
2233 3532 2439 3601 regnat
2468 3527 2624 3584 Deus
2652 3527 2711 3583 in
2744 3526 2955 3585 saecula
2984 3526 3351 3584 saeculorum.
3381 3530 3588 3584 Amen.

1140 3776 2047 3910 BHYTHMUS
2154 3777 3047 3912 SATYRICUS

1176 4013 1323 4099 DE
1367 4011 2090 4102 TEMPORIBUS
2135 4011 2627 4101 BOBERTI
2668 4013 3001 4102 REGIS

1478 4190 1764 4262 (Manum,
1799 4190 2042 4248 Analect.
2074 4206 2207 4247 nov.
2248 4189 2413 4261 edit.,
2443 4207 2501 4264 p.
2535 4191 2691 4261 866.)

443 4449 561 4521 Hos
590 4448 896 4521 rhythmos
921 4463 991 4503 ex
1014 4463 1127 4521 ms.
1161 4448 1359 4504 codice
1388 4447 1722 4505 Belvacensi
1752 4449 1904 4506 eruit
1922 4450 2271 4508 venerabilis
2300 4451 2389 4506 vir
2418 4449 2788 4517 Godefridus,
2823 4449 3224 4521 Hurmannus,
3247 4450 3566 4508 canonicus
3596 4451 3801 4511 Belva-

371 4519 582 4593 censis.
619 4519 983 4593 Landricus,
997 4520 1098 4593 qui
1128 4521 1457 4593 praecipuus
1478 4536 1663 4585 scente
1695 4522 1922 4591 artifex,
1958 4528 2047 4578 est
2078 4522 2235 4579 filius
2269 4522 2544 4590 Bodonis,
2577 4522 2809 4579 comitis
2840 4519 3237 4589 Nivernensis,
3259 4523 3534 4580 dominus
3556 4523 3796 4581 Dunen-

368 4592 474 4669 sis,
498 4596 711 4669 contra
727 4607 913 4669 quem
930 4592 1339 4669 ‘Fulco’Nerra‘
1358 4608 1562 4665 graves
1592 4593 1778 4669 gessit
1807 4594 2148 4669 discordias.
2185 4594 2511 4669 Landricus
2540 4596 2625 4649 vir
2654 4595 2897 4669 iniquus,
2930 4593 3049 4669 doto
3079 4602 3133 4651 et
3175 4597 3327 4669 omni
3352 4596 3577 4669 malitia
3613 4597 3797 4669 reple-

368 4667 453 4739 tus
481 4662 784 4739 diciturin
817 4663 1005 4739 capite
1033 4664 1067 4716 7
1088 4668 1166 4719 De
1195 4662 1387 4739 gestis
1402 4662 1716 4739 consulum
1748 4666 2281 4739 Andegavensium.
2308 4665 2415 4733 Qui
2440 4683 2631 4739 mores
2660 4662 2813 4739 recte
2842 4662 2980 4722 huic
3010 4665 3133 4739 loco
3163 4667 3475 4738 quadrant.
3504 4662 3798 4724 Idem'hic

365 4735 560 4811 dictus
586 4735 924 4811 Achitqphel,
965 4735 1679 4811 crassus,'A1_'chitricliuus,
1711 4742 1763 4793 et
1790 4735 1980 4811 Egtoh.
2032 4739 2425 4811 Adversarius
2440 4738 2567 4809 ejus
2594 4737 2733 4811 Odo.
2768 4738 3095 4811 Campaniae
3128 4735 3344 4809 comes,
3378 4740 3543 4811 Lapis
3566 4740 3627 4795 in
3659 4739 3799 4796 Sion

363 4807 714 4894 appellatus.
745 4807 1134 4891 Nabuzardan,
1193 4808 1507 4880 ipsiusmet
1563 4808 1776 4894 fautor,
1825 4807 2068 4894 videtur.
2108 4814 2276 4883 Hugo
2326 4807 2722 4894 .Delvacensis,
2776 4810 2875 4894 qui
2909 4807 3074 4894 inter
3129 4812 3311 4894 ipsum
3331 4807 3519 4894 fegém
3565 4810 3791 4894 Deber-

360 4880 487 4937 tum
517 4881 739 4954 ejusque
766 4880 1052 4952 conjugem
1078 4896 1315 4950 nequam
1342 4897 1525 4937 semen
1556 4880 1673 4954 odii
1710 4883 1931 4954 sparsit,
1977 4882 2170 4954 suique
2210 4880 2398 4954 pratia
2439 4883 2676 4954 prwmii
2691 4880 2941 4954 reginam
2968 4884 3023 4938 ei
3048 4880 3253 4954 fecerat
3278 4880 3539 4954 odiosam,
3573 4886 3794 4939 tantam

360 4967 397 5027 ᾳ
421 4952 549 5027 rege
574 4953 819 5027 gratiam
846 4959 1196 5027 consecutus,
1235 4956 1297 5007 ut
1338 4969 1510 5027 comes
1543 4952 1759 5027 palatii
1795 4952 2120 5027 Imberetur,
2164 4952 2232 5008 ex
2280 4952 2490 5027 iisdem
2535 4953 2715 5027 gestis
2755 4952 2824 5008 'in
2878 4952 3118 5027 tomo'X
3146 4952 3458 5027 Spicilegii.
3491 4969 3626 5027 pag.
3662 4955 3787 5027 466.

356 5022 1009 5108 ᾼάαὶὺθῐσοηθρὶεορρῠε
1032 5022 1469 5108 ‘Laudupensis,
1505 5022 1616 5105 alio
1652 5023 1884 5106 nomine
1916 5025 2213 5108 .-1srclz'nus,
2249 5025 2481 5108 rendus-
2511 5022 2829 5108 [Eadz‘tor‘et
2871 5025 3049 5108 falsus
3079 5022 3389 5108 episcopus:
3402 5022 3664 5108 Laudin
3691 5025 3790 5108 di-

357 5097 508 5168 ctus,
533 5095 690 5168 quod
714 5094 985 5168 Carolum
1015 5095 1224 5168 ducem
1242 5094 1731 5168 L‘othariensium,
1763 5095 2337 5168 cujusAconsiliarius
2367 5100 2513 5161 erat,
2556 5096 2615 5168 in
2643 5097 2821 5168 verba
2858 5094 3180 5168 juraverat,
3212 5094 3306 5153 die
3349 5099 3535 5168 Coena:
3565 5096 3791 5168 Domi-

354 5165 517 5241 picae,
545 5165 699 5223 anno
727 5167 859 5241 990,
889 5165 1293 5241 ﬁugoni,_regi
1326 5167 1706 5241 Francorum,
1729 5167 1913 5237 portis
1946 5166 2212 5223 Lauduni
2238 5172 2406 5223 nocte
2431 5167 2759 5241 patefactis,
2789 5165 3124 5241 tradidit._Is
3155 5172 3330 5241 antea
3345 5167 3601 5241 Lptharii
3624 5168 3787 5241 regis

354 5235 548 5311 favore
578 5254 736 5311 anno
751 5237 859 5311 977
890 5235 1472 5311 Rofi_coni_i_n"sedem
1499 5235 1947 5311 Lauduiiensem
1976 5243 2370 5311 successerat.
2391 5235 2548 5311 Vixit
2577 5239 2649 5294 ad
2680 5255 2903 5295 annum
2931 5239 3161 5295 circiter
3190 5239 3353 5311 1030.
3372 5239 3495 5304 Quo
3516 5235 3784 5311 tempore

352 5305 668 5391 Vzidonem
690 5307 1000 5391 clericum,
1019 5307 1711 5391 Berol-di‘Suessionensm
1731 5308 1987 5391 episcopi
2004 5315 2305 5391 nepotem,
2328 5309 2439 5391 sibi
2464 5326 2863 5391 successorem
2895 5315 3096 5391 contra
3124 5310 3463 5391 praescripta
3483 5305 3781 5391 canonum

353 5375 553 5455 allegit
577 5395 602 5455 :_
625 5394 741 5449 qua
770 5380 929 5455 dere
960 5379 1191 5455 Geraldi
1225 5378 1666 5455 Cameracensis
1688 5375 1972 5455 antistitis
1991 5375 2195 5455 graves
2215 5375 2476 5455 epistolae
2497 5385 2746 5455 exstant,
2772 5386 2837 5437 tu
2864 5383 2937 5438 ad
2959 5375 3161 5455 ipsum
3175 5375 3623 5455 Adalberonem,
3642 5387 3777 5439 tum

353 5393 553 5502 allegit
577 5395 590 5432 :
625 5394 741 5449 qua
770 5393 840 5434 de
867 5397 929 5435 re
960 5393 1191 5435 ueralm
1225 5393 1666 5435 uameracensrs
1688 5393 1972 5437 antistitis
1991 5397 2195 5455 graves
2215 5393 2476 5455 epistola:
2497 5393 2746 5451 exstant,
2772 5393 2837 5437 tu
2864 5393 2977 5438 adi
3023 5400 3157 5439 sum
3175 5393 3623 5452 Adalberonem,
3642 5393 3777 5439 tum

470 5534 475 5535 γ
508 5446 712 5535 balum
743 5450 1278 5535 metropolitanum,
1312 5454 1439 5535 tum
1465 5451 1540 5535 ad
1573 5449 1886 5535 Beroldum
1908 5453 2411 5535 Suessionepsem.
2436 5454 2654 5535 Forsan
2674 5453 2727 5535 is
2756 5400 3054 5535 est_V_Vigo_
3073 5454 3168 5511 cui
3192 5454 3441 5535 gratiam
3473 5453 3777 5535 siveapud

353 5471 426 5502 au
464 5471 712 5531 nuarum
743 5471 1278 5523 metropontanum,
1312 5471 1439 5506 tum
1470 5471 1540 5506 aa
1573 5471 1886 5508 DBI'OIOUIII
1909 5471 2411 5510 auessionensem.
2436 5471 2654 5510 r'orsan
2674 5471 2725 5510 1s
2756 5471 2846 5511 eet
2887 5471 3051 5512 wmo
3073 5471 3168 5511 cui
3233 5471 3441 5511 ranam
3473 5471 3594 5510 slve
3616 5471 3773 5527 apua

351 5532 573 5608 regem,
605 5521 899 5608 sivegapud
922 5520 1183 5608 reginam
1204 5522 1941 5608 Constantiamobandricus
1965 5524 2447 5608 praeripuissehic
2468 5525 2827 5608 perhibetur.
2857 5526 3018 5608 Idem
3038 5526 3164 5608 ipse
3179 5471 3430 5608 (acrinus
3445 5528 3534 5582 est
3553 5526 3773 5608 dictus,

350 5588 653 5672 ob'idque,
682 5588 891 5662 nempe
920 5588 1076 5672 quod
1106 5593 1265 5672 regia
1291 5594 1480 5672 gratia
1504 5588 2057 5672 cecidisset,_tris_iis.
2090 5588 2252 5672 Hinc
2268 5597 2436 5672 missi
2455 5588 2645 5672 legati
2676 5597 2894 5672 Galam,
2930 5602 2988 5672 et
3037 5588 3179 5672 Cala
3191 5597 3500 5672 Worchias
3520 5600 3582 5655 et
3609 5588 3778 5672 Pari;

349 5661 489 5733 sies,
524 5661 627 5721 ubi
656 5677 756 5721 rex
784 5661 1142 5739 versabatur,
1171 5661 1241 5725 ut
1270 5661 1519 5742 g'ratiam
1548 5661 1874 5728 resarciret.
1908 5669 2069 5730 Idem
2097 5668 2419 5730 Landricus
2447 5661 2827 5732 Ηεῆνίσοιοιιὶι
2851 5661 3139 5751 feminam,
3164 5670 3224 5730 id
3243 5673 3334 5731 est
3362 5670 3775 5735 Constantiam
