3982 6172
228 407 351 471 753
1466 405 1799 469 RHYTHM

2069 404 2412 468 l‘YRlCUS.
3520 406 3641 472 754

225 539 644 622 reginamejus
674 543 943 622 matrem,
978 554 1106 622 quia
1137 538 1384 622 Henrico
1410 539 2227 622 adversabatur:Constantia
2253 539 2398 610 petit
2413 537 2775 622 yasco‘niam
2811 556 2824 597 :
2858 555 3013 622 cum.
3027 538 3267 622 interim
3291 537 3640 622 Achitophel

228 610 335 671 seu
347 610 1029 685 LandricusBertam,ob
1063 611 1593 685 consanguinitatis
1624 614 1681 667 et
1702 610 2019 685 afﬁnitatis
2034 610 2338 685 vinculum
2359 629 2393 667 a
2413 610 2668 685 ltoberto
2685 612 2952 685 Gregorii
2964 611 3013 665 V
3034 610 3259 684 judicio
3292 610 3640 685 anteasepa-

227 688 437 752 ratam,
470 683 533 739 in
563 683 793 757 regium
815 689 1007 741 torum
1040 685 1215 757 (quod
1249 681 1484 757 aliunde
1514 683 1901 757 incognitum)
1919 681 2173 757 reduxit,
2206 687 2411 757 atque
2440 683 2674 757 Roberti
2707 681 2857 757 ﬁlios
2909 681 3213 757 nugonem
3255 681 3636 757 monachum,

223 757 544 813 Henricum
574 754 838 826 aeditum,
862 754 1179 812 Robertum
1211 756 1547 827 episcopum
1583 754 1705 827 ﬁeri
1739 754 2209 823 machinabatur,
2246 754 2480 810 Pruvini
2516 756 2639 827 ipse
2661 754 3052 827 promissione
3085 756 3157 811 ob
3189 754 3375 811 malas
3402 760 3576 827 artes
3606 754 3640 811 a

230 829 402 884 Berta
427 827 689 883 delusus.
705 828 761 883 Is
788 827 933 883 mihi
961 829 1192 883 videtur
1212 825 1392 898 hujus
1413 825 2025 898 aenigmaticzesatyrae
2059 843 2272 883 sensus
2295 843 2306 880 :
2330 826 2429 898 qui
2447 828 2492 882 si
2513 825 2868 898 quibusdam
2891 827 3091 882 minus
3110 826 3345 893 arridet,
3362 826 3543 883 alium
3562 828 3641 883 af-

229 900 440 971 ferant,
473 915 576 971 per
603 916 697 955 me
726 899 880 971 licet,
905 898 1223 955 meliorem.
1243 897 1406 971 Certe
1429 897 1584 971 quod
1602 897 1923 971 Landricus
1946 899 2261 971 Robertum
2281 897 2477 971 regem
2502 899 2688 953 facere
2708 899 3051 971 episcopum
3086 898 3498 965 meditabatur,
3520 915 3637 971 non

228 972 301 1051 de
333 970 444 1051 alio
474 968 654 1041 quam
684 971 755 1051 de
786 970 1039 1051 Rcberto.
1064 969 1295 1051 Boberti
1323 968 1477 1051 regis
1507 968 2025 1051 f'ixliolinterpretari
2174 968 2612 1051 cmte_ra_sinunt
2630 988 2644 1051 ξ
2680 968 2812 1051 cum
2844 968 2994 1051 idin
3030 970 3225 1051 ipsum
3249 973 3475 1051 patrem
3509 970 3638 1043 agi-

226 1047 353 1098 tare
381 1040 553 1114 longe
583 1046 737 1098 esset
766 1059 800 1114 a
830 1042 1099 1098 Landrici
1131 1043 1347 1108 animo,
1381 1040 1480 1113 qui
1519 1041 1749 1114 Bertam
1776 1040 1829 1096 ei
1859 1041 2346 1097 reconciliaverat.
2383 1041 2547 1113 Hugo
2577 1042 2820 1114 Absalonr
2841 1042 2954 1096 dici
2999 1040 3232 1096 videtur
3258 1040 3333 1097 ob
3364 1040 3635 1097 decoram

231 1112 563 1185 formamet
591 1113 908 1180 caesariem,
940 1114 1041 1185 qui
1076 1114 1344 1171 Landrici
1379 1112 1623 1169 consilia
1640 1114 1937 1185 spreverit.
1964 1116 2124 1185 Lapis
2164 1114 2258 1169 ille
2288 1115 2348 1167 in
2375 1112 2528 1179 Sioiz,
2549 1113 3031 1185 quicLandricumﬁ
3044 1114 3416 1185 spiritualitcr
3433 1115 3638 1185 contri-

228 1187 328 1258 vit,
362 1202 477 1241 non
506 1184 681 1258 alius,
712 1189 778 1240 ut
796 1186 924 1258 jam
951 1183 1105 1258 dixi,
1125 1202 1300 1258 quam
1332 1185 1452 1241 Odo
1467 1183 1809 1258 Campaniae
1839 1183 2055 1258 comes,
2088 1184 2354 1258 Landrici
2386 1183 2751 1258 adversarius
2783 1183 3210 1258 etdebellator,
3229 1200 3298 1238 ex
3318 1183 3421 1258 lib.
3443 1184 3525 1258 l_)e_
3541 1199 3637 1256 ge-

230 1256 340 1329 stis
371 1255 680 1329 consulum
709 1255 1378 1329 Andegavensium,cap.
1395 1256 1578 1329 8,Nec
1597 1255 1834 1329 mirum,
1852 1257 2007 1329 quod
2035 1257 2453 1329 Constantiam,
2470 1256 2755 1325 reginam,
2777 1255 2995 1329 Odonis
3018 1271 3306 1329 sororem,
3317 1255 3639 1329 Landric'us

228 1327 742 1401 Odoniscaemulus,
774 1345 844 1384 ex
870 1326 1003 1385 aula
1033 1326 1347 1385 deturbare
1381 1328 1612 1401 sategit,
1638 1328 1817 1401 idque
1834 1326 2072 1383 tandem
2093 1344 2151 1383 re
2173 1344 2308 1384 vera
2326 1328 2581 1401 perfecit.
2603 1331 2885 1383 Caeterum
2912 1328 3081 1401 Berta
3100 1326 3175 1401 _i_n
3208 1327 3460 1401 Roberti
3477 1344 3638 1401 amo-

227 1416 323 1472 res
354 1399 542 1455 redire
571 1399 982 1467 meditabatur,
1009 1404 1155 1456 teste
1187 1398 1685 1472 Odoranno,'cum
1718 1398 2006 1472 Robertus
2038 1401 2148 1456 iter
2168 1398 2497 1455 Romanum
2520 1416 2796 1472 egressus
2826 1402 2936 1455 est.
2983 1399 3055 1453 At
3083 1398 3381 1472 diversum
3409 1399 3642 1455 videtur

225 1471 414 1599 {uisse
444 1471 600 1528 istud
634 1471 875 1599 factunti,
907 1473 1062 1545 quod
1094 1471 1351 1547 rhythmi
1376 1471 1556 1544 hujus
1589 1474 1792 1529 auctor
1820 1470 1930 1528 hoc
1959 1471 2084 1528 loco
2116 1468 2727 1539 commemoratfcum
2757 1476 2989 1544 tempus
3022 1474 3079 1527 et
3108 1469 3232 1527 aliae
3255 1468 3643 1528 circumstan-

258 1560 326 1599 iae
356 1560 472 1599 non
493 1559 812 1599 conveniam
851 1586 863 1599 .

258 1543 326 1599 iae
356 1560 472 1600 non
493 1542 863 1600 conveniant.

227 1829 404 1888 Orbis
430 1830 629 1903 magni
661 1830 1064 1886 monarchiam
1097 1828 1268 1886 dolus
1298 1829 1569 1886 Landrici
1599 1829 1811 1885 nititur
1908 1831 1964 1898 Α
1992 1831 2159 1887 Prius
2184 1830 2417 1889 Widoni
2441 1831 2711 1905 gratiam,
2733 1830 2946 1887 timens
2979 1846 3209 1903 sponsae
3240 1827 3636 1902 prudentiam.

230 1920 340 1976 Per
368 1918 613 1991 energize
645 1920 908 1975 studium
942 1918 1282 1975 solemniter
1312 1922 1587 1976 evertere.
1994 1920 2147 1976 Uxor
2176 1920 2320 1993 petit
2346 1920 2721 1987 Vasconiam,
2752 1918 3095 1991 Achitophel
3124 1918 3433 1985 malitiam,

232 2010 336 2066 Est
365 2007 548 2081 lapsis
570 2025 724 2065 unus
743 2008 814 2063 ‘in
847 2007 1008 2077 Sion,
1033 2025 1209 2080 quem
1242 2007 1442 2064 dicunt
1474 2012 1698 2081 petram
1723 2026 1888 2064 scan-
1992 2009 2144 2065 Dum
2167 2027 2268 2082 per
2279 2009 2516 2079 jurandi
2539 2010 2830 2065 sarcinam
2846 2013 3028 2065 totam
3043 2007 3638 2081 conturbatpatriam.

1718 2098 1880 2169 [dali,
1994 2098 2242 2154 Honoris
2272 2098 2466 2154 fundit
2489 2099 2830 2164 terminum,
2865 2098 3095 2153 intrans
3129 2097 3301 2170 Regis
3332 2095 3638 2170 palatium,

230 2188 370 2255 Quae
401 2186 611 2243 cecidit
640 2202 819 2258 super
839 2191 1015 2259 caput
1039 2186 1387 2260 Achitophel
1407 2188 1535 2258 jam
1563 2187 1778 2260 septies
1992 2188 2276 2243 Henricus
2307 2188 2383 2242 sit
2413 2187 2682 2256 aedituus,
2718 2186 2860 2242 dicit
2890 2186 3145 2243 Bodonis
3172 2186 3351 2243 ﬁlius.

230 2276 342 2331 Sed
377 2292 511 2331 cum
538 2275 694 2332 cadit
721 2276 870 2349 lapis
903 2276 1104 2343 semel,
1131 2276 1287 2333 cadit
1316 2277 1369 2331 vi
1392 2276 1729 2348 .septenaria
1761 2294 1774 2333 :
1993 2276 2117 2332 Fiat
2147 2294 2245 2333 rex
2274 2277 2438 2349 Hugo
2471 2275 2816 2345 monachus,
2850 2292 2951 2332 rex
2972 2276 3261 2332 Robertus
3290 2275 3636 2348 episcopus;

231 2366 565 2422 Contritum
597 2363 936 2437 spiritaliter
967 2366 1445 2440 Burgundionem
1476 2365 1752 2422 vidimus.
1993 2367 2224 2423 Habens
2256 2365 2349 2421 hic
2380 2367 2557 2422 vitam
2591 2365 2941 2439 simplicem,
2974 2365 3119 2422 alter
3164 2364 3320 2421 vocis
3378 2363 3639 2423 dulcedi-

230 2453 580 2526 Achitophel
611 2453 949 2527 Burgundia
978 2455 1132 2511 aetati
1162 2458 1377 2511 nostrae
1407 2454 1681 2521 reddidit,
1863 2449 1869 2456 ’
3459 2454 3639 2526 [nem.

232 2543 486 2600 Multum
518 2543 766 2599 crinitus
797 2543 1050 2599 Absalon
1073 2545 1242 2615 cujus
1274 2543 1491 2618 sprevit
1508 2544 1844 2600 consilium.
1992 2545 2253 2601 Obscura
2282 2544 2557 2601 fraudum
2586 2544 2736 2617 legio
2766 2548 2974 2618 regnat
2994 2542 3268 2600 Landrici
3312 2543 3638 2612 stomacho,

231 2633 420 2689 Intrat
447 2649 600 2705 saepe
628 2632 847 2705 palatia
877 2632 1203 2705 versipellis
1235 2632 1471 2706 regalia,
1991 2636 2170 2707 Cujus
2201 2634 2393 2690 munit
2422 2632 2741 2690 sententias
2769 2633 3152 2689 Nabuzardan
3183 2632 3521 2689 auctoritas.

231 2720 494 2778 Occultat
508 2738 719 2777 nasum
733 2720 1215 2794 pellibus,pectus
1230 2723 1535 2779 subdendo
1549 2723 1879 2780 fraudibus.
1989 2724 2305 2781 Cachiunis
2330 2723 2585 2780 ostendit
2603 2723 2825 2791 dolum,
2842 2727 3144 2796 respectus
3173 2726 3232 2779 et
3263 2721 3595 2795 periculum
3623 2737 3636 2776 :

229 2811 362 2867 Jam
386 2810 634 2867 Catilina
663 2811 910 2883 nequior
940 2812 1145 2867 amicis
1174 2812 1391 2886 przebet
1419 2812 1719 2881 osculum;
1989 2816 2170 2871 Acula
2197 2819 2336 2870 sunt
2365 2813 2647 2870 novacula
2676 2813 2930 2885 perﬁdiae
2962 2812 3200 2869 duritia.

228 2901 339 2957 Sed
372 2900 678 2972 praetendit
705 2900 1005 2973 decipulas
1037 2917 1241 2974 sapore
1270 2901 1422 2957 fellis
1453 2901 1664 2958 ebrias.
1991 2903 2403 2960 Promissionis
2437 2903 2642 2960 scissio
2681 2905 3066 2975 praesentatus
3096 2902 3155 2957 in
3187 2901 3457 2971 subdolo,

226 2988 392 3046 Alter
418 2988 1015 3065 Jugurthaloquitur,
1040 3007 1156 3046 non
1180 3008 1248 3046 ex
1278 2991 1411 3059 ﬁde,
1439 2991 1538 3046 sed
1571 2992 1641 3046 de
1677 2992 1808 3058 ﬁde,
1988 2993 2311 3049 Verborum
2343 2993 2453 3049 sub
2485 2992 2882 3048 membraculo
2908 2992 2967 3047 in
2999 2992 3279 3049 mendoso
3310 2990 3635 3047 volutabro.

229 3080 343 3135 Pro
376 3078 528 3135 veris
562 3078 838 3135 amicitiis
870 3080 1117 3135 reddens
1150 3079 1508 3135 inimicitias.
1991 3083 2181 3139 Saliva
2213 3083 2390 3137 mista
2420 3081 2728 3137 fraudibus
2759 3082 2887 3152 ejus
2912 3084 3180 3136 versatur
3208 3079 3516 3135 fraudibus
3550 3096 3564 3134 :

229 3169 319 3225 Ad
341 3184 548 3241 regum
565 3184 813 3242 pergens
842 3167 1078 3236 solium,
1098 3169 1277 3242 Ceges
1298 3169 1536 3238 salutat,
1558 3186 1673 3225 non
1691 3173 1877 3226 amat:
1912 3209 1960 3274 B
1991 3172 2301 3227 Sermones
2334 3187 2469 3226 cum
2499 3168 2775 3242 periculis
2807 3170 2934 3240 ejus
2963 3172 3273 3225 versantur
3302 3166 3563 3240 syllabis.
3599 3223 3602 3226 .

232 3258 353 3314 Sed
384 3261 473 3314 est
503 3256 672 3329 quasi
701 3258 1005 3331 tugurium
1040 3257 1152 3313 alio
1182 3258 1605 3315 cucumerario.
1913 3256 1960 3274 "
1990 3260 2336 3317 Ilerodiadis
2365 3259 2603 3330 nuptias
2633 3258 2930 3313 renovavit
2960 3256 3193 3313 illicitas
3230 3274 3243 3313 :

231 3346 363 3405 Non
394 3351 481 3403 est
507 3346 745 3403 auditus
782 3347 842 3403 in
876 3347 1129 3404 Thevan.
1155 3365 1261 3404 nec
1282 3348 1551 3404 inventus
1582 3347 1641 3404 in
1673 3348 1884 3404 Corba-
1991 3350 2220 3406 Incesta
2248 3352 2483 3421 pr0pter
2512 3347 2676 3403 basia
2706 3350 2935 3418 spereat
2965 3345 3200 3401 Pruvini
3231 3343 3466 3401 moenia.

1720 3439 1882 3508 [nan,
1990 3437 2439 3494 Architriclinus
2469 3436 2686 3508 impius
2714 3436 2951 3509 gavisus
2980 3439 3069 3492 est
3096 3452 3200 3508 pro
3257 3434 3552 3491 moenibus
3586 3448 3600 3489 :

236 3525 403 3581 Prior
423 3525 579 3582 risus
609 3525 670 3581 in
701 3524 983 3595 vultibus,
1018 3526 1225 3583 amicis
1246 3526 1678 3599 ignorantibus.
1991 3526 2379 3583 Potentiorem
2411 3525 2535 3581 ﬁeri
2569 3541 2629 3581 se
2660 3524 2908 3581 credidit
2938 3541 3042 3597 pro
3060 3524 3305 3597 nuptiis.

227 3614 344 3671 Sed
384 3614 591 3671 didicit
627 3614 958 3689 episcopus,
1005 3616 1161 3687 quod
1202 3615 1391 3672 tristis
1448 3616 1557 3671 fuit
1588 3615 1834 3673 clericus
1867 3634 1879 3672 :
1991 3616 2276 3693 llormivit
2302 3632 2400 3672 rex
2427 3614 2488 3671 in
2518 3614 2751 3681 lectulo,
2784 3613 3057 3670 Landrici
3087 3613 3384 3686 pontiﬁcio
3419 3632 3431 3671 :

230 3708 358 3758 ltur
387 3720 421 3759 a
450 3703 628 3760 Chela
655 3704 985 3771 Worchias,
1021 3722 1055 3760 a
1086 3704 1375 3761 Worchiis
1405 3704 1685 3761 Parisius.
1991 3706 2217 3762 Dormit
2246 3706 2426 3761 Bertaa
2456 3704 2789 3776 promissio,
2822 3703 3095 3760 irascitur
3123 3703 3483 3777 Burgundio.

227 3792 429 3849 Crassi
458 3793 617 3849 risus
650 3794 963 3850 commotio
988 3798 1076 3851 est
1105 3794 1268 3867 regni
1300 3794 1663 3867 perturbatio
1690 3812 1702 3861 ;
1990 3794 2170 3868 Eglon
2205 3798 2403 3851 noster
2418 3794 2986 3865 novissimus,cujus
3008 3798 3073 3848 ut
3091 3810 3208 3849 non
3231 3794 3634 3866 turpissimus;

227 3885 283 3936 It
305 3882 474 3953 juxta
495 3899 709 3956 smpem
743 3884 1005 3956 mingere
1032 3883 1133 3955 qui
1166 3900 1330 3956 reges
1362 3883 1473 3939 scit
1502 3885 1794 3941 seducere.
1993 3884 2192 3939 Multis
2205 3887 2294 3939 est
2310 3884 2496 3939 fastus
2514 3882 2786 3956 dapibus,
2807 3900 2921 3938 non
2942 3882 3134 3956 placet
3155 3882 3634 3939 Pruvinensibus.

228 3970 464 4026 Statum
496 3970 782 4027 subvertit
804 3970 1361 4044 principum,hostis
1384 3972 1738 4028 Francorum
1758 3988 1884 4044 pro-
1991 3972 2329 4027 Secundum
2370 3971 2573 4027 lunam
2604 3972 2844 4043 patitur,
2879 3988 2983 4045 spe
3012 3971 3175 4027 varia
3205 3970 3595 4045 confringitur
3622 3988 3635 4029 :

1635 4062 1879 4132 [cerum,
1991 4061 2307 4116 Pruvinum
2332 4076 2636 4132 nunquam
2658 4059 2931 4132 perdidit,
2967 4060 3120 4131 quod
3154 4060 3369 4116 habere
3398 4077 3514 4116 non
3544 4078 3641 4133 po-

231 4146 476 4205 Diﬁ‘usis
506 4164 747 4205 currens
774 4150 1021 4218 ratibus,
1047 4148 1199 4206 sicut
1223 4148 1471 4206 Crassus
1501 4148 1877 4222 vulpennius.
3481 4151 3637 4222 [tuit.

230 4237 358 4294 Non
380 4236 629 4310 percipit
647 4237 952 4307 Adalbero,
983 4238 1329 4312 Achitophel
1362 4256 1466 4295 cur
1496 4239 1684 4295 rideat
1716 4256 1729 4295 :
1991 4237 2221 4295 Plumbi
2254 4237 2544 4294 scribatur
2573 4237 2816 4309 lamina,
2846 4255 2917 4295 ne
2946 4240 3210 4295 transeat
3242 4238 3527 4296 memoria
3553 4258 3566 4296 :

231 4326 452 4398 Vulpes
482 4330 675 4399 portat
705 4327 761 4382 in
794 4333 1041 4401 pectore,
1076 4329 1177 4400 qui
1210 4328 1333 4385 suis
1365 4329 1550 4385 nescit
1589 4344 1844 4399 parcere.
1994 4329 2068 4386 Ut
2096 4329 2308 4401 posteri
2336 4328 2454 4384 sint
2484 4329 2729 4402 providi,
2762 4329 2812 4386 si
2844 4332 2977 4403 post
3006 4334 3256 4386 mortem
3302 4328 3642 4387 surrexerit.

232 4415 395 4474 Dolis
415 4420 678 4474 armatus
696 4416 1037 4490 justifer[f.,
1063 4418 1318 4491 furcifer]
1351 4418 1595 4475 Henrico
1624 4417 1779 4473 tollit
1812 4418 1887 4473 fe-
1919 4472 1955 4493 η
1995 4418 2337 4491 Achitophel
2367 4419 2724 4492 prosperitas
2756 4422 2845 4476 est
2874 4420 3113 4493 Europae
3142 4419 3470 4493 captivitas,

1612 4506 1881 4578 [minam,
1915 4506 1956 4539 υ
1996 4507 2102 4574 Qui
2134 4508 2298 4580 pejor
2331 4508 2394 4564 ﬁt
2425 4509 2704 4581 quotidie,
2737 4509 3031 4583 periturus
3070 4509 3428 4569 tardissime.
