3984 6166
360 347 481 409 755
1102 347 1293 412 SEC.
1336 347 1420 409 XI
1462 346 1694 410 AUCT.
1738 343 2052 407 INGERTI
2092 341 2283 406 ANNI
2323 343 2425 406 ET
2467 332 2765 410 SGRIPT.
2790 349 3016 403 ’AAEZII.
3656 344 3795 407 756

1188 596 1197 607 ’
1269 659 2035 791 BHYTHMI
2143 660 2880 794 VETERES

2031 982 2074 1076 Ι

1022 1141 1657 1232 RHYTHMUS
1709 1142 2219 1234 MILITUM
2274 1139 3120 1232 MUTINENSIUM.

371 1476 996 1595 BHYTHMUS
1060 1480 1212 1590 DE
1281 1478 1854 1594 LUDO’VICO
1931 1321 2329 1592 IIIIIMP.
2400 1477 2628 1591 PER
2696 1474 3359 1597 ADELGISUM
3424 1475 3801 1592 CAPTO

1957 1640 2266 1688 PRECBDIT

1333 1774 1474 1874 ι..
1561 1775 1714 1875 Δ.
1816 1772 2831 1878 Μυιιινιιοιιιι

1168 1971 1686 2036 DISSERTATIO
1729 1975 1832 2036 DE
1875 1972 2337 2037 RHYTHMIGA
2377 1973 2761 2037 VETREUM
2801 1969 3030 2035 POESI

1743 2106 1948 2180 (Antio.
1981 2107 2108 2163 Ital.
2141 2107 2241 2175 III,
2271 2107 2422 2179 664).

442 2339 570 2398 Non
629 2336 831 2395 minus
884 2353 1064 2411 quam
1095 2336 1289 2394 Italica
1318 2336 1509 2410 lingua
1531 2338 1818 2413 originem
1849 2356 2022 2397 suam
2049 2340 2107 2408 Α
2135 2347 2313 2413 μέτρον
2370 2338 2526 2395 idem
2582 2337 2666 2394 sic
2722 2353 2788 2393 ac
2816 2351 3094 2393 mensura.
3128 2336 3192 2392 In
3237 2335 3505 2393 versibus
3544 2351 3682 2392 vero
3719 2335 3797 2392 ad

371 2427 696 2487 barbaricis
745 2425 1111 2500 temporibus
1158 2426 1330 2483 debet
1374 2428 1568 2483 Italica
1620 2430 1820 2500 poesis,
1855 2431 2030 2501 cujus

369 2520 570 2576 tamen
600 2517 985 2574 fundamenta
1016 2515 1195 2572 altius
1226 2519 1369 2573 sunt
1397 2517 1566 2574 nobis
1597 2517 2026 2592 investiganda.

369 2606 709 2669 Aristoteles
738 2605 800 2661 in
830 2603 1119 2678 principio
1150 2604 1717 2678 poeticesinquirens
1748 2607 1903 2663 unde
1933 2625 2029 2663 or-

370 2699 502 2759 tum
526 2694 718 2769 poesis
746 2694 1041 2762 habuerit,
1060 2694 1267 2750 statuit
1288 2710 1415 2750 eam
1449 2711 1518 2750 ex
1547 2711 1744 2752 amore
1759 2698 2028 2752 imitatio-

370 2784 462 2841 nis
517 2782 829 2856 prodiisse,
865 2783 969 2855 qui
1026 2782 1369 2838 hominibus
1427 2782 1645 2840 insitus
1701 2788 1809 2853 est,
1852 2789 2030 2857 atque

377 2890 447 2931 ex
524 2887 724 2929 amore
797 2871 1110 2928 harmouix
1153 2874 1210 2927 et
1266 2871 1496 2945 rhytmi.
1552 2874 1846 2946 Praecipue
1895 2890 2028 2930 vero

377 2962 508 3021 ait:
543 2969 681 3020 Kurd
732 2968 875 3035 φύσιν
930 2968 1113 3025 δ’ὄντος
1167 2966 1285 3034 ῄμῖν
1341 2968 1428 3019 τοῦ
1486 2971 1755 3034 μεμεῖσοαι,
1803 2975 1885 3020 καὶ
1942 2989 2028 3033 της

374 3054 628 3125 ᾇρμονίας,
711 3056 795 3106 καὶ
873 3059 962 3105 τοῦ
1041 3058 1128 3121 (τά
1235 3059 1331 3122 γάρ
1437 3060 1595 3124 μέτρα
1702 3060 1776 3108 ὁτι
1883 3061 2030 3126 μόρια

375 3145 475 3198 τῶν
532 3143 765 3215 ῥυθμῶν,
785 3146 887 3196 ἐστὶ
914 3148 1146 3213 φανερὸν)
1203 3147 1249 3204 ἐς
1276 3147 1430 3213 ἀρχῆς
1487 3148 1534 3198 οἱ
1587 3149 1854 3215 πεφυκὸτες
1911 3150 2028 3216 πρὸς

374 3234 503 3288 αὗτά
578 3236 793 3301 μάλιστά
845 3237 973 3285 κατά
1023 3235 1195 3302 μικρὸν
1241 3239 1554 3301 προάγοντε),
1615 3239 1881 3303 ἐγέννησαν
1936 3244 2029 3304 τῂν

376 3325 570 3387 ποίησιν
601 3325 658 3375 ἐκ
700 3323 799 3375 τῶν
844 3325 1338 3390 αὺτοσκεδιασμάτων
1376 3336 1506 3391 quas
1554 3319 1753 3375 Latine
1801 3320 1882 3377 ita
1931 3338 2027 3377 SO-

378 3410 559 3473 nant:
605 3406 740 3463 Cum
782 3422 908 3478 ergo
964 3406 1262 3463 secundum
1318 3412 1580 3464 naturam
1624 3411 1697 3465 sit
1756 3411 1817 3465 in
1874 3411 2028 3467 nobis

381 3497 565 3570 ipsum
590 3495 829 3564 imitari,
858 3499 909 3551 et
933 3496 1226 3552 harmonia
1256 3500 1308 3552 et
1333 3496 1624 3567 rhythmus
1672 3499 1826 3571 (nam
1853 3504 2031 3554 metra

375 3583 683 3658 particulas
711 3598 825 3640 esse
854 3583 1237 3655 rhythmorum
1277 3587 1634 3657 manifestum
1682 3590 1780 3656 est)
1810 3605 1845 3642 a
1866 3589 2028 3659 prin-

379 3672 522 3744 cipio
552 3670 649 3742 qui
676 3674 882 3726 natura
907 3673 1153 3727 maxime
1175 3672 1244 3727 ad
1263 3673 1381 3730 haec
1407 3676 1525 3745 apti
1554 3678 1732 3742 erant,
1752 3672 2028 3747 paulatim

371 3762 773 3834 promoventes,
802 3765 1115 3831 genuerunt
1138 3763 1369 3833 poesim,
1403 3770 1815 3834 extemporanee
1856 3768 2026 3822 versi-

375 3849 619 3921 ﬁcantes.
680 3847 891 3905 Mirum
940 3853 1231 3922 quantum
1261 3850 1333 3906 ad
1378 3849 1498 3906 haec
1527 3852 1702 3907 verba
1729 3852 2023 3923 haeserint,

266 3952 275 3965 ‘
376 3936 674 4005 certarint,
689 3936 1118 4012 ingeniumque
1144 3956 1320 3995 suum
1348 3940 1624 3996 torserint
1650 3941 2025 3999 Aristotelian

373 4027 630 4102 poeticos
658 4026 1032 4100 interpretes,
1066 4028 1394 4101 prmsertim
1434 4029 1581 4099 Itali,
1614 4032 1766 4102 quod
1817 4048 2026 4105 nempe

371 4118 489 4175 vim
508 4117 666 4176 vocis
684 4118 894 4191 rhytmi
921 4118 1156 4192 assequi
1187 4119 1331 4177 satis
1363 4137 1480 4176 non
1514 4126 1773 4192 possent,
1806 4125 1863 4178 et
1891 4124 2025 4178 har-

371 4209 578 4266 monia
603 4223 804 4265 vocem
851 4206 946 4263 hic
978 4207 1164 4279 aliter,
1206 4208 1375 4267 aliter
1416 4210 1516 4267 ille
1547 4211 1924 4284 explicarent.
1955 4214 2028 4267 At

369 4313 688 4372 germanus
708 4296 1047 4370 Philosophi
1073 4315 1285 4356 sensus
1305 4307 1525 4366 est,nos
1563 4317 1631 4356 ex
1658 4300 2027 4356 institutione

369 4388 590 4441 natura:
613 4383 888 4442 delectari
902 4403 1017 4442 non
1030 4385 1221 4442 solum
1245 4389 1572 4457 imitatione,
1588 4389 1689 4445 sed
1714 4388 1890 4445 etiam
1903 4390 2028 4445 har-

366 4474 581 4543 monia,
616 4472 727 4530 hoc
756 4479 846 4531 est
875 4475 1275 4532 modulatione
1321 4481 1378 4533 et
1408 4476 1635 4533 musica
1663 4478 2023 4547 harmonica,

367 4562 492 4622 sive
531 4578 601 4620 ea
658 4578 729 4619 ex
757 4566 933 4621 cantu
964 4569 1064 4621 aut
1109 4582 1246 4622 voce
1279 4566 1669 4622 animantium
1726 4573 2024 4636 nascatur,

365 4651 495 4710 sive
532 4668 601 4709 ex
628 4651 825 4708 sonitu
860 4653 1391 4712 instrumentorum
1424 4655 1781 4713 musicorum
1808 4675 1820 4724 ;
1853 4662 2030 4731 atque

364 4752 621 4814 insuper
651 4742 895 4815 rhytmo,
918 4740 976 4798 id
1006 4746 1096 4800 est
1125 4743 1329 4800 ordine
1368 4747 1423 4800 et
1463 4744 1840 4802 collocatione
1897 4763 2027 4803 vcr-

360 4830 573 4889 borum
602 4830 685 4889 ita
704 4832 833 4904 conj
846 4835 1194 4905 unctorum,
1215 4837 1317 4890 aut
1347 4832 1763 4903 desinentium,
1779 4838 1843 4891 ut
1862 4852 2028 4892 voces

359 4919 538 4977 etiam
594 4920 722 4977 sine
771 4926 987 4989 cantu,
1044 4939 1111 4978 ac
1156 4923 1567 4979 tantummodo
1616 4924 2025 4995 pronuntiata,

359 5009 832 5079 consonantiam,
858 5027 926 5067 ac
952 5011 1379 5084 quamdam,ut
1392 5013 1471 5069 ita
1484 5011 2026 5080 dicam,melodiam

2139 2427 2298 2502 leges
2353 2428 2610 2501 poeticas
2668 2424 3023 2483 constructis
3053 2428 3111 2481 et
3136 2423 3345 2482 vinctis
3374 2423 3455 2481 ita
3502 2440 3790 2482 mensura

2138 2517 2421 2589 temporis
2479 2520 2761 2584 servatur,
2795 2520 2861 2572 ut
2887 2515 3091 2572 eadem
3122 2530 3355 2587 semper
3408 2517 3675 2571 recurrat
3728 2514 3794 2570 in

2139 2608 2406 2679 ejusdem
2439 2605 2666 2678 generis
2687 2605 2976 2672 versibus,
3008 2602 3129 2661 sive
3160 2603 3353 2679 longis
3384 2602 3634 2677 pedibus
3678 2601 3790 2673 illi,

2139 2695 2259 2753 sive
2288 2694 2582 2763 brevibus,
2616 2693 2735 2752 sive
2765 2694 2958 2751 mistis
3005 2696 3296 2750 constent.
3330 2691 3547 2749 Scribit
3582 2695 3789 2750 autem

2138 2783 2941 2852 QuinctilianusInstitution.
2974 2782 3302 2839 Oratorian.
3333 2781 3437 2838 lib.
3470 2799 3549 2852 ιι,
3582 2783 3784 2855 caput,

2139 2874 2357 2943 longam
2409 2874 2683 2946 syllabam
2726 2888 2839 2929 esse
2895 2871 3129 2928 duorum
3190 2874 3514 2943 temporum,
3567 2870 3787 2927 brevem

2135 2965 2324 3033 unius,
2354 2965 2523 3019 etiam
2544 2963 2708 3035 pueri
2734 2964 2935 3017 sciunt.
2968 2960 3217 3016 Proinde
3248 2959 3309 3016 in
3340 2958 3598 3032 periodis
3646 2959 3780 3016 rbe-

2137 3055 2332 3108 torum
2369 3049 2599 3108 occulta
2626 3054 2750 3107 arte
2806 3049 3120 3107 elaboratis
3171 3052 3488 3105 concentus
3544 3047 3791 3121 quidam

2137 3139 2393 3209 auditur,
2427 3156 2612 3213 eaque
2642 3141 2715 3196 de
2752 3156 2931 3196 causa
2979 3142 3109 3195 tum
3155 3135 3409 3207 Tullius,
3440 3141 3571 3193 tum
3629 3136 3790 3194 idem

2138 3228 2569 3297 Quinctilianus
2598 3228 2920 3301 rhythmum
2943 3226 3003 3283 in
3033 3226 3294 3284 oratione
3348 3225 3791 3299 procurandum

2130 3320 2364 3392 jubent,
2384 3335 2501 3375 non
2532 3323 2727 3375 autem
2756 3325 3009 3373 metrum.
3032 3315 3334 3374 Praecessit
3352 3318 3548 3372 autem
3569 3315 3794 3372 Aristo-

2139 3408 2300 3477 teles,
2358 3407 2623 3464 scribens
2681 3405 2975 3463 Rhetoric.
3036 3405 3139 3461 lib.
3186 3422 3270 3474 III,
3303 3421 3431 3477 cap.
3462 3404 3498 3460 8
3531 3420 3545 3459 :
3576 3410 3794 3475 *Ῥυθμὸν

2138 3506 2213 3556 δεῖ
2236 3507 2364 3555 ἔχειν
2391 3505 2477 3555 τὸν
2504 3505 2671 3569 λόγον,
2706 3505 2883 3569 μέτρον
2911 3503 2962 3553 δέ
2993 3504 3063 3568 pi,
3114 3511 3128 3549 :
3180 3493 3239 3550 id
3305 3496 3413 3565 est,
3459 3491 3786 3567 rhythmum

2138 3592 2345 3661 oportet
2400 3588 2599 3643 habere
2645 3588 2969 3653 orationem,
2991 3601 3105 3641 non
3153 3600 3277 3641 vero
3324 3591 3577 3641 metrum.
3628 3581 3791 3639 Alio-

2141 3677 2304 3750 quin,
2338 3680 2406 3732 ut
2464 3675 2561 3732 ille
2617 3675 2802 3742 addit,
2831 3690 3026 3747 poema
3084 3675 3207 3730 erit.
3239 3673 3326 3728 Ad
3356 3688 3533 3744 quem
3591 3670 3788 3728 locum

2134 3766 2328 3823 Cicero
2358 3765 2697 3838 respiciens,
2731 3764 2829 3820 ubi
2862 3764 2933 3820 de
2962 3762 3094 3835 ipso
3143 3759 3455 3819 Aristotele
3497 3756 3787 3833 loquitur,

2135 3856 2219 3912 ait
2251 3872 2264 3911 :
2297 3857 2347 3911 Is
2376 3856 2549 3927 igitur
2576 3870 2792 3910 versum
2828 3855 2890 3909 in
2945 3854 3193 3909 oratione
3247 3854 3387 3907 vetat
3434 3866 3565 3917 esse,
3597 3865 3789 3905 nume-

2133 3962 2257 4001 rum
2308 3945 2482 4017 jubet.
2528 3943 2715 3999 Vertit
2772 3941 2870 3998 ille
2927 3950 3107 4014 μέτρον
3134 3956 3353 3998 versum
3412 3946 3609 4013 ρὐθμὸν
3649 3953 3789 3994 vero

2132 4050 2442 4099 numerum,
2478 4032 2634 4088 unde
2664 4047 2957 4087 numerosa
2983 4031 3159 4087 oratio
3215 4028 3376 4084 dicta
3418 4026 3594 4084 etiam
3651 4024 3783 4082 fuit.

2134 4123 2274 4178 Inde
2305 4138 2444 4194 ergo
2476 4123 2674 4177 exorta
2702 4123 2788 4177 est
2816 4118 3034 4193 poesis,
3064 4117 3152 4173 uti
3182 4114 3575 4189 Philosophus
3623 4118 3785 4171 recte

2136 4202 2383 4278 monuit,
2416 4208 2573 4282 quod
2603 4208 2793 4281 primo
2823 4207 3065 4279 quidam
3094 4204 3295 4279 populi
3337 4204 3480 4278 (sive
3536 4202 3783 4269 Hebraei,

2135 4299 2258 4356 sive
2279 4297 2613 4365 Grieci,sive
2643 4297 2915 4370 quisquis
2945 4294 3117 4364 alius,
3150 4295 3260 4351 hoc
3292 4292 3450 4351 enim
3482 4291 3630 4349 nihil
3658 4309 3784 4349 mo-

2136 4392 2252 4459 ror)
2282 4405 2417 4445 cum
2476 4387 2536 4443 in
2594 4385 2921 4453 sacrificiis,
2954 4390 3057 4442 aut
3102 4384 3162 4441 in
3200 4382 3444 4457 nuptiis,
3478 4379 3783 4451 conviviis,

2133 4476 2390 4534 victoriis
2419 4475 2620 4533 aliisve
2650 4474 2893 4549 tripudii
2918 4477 2976 4531 et
3005 4473 3219 4530 laetitias
3252 4470 3499 4546 publica:
3530 4468 3621 4527 vel
3659 4468 3782 4543 pri-

2135 4572 2278 4623 vata:
2309 4565 2693 4639 temporibus,
2726 4562 3043 4620 harmonia;
3074 4577 3312 4635 operam
3362 4561 3588 4629 darent,
3621 4558 3785 4615 tibiis

2136 4661 2239 4713 aut
2267 4656 2484 4713 ﬁdibus
2512 4658 2763 4722 utentes,
2811 4652 3033 4709 sensim
3061 4666 3260 4709 vocem
3291 4654 3349 4707 et
3377 4652 3621 4707 cantum
3643 4647 3783 4720 jun-

2136 4762 2268 4819 gere
2307 4762 2450 4802 sono
2501 4744 2656 4800 tibiae
2707 4747 2809 4799 aut
2865 4741 3099 4799 citharae
3145 4742 3464 4813 coeperunt.
3498 4738 3688 4803 Quam
3719 4735 3780 4792 in

2138 4849 2257 4891 rem
2288 4833 2771 4906 compositionem
2804 4831 3124 4904 quamdam
3145 4828 3472 4886 dictionum
3493 4830 3550 4883 et
3565 4825 3783 4899 pedum

2137 4923 2514 4990 adhibebant,
2533 4922 2590 4976 in
2613 4938 2862 4992 quorum
2876 4923 3173 4977 structura
3184 4918 3500 4991 rhythmus,
3517 4914 3637 4973 sive
3652 4930 3783 4973 con-

2137 5017 2343 5069 centus
2370 5010 2736 5077 audiebatur,
2761 5026 2895 5066 cum
2926 5009 2985 5065 in
3018 5026 3133 5066 uno
3164 5009 3453 5065 commate
3483 5019 3696 5061 vocum
3717 5020 3783 5061 ac

358 5099 626 5168 reddant,
640 5102 697 5155 et
733 5098 1072 5157 delectabili
1098 5101 1486 5173 jucundaquc
1508 5100 1839 5157 sensatione
1869 5102 2029 5159 audi-
2059 5087 2101 5154 C
2143 5103 2356 5175 pedum
2382 5098 2658 5155 connexio
2678 5097 2843 5154 alteri
2863 5093 3531 5171 subscquenticommati
3550 5107 3784 5164 respon-

359 5201 556 5254 torum
588 5205 762 5246 aures
796 5189 1032 5246 feriant.
1067 5192 1238 5247 Metri
1267 5195 1462 5246 autem
1516 5189 1753 5246 nomine
1801 5191 2025 5264 signiﬁ-
2139 5192 2318 5246 deret.
2353 5190 2466 5245 Sed
2524 5191 2661 5243 tunc
2708 5187 2888 5257 nulla,
2924 5191 3027 5244 aut
3057 5189 3210 5244 certe
3237 5185 3449 5258 exigua
3478 5197 3621 5239 cura
3673 5180 3783 5237 fuit

360 5278 526 5330 catur
553 5276 761 5344 oratio,
783 5277 1175 5350 quarumdam
1205 5277 1403 5352 legum
1431 5277 1766 5333 inventione
1796 5284 1853 5334 et
1882 5296 2021 5336 con-
2133 5278 2437 5335 brevitatis
2463 5280 2564 5333 aut
2586 5275 2971 5350 longitudinis
2993 5275 3525 5350 syliabarum,cum
3538 5268 3685 5328 satis
3700 5268 3781 5326 fo-

360 5361 664 5419 stitutione
696 5364 779 5421 ita
828 5365 1011 5441 ligata
1069 5372 1127 5423 et
1158 5366 1457 5436 fabricata,
1494 5370 1559 5421 ut
1606 5370 1761 5422 certo
1802 5368 2017 5440 pedum
2134 5372 2220 5423 ret
2246 5367 2327 5423 ita
2356 5368 2693 5423 construere
2721 5366 2954 5423 breuem
2977 5363 3141 5421 illam
3179 5362 3523 5429 orationem,
3557 5362 3617 5415 et
3662 5361 3777 5415 sta-

360 5456 609 5506 mmero
667 5458 914 5521 constet,
950 5460 1008 5511 et
1036 5456 1091 5511 in
1134 5455 1283 5529 ipsis
1341 5454 1593 5528 pedibus
1642 5460 1839 5512 exacte
1870 5456 2015 5514 ratio
2128 5453 2622 5528 tucrealiqualem
2644 5455 2857 5527 pedum
2882 5470 3197 5511 numerum
3215 5457 3392 5526 atque
3414 5463 3776 5518 mensuram,

362 5537 650 5594 habeatur
678 5538 1039 5612 syllabarum
1072 5544 1381 5620 longarum
1425 5548 1483 5600 et
1529 5543 1812 5601 brevium.
1847 5547 2016 5604 Metra
2127 5550 2192 5603 ut
2208 5546 2280 5602 ad
2302 5544 2845 5615 auriumjudieium
2870 5544 3007 5600 inde
3027 5541 3381 5618 exsurgereb
3396 5536 3622 5611 aliquid
3653 5552 3774 5593 mo-

363 5631 560 5685 autem
588 5644 792 5686 versus
823 5636 1125 5703 poetarum
1184 5635 1312 5692 ideo
1343 5631 1619 5708 appellati
1661 5637 1818 5706 sunt,
1858 5637 2012 5710 quod
2126 5634 2441 5693 dulationis
2475 5636 2652 5706 atque
2682 5637 3023 5692 concentus.
3062 5636 3251 5692 Versus
3281 5626 3563 5706 appellari
3590 5627 3785 5700 empta
