3982 6172
154 368 277 434 757

1491 366 1858 434 BHYTHMI
1899 365 2282 434 VETERES.

3460 368 3583 435 758

159 508 250 564 est
277 501 791 578 ejusmodibrevie
820 503 1099 564 orationis
1120 507 1448 575 structura,
1482 522 1664 579 quam
1703 523 1819 563 non
1848 506 1907 574 Α
1934 520 2279 578 quanquam
2321 503 2565 563 metrica
2596 505 2788 579 poesis
2841 504 3063 580 primas
3116 504 3448 580 arripuerit,
3488 522 3585 562 om

159 594 485 665 meditatio,
512 595 613 653 sed
636 599 1082 669 extemporanea
1101 596 1190 653 vis
1217 596 1432 670 ingenii
1456 596 1816 666 eli'undebat,

160 688 229 744 ut
257 684 474 742 nostris
505 701 738 758 quoque
753 687 1116 758 temporibus
1135 687 1207 743 ab
1226 686 1298 742 iis
1326 686 1565 742 rusticis
1587 691 1829 758 praesta-

158 777 280 841 tur,
313 774 415 847 qui
448 791 516 830 ex
549 778 812 848 tempore
856 792 1062 831 versus
1109 774 1354 831 faciunt.
1404 780 1538 831 Hinc
1585 790 1829 847 poeseos

159 863 324 920 fuere
352 863 695 935 primordia.
724 863 869 919 Cum
896 881 1031 920 vero
1063 863 1379 920 delectatio
1402 864 1537 919 inde
1568 862 1625 918 in
1661 863 1827 918 audi-

159 956 358 1010 torum
389 969 561 1008 aures
593 952 979 1025 animumque
1007 970 1123 1009 non
1153 953 1382 1009 modica
1426 954 1651 1022 ﬂueret,
1704 968 1826 1007 rem

162 1041 567 1114 imperfectam
598 1041 819 1097 sensim
871 1041 1026 1098 docti
1085 1045 1143 1097 et
1171 1041 1390 1115 egregii
1421 1040 1529 1097 viri
1568 1040 1827 1114 perfece-

165 1135 326 1197 runt,
365 1130 606 1187 invectis
663 1147 874 1203 nempe
930 1130 1235 1187 nonnullis
1295 1129 1546 1203 legibus,
1609 1130 1828 1202 quibus

166 1219 443 1291 deinceps
465 1234 669 1274 versus
699 1222 1202 1286 construerentur,
1237 1223 1293 1274 et
1324 1219 1592 1274 adhibita
1620 1218 1679 1273 in
1712 1217 1827 1274 illis

162 1308 533 1382 castigatiore
562 1323 844 1364 mensura
900 1308 1139 1381 pedum,
1175 1308 1257 1363 ita
1296 1311 1360 1362 ut
1415 1307 1602 1381 rigide
1649 1308 1827 1363 etiam

166 1397 451 1470 temporis
480 1396 628 1453 ratio
669 1401 727 1452 et
780 1396 1153 1453 uniformitas
1213 1401 1541 1453 servaretur
1598 1396 1657 1452 in
1712 1414 1826 1453 usu

166 1485 527 1560 syllabarum
559 1486 821 1558 brevium
838 1489 1013 1558 atque
1033 1485 1364 1560 longarum.
1382 1486 1609 1542 Priores
1622 1503 1827 1543 versus

164 1574 471 1646 rhythmici
500 1573 777 1648 appellati
812 1579 971 1644 sunt,
1005 1577 1223 1631 metrici
1243 1591 1377 1631 vero
1427 1576 1691 1632 secundi.
1722 1576 1827 1630 At-

164 1680 283 1737 que
312 1664 450 1721 hinc
471 1663 863 1738 intelligimus
893 1681 998 1720 cur
1027 1668 1268 1721 sanctus
1296 1664 1688 1738 Augustinus,
1718 1664 1822 1719 lib.

163 1768 255 1822 ιιι,
288 1769 413 1825 cap.
445 1755 501 1821 2,
535 1754 606 1809 de
667 1753 900 1810 musica
956 1753 1296 1826 scripserit:
1356 1756 1622 1824 Quocirca
1669 1770 1827 1811 omne

1938 593 2221 666 niumque
2233 591 2542 651 meliorum
2556 595 2833 669 suffragio
2851 599 2907 651 et
2921 613 3028 653 usu
3041 595 3585 668 probata,laudibu8

1939 682 2158 755 ubique
2208 674 2531 751 ornaretur,
2590 689 2846 741 attamen
2886 684 3215 758 rhythmica
3253 685 3445 758 poesis
3471 701 3586 742 non

1938 775 2245 843 propterea
2275 772 2484 829 defecit
2514 775 2667 846 apud
2698 778 2926 830 Graecos
2951 778 3124 846 atque
3151 776 3406 832 Latinos.
3441 775 3587 836 Cum

1937 860 2094 915 enim
2124 860 2337 933 vulgus
2368 861 2668 918 indoctum
2714 868 2771 919 et
2796 862 3016 919 rustica
3044 880 3187 937 gens
3238 869 3467 936 poetam
3498 865 3587 920 in-

1938 948 2172 1004 terdum
2203 966 2374 1023 agere
2401 950 2594 1020 vellet,
2628 969 2815 1026 neque
2837 952 3066 1026 legibus
3092 952 3262 1009 metri
3284 952 3587 1010 addiscen-

1939 1036 2035 1091 dis
2065 1054 2172 1109 par
2219 1043 2393 1107 esset,
2454 1041 2655 1113 quales
2715 1044 2960 1115 poterat,
3022 1058 3225 1098 versus
3283 1042 3589 1099 eti‘ormare

1937 1123 2206 1195 perrexit,
2232 1126 2341 1181 hoc
2362 1131 2451 1182 est
2474 1127 2748 1200 rhythmo
2767 1132 2824 1184 et
2854 1132 3142 1195 contenta,
3166 1131 3419 1184 metrum
3450 1144 3589 1184 con-

1935 1214 2196 1285 tempsit.
2230 1216 2477 1282 Metrum,
2497 1216 2765 1289 inquam,
2794 1217 2903 1273 hoc
2934 1220 3023 1272 est
3052 1216 3269 1289 rigidas
3301 1217 3587 1288 prosodiae

1937 1300 2271 1374 leges,quas
2292 1304 2547 1376 perfecta
2588 1305 2784 1377 poesis
2833 1305 3119 1377 sequitur.
3153 1305 3472 1376 Ceteroqui
3501 1305 3586 1360 la-

1938 1390 2081 1447 tiore
2113 1392 2543 1464 significatione
2566 1397 2731 1451 metri
2782 1412 3016 1468 quoque
3073 1395 3309 1450 nomine
3338 1395 3587 1452 donatos

1936 1479 2233 1537 interdum
2260 1483 2425 1539 video
2456 1484 2817 1555 rhythmicos
2858 1500 3061 1541 versus
3106 1485 3262 1556 quod
3313 1488 3370 1540 et
3397 1485 3457 1540 in
3516 1483 3588 1540 iis

1937 1567 2135 1641 aliqua
2173 1587 2435 1628 mensura
2473 1574 2689 1646 pedum
2736 1577 2794 1629 et
2833 1574 3115 1646 temporis
3164 1573 3586 1629 observaretur.

1935 1657 2117 1714 Primi
2148 1663 2345 1717 autem
2378 1662 2739 1734 rhythmicos
2758 1679 2982 1732 versus,
3003 1666 3177 1734 atque
3201 1663 3343 1718 adeo
3365 1662 3590 1734 poesim

1934 1745 2198 1821 invexere
2227 1752 2383 1822 apud
2415 1752 2651 1807 Latinos
2695 1750 2921 1819 rustici,
2957 1751 3173 1824 quibus
3201 1754 3398 1806 tamen
3446 1766 3591 1822 prae-

161 1845 404 1899 metrum
432 1842 752 1913 rhythmus;
784 1857 897 1897 non
925 1842 1103 1897 omnis
1150 1841 1446 1913 rhythmus
1502 1842 1670 1896 etiam
1709 1857 1824 1896 me-
1854 1878 1903 1944 B
1942 1833 2170 1891 iverant
2199 1837 2401 1894 Graeci.
2437 1838 2564 1895 Mos
2596 1839 2752 1896 enim
2780 1856 2983 1895 eorum
3039 1839 3149 1894 fuit
3177 1843 3310 1911 post
3340 1853 3593 1896 messem

165 1938 321 1988 trum
349 1934 447 1986 est.
469 1930 728 2003 Exempli
759 1930 915 1985 enim
948 1930 1137 2002 gratia
1166 1929 1227 1984 in
1267 1929 1493 2003 Virgilii
1554 1933 1657 1986 aut
1711 1929 1824 1985 Ho-

166 2019 321 2076 meri
347 2018 616 2075 versibus
646 2018 999 2075 hexametris
1029 2035 1145 2074 non
1176 2016 1370 2075 solum
1400 2018 1826 2090 rhythmus,seu

167 2106 528 2166 melodicum
561 2107 887 2180 quidquam
917 2106 1179 2174 auditur,
1212 2108 1314 2163 sed
1346 2106 1523 2164 etiam
1572 2112 1831 2186 metrum,

166 2197 282 2254 hoc
303 2199 394 2253 est
408 2199 677 2252 accurata
702 2194 1028 2253 observatio
1040 2194 1340 2268 temporis,
1360 2195 1833 2269 deprehenditur,

1943 1937 2071 1979 sese
2101 1925 2443 1997 exhilarare,
2476 1927 2751 1984 conviciis
2780 1926 3018 1985 alternis
3049 1943 3177 1983 sese
3216 1926 3507 1995 ferientes,
3539 1932 3600 1989 et

1937 2012 2205 2070 versibus
2235 2014 2582 2088 rhythmicis
2606 2020 2914 2084 certantes,
2947 2015 3049 2088 qui
3077 2018 3401 2072 Fescennini
3419 2017 3595 2073 etiam

1943 2102 2219 2175 appellati
2243 2109 2403 2161 sunt.
2440 2106 2583 2164 Rem
2614 2106 2893 2162 describit
2920 2105 3197 2161 Horatius
3229 2105 3329 2162 lib.
3382 2106 3593 2178 primo,

1944 2190 2190 2262 epistola
2218 2193 2426 2265 prima,
2460 2198 2516 2249 et
2546 2195 2825 2264 Agricotis
2849 2195 3049 2266 priscis
3077 2210 3280 2251 eorum
3312 2194 3597 2267 originem

169 2302 311 2341 cum
361 2285 481 2341 sive
528 2284 826 2351 brevibus,
872 2284 1004 2342 sive
1058 2284 1249 2358 longis
1290 2284 1537 2357 pedibus
1598 2300 1837 2340 versum
1944 2279 2170 2349 tribuit,
2203 2298 2270 2337 ac
2300 2283 2538 2339 tandem
2569 2283 2696 2339 ait:

168 2378 349 2449 poeta
373 2375 659 2442 eﬂ'ormet,
692 2378 871 2446 atque
907 2374 966 2428 in
1000 2373 1255 2447 singulis
1298 2373 1653 2429 hexametris
1684 2389 1837 2429 sem-

171 2480 281 2538 per
308 2462 515 2537 viginti
541 2463 662 2518 duo
698 2466 966 2535 tempora
986 2461 1143 2518 vocis
1160 2466 1488 2518 occurrant.
1510 2462 1725 2518 Eadem
1751 2466 1843 2519 est

172 2552 482 2626 proportio
512 2552 573 2607 in
606 2550 756 2624 reliq
775 2551 871 2607 uis
900 2567 1173 2607 versuum
1204 2549 1515 2624 generibus
1532 2551 1688 2623 apud
1721 2566 1841 2607 me-

1947 2371 2281 2427 Fescennina
2305 2388 2408 2444 per
2454 2372 2600 2428 hunc
2648 2375 2873 2428 inventa
2909 2376 3006 2445 [an
3064 2373 3264 2446 potius
3319 2375 3530 2431 invecta
3548 2373 3596 2443 .9]

3022 2464 3273 2535 [licentia
3297 2479 3523 2532 morem,

1956 2550 2215 2605 Versibus
2243 2551 2476 2607 alternis
2505 2553 2799 2624 opprobria
2821 2554 3028 2608 rustica
3055 2553 3223 2624 fudit,

174 2640 358 2698 liores
384 2642 610 2713 poetas.
644 2644 722 2695 At
749 2639 810 2695 in
840 2639 1108 2695 versibus
1126 2637 1473 2711 rhythmicis
1492 2639 1574 2694 ita
1603 2639 1842 2712 quidem
1952 2638 2065 2693 Par
2087 2642 2177 2694 est
2207 2638 2423 2695 Tibulli
2453 2641 2743 2697 sententia
2772 2640 2873 2696 lib.
2906 2658 2967 2710 ιι,
3000 2641 3186 2715 elegia
3215 2642 3501 2699 secunda:

180 2748 257 2787 ex
284 2728 657 2803 copulatione
685 2728 1002 2785 verborum
1030 2744 1095 2783 ac
1127 2728 1341 2800 pedum
1374 2727 1550 2783 etiam
1599 2744 1844 2785 numero
1951 2727 2206 2797 Agricola
2234 2728 2453 2785 assiduo
2477 2732 2728 2802 primum
2758 2731 2993 2787 lassatus
3021 2736 3208 2787 aratro
3396 2742 3399 2743 '

180 2819 403 2892 saepius
463 2819 702 2876 obserta
757 2821 1075 2874 concentus
1133 2815 1346 2888 aliquis
1403 2816 1719 2885 enascitur,
1782 2820 1848 2873 ut

178 2908 448 2966 audienti
478 2906 748 2979 voluptas
782 2910 1015 2962 creetur
1038 2923 1053 2974 ;
1080 2906 1183 2962 sed
1237 2904 1317 2960 ibi
1348 2909 1451 2961 aut
1488 2923 1697 2978 parum
1745 2910 1849 2962 aut

179 2996 334 3054 nihil
366 2995 656 3054 sollicitus
685 2998 774 3052 est
804 2994 1012 3050 artifex
1040 2993 1394 3050 brevibusne
1423 3011 1497 3049 an
1527 2994 1719 3068 longis
1749 3012 1847 3068 pe-

182 3086 364 3143 dibus
394 3089 633 3153 utatur;
665 3083 972 3156 legemque
1004 3080 1225 3154 respuit
1253 3086 1310 3137 et
1337 3084 1648 3156 compedes
1703 3100 1850 3156 quos

184 3173 299 3231 sibi
333 3176 677 3247 praestantes
733 3174 914 3245 poetae
959 3172 1087 3243 jam
1145 3171 1245 3226 diu
1301 3175 1646 3242 posuerunt.
1690 3171 1846 3228 Dicis

2065 2816 2318 2873 Cantavit
2338 2822 2482 2874 certo
2506 2821 2711 2875 rustica
2732 2819 2894 2875 verba
2914 2819 3067 2892 pede.

1958 2904 2156 2959 Livius
2188 2921 2420 2977 quoque
2445 2906 2611 2962 initio
2641 2907 2743 2962 lib.
2771 2924 2849 2963 vn
2893 2907 3103 2963 Annal.
3138 2909 3210 2965 de
3266 2908 3608 2965 ludionibus

1958 2993 2219 3050 Etruscis
2248 2994 2517 3065 loquens,
2552 2996 2633 3051 ait
2666 3015 2678 3051 :
2710 2999 2936 3053 Imitari
2980 2998 3173 3053 dei-nde
3219 3014 3327 3056 eos'
3349 2999 3609 3069 juventus

1959 3084 2127 3137 simul
2157 3084 2468 3151 inconditis,
2502 3086 2645 3139 inter
2671 3102 2728 3141 se
2746 3086 3025 3156 jocularia
3078 3087 3388 3157 fundentes,
3438 3089 3607 3143 versi-

1964 3171 2061 3227 bus
2090 3187 2312 3243 coepere.
2335 3176 2554 3230 Versus
2583 3174 2881 3229 inconditos
2902 3174 3098 3230 Livius
3129 3175 3384 3247 appellat
3403 3189 3605 3232 eorum

186 3279 388 3330 causa,
421 3261 785 3335 penultimus
818 3260 1139 3315 hexametri
1170 3276 1272 3331 pes
1319 3259 1614 3332 dactylum
1645 3260 1839 3333 exigit,
1872 3248 1916 3316 C
1952 3274 2176 3328 versus,
2209 3261 2363 3331 quod
2395 3265 2452 3316 et
2482 3262 2621 3317 facit
2661 3261 2940 3334 Virgilius
2969 3262 3030 3317 in
3075 3261 3275 3335 ecloga
3324 3264 3602 3333 secunda,

188 3352 304 3408 hoc
335 3355 425 3407 est
455 3355 574 3407 tres
605 3348 884 3422 syllabas,
905 3365 1157 3421 quarum
1184 3347 1567 3420 primalonga
1591 3348 1687 3414 sit,
1711 3347 1841 3403 reli-

1955 3351 2129 3419 atque
2160 3348 2220 3403 in
2250 3348 2353 3405 lib.
2390 3368 2427 3406 ιι
2458 3349 2810 3422 Georgicor.,
2845 3351 2945 3405 ubi
2992 3352 3289 3423 incomptos
3335 3350 3479 3407 dicit
3505 3366 3606 3407 ru-

187 3456 321 3513 quaa
381 3440 510 3495 duae
568 3440 796 3505 breves,
853 3438 939 3493 uti
996 3438 1247 3492 carmina
1294 3436 1566 3504 turgidus.
1626 3440 1842 3492 Verum
1952 3439 2212 3494 sticorum
2240 3455 2444 3505 versus,
2484 3440 2638 3511 quod
2671 3455 2881 3511 nempe
2953 3440 3129 3495 rudes
3176 3439 3386 3511 forent,
3417 3453 3608 3513 neque

186 3527 583 3595 Quinctiliano
603 3531 879 3583 monente
900 3525 1003 3582 lib.
1030 3543 1105 3594 1x,
1138 3541 1265 3597 cap.
1298 3531 1350 3579 4.
1380 3524 1635 3597 rhythmo
1669 3525 1845 3596 indif-

182 3620 373 3691 ferens
402 3620 477 3673 est
506 3616 827 3689 dactylusne
874 3617 970 3672 ille
1014 3616 1231 3686 priores
1278 3613 1474 3668 habeat
1520 3614 1722 3679 breves,
1774 3631 1849 3670 an

187 3714 512 3778 sequentes;
544 3722 611 3762 ac
640 3709 948 3778 propterea
979 3704 1132 3759 idem
1165 3707 1256 3758 est
1286 3702 1628 3775 rhythmum
1670 3704 1847 3759 conli-

187 3795 365 3853 cienti
388 3794 666 3851 adhibere
684 3793 1104 3861 tribrachum,e
1124 3792 1314 3847 tribus
1336 3791 1609 3847 brevibus
1622 3808 1852 3865 compo-

188 3884 397 3951 situm,
423 3889 490 3939 ut
508 3884 744 3951 macula,
765 3885 1016 3939 canimus
1027 3900 1047 3944 ,·
1061 3898 1135 3936 an
1148 3883 1510 3953 anapaestum
1533 3897 1601 3936 ex
1621 3882 1851 3938 duabus

188 3973 468 4031 brevibus
496 3976 555 4029 et
603 3972 782 4045 longa
841 3971 1182 4038 conﬂatum,
1213 3974 1279 4025 ut
1329 3971 1587 4039 rutilans,
1647 3971 1850 4033 Erato;

192 4066 299 4119 aut
329 4060 609 4118 creticum
641 4078 711 4117 ex
737 4060 932 4133 longa,
975 4059 1135 4115 brevi
1165 4062 1224 4114 et
1275 4058 1449 4132 longa
1495 4062 1850 4125 contextum,

190 4155 259 4206 ut
289 4151 518 4206 Achates
545 4150 800 4222 fulgidis.
833 4153 1049 4204 Sonam
1081 4147 1226 4210 istae.
1246 4163 1480 4220 quoque
1526 4164 1694 4204 voces
1725 4148 1853 4203 red-

1955 3530 2114 3610 certa
2143 3527 2425 3599 prosodiae
2455 3528 3046 3585 rationeincederent.
3080 3529 3383 3601 Ejusmodi
3402 3544 3607 3587 versus

1957 3615 2111 3671 infra
2141 3616 2212 3671 ab
2244 3617 2445 3672 eodem
2475 3618 2711 3673 Horatio
2759 3618 3088 3691 appellatur
3116 3618 3393 3689 horridus,
3426 3618 3485 3674 id
3516 3623 3607 3676 est

1957 3704 2111 3759 rudis
2141 3708 2198 3760 et
2222 3708 2544 3779 incomptus.
2577 3707 2778 3780 Neque
2803 3708 3005 3781 dispar
3054 3708 3302 3765 fortasse
3342 3708 3452 3765 fuit
3506 3710 3606 3765 Sa-

1959 3802 2173 3859 turnus,
2207 3812 2344 3851 nam
2372 3796 2610 3852 Saturni
2644 3801 2902 3871 tempore
2931 3797 3075 3854 illud
3104 3812 3399 3856 versuum'
3420 3810 3609 3871 genus

1961 3882 2020 3937 in
2052 3900 2165 3939 usu
2197 3884 2379 3941 fuisse
2408 3886 2771 3943 credebatur.
3179 3903 3189 3912 '
3321 3904 3327 3909 ’

2109 3984 3266 4040 ...........Sich0rridusille

2106 4071 2347 4139 Dte/luxit
2374 4087 2631 4127 numerus
2660 4072 2953 4128 Saturnius
2993 4082 3017 4129 .'
3054 4111 3070 4127 .
3117 4113 3130 4127 .
3174 4114 3188 4128 .
3212 4080 3217 4085 '
3243 4112 3257 4127 .
3311 4080 3339 4127 .'

1964 4159 2233 4214 Numerus
2255 4158 2459 4214 Latina
2486 4175 2596 4214 vox
2634 4160 2955 4231 rhythmum
2996 4161 3260 4218 Graecum
3300 4159 3613 4233 'eXprimit.

194 4240 348 4296 dunt
377 4239 633 4296 similem
664 4242 767 4295 aut
796 4236 1131 4311 proximum
1163 4236 1392 4309 dactylo
1420 4255 1433 4305 ;
1467 4241 1523 4293 et
1554 4236 1654 4309 qui
1685 4254 1856 4293 aures
1968 4247 2163 4320 Pergit
2192 4247 2446 4303 scribere
2476 4247 2749 4304 Horatius
2779 4266 2791 4304 ε

194 4333 432 4386 tantum
455 4328 689 4400 judices
720 4328 916 4393 habet,
950 4325 1093 4382 nihil
1128 4329 1229 4383 aut
1259 4342 1467 4398 parum
1498 4326 1858 4383 discriminis

190 4416 593 4490 deprehendit
614 4418 767 4473 inter
792 4433 1001 4473 sonum
1021 4414 1269 4471 istorum
1294 4412 1639 4486 pedum,qui
1662 4420 1859 4472 tamen

204 4507 362 4580 apud
388 4505 663 4563 metricos
695 4509 897 4579 poetas
928 4505 1194 4562 diversus
1217 4502 1389 4575 plane
1420 4508 1713 4559 censetur.
1738 4506 1862 4569 Qua

2044 4378 2057 4392 .
2138 4379 2150 4392 .
2231 4380 2244 4393 .
2326 4379 2339 4392 .
2422 4378 2434 4391 .
2516 4379 2528 4393 .
2613 4381 2625 4394 .
2706 4382 2718 4394 .
2802 4340 3376 4411 .'.Etgravevirus

2040 4426 2325 4484 Munditiaz
2351 4428 2625 4499 pepulere.
2661 4428 2763 4484 Sed
2794 4432 2853 4484 in
2893 4430 3117 4499 longum
3153 4433 3339 4485 tamen
3366 4444 3563 4487 a’vum.

2042 4515 2374 4583 Manserunt,
2408 4516 2669 4588 hodieque
2715 4522 2898 4574 manet
2943 4521 3175 4590 vestigia
3228 4521 3401 4576 ruris.

192 4595 340 4652 olim
376 4598 523 4684 arte,
549 4612 738 4684 quave
769 4594 1097 4684 pulsatione
1116 4593 1272 4649 vocis
1321 4590 1781 4684 antiq11i_Grz_eci_
1808 4597 1865 4649 6t
1891 4619 1940 4683 D
1972 4603 2088 4658 Hoc
2118 4607 2227 4669 est,
2260 4605 2526 4676 quamvis
2558 4622 2591 4660 a
2622 4606 2835 4662 Graecis
2866 4607 3244 4666 didicerimus
3264 4611 3428 4666 metri
3452 4620 3622 4684 regu-

194 4683 391 4741 Latini
419 4683 858 4757 distinguerent
882 4683 1191 4740 verborum
1214 4679 1502 4754 praecipue
1523 4678 1862 4753 dissyllabo-

1974 4692 2080 4759 las,
2112 4696 2171 4747 et
2200 4708 2303 4763 pro
2334 4693 2582 4749 rudibus
2611 4695 2963 4751 rusticorum
2994 4699 3264 4769 rhythmis
3304 4698 3621 4772 castigatos

202 4790 339 4829 rum
397 4772 739 4830 brevitatem
796 4788 861 4829 ac
927 4770 1378 4845 longitudinem,
1430 4769 1862 4843 incompertum
1975 4797 2130 4835 nunc
2154 4779 2480 4853 politosque
2504 4783 3123 4852 versusconﬁciamus,
3146 4790 3401 4842 attamen
3425 4769 3622 4859 rhyth-

199 4862 348 4918 mibi
372 4863 573 4919 fateor.
597 4864 837 4919 Frustra
863 4862 1022 4918 enim
1050 4861 1275 4917 intenta
1295 4876 1435 4917 aure
1457 4876 1614 4915 nunc
1637 4876 1853 4932 qumro,

1970 4868 2125 4927 mica
2147 4869 2342 4941 poesis
2365 4869 2700 4941 perduravit
2729 4887 2978 4944 semper,
3011 4877 3067 4928 et
3096 4874 3287 4930 adhuc
3310 4875 3464 4945 apud
3495 4874 3620 4928 vul-

198 4966 305 5006 cur
330 4967 441 5007 vox
467 4953 639 5020 mata,
690 4951 812 5008 sive
853 4967 946 5006 res
1002 4948 1171 5005 malae
1229 4948 1520 5004 diversam
1573 4948 1858 5021 temporis
1965 4974 2076 5031 gus
2105 4957 2281 5030 viget.
2310 4957 2529 5013 Horatii
2561 4956 2906 5031 interpretes
2938 4961 2998 5015 in
3029 4960 3184 5016 hunc
3224 4961 3418 5016 locum
3448 4961 3625 5016 verba

198 5038 489 5096 rationem
516 5039 732 5097 habeat
770 5056 804 5095 a
852 5040 1024 5109 mala,
1054 5038 1108 5093 id
1162 5040 1251 5094 est
1291 5053 1476 5109 poma,
1541 5041 1640 5093 aut
1695 5053 1855 5108 gena,

197 5143 336 5184 cum
370 5128 680 5202 utriusque
707 5128 865 5185 vocis
891 5144 1072 5184 sonus
1102 5126 1257 5182 idem
1280 5125 1424 5181 mihi
1447 5124 1545 5193 sit,
1578 5125 1731 5182 alius
1750 5144 1854 5181 au-

200 5221 320 5273 tem
353 5220 681 5275 secundum
713 5216 999 5291 prosodiae
1029 5215 1186 5288 leges
1218 5214 1517 5270 habeatur.

220 5376 223 5377 ν
271 5306 475 5380 Itaque
506 5307 721 5381 duplex
750 5322 991 5379 poeseos
1047 5320 1235 5377 genus
1294 5303 1437 5358 olim
1494 5306 1852 5375 exsurrexit;

199 5395 453 5452 alterum
478 5395 800 5470 antiquius,
835 5396 938 5452 sed
969 5393 1223 5468 ignobile
1253 5408 1319 5449 ac
1350 5391 1641 5465 plebeium
1669 5412 1681 5461 ;
1718 5394 1856 5451 alte-

1965 5047 2150 5104 Servii
2185 5046 2514 5119 proferunt,
2541 5047 2640 5119 qui
2666 5048 2736 5103 ad
2760 5047 2861 5105 lib.
2895 5067 2935 5104 ιι
2966 5048 3295 5122 Georgicor.
3323 5065 3508 5105 versus
3536 5051 3624 5103 in-

1962 5141 2205 5209 comptos
2228 5153 2261 5190 a
2286 5134 2529 5208 Virgilio
2551 5141 2905 5194 memoratos
2927 5138 3243 5212 explicans,
3266 5139 3622 5204 carminibus,

1966 5227 2075 5293 ait,
2113 5226 2382 5281 Saturnio
2432 5233 2602 5281 metro
2653 5228 2978 5297 compositis,
3012 5245 3130 5300 quae
3187 5227 3258 5283 ad
3313 5226 3633 5300 rhythmum

1962 5317 2142 5372 solum
2161 5316 2411 5387 vulgares
2439 5330 2760 5387 componere
2787 5322 3206 5374 consueverunt.
3250 5320 3439 5385 Quare
3486 5332 3627 5372 con-

1951 5404 2135 5478 jicere
2164 5404 2304 5460 hinc
2334 5421 2654 5478 possumus
2690 5406 2924 5464 eosdem
2955 5407 3312 5481 fuisse:olim
3336 5407 3626 5465 Saturnios

199 5499 336 5541 rum
366 5484 580 5555 While:
614 5489 671 5541 et
698 5503 733 5542 θα
762 5484 949 5542 doctis
986 5481 1394 5539 tantummOdO
1442 5481 1582 5538 Viris
1621 5483 1854 5540 BXSGUI'
1961 5498 2019 5551 et
2048 5495 2404 5550 Fescenninas
2432 5510 2657 5551 versus.
2698 5495 2903 5552 Obstat
2934 5500 3130 5552 tamen
3174 5496 3480 5564 Asconius,
3525 5496 3630 5568 qui

198 5576 352 5630 tum.
384 5572 533 5631 Illud
562 5575 956 5648 rhythmicum,
990 5571 1136 5627 illud
1166 5572 1456 5627 metricum
1497 5571 1854 5644 appellatum
1963 5588 2458 5639 commemoratur
2523 5584 2786 5639 scizarius
2857 5583 3340 5657 hypercatalectus,
3411 5588 3507 5659 qui
3576 5596 3630 5645 ει

202 5665 313 5721 est.
345 5663 458 5723 Sed
491 5665 647 5738 quod
686 5663 1062 5739 potissimum
1112 5665 1203 5718 est
1248 5659 1852 5738 animadvertendum,

1964 5672 2247 5733 Salernius
2275 5673 2481 5731 dicitur
2511 5690 2524 5730 :
2557 5672 2679 5729 haec
2736 5672 2894 5732 enim
2951 5675 3208 5736 indicare
3231 5680 3480 5751 possunt
3498 5692 3630 5734 ver-
