3984 6166
1162 376 1355 440 ΒιΕΟ.
1396 374 1477 437 XI
1520 373 1750 439 AUCT.
1795 373 2112 438 INCERTI
2152 374 2344 438 ANNI
2385 375 2488 440 ET
2530 378 2828 442 SCRIPT.
2866 387 3098 438 usus.
3702 379 3833 444 τω

408 371 530 439 739

408 523 546 568 sum
574 504 748 566 illum
778 524 896 567 non
925 508 1345 585 rhythmieum,
1377 510 1479 567 sed
1512 510 1820 567 metricum
1850 508 2051 568 fuisse.
2082 508 2139 580 Α
2164 510 2389 569 Scholas
2416 513 2714 585 prateriit,
2762 513 2961 571 ostium
3010 512 3245 586 aperuit,
3303 512 3633 591 etintravit.
3687 518 3841 574 Erat

405 601 679 658 Attamen
700 598 898 657 Livius
917 600 1129 659 iterum
1152 601 1443 665 audiatur,
1464 601 1564 673 qui
1584 600 1745 672 poesi
1773 601 2057 674 paulatim
2165 603 2355 674 utique
2373 602 2470 674 jus
2500 605 2744 673 illorum,
2775 606 2917 661 sicut
2949 603 3109 661 hodie
3143 603 3363 677 quidem
3417 612 3512 673 est,
3558 608 3835 678 quoniam

404 688 658 747 nitorem
699 689 987 746 accessise
1025 690 1288 747 scribens
1347 689 1495 745 libro
1556 690 1759 746 eodem
1808 690 2057 762 septimo
2165 692 2376 763 etleges
2409 694 2628 763 quidem
2654 702 2803 762 sunt,
2837 702 2898 750 ut
2946 692 3181 766 hospites
3227 695 3504 751 intrantes
3557 697 3828 768 captant:

404 777 491 836 ait
521 794 536 834 :
568 779 687 835 Non
716 778 858 835 sicut
895 783 1023 834 ante
1064 781 1394 835 Fescennina
1440 796 1600 835 versu
1650 781 1915 849 similem,
1968 781 2057 836 in-

402 869 759 940 compositum
786 875 1001 935 temere,
1036 884 1100 924 ac
1117 868 1332 937 rudem,
1356 870 1585 925 alternis
1598 870 1895 941 jaciebant.
1920 868 2055 934 Qui-

406 956 521 1013 bus
549 954 645 1012 ille
672 955 866 1012 verbis
897 956 1177 1013 describit
1204 958 1427 1031 primos
1452 957 1793 1014 Latinorum
1811 974 2015 1014 versus
2040 976 2054 1026 ;

402 1044 809 1117 incompositos,
839 1044 1108 1102 videlicet
1136 1064 1205 1102 ex
1232 1049 1494 1119 tempore
1525 1051 1583 1102 et
1624 1042 1942 1119 improviso
1975 1047 2056 1103 ef-

403 1134 589 1201 ﬂusos,
621 1136 795 1205 atque
826 1148 1107 1207 procusos
1137 1133 1263 1191 sine
1313 1139 1513 1191 exacta
1549 1134 1771 1191 ordinis
1817 1152 1882 1191 ac
1910 1138 2059 1191 tem-

402 1222 567 1296 poris
596 1222 1019 1290 observatione,
1052 1240 1231 1296 quam
1270 1224 1331 1280 in
1390 1225 1591 1280 metris
1650 1225 1723 1280 ad
1772 1224 2058 1297 prosodite

403 1311 564 1386 leges
602 1312 944 1386 compositis
999 1313 1310 1381 sentimus,
1362 1314 1607 1386 ideoque
1664 1313 1962 1390 impolitos
1991 1330 2057 1370 ac

402 1400 604 1458 rudes.
634 1400 782 1457 Cum
810 1416 947 1458 vero
968 1402 1027 1457 in
1050 1403 1295 1458 nimiam
1324 1402 1691 1460 dicacitatem
1713 1420 1779 1460 ac
1800 1407 2056 1476 satyram

400 1489 698 1562 ejusmodi
728 1488 1072 1548 Fescennini
1105 1504 1210 1548 seu
1234 1492 1530 1563 joculares
1556 1509 1762 1549 versus
1800 1494 2056 1562 ruerent,

403 1577 634 1652 legibus
662 1578 942 1636 Romanis
971 1595 1175 1637 eorum
1199 1578 1437 1638 licentia
1463 1597 1803 1654 compressa
1832 1585 1940 1649 est,
1976 1580 2057 1635 ita

403 1671 472 1724 ut
500 1668 589 1724 fas
615 1670 1028 1726 tantummodo
1053 1670 1229 1726 fuerit
1256 1687 1359 1743 per
1385 1687 1484 1727 eos
1532 1671 1801 1726 mordere
1849 1670 1909 1725 in
1941 1686 2057 1724 nu-

404 1756 545 1830 ptiis
575 1760 755 1829 atque
802 1748 1145 1831 triumphis.
1192 1758 1341 1815 Vide
1370 1759 1701 1815 Ferrarium
1751 1759 1853 1814 lib.
1886 1777 1943 1815 Vl
1976 1762 2054 1813 De

402 1849 581 1903 veter.
609 1845 1098 1917 acclamationib.,
1129 1849 1320 1921 capite
1349 1848 1594 1917 decimo,
1629 1848 1729 1920 qui
1759 1865 1881 1905 rem
1919 1846 2054 1903 illu-

404 1938 556 1992 strat
582 1939 758 2008 atque
786 1937 1052 2011 exempla
1081 1938 1321 2010 profert.
1356 1937 1681 1995 Inclinante
1713 1941 1909 1994 autem
1941 1938 2055 1994 Ro-

402 2040 717 2083 manorum
747 2026 1013 2100 imperio,
1047 2026 1401 2084 oblectatum
1432 2027 1616 2084 fuisse
1644 2025 1929 2100 populum
1945 2026 2055 2083 hu-

396 2114 662 2187 jusmodi
684 2131 917 2189 quoque
944 2115 1262 2189 rhythmis,
1292 2117 1436 2173 satis
1462 2112 1657 2189 pfodit
1681 2116 1967 2189 Vopiscus
1996 2115 2056 2171 in

401 2202 730 2271 Aureliano,
763 2205 935 2277 cujus
949 2205 1126 2262 verba
1144 2204 1349 2262 multis
1374 2204 1689 2263 illustravit
1710 2205 2054 2262 Salmasius.

403 2293 555 2349 Tum
573 2309 709 2350 vero
728 2294 840 2349 sub
860 2294 1142 2366 Augustis
1164 2293 1531 2363 Christianis,
1556 2295 1657 2350 sed
1681 2293 2055 2367 potissimum

401 2381 515 2438 sub
539 2380 779 2456 regibus
798 2383 1301 2452 barbaris,multis
1324 2383 1736 2457 rhythmorum
1759 2401 1904 2440 usus
1921 2384 2052 2453 fuit,

402 2486 522 2529 non
553 2472 626 2528 ad
657 2470 1130 2529 maledicentiam
1163 2476 1267 2530 aut
1292 2472 1804 2545 vituperationem,
1839 2472 1941 2527 sed
1981 2472 2054 2528 ad

401 2558 651 2616 honesta
678 2561 898 2633 quasvis
928 2565 1294 2635 argumenta,
1331 2578 1396 2619 ac
1428 2561 1720 2633 praecipue
1750 2561 1820 2615 ad
1852 2560 2056 2617 laudes

402 2647 507 2704 Dei
527 2651 705 2721 atque
723 2653 1083 2718 sanctorum,
1119 2651 1239 2705 sive
1263 2650 1440 2705 etiam
1468 2649 1803 2706 viventium.
1839 2651 2053 2717 Quam-

402 2735 492 2791 vis
517 2736 673 2792 enim
695 2736 856 2794 nullo
878 2755 1140 2811 unquam
1161 2741 1424 2811 tempore
1444 2738 1663 2793 Metrica
1688 2738 1882 2811 poesis
1898 2739 2053 2795 defe-

405 2824 570 2891 serit,
630 2841 887 2897 suosque
938 2830 1158 2899 poetas,
1231 2826 1423 2883 vincta
1486 2828 1745 2883 oratione
1802 2832 2050 2899 utentes,

402 2929 597 2985 neque
621 2929 825 2971 omnes
846 2916 1323 2985 contemnendos,
1360 2914 1592 2989 singula
1614 2916 1826 2973 saecula
1854 2922 2053 2974 osten-

405 3002 563 3072 dere,
585 3004 908 3075 potuerint,
926 3009 1182 3061 attamen
1195 3022 1330 3061 cum
1343 3005 1513 3062 bonis
1536 3005 1748 3063 litteris
1769 3023 2052 3080 magnum

406 3091 624 3149 vulnus
654 3093 941 3151 indictum
980 3082 1227 3163 fuisset,
1264 3099 1321 3150 et
1365 3095 1695 3169 ignorantia
1745 3095 2054 3169 plerosque

398 3186 549 3240 tunc
578 3183 886 3240 hominum
912 3187 1155 3252 teneret,
1178 3185 1461 3258 prosodiae
1490 3184 1719 3258 legibus
1740 3186 1908 3258 pauci
1929 3189 2052 3242 stu-

2166 785 2370 852 captos,
2399 783 2694 854 usquedum
2724 800 2781 838 se
2814 784 3106 850 redimunt,
3157 786 3394 840 teneant.
3440 784 3586 841 Vide
3642 802 3829 859 quam

2162 874 2431 926 vetustus
2462 870 2538 926 sit
2568 872 2788 928 abusus
2815 871 2917 943 qui
2946 871 3006 927 in
3035 870 3331 929 Ticinensi
3350 874 3659 947 gymnasio
3693 892 3829 948 per-

2166 959 2379 1015 durare
2427 959 2619 1016 adhuc
2676 960 2909 1016 dicitur.
2963 961 3278 1035 Spupillare
3329 962 3652 1036 appellant.
3689 964 3831 1021 Post

2166 1048 2354 1104 multa
2382 1048 2655 1122 discipuli
2685 1048 2792 1122 illi,
2811 1050 2983 1107 medii
3008 1051 3331 1123 rhythmice,
3361 1055 3546 1110 ceteri
3558 1068 3690 1111 vero
3708 1070 3829 1112 me-

2167 1139 2301 1195 triae
2329 1139 2572 1213 effuntur
2598 1156 2621 1195 :

2238 1245 2379 1314 Quid
2406 1246 2512 1301 tibi
2535 1247 2766 1317 fecimus
2796 1247 2925 1315 tale,
2957 1256 3019 1304 ut
3065 1248 3221 1304 nobis
3268 1250 3445 1319 facias
3484 1250 3679 1306 mle?

2234 1334 2581 1406 Appellamus
2611 1350 2812 1405 regem,
2845 1337 2944 1408 qui
2971 1339 3227 1393 nostram
3253 1339 3476 1409 fecimus
3505 1339 3703 1410 legem.

2165 1423 2238 1478 At
2266 1422 2410 1478 alter
2431 1423 2788 1480 versificator
2817 1424 3012 1498 inquit
3043 1442 3068 1503 :~

2168 1598 2176 1603 ~
2235 1530 2353 1586 Non
2380 1529 2540 1587 nobis
2563 1532 2662 1603 pia
2689 1546 2807 1604 spes
2854 1533 3059 1603 fuerat,
3106 1549 3231 1589 cum
3275 1535 3351 1589 sis
3387 1550 3555 1590 novus
3603 1536 3829 1608 hospes,

2239 1620 2303 1676 Ut
2322 1626 2469 1675 vetus
2500 1621 2560 1675 in
2579 1620 2738 1693 pejus
2764 1624 3128 1678 transvertere
3145 1626 3260 1679 tute
3289 1623 3434 1679 velis
3474 1624 3603 1697 jus.

2163 1706 2255 1763 Sic
2285 1712 2658 1766 Hermannus
2686 1710 3033 1767 Contractus
3065 1711 3221 1784 apud
3254 1710 3487 1771 Pezium
3518 1712 3577 1769 in
3608 1713 3828 1785 praefa~

2166 1796 2322 1854 tione
2351 1798 2423 1854 ad
2456 1798 2741 1856 Thesaur.
2780 1800 3127 1857 Anecdotor.
3184 1800 3605 1875 Rhythmicum
3659 1802 3829 1860 hunc

2083 1888 2132 1954 B
2159 1902 2392 1944 versum
2417 1888 2596 1945 habet
2626 1906 2641 1945 :

2236 1994 2433 2052 Comen
2464 2011 2564 2053 ora
2586 2013 2765 2068 pange
2790 2000 2982 2066 metro,
3011 2012 3107 2054 seu
3134 2013 3335 2055 canore
3373 1996 3717 2071 rhythmico.
3814 2018 3821 2027 '

2166 2102 2481 2161 .Ordericus
2497 2119 2730 2176 quoque
2754 2103 2962 2161 Vitalis
2991 2104 3203 2161 seculo
3222 2120 3305 2163 xu
3332 2105 3672 2179 rhythmicos
3700 2122 3825 2164 ver-

2162 2208 2256 2249 sus
2282 2191 2519 2262 laudat;
2544 2196 2601 2249 et
2630 2192 2860 2251 circiter
2885 2210 3107 2251 annum
3138 2196 3300 2262 1145,
3322 2195 3603 2252 Silvester
3628 2194 3823 2253 Giral—

2163 2282 2278 2338 dus
2308 2282 2625 2339 Britannus
2653 2281 2714 2339 in
2745 2282 2993 2355 Speculo
3018 2283 3285 2341 Ecclesiae
3310 2284 3419 2341 lib.
3450 2300 3529 2353 1v,
3558 2302 3698 2359 cap.-
3728 2288 3818 2355 16,

2164 2370 2237 2426 de
2268 2372 2523 2444 quodam
2555 2371 2720 2429 Golia
2746 2371 2869 2428 haec
2896 2372 3075 2429 tradit
3099 2390 3112 2428 :
3140 2374 3437 2431 Litteratus
3462 2376 3702 2448 affatim,
3727 2376 3823 2432 sed

2162 2477 2262 2517 nec
2292 2462 2422 2517 bene
2450 2463 2836 2531 morigeratus,
2868 2479 2968 2519 nec
2994 2463 3305 2536 disciplinis
3357 2464 3723 2537 infamatus,
3758 2468 3821 2521 in

2158 2567 2364 2623 papam
2392 2555 2443 2606 et
2471 2552 2686 2607 curiam
2719 2554 3019 2608 Romanam
3059 2553 3313 2608 carmina
3352 2555 3565 2626 famosa
3603 2556 3820 2627 plw-ies

2164 2644 2217 2695 et
2240 2641 2508 2711 plurima,
2541 2645 2655 2696 tam
2682 2643 2913 2697 metrica
2933 2657 3100 2713 quam
3121 2642 3455 2716 rhythmiea,
3486 2659 3601 2699 non
3628 2646 3819 2700 minus

2164 2730 2506 2801 impudenter
2535 2745 2701 2801 quam
2727 2730 3103 2803 imprudenter
3140 2734 3396 2789 evomuit.
3425 2734 3559 2799 Quae
3617 2733 3821 2790 omnia

2163 2818 2306 2875 satis
2335 2818 2596 2875 indicant
2624 2822 2844 2892 quanto
2874 2819 3013 2876 olim
3042 2820 3103 2876 in
3134 2834 3249 2877 usu
3280 2821 3457 2877 fuerit
3486 2820 3818 2895 rhythmica

2162 2907 2377 2980 poesis,
2411 2924 2600 2981 neque
2629 2909 2702 2965 ab
2733 2924 2802 2965 ea
2846 2908 3143 2966 interdum
3192 2909 3568 2967 abhorruisse
3613 2911 3817 2968 doctos

2162 2996 2339 3052 etiam
2368 2996 2546 3054 viros.
2588 2998 2714 3062 Qua
2770 2997 2993 3054 ratione
3046 3014 3180 3055 vero
3208 3016 3242 3055 a
3296 3000 3499 3056 metris
3554 2998 3816 3073 rhythmi

2163 3084 2482 3155 differrent,
2513 3087 2670 3143 Beda
2694 3087 2905 3144 saeculo
2934 3105 3054 3154 vm,
3081 3087 3142 3144 in
3198 3087 3303 3145 lib.
3336 3088 3417 3145 De
3474 3088 3677 3145 metris
3734 3090 3818 3146 ita

2162 3174 2440 3248 explicuit
2470 3192 2483 3232 :
2522 3175 2741 3232 Videtur
2768 3180 2951 3233 autem
2976 3177 3269 3251 rhythmus
3315 3178 3504 3235 metris
3547 3194 3661 3235 esse
3686 3196 3817 3235 cons

398 3273 639 3342 debent,
668 3275 910 3346 eratque
938 3273 1011 3328 iis
1027 3256 1213 3329 levius
1272 3256 1571 3346 negotium
1626 3256 1758 3331 sese
1796 3291 2044 3331 exercere

2168 3265 2391 3322 similis.
2418 3267 2509 3321 Est
2529 3272 2709 3322 autem
2735 3268 3023 3323 verborum
3049 3267 3331 3323 modulata
3366 3269 3819 3340 eompositio,non

396 3360 463 3419 in
482 3360 796 3435 rhythmis,
819 3362 973 3436 quod
996 3377 1206 3434 nempe
1236 3362 1295 3417 in
1324 3379 1509 3436 genus
1532 3361 2051 3420 lucubratiunculm

396 3450 783 3508 minus-curae
812 3455 988 3524 atque
1016 3451 1236 3508 laboris
1269 3452 1543 3525 exigeret.
1578 3451 1825 3508 Proinde
1854 3452 2052 3509 videas

399 3539 579 3597 medii
608 3539 712 3596 sivi
741 3539 1052 3613 scriptores
1084 3543 1209 3596 tum
1263 3541 1594 3613 rhythmica,
1649 3556 1784 3595 cum
1827 3542 2054 3597 metrica

398 3629 686 3703 opuscula
713 3642 1172 3686 commemorare
1192 3634 1368 3702 atque
1389 3630 1770 3702 distinguere.
1803 3630 2052 3686 Sanctus

399 3715 735 3776 Bonifacius
770 3717 1149 3791 Moguntinus
1188 3718 1498 3790 episcopus
1556 3718 1785 3773 circiter
1830 3735 2051 3775 annum

394 3808 614 3866 Christi
651 3809 781 3877 740,
841 3806 1074 3879 epistol.
1116 3809 1151 3863 4
1207 3806 1455 3862 scribit:
1516 3807 1744 3863 Obsecro
1800 3816 1858 3864 ut
1914 3809 2055 3865 mihi

399 3897 684 3956 Aldhelmi
731 3896 971 3970 episcopi
1033 3897 1223 3968 aliqua
1269 3898 1556 3967 opuscula,
1612 3912 1711 3951 seu
1759 3913 2053 3968 prosarum

398 4003 496 4046 seu
521 3994 848 4055 metrorum,
870 3986 976 4043 aut
1012 3986 1447 4059 rhythmicorum
1500 3987 1740 4055 dirigere
1764 3987 2051 4057 digneris.

402 4075 1045 4136 Litterarize-Historim
1078 4077 1394 4149 scriptores
1448 4080 1912 4133 commemorant
1955 4077 2051 4133 Al-

403 4163 623 4224 dhelmi
688 4165 862 4223 istius
931 4166 1151 4223 librum
1210 4168 1283 4223 De
1360 4167 1655 4223 Metrorum
1741 4167 2049 4236 generibus,

400 4256 521 4314 sive
552 4260 630 4313 De
657 4263 777 4311 arte
803 4258 1053 4311 metrica.
1087 4256 1172 4311 Ita
1199 4255 1445 4311 Alvarus
1478 4255 1773 4328 Hispanus
1803 4256 2053 4328 scriptor

400 4344 631 4402 circiter
684 4360 906 4399 annum
964 4345 1089 4411 847,
1122 4344 1201 4399 in-
1240 4343 1591 4400 Vitasancti
1647 4344 1894 4417 Eulogii,
1926 4345 2049 4402 haec

398 4432 579 4489 habet
604 4431 822 4487 verba:
862 4433 1207 4504 Epistolatim
1236 4433 1471 4488 invicem
1500 4435 1730 4503 egimus,
1772 4438 1821 4488 et
1852 4434 2046 4505 rhyth-

397 4522 557 4579 micis
584 4520 830 4577 versibus
857 4536 969 4577 non
998 4519 1254 4576 laudibus
1310 4521 1701 4577 mulcebamus.
1748 4522 2045 4579 Ekkehar-

399 4613 511 4669 dus
542 4611 603 4666 in
625 4609 761 4667 Vita
779 4609 934 4667 beati
954 4609 1189 4666 Notkeri
1215 4608 1463 4678 Balbuli,
1488 4610 1644 4683 apud
1676 4610 2044 4682 Goldastum,
2075 4632 2123 4697 Β

394 4706 555 4757 tomo
583 4698 795 4774 primo,
843 4714 977 4773 pag.
1009 4699 1135 4765 237,
1187 4699 1318 4755 Her.
1379 4699 1713 4766 Alamann.,
1774 4718 1899 4773 cap,
1952 4703 2039 4771 46,

394 4791 516 4851 hac
561 4789 800 4847 scribit:
852 4790 1192 4861 Sequentias,
1239 4805 1372 4863 quas
1418 4788 1561 4844 idem
1612 4791 1781 4845 Pater
1825 4794 2042 4847 sanctus

388 4883 614 4955 fecerat,
645 4879 936 4937 destinavit
962 4894 1059 4950 per
1089 4878 1336 4951 bajulum
1365 4879 1517 4934 urbis
1544 4882 1730 4935 Romae
1758 4896 1915 4950 papa:
1944 4882 2039 4935 Ni-

391 4971 544 5028 colao
580 4972 632 5027 et
671 4969 991 5026 Liutwardo
1045 4969 1367 5025 Vercellensi
1415 4969 1677 5039 episcopo,
1729 4972 1860 5023 tunc
1906 4977 2041 5024 tem-

388 5075 522 5131 pore
550 5059 739 5115 Karoli
765 5059 948 5129 Magni
976 5059 1320 5129 imperatoris
1352 5056 1431 5127 (id
1480 5059 1571 5111 est
1612 5055 1797 5111 Caroli
1847 5056 2037 5114 Crassi

393 5148 624 5206 circiter
653 5164 874 5204 annum
904 5147 1054 5218 883.)
1078 5148 1183 5215 Qui
1208 5146 1547 5201 venerandus
1568 5147 1878 5217 apostolicae
1897 5148 2038 5203 sedis

387 5238 641 5312 pontifex
667 5237 853 5293 omnia
883 5252 999 5307 quae
1053 5238 1237 5291 beatus
1281 5236 1368 5289 vir
1412 5234 1672 5289 Noll'rrus
1717 5235 2031 5305 dictaverat,

390 5327 738 5383 canonizavit
763 5326 1005 5381 videlicet
1036 5326 1283 5396 hymnos,
1314 5325 1640 5397 sequentias,
1675 5332 1871 5396 tropos,
1904 5326 2034 5382 lita-

387 5417 534 5483 nias,
582 5407 871 5486 omnesque
913 5416 1214 5471 cantilenas
1270 5413 1593 5486 rhythmice,
1648 5416 1891 5483 metrico,
1949 5417 2032 5472 vel

382 5504 649 5577 prosaice,
679 5520 814 5577 quas
842 5506 1063 5576 fecerat,
1097 5508 1207 5560 etc.
1243 5503 1417 5559 Porro
1440 5503 1594 5559 idem
1627 5503 2027 5573 Ekkehardus,

385 5610 489 5651 seu
515 5591 679 5663 alter,
711 5611 836 5667 cap.
867 5594 890 5649 l
929 5594 1010 5649 De
1040 5593 1220 5650 casib.
1254 5594 1313 5648 S.
1351 5591 1518 5659 Galli,
1553 5608 1732 5664 agens
1763 5593 1833 5648 de
1864 5593 2025 5650 Salo-

383 5698 556 5741 mone
577 5682 787 5741 abbate
811 5686 870 5739 et
889 5678 1158 5754 episcopo
1175 5681 1626 5753 Constantienei,
1650 5681 1769 5737 haec
1791 5682 2022 5741 scribit:

2161 3356 2389 3411 metrica
2419 3357 2652 3424 ratione,
2683 3355 2775 3413 sed
2801 3372 3030 3413 numero
3062 3356 3407 3429 syllabarum
3445 3356 3518 3413 ad
3535 3358 3819 3429 judicium

2160 3445 2386 3499 aurium
2413 3446 2750 3513 examinata,
2783 3449 2844 3501 ut
2870 3453 3001 3501 sunt
3017 3448 3269 3502 carmina
3293 3446 3607 3518 vulgarium
3631 3448 3817 3519 poeta;

2162 3550 2307 3589 rum.
2334 3536 2425 3590 Est
2455 3534 2673 3607 quidem
2720 3535 3011 3606 rhythmus
3066 3536 3185 3592 sine
3216 3538 3389 3591 metro
3437 3550 3552 3592 esse
3597 3541 3815 3608 potest:

2159 3631 2398 3679 metrum
2427 3639 2547 3680 vero
2576 3625 2696 3679 sine
2722 3624 2979 3696 rhythmo
3007 3640 3121 3681 esse
3154 3639 3287 3681 .non
3312 3628 3508 3697 potest.
3543 3625 3698 3694 Quod
3745 3627 3820 3681 li-

2161 3713 2384 3785 quidius
2412 3715 2492 3769 ita
2519 3712 2784 3784 deﬁnitur
2800 3730 2823 3775 ;
2847 3713 3080 3769 Metrum
3108 3717 3187 3769 cst
3216 3716 3361 3770 ratio
3394 3730 3515 3770 cum
3564 3714 3817 3771 modula-

2162 3803 2349 3868 tione;
2392 3801 2684 3874 rhythmus
2740 3802 3041 3858 modulatio
3095 3805 3216 3859 sine
3268 3805 3500 3859 ratione.
3554 3803 3819 3861 Isidorus

2163 3907 2395 3963 quoque
2425 3890 2524 3946 lib.
2559 3891 2776 3964 primo,
2797 3908 2924 3964 cap.
2943 3892 3033 3963 38,
3057 3891 3278 3965 Origin.
3304 3892 3615 3966 rhythmos
3639 3910 3674 3950 a
3692 3909 3817 3951 me-

2161 3980 2268 4036 tris
2297 3980 2628 4053 distinguit.

2229 4072 2349 4144 Age
2376 4087 2509 4127 vero
2540 4069 2673 4143 quis
2705 4070 3114 4143 rhythmorum
3147 4088 3358 4128 cursus
3389 4072 3585 4139 fuerit,
3618 4073 3816 4130 vides;

2160 4177 2317 4217 mus.
2352 4159 2558 4217 Paucis
2589 4159 2890 4233 gressibus
2907 4159 3170 4233 plerique
3200 4161 3313 4217 iter
3333 4178 3507 4217 suum
3540 4162 3813 4219 conficie-

2160 4250 2322 4317 bant,
2357 4249 2766 4316 distichorum,
2825 4250 3341 4324 epigrammatum,
3403 4251 3673 4320 odarum,
3714 4252 3815 4308 aut

2158 4340 2536 4413 hymnorum,
2594 4356 2835 4396 cursum
2894 4338 3129 4408 imitati,
3187 4339 3298 4396 huc
3328 4343 3419 4396 est
3462 4340 3673 4413 exigua
3710 4328 3814 4398 aut

2158 4434 2310 4486 certe
2342 4429 2619 4486 mediocri
2648 4445 2926 4485 versuum
2956 4428 3105 4485 serie
3144 4428 3423 4485 contenti.
3458 4428 3569 4485 Sed
3621 4436 3810 4503 neque

2156 4519 2391 4575 defuere
2424 4519 2525 4592 qui
2582 4518 2739 4574 ultra
2781 4517 2956 4574 hasce
3014 4521 3203 4574 metas
3260 4517 3805 4592 progrediebantur,

2155 4614 2330 4681 prout
2358 4606 2649 4675 materies,
2694 4611 2798 4662 aut
2853 4606 3096 4664 artiﬁcis
3154 4606 3465 4664 consilium
3518 4608 3804 4681 exigebat.

2154 4696 2634 4772 Rhythmopoelos
2661 4699 2857 4752 autem
2891 4696 2941 4752 si
2971 4696 3169 4753 dixero
3202 4696 3361 4753 omni
3390 4712 3670 4754 versuum
3701 4714 3807 4771 ge-

2152 4804 2289 4844 nere
2320 4802 2460 4842 usos
2490 4785 2629 4842 olim
2660 4785 2865 4855 fuisse,
2895 4786 3112 4857 quibus
3136 4786 3364 4859 poetica
3383 4785 3699 4859 disciplina
3719 4790 3806 4844 est

2153 4877 2465 4947 oblectata,
2497 4875 2743 4932 fortasse
2774 4891 2889 4931 non
2922 4874 3215 4932 immerito
3269 4876 3483 4932 dicam.
3516 4875 3640 4932 Imo
3682 4877 3802 4933 veri

2152 4966 2378 5024 videtur
2407 4964 2597 5021 simile
2653 4963 2895 5037 lyricam
2926 4964 3151 5038 poesim
3173 4982 3204 5021 e
3224 4964 3637 5039 rhythmorum
3659 4965 3801 5023 arti-

2150 5056 2357 5113 ﬁcibus
2373 5058 2596 5110 tantam
2620 5054 2959 5110 varietatem
2988 5054 3320 5111 carminum
3344 5054 3536 5128 primo
3557 5054 3797 5113 didicis-

2147 5161 2491 5217 so,camque
2515 5143 2799 5217 paulatim
2824 5147 3011 5199 metro
3034 5144 3308 5215 adjuncto
3342 5145 3678 5217 perfecisse.
3702 5146 3805 5202 Di-'

2143 5235 2507 5309 thyrambira
2519 5233 2671 5288 enim
2688 5232 2882 5304 poesis
2900 5232 3107 5305 primis
3120 5233 3788 5306 temporibusinstituta,

2142 5344 2209 5381 cx
2240 5323 2532 5397 rhythmis
2562 5321 2701 5378 varii
2732 5321 2980 5394 generis.
3013 5321 3217 5379 Proclo
3240 5321 3416 5379 etiam
3442 5325 3788 5390 teste,vcom-

2142 5414 2333 5489 posita
2352 5416 2477 5481 est;
2510 5414 2684 5484 atque
2714 5416 2780 5466 ut
2806 5410 2968 5467 illinc
2990 5412 3275 5486 tragoedia
3302 5415 3360 5469 et
3388 5412 3787 5470 comaedia‘or-

2138 5509 2266 5561 tum
2298 5502 2543 5559 traxisse
2573 5500 2849 5570 creditur,
2874 5500 2955 5557 ita
2978 5504 3035 5557 et
3059 5500 3239 5575 lyrica
3269 5501 3560 5558 credenda
3583 5505 3799 5559 est.‘In'

2136 5595 2246 5651 hoc
2275 5593 2450 5650 etiam
2498 5590 2828 5648 consentire
2880 5589 3112 5647 videtur
3176 5590 3519 5649 scholiastes
3564 5591 3784 5649 Aristo-

2136 5682 2368 5758 phanis.
2404 5683 2517 5741 Sed
2548 5681 2670 5738 haec
2724 5679 2909 5738 missa
2964 5680 3133 5738 facio.
3197 5680 3346 5740 Illud
3374 5680 3803 5740 tantummodo
