3984 6166
126 356 246 424 ’161
1446 342 1699 408 RHYTE

1446 341 1815 408 RHYTHMI
1850 339 2236 406 VETERES.

130 484 742 557 animadvertendum,
771 483 1218 551 Anacreontem,
1249 477 1360 539 etsi
1387 476 1546 538 inter
1570 479 1785 554 lyricos
1811 478 1869 548 Α

129 588 362 643 Ονωοοε
391 578 680 639 suavitate
709 579 768 634 et
797 575 986 650 gratia
998 570 1260 642 excellat,
1283 573 1543 628 attamen
1575 584 1793 644 magna

132 670 374 731 licentia
419 667 559 726 ferri
592 666 654 724 in
699 664 969 723 versibus
1029 662 1176 732 suis,
1208 677 1399 736 usque
1429 661 1573 718 adeo
1623 664 1690 717 ut
1718 658 1792 716 ad

132 759 531 837 rhythmicam
559 752 891 815 libertatem
921 754 1178 812 accedat.
1208 751 1444 809 Accedit
1473 751 1629 824 quod
1664 764 1793 823 quas

130 852 316 910 verba
341 846 564 907 Horatii
612 863 794 919 supra
822 844 968 901 mihi
1026 844 1487 901 commemorata
1529 842 1687 909 sunt,
1722 839 1794 896 de

135 935 532 1014 dithyrambis
560 932 723 992 illitis
744 936 909 990 aatate
939 930 1260 989 eii‘ormatis
1290 929 1447 986 dicta
1475 927 1638 985 fuere
1686 926 1790 982 lib.

136 1046 221 1100 rv,
249 1028 359 1088 ode
386 1028 443 1083 2.
471 1024 675 1097 Inquit
696 1022 886 1080 enim:

356 1135 462 1192 Seu
469 1149 572 1208 per
591 1130 821 1189 audaces
849 1145 992 1186 nova
1018 1126 1392 1201 dithyrambos

358 1223 528 1283 Verba
554 1221 805 1289 devolvit,
836 1218 1187 1290 numerisque
1206 1219 1385 1291 fertur

790 1310 925 1382 Lege
950 1308 1160 1364 solutis.

140 1439 497 1517 Spartianus
522 1436 813 1511 quosdam
840 1449 1047 1491 versus
1068 1432 1235 1490 ati‘ert
1253 1428 1494 1488 Adriani
1523 1428 1797 1502 Augusti,

132 1528 413 1589 videlicet
432 1544 450 1587 :

538 1615 648 1688 Ego
677 1613 806 1671 noto
833 1612 1027 1669 Floms
1050 1624 1181 1677 esse,

538 1703 835 1761 Ambulare
858 1718 960 1776 per
989 1700 1263 1771 tabernas,

541 1794 788 1851 Latitare
809 1807 913 1865 per
933 1791 1190 1863 popinas.

544 1881 754 1939 Calices
781 1881 902 1953 pati
930 1878 1213 1937 rotundos.

142 1994 263 2051 Vix
291 1990 499 2050 dubito
525 1988 670 2062 Quin
699 1988 853 2045 inter
882 1985 1245 2061 rhythmicos
1274 1984 1316 2040 ii
1345 1984 1467 2041 sint
1493 1981 1802 2051 referendi,

144 2088 221 2141 ut
246 2086 307 2142 et
335 2080 437 2139 alii
467 2095 618 2154 quos
646 2077 804 2135 idem
823 2078 1124 2149 Augustus
1142 2072 1402 2130 moriens
1429 2072 1706 2130 eii‘udisse
1725 2070 1807 2127 di-

149 2173 329 2231 citur.
363 2170 431 2227 In
456 2169 535 2227 iis
562 2169 716 2225 certe
743 2168 1006 2223 exactam
1052 2162 1224 2221 metri
1253 2161 1537 2219 rationem
1562 2161 1808 2217 minime

146 2258 582 2335 deprehendas.
610 2257 906 2328 Attamen,
954 2256 1023 2310 ut
1047 2269 1251 2310 verum
1304 2252 1504 2322 fatear,
1545 2251 1807 2325 rhythmi

150 2349 275 2424 ipsi
302 2348 388 2406 ita
415 2346 900 2414 eﬂormabantur,
933 2346 1000 2400 ut
1015 2359 1167 2415 serpe
1197 2340 1455 2417 aliquam
1486 2346 1806 2398 metrorum

153 2436 419 2513 speciem
448 2433 810 2493 exhiberent.
840 2433 990 2489 Nam
1020 2431 1071 2490 si
1096 2447 1301 2489 verum
1331 2434 1420 2488 est
1446 2431 1601 2503 quod
1627 2430 1809 2498 Quin-

153 2526 441 2586 ctilianus
468 2522 764 2581 traditlib.
795 2519 1456 2595 ix,cap.£,lnstitution.
1480 2520 1807 2576 oratoriam

153 2616 371 2675 Πρὶν-ἰοί
426 2612 648 2689 quidem
677 2612 839 2685 pedes
896 2611 1028 2668 adeo
1052 2613 1408 2683 reperiuntur
1453 2610 1516 2665 in
1541 2611 1808 2678 oratione,

3420 334 3544 410 762

2325 471 2434 545 Qui
2460 487 2582 532 eras
2607 477 2737 531 ante
2762 471 2963 531 saecula

2327 564 2545 637 Semper
2572 578 2697 621 cum
2722 568 2892 622 Patre
2918 564 3114 622 Filius.

1901 684 1964 739 Et
1994 682 2100 738 alii
2128 680 2476 737 Ambrosiani
2500 696 2613 737 non
2637 682 2825 753 pauci.
2868 683 3003 738 Item
3048 681 3119 737 ad
3145 685 3385 754 formam
3431 699 3544 741 me-

1900 774 1975 828 tri
1993 771 2258 828 trochaici
2285 777 2491 826 canunt
2530 769 2799 841 hymnum
2843 769 2910 827 de
2943 769 3033 826 die
3077 770 3293 842 judicii
3333 788 3432 844 per
3459 773 3545 829 al-

1896 862 2007 936 pha
2014 861 2195 918 betum
2211 877 2231 916 :

2326 949 2621 1021 Apparebit
2649 949 2938 1021 repentina
2964 948 3080 1011 dies

2328 1038 2524 1109 Magna
2551 1037 2790 1106 Domini,
2821 1038 2917 1110 fur
2941 1037 3170 1094 obscura

2336 1127 2483 1183 Velut
2512 1133 2665 1183 nocte
2694 1127 3013 1199 improvisos
3041 1142 3325 1199 occupans.

1904 1244 2035 1301 Haec
2046 1243 2213 1301 Beda.
2235 1242 2358 1299 Nisi
2383 1242 2731 1300 excidissent
2757 1242 3052 1300 innumeri
3066 1258 3135 1300 ex
3161 1242 3323 1301 hisce
3347 1243 3551 1318 rhyth-

1904 1332 2018 1391 mis
2049 1334 2262 1405 (neque
2289 1332 2449 1389 enim
2478 1349 2585 1405 par
2613 1347 2817 1389 eorum
2842 1332 3212 1415 curahabita
3240 1336 3332 1390 est
3376 1337 3553 1406 atque

1905 1422 2249 1495 metrorum)
2270 1422 2566 1496 ingentem
2580 1421 2640 1479 in
2670 1422 3019 1480 iisversibus
3041 1423 3381 1481 varietatem
3401 1436 3555 1480 nunc

1908 1511 2501 1585 deprehenderemus.
2532 1511 2818 1585 Equidem
2848 1528 2880 1569 e
2909 1528 3022 1568 ms.
3059 1510 3257 1570 codice
3302 1513 3556 1571 Ambro-

1907 1601 2086 1659 sianae
2111 1600 2477 1659 bibliothecis
2505 1602 2869 1674 descriptum
2901 1599 3035 1658 dedi
3063 1601 3555 1675 Antiphonarium

1907 1690 2332 1748 Benchorensis
2349 1690 2711 1761 monasterii,
2728 1694 2907 1763 atque
2918 1690 3075 1747 edidi
3093 1694 3252 1747 tomo
3282 1692 3360 1749 IV
3384 1694 3561 1749 Anac-

1907 1780 2095 1837 dotor.
2127 1781 2635 1853 Latinorum.Ejus
2656 1784 2794 1838 aetas
2828 1781 2903 1838 ad
2914 1779 3197 1839 saeculum
3218 1780 3562 1840 Christiana

1718 1882 1723 1887 '
1829 1857 1878 1923 B
1907 1886 2032 1927 aera;
2049 1874 2319 1928 octavum
2331 1870 3240 1945 referendavidelur.Complures
3261 1869 3565 1931 ibiocc‘ur-

1916 1963 2056 2018 runt
2081 1960 2309 2033 hymni,
2369 1977 2518 2033 quos
2563 1976 2769 2017 omnes
2798 1960 2859 2016 in
2903 1960 3372 2035 rhythmicorum
3428 1976 3562 2018 cen-

1916 2064 2049 2105 sum
2081 2048 2475 2122 conjiciendos
2505 2066 2715 2122 parum
2746 2049 3038 2107 custodita
3064 2046 3237 2106 metri
3266 2050 3415 2107 mtio
3442 2066 3567 2124 perv

1916 2136 2142 2194 suadet.
2799 2136 2805 2141 ’

1989 2226 2279 2299 Praecipue
2305 2244 2439 2284 vero
2467 2226 2527 2282 in
2584 2227 2876 2300 rhythmis
2931 2227 3213 2299 frequens
3256 2244 3402 2284 usus
3454 2227 3568 2286 fuit

1920 2405 2159 2461 Maurus
2191 2405 2447 2479 appellat
2474 2406 2535 2461 in
2566 2404 2668 2463 lib.
2695 2406 2773 2462 De
2802 2402 2975 2463 litter.
3010 2409 3071 2462 et
3095 2409 3267 2462 metr.
3293 2405 3416 2462 lmo
3434 2404 3568 2462 reli-

1921 2495 2050 2569 quit
2077 2501 2135 2552 et
2163 2494 2260 2553 ille
2290 2495 2444 2552 exiis
2474 2511 2592 2552 non
2606 2510 2822 2569 paucos
2843 2512 2877 2552 a
2906 2511 2969 2553 se
2999 2495 3592 2553 lucubratos.Exem-.

1922 2586 2085 2659 plum
2116 2603 2186 2642 ex
2213 2602 2280 2642 eo
2310 2585 2697 2658 proferamus.

1916 2331 2123 2372 versus
2153 2316 2419 2372 trochaicz
2463 2317 2789 2385 catalectici,
2832 2316 2918 2372 uti
2966 2315 3133 2372 illum
3179 2314 3568 2374 Terentianus
3680 2340 3691 2351 -

154 2708 317 2764 utin
358 2719 426 2761 ea
451 2706 766 2776 frequenter
788 2716 902 2758 non
948 2701 1306 2757 sentientibus
1361 2701 1517 2756 nobis
1567 2701 1815 2755 omnium

155 2808 424 2871 generum
463 2789 725 2850 excidant
773 2805 983 2847 versus.
1014 2791 1081 2846 Et
1108 2791 1299 2846 contra
1341 2788 1489 2845 nihil
1536 2793 1616 2845 est
1651 2804 1817 2861 prosa

156 2886 448 2957 scriptum,
478 2880 618 2954 quod
641 2896 756 2937 non
772 2879 952 2949 redigi
988 2880 1156 2952 possit
1200 2880 1263 2935 in
1289 2878 1540 2952 quedam
1573 2881 1813 2936 versicu-

162 2976 352 3032 lorum
374 2986 595 3044 genera.
628 2973 855 3039 Quanto
889 2984 1026 3043 ergo
1058 2967 1288 3026 facilius
1325 2968 1483 3025 idem
1512 2968 1572 3024 in
1611 2967 1817 3041 rhyth-

160 3061 286 3122 mis
314 3059 611 3119 occurrat?
635 3060 855 3116 Auctor
880 3074 1017 3116 vero
1047 3060 1137 3114 est
1164 3057 1277 3113 Leo
1308 3056 1552 3114 Allatius
1591 3056 1652 3112 in
1683 3057 1820 3113 Dia-

1996 2703 2269 2776 Syllabas,
2304 2717 2430 2773 qua
2457 2703 2586 2760 rita?
2612 2705 2783 2758 metro
2814 2704 3123 2771 congruunt
3152 2698 3384 2770 heroico,

1997 2792 2196 2865 Captus
2224 2798 2286 2847 ut
2310 2808 2460 2851 meus
2488 2791 2714 2862 ferebat,
2745 2790 3049 2864 disputatas
3076 2790 3260 2859 attuli,
3295 2793 3404 2847 etc.

1995 2885 2098 2939 Est
2124 2883 2268 2938 celer
2291 2881 2549 2955 phaselus
2578 2881 2696 2948 ille,
2727 2896 2887 2953 quem
2914 2880 3108 2936 videtis
3136 2879 3386 2953 hospites.

1924 2998 2230 3072 Ejusmodi
2259 3013 2428 3054 versu
2462 2996 2703 3053 dicteria
2729 2996 3051 3068 praesertim
3081 2995 3489 3064 efferebantur,
3514 2997 3581 3051 ut

1929 3093 2018 3146 est
2046 3089 2421 3145 decantatum
2453 3085 2598 3143 illud
2629 3083 2885 3140 militum
2916 3084 2975 3140 in
3005 3083 3231 3141 Julium
3270 3084 3578 3155 Casuram,

164 3151 328 3210 tribe
352 3150 429 3207 de
459 3148 719 3249 Simo-on.
752 3164 931 3205 usum
952 3146 1561 3249 rhythmorumapud
1592 3145 1819 3249 Graecos
1855 3230 1894 3249 Α
2108 3175 2474 3249 triumphum
2505 3173 2788 3231 Gallicum
2820 3174 3096 3230 duceret;

168 3255 410 3314 quoque
437 3238 789 3296 recentiores
832 3237 1208 3311 perdurasse,
1262 3236 1520 3293 Politicos
1563 3250 1749 3292 versus
1780 3235 1823 3291 ii
1852 3230 1895 3300 C

169 3328 572 3404 appellabant,
604 3327 729 3401 qui,
755 3329 824 3383 ut
852 3326 980 3399 ipse
1011 3324 1233 3394 scribit,
1319 3325 1652 3398 Iambicisqet
1680 3326 1825 3381 Ana-

168 3418 517 3477 creonticicis
542 3420 605 3474 ut
630 3416 943 3489 plurimum
964 3416 1342 3472 constant:ita
1371 3422 1553 3472 tamen
1582 3420 1645 3471 ut
1670 3415 1830 3471 nulla

171 3509 511 3584 quantitatis
548 3506 894 3579 syllabarum
946 3504 1113 3578 (quod
1157 3505 1603 3561 accurratissime
1627 3508 1829 3562 veteres

169 3597 557 3669 observabant)
584 3597 728 3653 ratio
756 3594 1059 3658 habeatur;
1091 3598 1306 3651 tantum
1335 3610 1529 3651 earum
1543 3610 1826 3663 numerus,

168 3688 674 3758 declinationesque
720 3687 1039 3743 accentuum
1096 3682 1468 3741 attenduntur.
1522 3685 1651 3753 Qum
1687 3686 1829 3740 ratio

169 3776 559 3851 ﬁngendorum
586 3776 899 3833 carminum
926 3790 1038 3831 non
1067 3789 1217 3831 nunc
1241 3774 1490 3845 primum
1534 3776 1596 3829 in
1624 3789 1687 3830 ea
1727 3789 1828 3830 na-

166 3870 340 3937 tione,
371 3866 466 3924 sed
489 3865 685 3923 multis
707 3866 774 3922 ab
803 3865 933 3921 hinc
966 3864 1188 3922 saeculis
1231 3865 1294 3919 in
1321 3879 1426 3918 usu
1468 3864 1636 3935 fuisse
1680 3879 1829 3920 com—

164 3958 405 4033 peritur,
434 3959 499 4013 ut
525 3954 773 4031 videmus
801 3957 864 4011 in
890 3952 1438 4027 Photiipatriarchze,
1456 3953 1833 4025 Christophori

163 4047 347 4121 primi
374 4062 409 4102 a
434 4046 675 4114 secretis,
705 4044 897 4112 Pselli,
930 4045 1065 4114 etc.,
1096 4043 1363 4099 versibus.
1396 4041 1637 4098 Vossius
1681 4058 1831 4115 quo-

171 4151 290 4208 que
317 4134 422 4191 lib.
454 4134 668 4207 primo,
702 4148 829 4205 cap.
860 4134 913 4189 8.
947 4131 1206 4189 Institut.
1227 4129 1432 4204 poetic.
1467 4130 1831 4187 animadver-

168 4223 247 4281 tit
276 4223 647 4298 rhythmum,
676 4239 794 4279 non
825 4224 1101 4288 metrum,
1132 4219 1327 4275 inesse
1358 4218 1418 4274 in
1447 4219 1714 4276 versibus
1736 4236 1832 4293 po-

168 4312 355 4369 liticis
382 4309 751 4369 Constantini
789 4308 1101 4377 Manassis,
1149 4309 1383 4379 Ttetzas,
1416 4310 1473 4363 et
1520 4307 1829 4364 similium.

170 4401 329 4458 Tum
354 4400 602 4459 subdit:
634 4391 743 4457 Nec
768 4399 999 4456 dubium
1026 4399 1162 4471 quin
1189 4398 1530 4470 antiquiores
1565 4399 1680 4452 sint
1707 4414 1832 4454 ver-

171 4505 291 4562 sus,
323 4490 388 4546 in
427 4488 627 4565 quibus
673 4488 853 4545 solum
904 4487 1195 4561 rhythmus
1241 4495 1338 4543 est.
1394 4484 1569 4541 Addit
1614 4486 1829 4544 etiam:

2011 3285 2217 3341 Gallias
2250 3283 2437 3340 (Σάϐβαν
2460 3282 2712 3351 subegit:
2744 3278 3058 3337 Nicomedes
3088 3278 3396 3337 Caesarem:

2007 3379 2142 3433 Ecce
2169 3375 2355 3431 Cmsar
2381 3387 2531 3427 nunc
2560 3369 2885 3442 triumphat,
2914 3370 3011 3442 qui
3038 3369 3250 3439 subegit
3278 3366 3512 3424 Gallias:

2007 3462 2319 3521 Nicomedes
2345 3476 2457 3518 non
2485 3459 2811 3531 triumphat,
2843 3460 2940 3530 qui
2966 3458 3178 3530 subegit
3199 3456 3487 3515 Ca’sarem.
3574 3496 3579 3501 ς

1937 3570 2201 3628 Alterum
2243 3565 2577 3640 exemplum
2627 3564 2941 3622 Suetonius
2993 3562 3351 3641 suppeditat,
3380 3578 3588 3621 versus

1939 3675 2146 3732 nempe
2178 3658 2237 3713 in
2267 3656 2540 3713 eumdem
2571 3655 2856 3712 Caesarem
2884 3658 3025 3710 tunc
3054 3654 3460 3728 depromptos:

1941 3767 2146 3824 Urbani
2172 3767 2383 3820 servate
2410 3777 2626 3819 umores.
2658 3762 2924 3820 Machum
2946 3762 3163 3817 calvum
3190 3760 3536 3817 adducimus.

1937 3857 2147 3913 Aurum
2167 3855 2230 3911 in
2262 3853 2442 3910 Gallia
2468 3853 2761 3925 effutuisti;
2791 3852 2880 3906 hic
2907 3851 3156 3906 sumsisti
3181 3856 3451 3905 mutuum.

1939 3961 2258 4033 Utrobique
2287 3960 2441 4015 idem
2458 3958 2642 4014 habes
2665 3961 2942 4025 metrum,
2972 3954 3341 4028 etdaotylum
3368 3955 3429 4012 in
3450 3955 3587 4021 fine,

1937 4057 1996 4111 et
2025 4049 2360 4125 quindecim
2392 4045 2647 4121 syllabas
2668 4044 2919 4118 singulis
2937 4044 2997 4100 in
3026 4043 3314 4113 versibus;
3345 4043 3449 4100 sed
3471 4060 3589 4103 non

1938 4142 2203 4201 eamdem
2233 4137 2497 4195 brevium
2520 4139 2577 4193 et
2592 4134 2900 4207 longarum
2918 4133 3587 4198 observationem.Quin-

1940 4232 2150 4298 decim,
2186 4229 2452 4301 inquam,
2483 4223 2741 4299 syllabas
2768 4240 2782 4278 :
2810 4223 3123 4296 paritatem
3152 4222 3313 4279 enim
3342 4221 3591 4297 syllaba-

1940 4337 2074 4379 rum
2108 4315 2524 4393 rhythmOpasii
2572 4317 2794 4371 veteres
2832 4313 2951 4370 fere
3001 4328 3234 4386 semper
3281 4312 3599 4387 curabant,

1942 4427 2077 4467 cum
2110 4412 2168 4466 et
2198 4404 3067 4480 ejusmodlversuscanerentur
3095 4400 3167 4457 ad
3200 4401 3594 4459 musicosmo-

1942 4503 2067 4557 dos.
2100 4502 2226 4553 Imo
2255 4499 2313 4553 et
2343 4493 2574 4552 saltatio
2605 4492 2949 4559 addebatur,
2977 4494 3033 4548 et
3062 4491 3331 4564 quaedam
3380 4491 3591 4564 digito-

170 4579 471 4636 Poetarum
516 4578 698 4653 aliqui
751 4579 863 4635 solo
919 4580 1077 4634 erant
1127 4575 1383 4650 rhythmo
1431 4577 1669 4673 contenti
1686 4591 1743 4638 ,σε

2018 4606 2077 4646 m
2108 4585 2430 4661 percussio,
2463 4587 2530 4639 ut
2558 4582 2777 4649 Cicero,
2811 4580 3237 4647 Quinctilianus
3283 4584 3342 4636 et
3371 4579 3469 4638 alii
3503 4580 3591 4635 in-

172 4668 291 4725 alio
317 4684 355 4724 a
379 4668 606 4739 vulgari
631 4683 885 4724 sermone
943 4665 1341 4739 discrepabant.
1374 4665 1489 4720 Alit
1513 4663 1745 4738 rhythm:

2014 4681 2158 4733 lunt.
2188 4676 2250 4731 Id
2284 4688 2518 4746 quoque
2545 4689 2579 4728 a
2607 4670 2828 4727 Judaeis
2859 4674 3034 4727 antea
3081 4670 3299 4725 factum
3337 4669 3587 4725 videtur.

170 4756 515 4814 animabant-
554 4772 801 4815 sermone
823 4758 1053 4831 poetico.
1083 4756 1198 4813 Alii
1243 4753 1477 4829 denique
1521 4756 1691 4811 etiam
1718 4770 1831 4810 me-

176 4851 335 4903 trum
377 4845 829 4923 superaddebant.
888 4846 1052 4912 Quod
1084 4845 1211 4918 ipse
1268 4843 1476 4901 didicit
1506 4861 1539 4901 a
1568 4844 1725 4903 Beda
1771 4844 1831 4900 in

170 4932 327 4990 libro
357 4931 439 4990 De
467 4935 590 4991 arte
618 4932 880 4991 metrica.
904 4933 1058 4991 Sunt
1072 4933 1200 5006 ejus
1214 4932 1393 4989 verba
1416 4948 1677 4989 connexa
1696 4947 1831 4988 cum

172 5022 253 5080 iis
282 5036 410 5095 qua
440 5037 631 5096 nuper
643 5022 815 5080 attuli
837 5038 851 5079 :
870 5022 1202 5095 Plerumque
1229 5025 1416 5078 tamen
1443 5037 1574 5078 casu
1601 5020 1835 5094 quodam

170 5112 425 5170 invenies
451 5112 623 5169 etiam
650 5114 926 5170 rationem
952 5114 1014 5169 in
1041 5112 1315 5184 rhythmo,
1334 5126 1448 5168 non
1475 5112 1704 5183 artiﬁcii
1722 5126 1836 5167 mo-

172 5200 464 5258 deratione
490 5204 781 5272 servatam,
810 5202 905 5260 sed
931 5216 1062 5259 sono
1092 5209 1142 5257 et
1178 5203 1300 5273 ipsa
1323 5200 1693 5257 modulatione
1728 5200 1830 5257 du-

174 5298 351 5359 cente,
384 5306 547 5364 quem
568 5292 829 5363 vulgares
875 5294 1049 5363 poetae
1088 5306 1297 5348 necesse
1323 5297 1403 5345 est
1452 5291 1654 5347 rustice
1691 5290 1834 5347 docti

173 5380 394 5454 faciant
419 5380 589 5455 docte.
652 5382 767 5453 Quo
793 5382 951 5439 modo
1002 5388 1058 5438 et
1084 5378 1155 5437 ad
1182 5381 1362 5436 instar
1406 5380 1634 5436 iambici
1669 5382 1834 5445 metri

169 5468 551 5545 pulcherrime
575 5456 759 5544 factus
783 5474 863 5528 est
891 5464 1129 5543 hymnus
1157 5468 1256 5524 ille
1272 5467 1602 5541 praeclarus.

572 5580 693 5636 Rea:
717 5580 925 5637 aeterne
952 5577 1183 5637 Domine

575 5668 779 5727 Rerum
805 5671 1019 5727 creator
1048 5666 1313 5735 omnium,
1356 5666 1363 5675 '

1940 4768 2142 4840 Neque
2171 4762 2326 4821 enim
2356 4760 2765 4818 tantummodo
2796 4760 2950 4833 apud
3003 4758 3301 4815 Romanos
3351 4755 3594 4813 dicteria

1942 4874 2045 4932 per
2073 4852 2381 4928 rhythmos
2402 4852 2627 4925 jactata
2653 4848 2714 4904 in
2745 4864 2859 4904 usu
2882 4848 3061 4916 fuere,
3094 4847 3196 4903 sed
3228 4845 3404 4902 etiam
3434 4844 3591 4918 apud

1939 4946 2195 5011 Judeos,
2228 4945 2286 5000 et
2312 4940 2486 5014 longe
2515 4943 2706 5008 antea,
2760 4953 2940 5011 quam
2971 4953 3007 4992 a
3035 4934 3315 4992 Romanis
3341 4950 3603 5015 usurpas

1940 5038 2164 5093 rentur.
2198 5029 2347 5087 Vide
2376 5027 2479 5086 lib.
2525 5027 2806 5101 primum,
2838 5042 2963 5098 cap.
3022 5041 3182 5093 xvm,
3212 5038 3363 5080 vers.
3394 5022 3453 5089 6,
3483 5021 3592 5078 Re-

1942 5140 2107 5200 gum.
2140 5123 2286 5180 Cum
2318 5120 2717 5185 reverteretur,
2748 5131 3027 5189 percusso
3077 5111 3432 5180 Philisthzeo,
3480 5110 3603 5200 Daj

1940 5198 2037 5271 vid
2093 5210 2373 5269 mulieres
2430 5209 2752 5271 cantantes,
2806 5203 3134 5275 chorosque
3192 5201 3474 5259 ducentes
3530 5198 3589 5255 in

1942 5317 2274 5362 occursum.
2307 5296 2447 5356 Saul
2481 5295 2655 5369 regis,
2687 5283 3084 5366 praecinebant
3132 5290 3427 5347 dicentes:
3460 5290 3593 5346 Per-

1939 5395 2109 5451 cussit
2138 5388 2271 5447 Saul
2300 5384 2479 5451 mille,
2508 5387 2563 5439 et
2589 5381 2762 5438 David
2784 5380 2968 5436 decem
2994 5379 3197 5435 millia.
3212 5375 3363 5433 Male
3384 5375 3595 5433 habuit

1941 5498 2137 5555 regem
2167 5476 2468 5536 aculcatus
2498 5470 2831 5546 rhythmus,
2852 5469 3024 5541 cujus
3052 5485 3221 5527 voces
3250 5465 3592 5549 antiquissif

1942 5588 2076 5630 mus
2105 5569 2392 5641 interpres
2421 5559 2710 5626 itavertit,
2725 5563 2792 5616 ut
2812 5575 3047 5616 versum
3078 5555 3595 5617 trochaicuminde

1947 5654 2278 5727 confecerit,
2357 5650 2562 5728 quales
2640 5651 2808 5709 erant
2864 5649 3194 5725 complures
3251 5664 3284 5705 e
3331 5648 3595 5705 veterum
