3982 6172
412 338 534 402 763

1191 338 1384 404 ειΕα.
1427 339 1510 402 XI
1555 337 1788 403 AUCT.
1834 335 2149 402 INCERTI
2191 338 2382 401 ANNI
2424 337 2524 402 ET
2568 336 2871 404 SCRIP’I‘.
2915 343 3141 395 ’AAEzn.

3705 336 3844 401 764

413 472 724 550 rhythmis.
753 471 934 548 quue
963 487 1032 533 ea
1047 471 1272 532 ratione
1293 474 1537 544 factum,
1557 472 1713 546 quod
1739 471 1800 530 in
1831 471 2063 530 Hebrai-
2093 479 2147 544 Α
2178 474 2290 530 Sed
2319 474 2473 547 quod
2503 473 2731 541 mirere,
2765 471 2859 528 vix
2889 471 3049 528 aliud
3081 470 3180 528 ille
3233 469 3294 527 in
3347 468 3606 528 concilio
3625 476 3841 529 nostra

414 583 480 624 co
510 582 772 624 scomma
797 563 944 622 illud
975 565 1207 621 duobus
1237 563 1543 622 versiculis
1574 563 1955 638 octosyllabis
1981 562 2065 619 ef-

415 655 602 713 fertur
628 655 739 713 hoc
769 656 942 712 modo
969 672 981 710 :

977 752 1099 804 acu
1128 753 1278 831 qua
1309 752 1512 884 £5578:

977 828 1078 884 cha
1103 827 1239 884 Saul
1267 827 1402 884 bala
1429 845 1462 884 a
1479 829 1512 884 ,i'

909 828 1078 886 Iccha
1103 827 1239 885 sani
1267 827 1462 884 balatu
1477 829 1568 899 ju,

1045 927 1162 978 ιω.
1199 926 1438 978 ιιιιεῑιε

899 1001 1154 1058 Vedavid
1188 1000 1584 1071 berivvodaju.

410 1101 600 1173 Atque
628 1099 724 1157 hic
754 1103 985 1158 mature
1008 1097 1650 1166 animadvertasvelim,
1685 1096 1744 1152 in
1776 1097 2067 1169 ejusmodi

409 1188 828 1247 versiculorum
859 1190 973 1246 fine
1003 1187 1260 1258 syllabas
1277 1204 1584 1257 consonus,
1609 1203 1757 1259 quas
1787 1188 1928 1242 rimc
1959 1187 2069 1242 Ita-

409 1279 520 1337 lice
550 1278 938 1353 appellamus.
974 1278 1222 1346 Casune,
1255 1294 1327 1332 an
1363 1281 1484 1332 arte
1534 1276 1775 1342 factum,
1803 1273 2070 1346 judicent

411 1368 531 1425 alii.
565 1368 646 1425 De
674 1367 768 1424 his
797 1367 1154 1424 infrasermo
1181 1365 1307 1422 erit.
1343 1365 1546 1437 Itaque
1563 1364 1729 1420 sicuti
1764 1363 2066 1420 cantilenae

411 1461 624 1514 nostrae
655 1456 832 1514 certis
863 1456 1111 1530 pedibus
1143 1454 1492 1512 constantia
1513 1453 1762 1526 singulis
1784 1453 2064 1525 strophis,

413 1550 479 1602 ut
509 1547 663 1603 idem
697 1547 776 1602 sit
807 1545 867 1602 in
899 1545 1172 1602 omnibus
1205 1543 1470 1600 musicus
1521 1546 1863 1614 concentus,
1897 1542 1979 1597 ita
2009 1547 2067 1598 et

411 1639 671 1692 veterum
702 1635 959 1708 rhythmi
982 1651 1334 1708 processere.
1369 1633 1653 1690 Eumdem
1685 1649 1818 1688 vero
1844 1648 2065 1687 morem

409 1723 704 1780 retinuere
761 1723 1074 1780 Christiani
1119 1722 1443 1779 barbaricis
1498 1721 1886 1794 temporibus,
1932 1737 2066 1776 cum

409 1812 665 1885 hymnos
714 1812 1182 1885 componebant;
1218 1812 1372 1883 quod
1422 1811 1597 1866 etiam
1629 1828 1659 1865 e
1690 1810 2064 1866 Becliorensi-

407 1902 522 1958 bus
555 1917 743 1975 nuper
769 1901 1108 1957 memoratis
1139 1899 1405 1972 liquebit.
1438 1899 1698 1972 Exempli
1742 1898 1929 1972 gratia
1952 1899 2060 1954 hos

408 1993 639 2047 tantum
661 2005 1076 2058 commemoro,
1111 2005 1296 2044 unum
1325 2005 1560 2045 versum
1601 1989 1659 2043 in
1691 1987 1840 2044 duos
1879 1987 2059 2044 versi-

408 2079 571 2137 culos
601 2077 866 2136 dividens
897 2094 910 2132 :

765 2169 826 2224 In
850 2167 1128 2239 prophetis
1155 2167 1422 2222 inveniris

761 2257 952 2314 Nostro
981 2259 1146 2312 natus
1174 2256 1395 2313 saeculo.

766 2345 903 2402 Ante
930 2346 1092 2400 secta
1121 2353 1180 2400 tu
1209 2345 1372 2416 fuisti

765 2435 959 2490 Factor
981 2434 1158 2507 primi
1184 2434 1392 2500 saeculi,
1427 2435 1515 2489 etc

753 2523 888 2580 Cum
907 2525 1063 2596 jubet
1079 2539 1276 2595 parvos
1304 2524 1512 2592 necari,

765 2614 943 2668 Turba
968 2613 1097 2684 fecit
1123 2620 1453 2683 martyrum.

766 2703 960 2757 Fertur
987 2701 1178 2773 infans
1207 2699 1551 2765 occulendus,

763 2789 880 2845 Nili
907 2792 1116 2860 ﬂumen
1143 2804 1245 2860 quo
1277 2789 1422 2858 ﬂuit.

407 2876 654 2935 Allatius
687 2894 922 2951 quoque
962 2876 1357 2950 praelaudatus
1403 2876 1816 2932 animadvertit
1846 2877 1904 2932 in
1937 2895 2060 2932 ver—

409 2967 576 3024 sibus
607 2967 938 3024 Graecorum
965 2967 1229 3039 policitis,
1261 2967 1323 3021 in
1352 2966 1568 3038 quibus,
1602 2970 1667 3020 ut
1697 2965 2058 3039 ipsescribit,

407 3056 658 3131 syllabas
715 3055 1027 3129 quindecim
1080 3072 1366 3127 nunquam
1423 3054 1728 3123 excedunt;
1762 3059 1811 3111 et
1861 3057 1912 3111 si
1941 3071 2066 3127 qua:

2181 563 2414 637 reperit,
2447 563 2560 620 nisi
2593 565 3005 636 argumentum
3036 561 3134 617 irae
3156 564 3333 634 atque
3362 577 3645 618 censuras.
3678 559 3842 628 Quid

2177 654 2363 709 amico
2394 653 2514 709 viro
2546 653 2638 708 hic
2671 652 2912 708 minime
2929 652 3240 725 probatum
3266 651 3466 719 fuerit,
3499 651 3714 723 quidve
3729 650 3840 707 ille

2177 743 2478 816 scripserit
2509 743 2566 798 in
2603 741 3035 809 Dissertatione,
3068 758 3247 814 quam
3277 741 3347 796 de
3376 739 3589 796 versib.
3624 741 3841 812 rhyth-

2177 832 2347 887 micis
2377 849 2530 887 anno
2568 833 2702 886 1727
2731 829 2940 894 edidit,
2971 829 3156 886 amice
3188 830 3459 886 referam.
3801 882 3804 883 ν

2251 921 2488 976 Moleste
2511 921 2621 976 fert
2643 919 2737 974 ille
2751 919 2939 992 primo
2970 918 3260 990 ejusmodi
3281 917 3588 991 rhythmos
3610 935 3645 973 a
3663 917 3840 974 nobis

2176 1008 2358 1065 fuisse
2373 1010 2512 1082 prod
2525 1010 2706 1076 uctos,
2723 1007 2925 1080 quales
2944 1007 3003 1063 in
3019 1024 3164 1063 mss.
3193 1006 3496 1064 codicibus
3508 1006 3834 1080 deprehen-

2177 1099 2394 1164 dimus,
2423 1098 2531 1154 hoc
2558 1101 2647 1152 est
2667 1097 2966 1152 erroribus
3004 1100 3312 1152 scatentes.
3350 1096 3567 1152 Deinde
3597 1113 3706 1152 nos
3738 1113 3832 1152 ar-

2178 1188 2304 1260 guit
2332 1187 2486 1258 quod
2519 1203 2636 1242 non
2666 1186 2935 1242 versibus
2985 1185 3300 1251 distinctis,
3353 1185 3457 1240 sed
3491 1184 3835 1241 continuata

2178 1276 2437 1332 oratione
2469 1276 2538 1331 ad
2573 1275 2761 1331 instar
2791 1291 2998 1347 prosze,
3023 1278 3248 1331 servato
3264 1274 3545 1329 duntaxat
3565 1274 3835 1346 stropha-

2178 1383 2308 1421 rum
2341 1365 2543 1420 ordine
2577 1369 2895 1435 utrumque
2929 1363 3270 1436 rhythmum
3308 1362 3464 1435 prelo
3508 1363 3837 1433 subjeceri-

2179 1455 2543 1525 mus:Sifatti
2555 1451 3126 1520 monumenti,scribit
3139 1449 3374 1519 ille,non
3387 1467 3557 1508 vanno
3567 1453 3840 1523 διαπαραιί

2176 1561 2326 1600 come
2351 1545 2400 1599 lc
2430 1544 2730 1611 iscriz-ioni,
2773 1559 2802 1597 ο
2849 1558 2995 1597 come
3023 1544 3046 1596 ι’
3075 1541 3255 1597 vecchi
3301 1541 3613 1610 stramenti,
3666 1555 3834 1596 sensa

2175 1638 2360 1689 mutor
2389 1634 2600 1701 Icttera,
2634 1632 2854 1688 essentia
2882 1633 2978 1686 che
3003 1632 3145 1687 altro
3174 1633 3202 1686 ἐ
3231 1631 3326 1685 un’
3357 1630 3630 1702 originale
3663 1629 3830 1684 d’an-

2178 1726 2283 1780 tico
2313 1725 2518 1786 notaio,
2551 1723 2681 1778 (love
2705 1723 2805 1792 piii
2838 1737 2954 1776 cose
2980 1722 3290 1792 insegnano
3321 1719 3493 1776 anche
3520 1719 3600 1789 gli
3631 1720 3832 1780 errori;

2177 1813 2240 1869 ed
2264 1814 2405 1868 altro
2435 1815 2463 1865 ὐ
2490 1811 2582 1865 un’
2637 1812 2852 1876 istoria,
2904 1825 2933 1865 ο
2967 1809 3396 1880 componimento
3434 1806 3832 1863 tramandatoci

2172 1901 2258 1957 da’
2289 1902 2504 1973 cupisti,
2538 1901 2560 1954 i
2607 1899 2760 1970 quali
2806 1899 2955 1953 dalla
3003 1901 3200 1964 mente,
3231 1913 3260 1952 e
3289 1897 3438 1953 datio
3465 1897 3650 1952 scritto
3696 1895 3821 1950 delt’

2171 1995 2362 2047 autore
2393 1989 2628 2045 abbiano
2681 1987 2893 2043 deviato
2939 1988 3340 2043 scioccamente.
3388 1987 3453 2042 In
3499 1992 3680 2056 questa
3707 2000 3827 2041 casa

2169 2083 2278 2152 egli
2306 2083 2334 2134 ἐ
2363 2079 2668 2134 necessario
2699 2093 2833 2132 usar
2862 2078 3091 2132 lucerna
3138 2075 3353 2140 critica,
3388 2090 3418 2130 e
3444 2089 3725 2130 canescere
3766 2073 3828 2130 ed

2172 2169 2483 2236 emendare,
2542 2183 2640 2222 ore
2693 2167 2934 2238 passiam
2969 2165 3116 2234 farlo
3161 2180 3260 2220 con
3316 2164 3614 2218 sicurezza.
3677 2163 3827 2219 Tum

2176 2256 2520 2330 rhythmum
2552 2273 2587 2310 a
2617 2253 2953 2310 Mabillonio
2979 2254 3205 2309 editum
3234 2268 3442 2308 rursus
3473 2251 3598 2323 ipse
3627 2251 3828 2318 exerit,

2175 2345 2442 2419 singulos
2473 2361 2680 2400 versus
2711 2343 3122 2415 distinguens;
3154 2345 3212 2397 et
3248 2357 3496 2409 errores,
3529 2355 3827 2412 quoscun-

2177 2452 2289 2508 que
2319 2438 2511 2506 potest
2543 2432 2804 2488 adhibita
2820 2429 3226 2488 emendatione
3242 2428 3412 2486 tollit.
3438 2429 3705 2486 Criticam
3723 2428 3833 2484 viri

2175 2522 2499 2579 doctissimi
2558 2522 2840 2577 lucernam
2893 2519 3086 2576 hercle
3116 2535 3222 2592 ego
3253 2522 3310 2575 et
3361 2519 3543 2591 probo
3589 2521 3649 2574 et
3677 2535 3836 2574 com-

2175 2612 2408 2681 mendo,
2442 2611 2599 2684 quod
2658 2616 2747 2666 est
2805 2609 2877 2665 ad
2920 2608 3295 2681 castigandos
3352 2607 3834 2679 defaecandosque

2174 2702 2410 2758 eosdem
2442 2699 2784 2772 rhythmos:
2819 2698 2922 2754 sed
2943 2714 3128 2778 nemo
3163 2695 3430 2752 fortassis
3460 2696 3570 2752 erit
3597 2695 3702 2766 qui
3725 2695 3832 2751 ho-

2174 2790 2320 2845 mini
2353 2789 2592 2861 plaudat
2645 2787 2992 2861 insurgenti,
3028 2803 3142 2842 non
3201 2786 3416 2853 dicam,
3464 2785 3521 2840 in
3571 2800 3669 2840 me
3698 2785 3834 2856 (hoc

2173 2879 2331 2936 enim
2365 2877 2510 2934 nihil
2543 2878 2738 2947 refert)
2765 2878 2864 2933 sed
2899 2877 2957 2931 in
2979 2873 3405 2944 Mabillonium,
3437 2877 3556 2930 tam
3585 2873 3735 2930 bene
3759 2875 3836 2931 de

2172 2969 2384 3024 litteris
2398 2971 2453 3023 et
2474 2968 2544 3022 de
2576 2963 3168 3039 republicalitteraria
3186 2963 3482 3031 meritum,
3507 2979 3572 3019 ac
3594 2978 3840 3020 summa

2172 3057 2544 3113 veneratione
2575 3055 2724 3127 apud
2756 3053 3238 3126 omnesdignum.
3259 3053 3405 3108 Cum
3439 3069 3509 3108 ex
3537 3067 3653 3106 uno
3675 3051 3837 3106 ami-

407 3148 560 3203 ultra
588 3145 860 3216 videntur,
889 3163 980 3202 eas
1030 3161 1132 3218 per
1178 3146 1500 3218 aphaeresin,
1559 3147 1673 3201 sive
1702 3146 2064 3217 synalarphen
2109 3217 2134 3219 _
2175 3147 2460 3219 quissimo
2493 3144 3120 3216 ms.aliquodveterum
3136 3146 3588 3212 monumentum
3613 3141 3838 3197 descri-

408 3236 693 3293 decurtant
719 3239 770 3291 et
800 3217 1111 3292 absumunt.
1157 3217 1433 3307 Ejusdem
1482 3243 1676 3290 autem
1721 3235 1891 3290 metri
1923 3237 2063 3290 sunt
2094 3217 2136 3284 C
2177 3217 2337 3292 bitur
2364 3239 2421 3292 et
2450 3233 2776 3307 evulgatur,
2793 3233 2900 3288 rite
2923 3247 3410 3304 sempermunere
3432 3247 3536 3286 suo
3561 3230 3836 3302 fungitur

407 3327 672 3382 Planctus
701 3324 1044 3396 rhythmicus
1098 3340 1276 3397 super
1305 3327 1490 3380 morte
1537 3323 1900 3380 Constantini
1934 3340 2064 3379 mo-

411 3413 582 3471 nachi
617 3413 996 3470 Luxoviensis
1041 3429 1076 3469 a
1115 3413 1332 3469 Gudino
1369 3414 1630 3468 monacho
1679 3412 2062 3485 compositus,

409 3505 467 3558 et
495 3499 782 3558 Adelmani
834 3501 1155 3556 Scholastici
1199 3500 1466 3572 Rhythmi
1520 3501 1852 3572 alphabetici
1881 3502 1950 3556 de
1980 3500 2063 3554 vi-

409 3589 491 3646 ris
522 3588 853 3646 illustribus
885 3589 977 3644 sui
1007 3588 1309 3661 temporis,
1331 3606 1480 3661 quos
1512 3588 1724 3644 szeculo
1754 3607 1811 3645 x1
1831 3605 2065 3660 compo-

408 3677 551 3734 sitos
579 3674 954 3733 Mabillonius
999 3675 1065 3731 V.
1100 3675 1172 3732 cl.
1221 3677 1373 3732 inter
1400 3679 1592 3732 vetera
1638 3676 1912 3733 Analecta
1939 3677 2066 3733 edi-

404 3765 510 3822 dit.
541 3764 686 3821 Vide
714 3764 930 3837 pariter
958 3765 1110 3820 inter
1139 3765 1335 3836 Opera
1362 3765 1550 3820 sancti
1582 3764 1835 3821 Fulberti
1869 3766 2068 3839 rhyth-

406 3871 556 3925 mos,
582 3854 848 3911 versibus
878 3853 1134 3910 minime
1164 3853 1459 3909 distinctis
1481 3854 1691 3910 editos.
1717 3854 1939 3910 Floruit
1970 3855 2066 3912 ille

409 3960 642 4018 quoque
671 3941 883 4001 saeculo
912 3961 990 3999 x1.
1052 3941 1316 4000 Similem
1350 3943 1523 3999 etiam
1549 3943 1889 4016 rhythmum
1916 3945 2062 4000 Lan-

408 4033 667 4108 dulphus
697 4032 891 4090 senior
911 4031 1227 4089 historicus
1244 4031 1694 4089 Mediolanensis
1727 4033 2009 4103 exhibuit,
2031 4051 2065 4088 a

411 4139 503 4180 me
532 4123 870 4196 evulgatum
901 4126 1061 4178 tomo
1095 4121 1167 4178 IV
1198 4121 1328 4178 Rer.
1361 4121 1609 4179 Italicar.
1646 4121 1789 4178 Mihi
1832 4123 1903 4178 de
1935 4122 2062 4195 ipso

405 4211 558 4268 infra
587 4229 780 4268 sermo
812 4216 1091 4267 recurret.
1147 4211 1412 4268 Alterum
1463 4227 1698 4282 quoque
1747 4209 1876 4266 vide
1905 4228 1940 4266 a
1969 4228 2062 4266 me

407 4300 623 4374 publici
645 4301 802 4371 juris
836 4300 1054 4354 factum
1090 4300 1148 4354 in
1181 4300 1296 4355 fine
1320 4299 1742 4372 Paralipomen.
1774 4299 2062 4372 Anonymi

405 4387 782 4454 Salernitani,
842 4392 990 4459 part.
1020 4402 1061 4443 ιι
1092 4387 1236 4442 tomi
1271 4389 1316 4443 Il
1376 4388 1506 4443 Rer.
1559 4387 1914 4443 Italicarum.
1950 4389 2057 4444 Sed

406 4492 585 4550 supra
613 4478 850 4531 caeteros
882 4474 1186 4548 rhythmos
1218 4475 1256 4529 ii
1289 4476 1554 4532 fortassis
1585 4477 1934 4545 aestimandi,
1969 4483 2058 4534 ut-

2177 3325 2384 3391 editor,
2419 3324 2466 3379 si
2500 3323 2786 3394 quidquid
2804 3322 2984 3377 codex
2999 3337 3111 3376 ms.
3146 3320 3344 3388 habet,
3372 3319 3621 3376 ﬁdeliter
3640 3319 3838 3391 expri-

2177 3415 2305 3480 mit,
2342 3411 2595 3485 exceptis
2627 3410 3014 3466 crassioribus
3069 3409 3420 3481 quibusdam
3453 3407 3834 3480 sphalmatis,

2177 3521 2304 3575 quae
2337 3502 2418 3558 uti
2453 3503 2512 3557 in
2542 3500 2806 3557 omnium
2852 3499 3050 3554 oculos
3108 3499 3437 3558 incurrunt.
3471 3497 3553 3554 ita
3595 3496 3835 3553 veniam

2177 3593 2319 3647 dant
2348 3591 2561 3659 cuncti,
2593 3595 2678 3657 ut,
2699 3606 2770 3645 ne
2799 3587 3022 3644 monito
3054 3587 3537 3660 quidemlectore,
3557 3585 3834 3642 auferan-

2175 3685 2289 3737 tur.
2323 3682 2636 3752 Nunquam
2651 3679 2924 3734 lectorem
2958 3677 3271 3744 fallo,dum
3304 3691 3409 3748 ego
3441 3692 3553 3732 non
3585 3673 3836 3731 fallarin

2175 3769 2556 3841 intelligenda
2576 3771 2843 3838 recteque
2862 3765 3156 3821 reddenda
3178 3763 3402 3837 antiqui
3420 3762 3579 3819 illius
3608 3763 3835 3820 codicis

2175 3859 2484 3930 scriptura.
2519 3857 2738 3914 Deinde
2767 3871 2900 3911 vero
2949 3854 3201 3911 liberum
3258 3854 3587 3925 cuicunque
3623 3851 3833 3909 critico

2173 3946 2375 4004 lectori
2406 3950 2513 4012 est,
2544 3945 2788 4001 iunuere
2819 3943 3088 4000 meliores
3117 3943 3393 3999 lectiones
3414 3941 3706 4014 castigare
3727 3941 3832 3997 de-

2174 4039 2430 4109 pravata,
2464 4032 2736 4104 supplere
2794 4049 2921 4104 qua:
2954 4033 3188 4087 desunt.
3244 4031 3367 4088 Imo
3426 4047 3596 4087 secus
3653 4044 3830 4102 agere

2172 4123 2564 4198 periculosum
2596 4121 2882 4189 videatur,
2916 4125 2974 4176 et
2993 4121 3429 4193 praecipuecum
3461 4120 3533 4176 de
3553 4118 3832 4174 carmini-

2171 4213 2281 4268 bus
2303 4216 2562 4268 veterum
2593 4211 2808 4281 agitur,
2841 4226 3090 4281 quorum
3123 4208 3346 4266 similes
3377 4207 3635 4280 rhythmi
3661 4212 3823 4264 sunt:

2170 4301 2485 4357 delicatum
2499 4300 2653 4357 enim
2670 4299 2980 4356 artificium
2994 4298 3230 4354 illorum
3246 4302 3549 4368 est,neque
3571 4295 3826 4352 nimium

2170 4391 2227 4446 in
2265 4391 2337 4445 iis
2369 4389 2727 4463 castigandis
2761 4389 3121 4455 audendum,
3155 4387 3267 4443 nisi
3300 4387 3371 4442 de
3401 4384 3630 4442 medela
3653 4384 3824 4441 adhi-

2169 4481 2291 4536 hita
2321 4479 2500 4536 lector
2530 4483 2855 4547 moneatur,
2890 4477 2981 4533 cui
3016 4476 3320 4533 meditanti
3339 4473 3586 4532 forsitan
3614 4472 3828 4530 melior

407 4568 544 4639 pote
576 4563 994 4636 antiquissimi,
1047 4567 1222 4635 atque
1270 4565 1342 4620 ad
1401 4564 1706 4621 historiam
1755 4565 2056 4638 perutiles,
2089 4585 2136 4650 D
2169 4569 2228 4624 in
2255 4574 2510 4626 montem
2544 4567 2738 4623 venire
2768 4567 2971 4639 possit.
3004 4566 3060 4620 Si
3094 4565 3256 4621 locus
3282 4565 3521 4621 futurus
3551 4567 3706 4620 esset
3729 4579 3824 4618 re-

408 4669 658 4727 quorum
677 4652 955 4726 primum,
977 4652 1214 4708 Veronzn
1242 4654 1508 4710 encomia
1538 4653 2056 4727 complexum,suis

404 4741 704 4800 Analectis
735 4741 1115 4799 Mabillonius
1162 4741 1316 4799 idem
1360 4743 1645 4815 adjunxit.
1703 4743 1960 4799 Alterum
1996 4745 2054 4799 in

405 4829 717 4890 Mediolani
748 4830 980 4888 laudem
1031 4831 1380 4888 fabricatum
1411 4831 1566 4888 edidi
1623 4847 1728 4905 ego
1760 4833 1819 4888 in
1849 4833 2051 4889 eadem

405 4925 558 4997 part.
594 4939 632 4978 ιι
659 4920 804 4978 tomi
837 4921 883 4976 ΙΙ
924 4920 1054 4976 Rer.
1113 4919 1363 4977 Italicar.
1424 4921 1679 4993 Uterque
1732 4919 2051 4977 Veronensi

403 5009 832 5086 rhythmopceio
853 5009 1108 5066 natalem
1126 5027 1300 5066 suum
1314 5010 1505 5078 debet,
1531 5013 1632 5064 aut
1660 5009 1868 5065 saltem
1882 5010 2054 5066 debet

402 5101 608 5171 vitam,
640 5115 759 5171 qua
789 5115 944 5154 nunc
975 5098 1214 5168 fruitur,
1249 5115 1381 5154 cum
1431 5115 1500 5154 ex
1528 5098 1827 5154 codicibus
1871 5099 2050 5154 Vero-

403 5187 688 5246 nensibus
719 5188 893 5244 ambo
923 5187 1252 5260 deprompti
1298 5204 1438 5242 cura
1486 5188 1721 5242 tandem
1765 5194 1964 5242 nostra
1994 5187 2051 5241 in

403 5277 592 5333 lucem
615 5276 978 5333 emerserint.
1001 5276 1068 5332 Et
1090 5292 1230 5332 sane
1258 5275 1367 5332 hoc
1398 5275 1687 5348 praecipue
1715 5274 1907 5341 titulo,
1931 5279 2051 5331 tam

407 5361 744 5426 Mabillonio
758 5382 933 5438 quam
958 5365 1104 5422 mihi
1122 5383 1256 5439 spes
1273 5365 1472 5420 futura
1499 5368 1642 5432 erat,
1675 5381 1782 5420 nos
1802 5365 2051 5437 gratiam

406 5451 656 5507 inituros
687 5451 1496 5512 clarissimivirimarcbionis
1527 5451 1817 5524 Scipionis
1840 5453 2050 5510 Matl'eii

405 5538 669 5605 Veronis,
721 5541 817 5612 qui
852 5548 978 5598 tum
1035 5545 1284 5617 patriam
1338 5559 1530 5609 suam,
1561 5545 1687 5598 tum
1750 5543 2051 5614 antiquam

406 5627 794 5690 eruditionem
843 5647 1078 5690 summa
1123 5649 1259 5692 cum
1289 5632 1463 5691 laude
1510 5629 1806 5691 illustrare
1842 5634 2050 5706 pergit.

2165 4657 2316 4731 gulae
2344 4674 2692 4730 quamnunc
2713 4656 2968 4728 primum
2995 4653 3264 4728 procudit
3278 4653 3505 4710 amicus
3527 4651 3820 4727 MatIeius,

2168 4747 2415 4803 miseros
2439 4747 2566 4817 jam
2599 4743 2892 4817 appellare
2924 4744 3124 4801 liceret
3146 4741 3382 4816 quosvis
3413 4742 3696 4809 eruditos,
3715 4742 3820 4813 qui

2165 4839 2546 4890 monumenta
2570 4837 2834 4888 veterum
2865 4833 3144 4900 tenebris,
3191 4835 3389 4888 nostro
3436 4829 3850 4904 potissimum‘

2163 4922 2395 4990 sacculo,
2412 4922 2776 4995 eripuerunt,
2795 4938 2984 4993 neque
3001 4921 3299 4978 lucernam
3317 4919 3580 4976 criticam
3607 4918 3674 4975 ad
3691 4918 3817 4974 sin-

2162 5011 2300 5085 gula
2329 5011 2740 5067 accenderunt.
2772 5011 2960 5082 Atque
2978 5026 3109 5066 mea
3133 5009 3190 5064 in
3223 5008 3432 5082 primis
3456 5006 3819 5080 deploranda

2162 5102 2395 5158 fortuna
2425 5099 2592 5163 foret,
2610 5099 2709 5170 qui
2739 5099 2797 5154 in
2816 5099 3030 5154 Rerum
3051 5098 3385 5154 Italicarum
3403 5095 3844 5154 Collectionem"

2162 5194 2244 5245 tot
2275 5187 2550 5244 historias
2582 5187 2753 5242 intuli
2789 5205 3087 5259 nunquam
3122 5191 3293 5244 antea
3340 5185 3550 5252 editas,
3595 5199 3817 5255 easque

2161 5277 2294 5334 dedi
2325 5277 2526 5349 quales
2552 5293 2583 5332 e
2615 5293 2758 5333 mss.
2792 5276 3007 5349 accepi,
3045 5275 3204 5333 vitiis
3249 5275 3519 5332 videlicet
3544 5277 3811 5330 veterum

2161 5365 2534 5422 librariorum
2566 5383 2716 5438 saepe
2729 5366 2992 5422 fcedatas.
3009 5366 3119 5422 Sed
3137 5365 3296 5422 aliud
3321 5368 3476 5422 certe
3495 5362 3706 5422 eruditi
3723 5379 3816 5418 or-

2159 5455 2250 5512 bis
2273 5455 2568 5527 judicium
2599 5453 3251 5524 erit.Mabillonio,mihi
3275 5454 3617 5525 caeterisque
3630 5466 3810 5508 auec—

2161 5547 2431 5602 dotorum
2445 5543 2767 5602 editoribus
2785 5561 2969 5600 unum
2986 5544 3332 5618 plerumque
3346 5541 3660 5600 consilium
3675 5540 3808 5609 fuit,

2163 5651 2230 5693 ac
2259 5635 2524 5692 futurum
2556 5638 2666 5706 est,
2688 5633 2972 5706 nempein
3003 5633 3392 5695 litteratorum
3428 5629 3807 5690 commodum
