3982 6172
97 359 224 426 ’165

1420 359 1785 424 RHYTHMI
1826 357 2210 424 VETERES.

3395 360 3514 426 766
3537 389 3543 394 ·

99 503 235 568 qua
265 491 526 551 latebant
554 490 613 550 in
647 487 924 551 mss.luce
951 492 1312 561 donare,non
1343 497 1539 551 autem
1569 494 1761 552 subsi-
1788 495 1845 564 Α
1873 496 1938 550 ut
1967 497 2033 550 ut
2051 490 2271 568 ingenii
2287 491 2557 552 acumine
2573 492 2890 568 quisquam
2911 492 3516 570 abundet,quam1au-

96 589 258 642 stere
281 585 354 641 ad
386 584 604 651 omnia,
635 583 1013 657 expendenda
1045 583 1424 641 meditatione
1453 584 1754 658 rigida,at-

95 689 214 747 que
245 674 644 747 expurganda,
670 677 944 746 suscepta
970 672 1148 730 veluti
1179 677 1449 730 anatome
1471 673 1760 746 exquisita

89 763 297 820 vitiosi
321 779 389 820 ac
409 762 729 819 inordinati
761 763 1151 836 corporis.Est
1178 763 1288 820 hoc
1309 763 1619 820 hominum
1643 780 1760 819 ma-

83 855 211 926 jori
242 853 360 910 otio
389 851 742 921 fruentium;
775 853 896 908 imo
941 853 1207 909 omnium
1247 870 1374 910 esse
1414 859 1626 926 potest,
1658 853 1758 925 qui

91 941 382 1000 beneﬁcio
412 958 517 1014 per
545 958 654 998 nos
697 941 888 998 delato
921 943 1006 997 uti
1059 942 1270 998 deinde
1309 941 1506 998 velint.
1543 945 1757 1010 Quam-

92 1033 303 1089 obrem
335 1049 604 1089 morosus
637 1031 807 1105 plane
835 1031 929 1099 sit,
965 1030 1065 1103 qui
1111 1031 1556 1088 celeberrimum
1588 1031 1758 1089 illum

91 1123 292 1178 virum
324 1137 536 1194 meque
565 1119 743 1176 simul
775 1120 1163 1194 increpandos
1190 1121 1301 1177 sibi
1334 1126 1552 1188 sumat,
1604 1124 1757 1195 quod

89 1209 638 1284 rhythmos,quales
672 1209 731 1266 in
753 1211 925 1266 unico
949 1209 1347 1267 vetustissimo
1368 1212 1565 1268 codice
1595 1212 1758 1268 inve-

94 1301 321 1368 nimus,
351 1300 622 1358 versibus
649 1301 826 1356 etiam
857 1299 1756 1373 indistinctis,quemadmodum

93 1405 306 1463 reapse
334 1389 469 1446 illos
497 1390 678 1446 codex
722 1389 1138 1462 suppeditavit,
1171 1389 1245 1446 ab
1291 1389 1533 1445 interitu
1584 1394 1761 1463 atque

91 1479 386 1536 oblivione
431 1477 932 1536 vindicaverimus
953 1479 1202 1546 ,etiamsi
1227 1495 1430 1536 omnes
1452 1480 1588 1535 inde
1609 1496 1762 1536 erro-

93 1584 191 1625 res
208 1585 317 1641 per
336 1584 445 1625 nos
463 1585 579 1625 non
605 1568 824 1624 fuerint
845 1567 1202 1624 sublati.Sed
1229 1569 1329 1640 qui
1349 1567 1762 1642 plura?Censo-

93 1672 225 1716 rem
255 1660 526 1714 nostrum
549 1658 618 1714 ad
629 1657 895 1729 judicem
918 1658 1250 1730 egregrium
1283 1657 1627 1731 sisto,cujus
1645 1659 1759 1714 cal-

96 1744 233 1801 culo
263 1746 556 1802 constabit
574 1761 752 1818 quam
767 1745 874 1801 levi
889 1745 1272 1802 fundamento
1303 1747 1525 1803 nitatur
1546 1747 1763 1804 novitia

97 1827 446 1906 hujusmodi
478 1834 810 1890 censura.ls
825 1838 1021 1891 autem
1037 1852 1153 1891 non
1167 1835 1317 1892 alius
1329 1840 1418 1894 est
1439 1853 1615 1908 quam
1630 1853 1758 1894 eru-

101 1921 574 1996 ditissimusipse
586 1923 980 1996 Maﬂeius,q‘ui
997 1925 1253 1996 primum
1269 1925 1441 1982 editis
1461 1925 1762 1983 Florentiae

102 2028 260 2068 anno
291 2011 454 2080 1721,
484 2011 840 2068 Cassiodorii
887 2012 1419 2084 Complexionibus,
1453 2015 1766 2087 epistolam

103 2117 279 2158 suam
304 2100 550 2167 addidit,
583 2104 756 2158 antea
784 2118 1020 2173 quoque
1049 2102 1380 2176 evulgatam
1412 2108 1532 2159 tom
1563 2104 1612 2158 V
1652 2105 1769 2160 Ita-

102 2189 197 2246 lia
259 2190 467 2259 Sacris,
496 2189 728 2246 Venetae
778 2189 1071 2258 editionis,
1127 2191 1187 2247 in
1248 2209 1365 2264 qua
1423 2192 1769 2265 rhythmum

103 2277 306 2353 ipsum
336 2281 409 2336 De
441 2279 695 2335 laudibus
730 2279 943 2336 Veronae
964 2297 999 2336 a
1029 2279 1367 2337 Mabillonio
1397 2282 1769 2350 editum,non

107 2366 312 2436 semel,
345 2370 446 2426 sed
476 2368 589 2435 bis,
620 2369 794 2425 aeneis
842 2367 998 2442 typis
1044 2369 1306 2439 tradidit,
1340 2374 1514 2442 atque
1560 2371 1772 2427 iisdem

108 2455 285 2531 plane
315 2457 504 2514 verbis
535 2474 663 2529 quas
713 2459 867 2530 apud
917 2457 1322 2514 Mabillonium
1374 2458 1670 2531 leguntur,
1715 2464 1772 2515 et

110 2544 276 2604 nulla
298 2546 448 2602 facta
472 2562 752 2603 versuum
783 2546 1178 2617 distinctione,
1196 2547 1474 2619 nullaque
1505 2549 1776 2604 adhibita

110 2635 319 2692 critica
345 2634 611 2702 lucerna;
666 2651 800 2691 cum
851 2639 1048 2691 tamen
1096 2635 1154 2691 in
1203 2637 1407 2692 eodem
1455 2637 1606 2693 libro
1653 2639 1778 2709 ipse

113 2725 460 2798 rhythmum
483 2723 872 2797 sepulcralem
921 2726 1158 2795 Paciﬁco
1202 2725 1589 2782 archidiacono
1621 2727 1774 2798 posi-

115 2818 338 2881 tum,ac
353 2814 620 2885 ejusdem
634 2813 806 2870 metri
819 2813 963 2868 mihi
979 2831 1212 2886 quoque
1223 2832 1428 2871 rursus
1447 2815 1598 2871 infra
1609 2816 1780 2871 eden-

121 2902 264 2959 dum
285 2903 346 2958 in
367 2902 476 2959 hoc
497 2917 692 2976 opere,
723 2903 1134 2959 dissertatione
1155 2903 1349 2971 XLIII,
1371 2905 1445 2960 De
1469 2905 1782 2959 litterarum

117 2995 286 3059 statu,
327 2991 611 3047 ordinatis
660 2992 926 3048 versibus
985 2991 1344 3063 protulisset.
1379 2995 1512 3059 Cur,
1547 2994 1777 3061 amabo,

126 3081 284 3153 quod
314 3080 427 3152 ipsi
455 3079 684 3137 Maﬁ'eio
715 3081 802 3137 fas
833 3096 898 3136 ac
927 3080 1291 3136 laudandum
1314 3097 1466 3136 anno
1498 3083 1630 3136 1721
1659 3098 1779 3137 cre-

123 3169 391 3237 debatur,
414 3173 551 3241 post
579 3185 678 3225 sex
707 3185 891 3225 annos
921 3169 1084 3225 nefas
1115 3173 1173 3224 et
1202 3168 1564 3241 culpandum
1587 3170 1779 3225 visum

1867 585 2000 641 dem
2033 585 2235 658 procul
2267 585 2444 641 dubio
2469 600 2723 658 agnosco
2735 589 2792 641 et
2805 601 2912 658 ego
2935 585 2996 641 in
3020 585 3348 644 clarissimo
3369 587 3515 644 Maf-

1869 674 2001 741 feio,
2036 677 2290 729 attamen
2320 673 2571 732 liberum
2603 690 2835 747 semper
2861 673 3062 731 lectori
3085 675 3378 745 judicium
3401 691 3518 733 ser-

1866 764 2124 819 vandum
2156 762 2283 830 erit,
2318 767 2383 818 ut
2412 751 2741 836 perspicere
2772 763 2960 835 possit
2988 768 3217 820 rectene
3246 782 3317 821 an
3345 782 3516 822 secus

1868 852 2106 909 criticus
2117 852 2206 907 vir
2222 851 2479 908 medicas
2503 869 2715 909 manus
2738 852 3002 908 intulerit
3029 853 3290 926 antiquis
3309 855 3522 911 codici-

1868 941 1978 998 bus
1998 944 2376 1013 veterumque
2403 940 3006 998 lucubrationibus.Et
3017 943 3270 1014 profecto
3292 945 3522 1015 quanti-

1868 1046 2098 1103 cunque
2131 1030 2252 1087 sint
2280 1029 2466 1085 critici
2499 1030 2558 1085 in
2589 1030 2974 1087 emendandis
2994 1033 3259 1087 veterum
3284 1031 3520 1099 libris,ii

1868 1138 1986 1178 non
2018 1137 2147 1177 raro
2178 1120 2348 1176 nobis
2378 1119 2693 1192 propinant
2723 1137 2837 1175 non
2873 1123 3177 1177 auctorum
3207 1122 3520 1192 verba,sed

1868 1210 2290 1270 meditamenta
2319 1225 2384 1264 ac
2415 1207 2802 1264 divinationes
2833 1226 2993 1275 suas,
3025 1226 3154 1281 quae
3185 1214 3382 1268 tamen
3425 1229 3522 1268 ve-

1868 1303 2019 1355 teres
2050 1313 2123 1354 ne
2150 1299 2522 1354 somniarunt
2551 1298 2810 1370 quidem.
2845 1299 2909 1355 In
2941 1298 3214 1372 rhythmo
3255 1299 3522 1357 Mabillo-

1869 1388 1948 1444 nii
1983 1406 2123 1443 cura
2153 1387 2306 1443 edito
2337 1388 2418 1442 ita
2444 1403 2506 1442 se
2538 1387 2791 1444 habebat
2819 1387 2914 1443 hic
2938 1405 3144 1445 versus
3177 1407 3189 1444 :

1939 1496 2020 1552 Ab
2051 1495 2269 1550 Oriente
2299 1494 2458 1550 habet
2484 1495 2732 1566 primum
2759 1498 3060 1567 martyrem
3091 1495 3450 1569 Stephanum.

1871 1603 1958 1660 Ita
1981 1601 2150 1658 illum
2183 1619 2213 1657 e
2245 1602 2580 1674 conjectura
2609 1619 2717 1658 sua
2746 1602 3004 1659 restituit
3030 1603 3318 1661 Maffeius.

1869 1692 1944 1746 Ab
1979 1692 2191 1747 Oriente
2222 1691 2384 1746 habes
2409 1692 2658 1762 primum
2681 1695 3140 1764 protomartyrem
3168 1693 3524 1765 Stephanum.

1870 1781 1929 1837 Si
1963 1779 2180 1836 auctori
2216 1778 2359 1834 illud
2390 1782 2637 1850 primum
2671 1780 2998 1835 adhibitum
3035 1780 3242 1838 fuisset
3280 1799 3395 1838 non
3426 1784 3528 1838 ad-

1791 1875 1839 1940 B
1867 1869 2178 1937 verbii,sed
2213 1868 2480 1940 adjectivi
2520 1867 2645 1924 loco
2677 1869 2857 1941 (quod
2890 1885 3031 1925 sane
3062 1870 3272 1926 merito
3302 1871 3529 1944 opinari

1877 1957 2299 2029 licet,alioquin
2333 1957 2383 2013 is
2409 1959 2591 2030 primo
2623 1975 2737 2013 non
2765 1959 3014 2030 primum
3055 1959 3343 2032 dixisset),
3374 1961 3528 2017 ride-

1879 2052 1967 2104 ret
1996 2046 2278 2119 ille,puto,
2305 2063 2462 2102 nunc
2491 2047 2696 2103 videns
2728 2047 2784 2101 in
2809 2047 3099 2118 ejusmodi
3121 2050 3531 2108 emendatione

1880 2154 1944 2195 se
1971 2141 2236 2194 coactum
2266 2135 2561 2209 appellare
2583 2137 2833 2208 primum
2851 2145 3154 2210 martyrem
3174 2155 3291 2194 non
3325 2140 3528 2209 semel,

1881 2229 1981 2284 sed
2015 2227 2105 2283 bis
2136 2225 2611 2298 Stephanum.Cur
2639 2242 2776 2299 ergo
2807 2243 2923 2282 non
2957 2226 3128 2283 liceat
3155 2230 3212 2284 et
3232 2228 3375 2286 mihi
3402 2245 3530 2286 ver-

1881 2332 2015 2372 sum
2065 2315 2231 2371 illum
2279 2315 2477 2370 leviori
2509 2314 2906 2372 additamento
2928 2315 3254 2386 restituere,
3290 2335 3357 2374 ac
3385 2319 3529 2375 scri-

1883 2405 2018 2461 bere
2031 2405 2059 2459 ‘l

1883 2513 1959 2567 Ab
1991 2512 2210 2568 Oriente
2237 2511 2400 2567 habes
2427 2514 2677 2584 primum
2698 2529 2828 2568 nam
2846 2517 3150 2586 martyrem
3176 2515 3528 2587 Stephanum.

1885 2619 2126 2684 Quando
2153 2618 2352 2674 luxata
2380 2635 2515 2674 ossa
2544 2621 2877 2692 reponenda
2905 2621 2999 2676 hic
3025 2621 3320 2690 suminus,
3345 2623 3534 2680 satius

1886 2712 1977 2763 est
2007 2725 2207 2763 curam
2248 2707 2534 2780 complere
2582 2726 2760 2780 quam
2813 2726 2964 2765 nova
3012 2709 3226 2767 inferre
3270 2711 3530 2768 vulnera.

1888 2796 2127 2852 Duobus
2157 2795 2313 2851 enim
2343 2796 2648 2853 versiculis
2678 2801 2949 2854 constant
2979 2798 3191 2854 horum
3231 2799 3533 2872 rhythmo-

1889 2902 2021 2940 rum
2053 2901 2276 2953 versus,
2301 2902 2549 2957 quorum
2582 2887 2810 2959 primus
2840 2886 3142 2957 octo,alter
3172 2893 3395 2962 septem
3419 2889 3533 2963 syl-

1889 2973 2040 3030 labis
2053 2974 3536 3049 expeditur,dummodolegibuscommunibusillius

1891 3063 2151 3135 rhythmi
2182 3067 2474 3134 pareatur.
2507 3064 2564 3119 Si
2598 3073 3054 3137 protomartyrem
3081 3067 3418 3139 Stephanum
3455 3067 3536 3124 le-

1891 3151 2269 3226 gimus,ultra
2298 3156 2484 3208 metas
2512 3157 2777 3208 excurret
2805 3153 3164 3226 syllabarum
3203 3171 3486 3212 numerus
3517 3171 3535 3212 :

119 3256 276 3313 fuit?
303 3258 386 3313 En
418 3240 483 3313 ut
503 3258 628 3314 suis
648 3257 774 3330 ipse
794 3257 975 3314 armis
997 3263 1200 3314 contra
1220 3273 1281 3314 se
1301 3240 1613 3332 pugnat.Si
1635 3259 1773 3330 quid

1889 3242 2112 3312 aequius
2144 3256 2279 3312 ergo
2318 3240 2660 3312 suppleatur
2706 3241 3013 3298 scribendo
3059 3259 3193 3298 nam
3239 3253 3548 3316 martyrem.

120 3363 260 3421 ergo
303 3347 490 3413 video,
522 3363 639 3402 non
688 3348 846 3418 quod
897 3346 993 3403 ille
1041 3348 1321 3404 adversus
1370 3347 1776 3404 Mabillonium

122 3451 337 3507 meque
365 3435 728 3508 excogitavit,
756 3436 858 3492 sed
889 3435 1000 3492 hoc
1031 3454 1216 3492 unum
1249 3454 1317 3492 ex
1357 3437 1516 3492 illius
1565 3454 1777 3508 nuper-

122 3524 268 3582 rime
314 3525 385 3580 ad
439 3524 673 3580 inventa
702 3525 991 3581 sententia
1030 3526 1310 3597 consequi
1373 3527 1778 3581 tantummodo

119 3617 344 3686 potest;
377 3612 618 3680 scilicet,
671 3613 989 3671 lectoribus
1050 3615 1327 3686 injectam
1383 3615 1777 3686 suspicionem

121 3702 326 3768 fuisse,
359 3717 605 3774 eamque
633 3702 730 3761 vix
781 3721 1045 3776 unquam
1076 3703 1409 3772 delendam,
1443 3704 1492 3758 si
1543 3704 1779 3774 quando

123 3791 348 3863 aliquid
381 3788 512 3846 novi
539 3807 608 3846 ex
635 3791 896 3864 antiquis
919 3791 1220 3848 codicibus
1243 3793 1368 3864 ipse
1394 3792 1779 3865 proferet,nos

124 3896 240 3936 non
275 3884 614 3951 accepturos
643 3879 789 3935 illud
813 3880 984 3952 quale
1015 3879 1075 3934 in
1118 3881 1477 3937 membranis
1500 3885 1643 3948 erat,
1679 3883 1780 3938 sed

122 3968 298 4041 quale
329 3969 575 4026 lucerna?
613 3970 829 4026 criticz
886 3969 1211 4025 doctissimi
1234 3970 1341 4025 viri
1372 3972 1560 4027 visum
1587 3971 1777 4040 fuerit;

124 4062 302 4131 atque
329 4058 473 4114 adeo
505 4063 692 4115 certos
724 4075 831 4114 nos
863 4059 923 4114 in
956 4063 1258 4131 posterum
1289 4077 1416 4116 esse
1448 4078 1560 4116 non
1585 4077 1778 4132 posse,

126 4146 330 4204 multis
361 4165 434 4204 ne
462 4148 522 4203 in
552 4147 695 4203 locis
743 4151 1005 4204 veterum
1043 4149 1219 4204 verba
1264 4166 1330 4204 ac
1380 4153 1658 4217 mentem,
1707 4166 1780 4204 an

126 4236 590 4306 Maffeii(veteres
619 4235 1128 4308 loquentes,prout
1149 4237 1272 4308 ipse
1296 4238 1506 4294 melius
1528 4240 1779 4307 censuit,

124 4326 482 4396 inducentis)
515 4341 692 4382 sensu
726 4326 1072 4382 habeamus.
1099 4327 1232 4389 Quae
1259 4342 1395 4399 ergo
1427 4327 1511 4381 illi
1546 4329 1691 4385 ﬁdes
1723 4329 1780 4384 in

124 4420 430 4488 posterum
461 4413 770 4471 habenda?

193 4504 312 4560 Has
343 4518 451 4575 ego
480 4503 774 4576 legitimas
804 4519 1094 4576 germanae
1125 4503 1336 4560 criticis
1369 4503 1602 4576 regulas
1632 4521 1777 4560 reor.

123 4592 361 4648 Scilicet
376 4592 437 4648 in
456 4595 722 4649 veterum
755 4593 1155 4649 monumentis
1178 4593 1435 4666 primum
1458 4593 1787 4661 edendis,et
1814 4609 1860 4674 D

123 4680 421 4754 praecipue
441 4680 489 4736 si
507 4698 577 4738 ex
593 4681 791 4754 aliquo
823 4681 1107 4754 singulari
1131 4681 1544 4753 antiquissimo
1569 4681 1787 4737 ms.illa

123 4772 568 4843 depromantur,
599 4787 785 4843 eoque
813 4771 1004 4844 magis
1054 4771 1103 4827 si
1153 4772 1419 4827 carmina.
1448 4773 1606 4837 sunt,
1641 4769 1782 4826 nihil

124 4872 280 4933 Opus
317 4875 445 4915 esse
500 4859 800 4916 discedere
853 4878 887 4915 a
933 4860 1176 4916 lectione
1224 4859 1480 4915 codicis:
1512 4859 1628 4915 imo
1661 4875 1783 4915 rem

125 4951 462 5022 poscere,ut
491 4953 782 5021 quantum
813 4950 938 5005 fieri
970 4949 1178 5020 possit,
1210 4949 1413 5004 eadem
1447 4948 1617 5005 lectio
1649 4949 1784 5005 reti-

123 5041 358 5103 neatur,
390 5036 644 5095 exclusis
673 5041 903 5094 tantum
935 5037 1321 5112 apertissimis
1352 5038 1575 5094 librarii
1621 5055 1783 5094 men-

125 5126 248 5194 dis,
277 5142 406 5198 qua;
437 5129 636 5182 tamen
669 5127 1033 5200 distinguere
1080 5126 1345 5182 omnium
1399 5133 1507 5183 est.
1543 5128 1601 5183 Si
1645 5127 1784 5199 quid

124 5228 261 5271 vero
323 5215 562 5288 gravius
611 5217 821 5272 editori
871 5217 1205 5281 immutare,
1257 5215 1470 5280 delere,
1513 5216 1785 5288 supplere

126 5303 368 5359 animus
426 5309 535 5372 est,
591 5305 651 5361 id
695 5303 1030 5361 clanculum
1093 5306 1302 5372 facere,
1352 5305 1786 5377 lectoribusque

125 5391 377 5446 minime
405 5393 682 5461 consciis,
715 5409 1089 5467 nequaquam
1116 5392 1270 5449 licet.
1301 5393 1500 5466 Neque
1532 5394 1688 5450 enim
1711 5395 1784 5450 ad

127 5480 424 5550 ejusmodi
451 5479 752 5539 licentiam
783 5482 1173 5554 purgandam,
1209 5481 1350 5537 satis
1389 5487 1544 5538 esset
1572 5483 1782 5540 dicere.

128 5567 527 5627 Felicissimas
558 5573 1403 5644 conjecturas,opportunaque
1434 5573 1692 5628 remedia
1712 5573 1784 5629 ad

129 5659 396 5716 mentem
428 5663 759 5732 auctorum,
789 5665 846 5718 et
875 5661 946 5718 ad
979 5659 1150 5718 metri
1177 5659 1334 5733 leges
1365 5661 1785 5719 adhibui.Nam

1889 3330 2243 3401 Stephanum.
2277 3329 2388 3384 Sed
2421 3328 2560 3399 quid
2593 3328 2689 3384 hic
2718 3329 2850 3385 aio?
2875 3330 3262 3386 Caecutiamus
3300 3347 3539 3389 necesse

1887 3423 1976 3474 est
2006 3419 2062 3472 in
2079 3418 2514 3474 barbaricorum
2528 3421 2860 3490 temporum
2876 3419 3110 3490 scriptis
3131 3419 3534 3488 emendandis,

1887 3524 1954 3563 ac
1985 3523 2099 3562 non
2132 3522 2262 3561 raro
2295 3505 2583 3573 fallemur,
2617 3506 2846 3578 quoties
2877 3506 3250 3565 librariorum
3299 3509 3536 3565 incuriae

1888 3613 1954 3652 ac
1983 3595 2322 3668 ignorantiae
2352 3595 2683 3652 tribuemus
2730 3596 2870 3652 vitia
2917 3613 3044 3668 quae
3094 3596 3240 3670 ipsis
3285 3598 3538 3656 indoctis

1889 3685 2226 3741 auctoribus
2257 3689 2394 3741 sunt
2418 3685 2748 3741 tribuenda.
2781 3685 2946 3742 Metri
2975 3685 3152 3759 leges,
3181 3686 3291 3744 hoc
3311 3691 3402 3744 est
3422 3687 3536 3761 syl-

1888 3773 2154 3830 labarum
2187 3791 2520 3841 numerum,
2561 3775 2619 3829 in
2668 3775 2934 3832 versibus
2981 3775 3144 3832 hisce
3191 3777 3540 3848 rhythmicis

1891 3862 2186 3935 neglectas
2215 3863 2680 3930 cernimus.Quis
2710 3869 2900 3922 certos
2922 3882 3028 3920 nos
3053 3865 3192 3922 facit
3220 3867 3539 3939 deliquisse

1887 3951 2193 4006 librarium
2226 3953 2423 4022 potius
2449 3969 2628 4023 quam
2653 3970 2853 4008 eorum
2880 3955 3220 4010 auctorem?
3248 3955 3455 4027 Aspice
3475 3955 3540 4012 il-

1888 4040 1962 4096 lic
1994 4040 2138 4096 alios
2167 4055 2372 4094 versus
2402 4057 2670 4096 enormes
2705 4060 2718 4096 :

1889 4135 2292 4185 Pra’cursorem
2321 4129 2626 4201 Baptistam
2669 4131 2935 4184 Joannem
2985 4135 3036 4185 et
3084 4139 3387 4202 martyrem
3431 4133 3538 4188 Na-

3230 4236 3463 4274 mnum.

1891 4311 2218 4375 Mammam,
2251 4306 2632 4363 Andronicum
2661 4315 2710 4362 et
2741 4307 2978 4362 Probum
3025 4325 3150 4364 cum
3177 4220 3542 4381 thadraginta

3090 4398 3468 4472 [martyribus.

1894 4485 2238 4556 Temporibus
2303 4489 2644 4559 principum,
2703 4503 2894 4557 regum
2951 4487 3212 4544 desiderii
3267 4493 3318 4545 et
3381 4489 3539 4547 Adel-

3311 4577 3466 4650 [chis.

1894 4661 2138 4714 Caeteros
2170 4660 2669 4719 omitto.Similem
2701 4663 2988 4722 habemus
3017 4664 3077 4719 in
3110 4665 3404 4738 epitaphio
3435 4667 3541 4723 Pa-

1895 4746 2043 4802 cifici
2075 4747 2650 4821 archidiaconi,quod
2681 4755 2875 4808 tamen
2907 4771 2975 4809 ex
3007 4770 3299 4809 marmore
3317 4771 3544 4826 expres-

1896 4836 1973 4892 sit
2003 4836 2155 4892 idem
2193 4837 2452 4893 marchio
2484 4837 2788 4895 Maﬂ‘eius:

1991 4935 2229 5007 Septimo
2255 4935 2506 4990 vicesimo
2534 4939 2720 4992 aetatis
2747 4953 2892 4993 anno
2919 4938 3153 4995 Cwsaris
3185 4939 3452 4994 Lotharii.

1894 5033 2280 5090 Scribcndum
2313 5036 2509 5089 autem
2545 5040 2742 5090 monet
2783 5035 3148 5092 clarissimus
3178 5036 3442 5093 marchio
3481 5036 3540 5092 in

1894 5121 2231 5178 Mabillonio
2262 5121 2634 5194 Adelchiis[an
2663 5122 2876 5181 melius
2904 5123 3286 5193 Adelchii?]ut
3317 5129 3374 5182 et
3402 5123 3540 5181 alibi

1895 5214 2259 5284 Baptz’smium
2287 5217 2343 5268 ct
2373 5215 2684 5279 Ravennia;
2709 5213 3004 5287 dactylum
3035 5211 3212 5279 enim,
3230 5218 3331 5269 aut
3357 5213 3541 5271 Creti-

1896 5319 2052 5370 cum,
2115 5306 2218 5357 aut
2275 5308 2635 5376 anapaestum
2688 5303 2745 5358 in
2796 5305 2910 5361 fine
2959 5303 3202 5376 exigunt
3248 5302 3306 5358 id
3354 5319 3542 5377 genus

1895 5391 2172 5465 rhythmi.
2208 5390 2293 5448 Ita
2324 5409 2483 5448 sane.
2515 5391 2624 5447 Sed
2656 5391 2846 5448 adhuc
2872 5393 3156 5450 incertum
3188 5396 3274 5448 est
3311 5409 3385 5450 an
3416 5393 3542 5449 vul-

1893 5496 2062 5554 gares
2094 5498 2296 5537 eorum
2320 5485 2650 5554 temporum
2684 5480 3093 5554 rhythmopceii
3123 5485 3245 5539 tam
3275 5482 3544 5556 religiose

1893 5569 2052 5626 hisce
2084 5569 2310 5643 legibus
2361 5571 2683 5644 constringi
2732 5587 2794 5628 se
2840 5571 3114 5629 sinerent.
3147 5571 3295 5638 Quid
3323 5573 3541 5629 factum

1901 5659 2077 5717 fuerit
2109 5661 2166 5716 in
2199 5659 2558 5733 syllabarum
2589 5661 2991 5721 observatione
3034 5678 3220 5735 nuper
3263 5661 3540 5720 vidimus.
