3984 6166
492 410 612 482 ⁸167

1246 410 1437 506 sne.
1482 410 1565 507 xi
1606 410 1835 503 mer.
1880 412 2201 519 mercari
2241 362 2433 479 ANNI
2475 416 2577 480 ET
2619 415 2918 481 sempr.
2944 422 3168 477 'AAEsn.

3793 420 3913 483 768

491 552 778 629 Vopiscus
807 549 985 610 etiam
1014 547 1075 607 in
1104 545 1412 607 Aureliano
1440 544 1757 603 militarem
1789 544 2132 618 rhythmum
2158 549 2216 620 Α
2292 550 2509 608 .Unum
2538 552 2946 609 tantummodo
2994 551 3291 624 adjiciam,
3351 565 3566 627 nempe
3623 553 3759 629 cogi
3808 571 3915 613 nos

491 644 688 715 refert,
718 642 881 700 hisce
908 639 1101 698 verbis
1129 640 1472 710 conceptum
1508 653 1522 691 :

489 781 656 847 Mille,
685 776 860 845 mille,
891 775 1046 830 mille
1071 773 1249 842 mille,
1280 770 1435 827 mille
1462 771 1869 827 decollavimus.

491 872 638 928 Unus
664 868 822 924 homo
851 864 1029 929 mille,
1058 863 1233 929 mille,
1262 857 1423 917 mille
1448 856 1853 916 decollavimus;

484 957 651 1023 Mille,
681 955 858 1023 mille,
890 952 1048 1008 mille
1075 953 1245 1019 vivat,
1277 952 1375 1023 qui
1402 950 1555 1005 mille
1580 950 1799 1005 occidit.

490 1049 719 1105 Tantum
747 1044 866 1101 vini
893 1043 1051 1098 habet
1073 1040 1136 1114 [f.
1171 1038 1328 1111 bibit]
1350 1055 1531 1106 nemo,
1544 1046 1810 1111 quantum
1836 1034 1984 1110 fudit
2008 1055 2140 1094 san-

1832 1129 2064 1199 [guinis.

480 1271 567 1328 Ita
591 1266 933 1327 scribendos
963 1281 1062 1322 eos
1091 1279 1296 1319 versus
1327 1265 1526 1336 puto,e
1557 1261 1774 1336 quibus
1804 1261 2034 1329 tertius,
2054 1262 2141 1318 uti

436 1359 730 1424 .videtur,
776 1358 981 1417 contra
1025 1352 1186 1426 leges
1233 1351 1528 1409 clauditur
1572 1352 1747 1408 verbo
1806 1351 2018 1408 occidit.
2071 1352 2143 1406 At

478 1445 803 1507 hexametri
833 1460 1067 1518 quoque
1088 1442 1383 1499 interdum
1412 1458 1529 1497 non
1556 1440 1815 1514 dactylo,
1840 1441 1941 1497 sed
1972 1456 2143 1513 spen-

480 1539 603 1595 duo
632 1535 994 1593 clauduntur
1023 1532 1179 1605 apud
1212 1530 1483 1588 meliores
1516 1535 1739 1603 poetas.

548 1626 711 1693 Quod
732 1627 822 1699 est
846 1623 920 1680 ad
950 1622 1295 1696 rhythmum
1342 1622 1419 1677 De
1459 1620 1717 1677 laudibus
1768 1620 2070 1699 Mediolani
2111 1637 2146 1676 a

478 1732 574 1774 me
596 1698 846 1779 editum,
878 1711 1261 1768 doctissimus
1313 1726 1522 1768 censor
1568 1708 1948 1782 conqueritur
1987 1709 2143 1781 quod

477 1821 654 1883 prave
685 1800 1017 1875 descriptus
1048 1800 1231 1856 fuerit
1259 1815 1329 1856 ex
1357 1802 1691 1872 pervetusto
1738 1798 1936 1855 codice
1964 1798 2142 1854 Vere-

476 1892 648 1951 nensi
675 1910 688 1949 :
722 1891 943 1964 quibus
963 1888 1166 1946 verbis
1194 1888 1369 1946 tacite
1399 1887 1757 1961 imperitiam
1776 1886 2030 1959 ebjicere
2058 1887 2142 1943 vi'

473 1984 645 2041 detur
669 1978 1012 2038 doctissimo
1064 1978 1188 2034 viro
1242 1976 1660 2035 Bartholomceo
1704 1976 2137 2060 Campagnelae,

473 2070 713 2145 capituli
744 2067 1161 2127 canonicorum
1191 2067 1622 2124 Veronensium
1669 2065 2040 2133 cancellarie,
2082 2073 2141 2125 et

472 2178 630 2220 nunc
661 2160 722 2217 in
747 2159 953 2217 eadem
983 2158 1129 2214 urbe
1159 2156 1664 2231 archipresbytero
1713 2154 1970 2212 ecclesiae
1999 2171 2137 2211 san-

471 2255 576 2310 etae
604 2249 907 2317 Caeciliam
935 2264 1053 2320 quo
1083 2245 1437 2321 opusculum
1471 2245 1835 2318 descriptum
1867 2248 2042 2316 atque
2061 2243 2134 2301 ad

469 2355 564 2397 me
593 2339 846 2397 missum
877 2336 1007 2394 fuit.
1040 2336 1154 2393 Sed
1183 2334 1399 2392 mirum
1431 2336 1587 2407 quod
1618 2334 1723 2402 vir,
1758 2333 1985 2407 alioqui
2008 2349 2135 2406 per.

464 2429 874 2504 spiaeissimus
905 2442 1021 2483 non
1054 2429 1190 2482 ante
1220 2441 1420 2482 secum
1464 2423 1820 2497 reputaverit
1882 2440 1956 2480 an
1993 2439 2133 2495 prae-

468 2517 665 2592 cipitis
702 2516 927 2589 judicis
992 2518 1194 2572 notam
1250 2514 1550 2571 incurrere
1608 2516 1829 2584 posset,
1892 2513 2129 2585 quando

467 2607 666 2666 codice
695 2605 1063 2663 ms.minime
1092 2604 1355 2675 inspecto
1395 2602 1508 2658 sibi
1523 2602 1596 2659 de
1613 2617 1675 2657 re
1690 2601 1894 2673 ignota
1938 2601 2128 2658 feren-

468 2696 612 2759 dum
641 2699 768 2753 erat
789 2690 1293 2767 judicium.Atqui
1323 2689 1621 2746 erroribus
1644 2689 1908 2746 abundat
1930 2689 2129 2763 rhyth-

467 2799 625 2842 mus.
658 2784 783 2840 Non
814 2782 1043 2838 abnuo:
1067 2781 1169 2837 sed
1202 2779 1343 2853 quid
1371 2779 1508 2834 inde
1536 2779 1688 2851 apud
1717 2782 1955 2835 cautum
1968 2780 2128 2851 judi-

466 2888 594 2931 cem
624 2869 1044 2944 consequitur?
1073 2869 1199 2926 Non
1223 2867 1452 2925 minora
1468 2868 1609 2924 vitia
1630 2868 1690 2924 in
1707 2867 2123 2925 Mabilloniane

466 2960 742 3035 rhythmo
773 2963 1111 3027 occurrunt,
1146 2956 1669 3030 incomparabilem
1688 2961 1883 3015 tamen
1930 2959 2122 3015 virum

464 3054 621 3109 certe
649 3066 824 3107 nemo
855 3047 1310 3123 neget,antiquai
1331 3046 1634 3120 scripturae
1668 3046 2116 3120 peritissimum.

461 3142 557 3210 At,
588 3139 805 3214 regerit
832 3137 1119 3207 Mali‘eius,
1145 3138 1607 3211 paucissimorum
1632 3153 1782 3192 nunc
1800 3145 1879 3193 est
1909 3138 2119 3194 intelli-

461 3245 590 3301 gere
616 3233 865 3286 veterum
891 3229 1250 3297 characteres,
1283 3243 1432 3299 quos
1452 3225 1551 3283 ille
1577 3229 1759 3283 antica
1783 3228 1991 3283 cersivo
2019 3243 2122 3299 ap-

462 3298 663 3393 pellat.
694 3318 809 3378 Sed
837 3317 980 3391 quid
1025 3316 1077 3373 si
1124 3316 1281 3373 inter
1302 3298 1492 3373 hosce
1533 3315 1925 3389 paucissimos
1952 3298 2119 3372 locus
2147 3298 2191 3368 C

460 3407 871 3482 Campagnolm
898 3406 1014 3480 ipsi
1047 3406 1356 3480 negandus
1386 3421 1503 3462 non
1532 3405 2009 3463 esset?Liberum
2029 3409 2121 3462 est

463 3515 643 3567 nunc,
675 3502 744 3554 ut
772 3501 936 3571 puto,
968 3495 1196 3554 Maﬂ'eie
1228 3494 1341 3567 ipsi
1371 3496 1553 3567 (quod
1583 3494 1724 3553 olim
1765 3512 1882 3552 non
1932 3494 2121 3569 licuit)

465 3587 577 3645 sub
623 3585 824 3643 oculos
869 3584 1085 3641 habere
1136 3583 1411 3641 eumdem
1458 3583 1740 3654 codicem,
1790 3600 1909 3656 qua
1953 3587 2119 3656 parte

463 3673 808 3748 rhythmum
828 3690 864 3728 a
883 3688 977 3729 me
1006 3672 1233 3729 editum
1261 3670 1847 3744 eomplectitur.Tum
1867 3671 2121 3744 pruden-

466 3760 882 3835 tiusjudicabit
892 3760 1278 3817 tribuendane
1289 3760 1408 3818 sint
1420 3760 1836 3833 antiquissimo
1854 3760 2113 3831 librario,

463 3867 537 3909 ne
566 3850 760 3909 dicam
790 3849 1051 3924 rhythmi
1099 3848 1287 3923 ipsius
1334 3849 1576 3918 auctori,
1609 3866 1683 3905 an
1733 3848 2117 3907 solertissime

352 3965 357 3971 ο
460 3939 1024 4015 Campagnolaa,quae
1046 3941 1150 3997 aut
1167 3941 1571 4013 eerrupta,aut
1590 3938 1841 3996 obscura
1858 3939 1919 3996 in
1940 3938 2119 3997 hocce

461 4029 736 4104 rhythmo
765 4029 960 4087 adhuc
983 4027 1607 4103 deprehenduntur.Et
1635 4044 1741 4102 ego
1773 4028 2116 4102 rhythmum

460 4120 735 4179 eumdem
747 4118 1117 4177 exactissime
1129 4118 1935 4193 describendum,iisdemque
1944 4118 2117 4193 plane

460 4209 865 4267 characterum
896 4208 1103 4265 formis
1132 4224 1202 4264 ex
1245 4225 1358 4264 ms.
1391 4207 1837 4280 exprimendum
1895 4209 2113 4277 curavi,

460 4297 545 4354 ita
570 4300 639 4353 ut
665 4295 920 4370 propriis
947 4295 1126 4353 veluti
1147 4296 1334 4353 oculis
1355 4295 1616 4352 codicem
1636 4295 1835 4368 ipsum
1856 4297 2119 4370 inspexe-

460 4384 574 4442 rim
607 4401 621 4441 :
654 4400 722 4441 ac
750 4400 932 4441 manu
963 4385 1127 4456 tetigi
1161 4383 1309 4440 nihil
1340 4384 1413 4440 ab
1444 4384 1710 4455 ejusdem
1756 4384 1973 4441 codicis
2004 4386 2116 4443 ﬁde

460 4474 827 4544 discrepasse
856 4471 1193 4544 exemplum
1223 4472 1365 4529 olim
1386 4473 1459 4529 ad
1478 4488 1570 4529 me
1586 4472 1839 4529 missum
1859 4475 1932 4530 ab
1953 4491 2117 4535 accu-

462 4560 761 4618 ratissime
790 4560 920 4634 ipso
953 4561 1680 4635 Campagnela.Quidquid
1709 4562 1770 4619 in
1802 4564 2054 4622 editione
2082 4583 2119 4621 a

464 4666 558 4707 me
567 4650 723 4707 facta
736 4650 986 4708 dissidet
997 4649 1649 4720 aeodice,immutatum
1669 4654 2118 4714 emendatumve

461 4756 498 4798 a
526 4756 620 4799 me
647 4756 766 4797 uno
798 4739 929 4797 fuit.
955 4739 1301 4814 Indulgetur
1327 4740 1485 4797 enim
1515 4741 1596 4812 (id
1627 4746 2027 4816 repeto,atque
2055 4745 2115 4801 id

460 4829 638 4887 etiam
670 4828 935 4903 praecipit
963 4828 1330 4887 clarissimus
1361 4829 2007 4904 Maﬂ'eius)describenti
2027 4848 2120 4891 ve-

458 4922 653 4977 terum
684 4922 1073 4977 monumenta
1101 4934 1134 4976 e
1163 4918 1466 4976 codicibus
1503 4922 1780 4992 (quorum
1829 4921 2002 4994 pauci
2045 4920 2117 4977 li-

456 5008 790 5068 brariorum
822 5009 1120 5066 erroribus
1169 5011 1390 5082 carent)
1422 5009 1681 5082 patentia
1730 5009 1868 5066 inde
1914 5010 2118 5069 tollere

457 5100 695 5167 menda,
726 5114 797 5157 ea
824 5102 1021 5156 tamen
1054 5102 1308 5169 tantum,
1341 5116 1473 5171 quae
1497 5103 1654 5155 recte
1683 5098 1969 5173 conjicere
1987 5118 2117 5174 pes-

458 5204 670 5247 sumus
698 5205 768 5245 ex
797 5187 1250 5246 amanuensium
1278 5188 1593 5245 oscitantia
1622 5189 2114 5261 processisse.Re-

456 5275 691 5349 liquum
713 5292 821 5351 ego
836 5276 1319 5351 dimisi,ingentis
1340 5276 1532 5349 eperis
1555 5276 1707 5334 mele
1723 5279 1795 5334 ad
1817 5278 1932 5336 alia
1953 5280 2115 5337 solli-

459 5362 675 5421 citatus
704 5368 881 5438 atque
913 5366 1196 5425 intentus.
1228 5366 1427 5440 Neque
1455 5382 1590 5424 vero
1632 5367 1858 5439 majora
1900 5369 2115 5427 audere

461 5452 550 5509 fas
580 5454 883 5525 putassem
903 5454 1108 5512 insciis
1126 5454 1634 5514 lectoribus.Nunc
1649 5457 1827 5514 etiam
1844 5456 2111 5516 animad-

458 5543 620 5598 verto
641 5538 789 5596 nihil
815 5558 963 5615 epus
984 5544 1167 5602 fuisse
1187 5544 1442 5602 scribere
1463 5550 1675 5620 quaestu
1690 5564 1796 5621 pro
1815 5557 2111 5624 quastum;

460 5629 564 5687 sed
594 5627 751 5685 ultra
774 5647 890 5687 non
918 5633 1345 5703 vacat,levibus
1374 5635 1537 5695 hisce
1565 5639 1979 5699 controversiis
2004 5657 2111 5699 seu

459 5717 625 5782 tricis
654 5717 946 5779 insistam.

2249 641 2481 697 credere
2491 641 2749 697 amicum
2763 640 3060 699 Maﬂ‘eium
3074 640 3297 716 ingenti
3306 641 3611 716 prurigine
3630 645 3914 702 censoria

2246 729 2420 803 virgae
2451 729 2956 799 adhibendae,cum
2976 730 3098 797 haec
3118 730 3677 807 scripsit,agitatum
3701 734 3915 793 fuisse.

2249 818 2446 891 Neque
2475 818 2633 875 enim
2662 819 2824 875 hisce
2855 823 3252 890 contentus,et
3274 824 3444 879 extra
3474 822 3757 885 semitam
3787 842 3917 898 pre-

2132 946 2135 951 .
2250 907 2693 979 reptus,invasit
2707 909 2883 965 etiam
2897 908 3217 966 frustulum
3238 910 3381 966 Vitae
3405 911 3596 971 sancti
3615 912 3915 970 Geminia-

2249 995 2309 1051 ni
2331 996 2585 1069 episcopi
2609 996 3163 1072 Mutinensis,quam
3186 1015 3255 1056 ex
3272 999 3452 1057 altero
3472 1000 3809 1060 Veronensi
3829 1020 3914 1061 co-

2250 1085 2377 1143 dice
2391 1090 2720 1160 excerptam
2742 1087 2960 1160 protuli
2982 1089 3041 1144 in
3065 1089 3269 1146 eadem
3295 1094 3459 1163 parte
3484 1107 3525 1148 n
3540 1091 3759 1149 tomiII
3778 1092 3909 1148 Rer.

2250 1175 2744 1248 Italicarum,ejus
2775 1181 3073 1241 auctorem
3104 1177 3677 1246 arbitratus,circite'r
3697 1198 3907 1237 annum

2253 1262 2458 1320 Christi
2484 1263 2589 1318 910
2620 1263 2903 1322 ﬂoruisse.
2942 1265 3085 1322 Mihi
3115 1266 3370 1340 profecto
3402 1268 3454 1323 si
3484 1269 3689 1326 eadem
3722 1268 3902 1325 libido

2252 1351 2723 1426 insideret,sique
2753 1370 2860 1426 par
2888 1354 3014 1428 pari
3046 1356 3288 1413 reddere
3319 1356 3549 1414 animus
3580 1358 3758 1429 foret,
3793 1375 3903 1414 non

2252 1442 2542 1513 deessent,
2575 1458 2700 1514 quae
2730 1441 2791 1499 in
2822 1443 3082 1501 censoris
3114 1444 3438 1501 doctissimi
3468 1445 3633 1503 libris
3654 1446 3901 1519 inquieti

2252 1548 2509 1589 censurae
2541 1534 2825 1605 paterent.
2856 1531 3072 1589 Verum
3123 1533 3396 1590 amicitias
3449 1533 3609 1608 leges
3654 1535 3902 1593 minime

2253 1620 2491 1691 oblitus,
2525 1620 2725 1695 clypeo
2753 1624 3006 1692 tantum,
3039 1638 3155 1678 non
3186 1638 3322 1679 ense
3351 1622 3448 1679 hic
3477 1622 3743 1685 utarllle
3770 1641 3899 1698 ergo

2253 1710 2459 1766 scribit
2486 1709 2880 1784 fragmentum
2912 1728 3098 1786 nuper
3129 1716 3521 1771 memoratum
3539 1712 3690 1771 Vitae
3719 1714 3901 1770 sancti

2253 1797 2582 1856 Geminiani
2611 1800 2993 1873 desumptum
3022 1799 3204 1858 fuisse
3233 1817 3264 1857 e
3293 1802 3638 1860 Lectionario
3684 1804 3899 1860 circiter

2249 1888 2519 1946 saeculum
2544 1906 2642 1946 xxv
2668 1890 2887 1962 scripto.
2920 1888 2994 1946 Ut
3020 1888 3184 1947 lubet
3215 1906 3230 1946 :
3262 1891 3513 1948 rariores
3532 1890 3896 1966 etiam-gem-

2249 1994 2378 2034 mas
2407 1978 2706 2035 interdum
2736 1983 3041 2036 servarunt
3070 1978 3239 2036 nobis
3269 1979 3465 2037 saeculi
3496 1981 3629 2061 ejus
3650 1981 3894 2049 codices,

2244 2067 2513 2124 videlicet
2541 2072 2599 2124 et
2628 2068 2742 2141 ipsi
2770 2068 2842 2124 ab
2874 2068 3310 2142 antiquioribus
3338 2069 3641 2144 descripti.
3673 2071 3850 2128 Addit
3878 2087 3893 2126 :

2243 2158 2384 2215 Ροσο
2412 2166 2568 2215 conto
2594 2160 2645 2213 si
2665 2174 2776 2230 puo
2804 2160 2985 2230 fame,
3022 2166 3236 2216 mentre
3281 2159 3716 2232 interpolazieni
3738 2160 3897 2217 multo

2243 2249 2412 2304 inette
2440 2247 2621 2304 hanno
2647 2248 2697 2303 le
2723 2248 2836 2304 Vite
2867 2249 2927 2304 in
2956 2248 3033 2304 tal
3061 2249 3435 2306 Lezionarioze
3461 2250 3580 2306 cesi
3609 2257 3698 2309 ira
3718 2248 3894 2306 t’altre

2241 2337 2426 2409 quella
2454 2337 2515 2393 di
2541 2354 2645 2393 san
2672 2337 3073 2404 Zenone.Quod
3095 2336 3155 2393 in
3184 2336 3320 2394 Vita
3342 2338 3533 2395 sancti
3553 2337 3803 2395 Zenonis
3815 2337 3889 2395 in-

2238 2425 2656 2498 terpolationes
2682 2429 3013 2493 occurrant,
3044 2425 3330 2483 deducere
3358 2425 3791 2500 velle,reliquas
3830 2442 3888 2483 e-

2238 2514 2380 2571 tiam
2392 2513 2555 2570 Vitas
2570 2515 2786 2571 codicis
2797 2514 2957 2573 illius
2968 2515 3891 2588 interpelatienibusscatere,nen

2236 2603 2589 2677 probabunt,
2617 2608 2685 2661 ut
2734 2603 3135 2678 puto,eruditi.
3168 2606 3333 2672 Quod
3372 2605 3507 2678 plus
3530 2609 3644 2675 est,
3672 2605 3889 2663 nullam

2234 2693 2295 2748 in
2325 2692 2686 2766 praelaudata
2715 2694 2774 2751 S.
2821 2693 3154 2751 Geminiani
3201 2694 3335 2750 Vita
3383 2694 3889 2769 interpelationem

2234 2782 2547 2856 quisquam
2576 2783 2865 2840 ostendet.
2898 2782 3013 2839 Cur
3040 2798 3178 2857 ergo
3205 2783 3325 2840 haec
3358 2783 3627 2841 Maii'eius
3647 2785 3678 2841 ?
3707 2784 3892 2859 Pergit

2232 2870 2329 2928 ille
2362 2890 2375 2928 :
2419 2872 2637 2928 L’autor
2665 2872 2809 2929 delia
2846 2874 3041 2945 giunta
3087 2876 3148 2945 fa
3192 2875 3478 2931 mentiene
3531 2872 3659 2932 dell’
3706 2877 3891 2932 antica

2228 2964 2497 3018 scorreria
2523 2961 2670 3033 degli
2701 2963 2971 3034 Ungheri;
3000 2979 3092 3019 ina
3119 2978 3231 3019 non
3258 2966 3464 3019 mostra
3492 2979 3639 3021 esser
3688 2966 3889 3023 vissuto

2227 3067 2263 3107 α
2291 3058 2465 3124 tempe
2494 3051 2553 3107 di
2579 3052 2783 3124 quella,
2817 3053 2972 3109 bensi
2998 3051 3238 3110 d’alcun’
3270 3053 3423 3111 ultra
3467 3052 3610 3110 delle
3655 3056 3794 3126 fatte
3819 3055 3889 3111 da

2227 3141 2412 3212 quella
2452 3145 2629 3211 gente.
2661 3141 2838 3213 Atqui
2885 3144 3111 3198 certum
3159 3142 3315 3215 apud
3369 3159 3577 3200 omnes
3624 3144 3881 3201 eruditos

2226 3231 2491 3287 futurum
2521 3233 2630 3299 est,
2663 3230 2930 3289 eamdem
2951 3230 3306 3301 Vitam,una
3334 3247 3473 3291 eum
3503 3232 3719 3289 lacinia
3738 3250 3773 3291 a
3795 3249 3883 3289 me

2227 3320 2403 3389 edita,
2436 3324 2563 3377 ante
2590 3318 2834 3376 medium
2858 3321 3122 3377 saeculum
3141 3338 3181 3377 x
3210 3320 3395 3378 fuisse
3434 3321 3669 3397 litteris
3695 3323 3876 3380 consi-

2227 3408 2636 3483 gnatam.Mihi
2658 3409 3570 3482 persuaseram,additamentum
3588 3410 3739 3468 illud
3760 3412 3877 3468 luce

2227 3499 2536 3571 hucusque
2565 3499 2846 3572 caruisse,
2882 3499 3039 3572 quod
3068 3499 3131 3556 in
3158 3499 3295 3556 Vita
3323 3517 3358 3557 a
3387 3499 3460 3556 el.
3496 3500 3559 3556 P.
3608 3500 3873 3558 Bollando

2226 3588 2384 3646 edita
2411 3589 2485 3644 ad
2515 3589 2670 3646 diem
2698 3606 2833 3645 m1
2860 3587 3129 3647 Januarii
3158 3588 3356 3663 ipsum
3387 3588 3709 3647 desiderari
3754 3590 3871 3649 ani-

2227 3678 2695 3737 madvertissem.
2720 3679 2830 3735 Sed
2862 3677 2984 3735 haec
3007 3678 3459 3747 scribens,nunc
3486 3679 3869 3756 deprehendo,

2225 3768 2298 3824 ab
2329 3767 2534 3824 eodem
2560 3766 2839 3824 Bollando
2870 3767 2931 3823 in
2963 3766 3118 3824 calce
3158 3769 3301 3825 temi
3350 3768 3411 3823 in
3458 3768 3761 3826 Addendis
3807 3768 3875 3825 ad

2225 3874 2354 3914 eam
2384 3857 2541 3914 diem
2569 3873 2639 3913 ea:
2665 3856 2845 3913 codice
2863 3855 3280 3914 ms.Bodecensi
3300 3857 3698 3931 fragmentum
3720 3857 3873 3915 idem

2226 3945 2409 4003 fuisse
2431 3946 2560 4018 jam
2592 3945 2693 4002 diu
2714 3945 3878 4020 productum,quamquameadiversitate

2225 4039 2291 4093 ut
2320 4051 2413 4092 me
2437 4034 2780 4108 neutiquam
2802 4034 3081 4108 peaniteat
3099 4033 3245 4091 illud
3270 4035 3469 4108 ipsum
3490 4052 3701 4092 rursus
3724 4034 3901 4093 evul-'

2225 4112 2555 4197 gasse.Jam
2584 4140 2722 4197 ergo
2752 4122 3040 4181 habemus
3062 4141 3180 4181 non
3214 4125 3317 4180 uni
3348 4124 3533 4182 codici
3557 4124 3877 4183 Veronensi

2224 4212 2620 4286 fragmentum
2651 4212 2797 4269 illud
2828 4217 3135 4287 acceptum
3181 4230 3311 4270 esse
3366 4213 3767 4271 referendum.
3796 4216 3875 4272 Ibi

2223 4318 2357 4359 vero
2387 4302 2675 4375 scriptum
2704 4306 2797 4359 est
2829 4318 2843 4359 :
2869 4302 2973 4359 Sed
2994 4304 3126 4376 quia
3153 4304 3299 4359 tanti
3342 4304 3527 4360 Patris
3572 4303 3767 4360 domui
3794 4304 3877 4367 Ge:

2222 4392 2485 4461 miniani,
2510 4396 2679 4464 prout
2713 4393 3021 4465 potuimus,
3076 4394 3253 4450 Vitam
3295 4393 3439 4466 style
3488 4396 3873 4466 transegimus,

2224 4481 2353 4556 libet
2389 4497 2599 4554 quoque
2622 4481 2687 4537 de
2713 4482 2826 4539 situ
2871 4482 3025 4538 urbis
3070 4483 3132 4539 in
3177 4498 3291 4555 qua
3332 4481 3532 4538 resedit
3576 4484 3873 4557 episcopus,

2224 4570 2440 4642 aliquid
2466 4571 2753 4628 enucleare
2784 4572 3048 4627 veracius.
3082 4570 3281 4628 Palam
3311 4572 3432 4628 haec
3461 4572 3721 4645 produnt
3764 4590 3875 4631 non

2145 4678 2194 4744 Β
2226 4658 2299 4717 ab
2330 4658 2523 4716 aliena
2551 4675 2752 4727 manu,
2785 4660 2889 4716 sed
2919 4659 2992 4718 ab
3023 4659 3150 4733 ipso
3182 4664 3420 4718 auctore
3455 4660 3605 4718 Vite
3653 4660 3877 4734 adjecta

2227 4747 2429 4822 fuisse,
2464 4765 2590 4821 quae
2630 4748 2704 4805 ad
2734 4748 2916 4806 situm
2948 4749 3300 4807 Mutinensis
3348 4749 3516 4808 urbis
3560 4748 3873 4824 pertinent.

2227 4838 2492 4904 Quonam
2521 4840 2719 4894 autem
2750 4839 3014 4911 tempore
3041 4838 3198 4895 idem
3226 4843 3435 4897 auctor
3461 4838 3749 4911 ﬂoruerit,
3770 4840 3875 4896 evi-

2226 4923 2571 4995 dentissima
2615 4939 2684 4980 ex
2731 4922 2863 4981 aliis
2911 4926 3042 4997 ejus
3086 4924 3280 4984 verbis
3309 4925 3626 5001 colligitur,
3656 4926 3759 4983 ubi
3806 4928 3874 4983 de

2224 5012 2613 5083 Hungarorum
2643 5014 2951 5071 saevissima
2994 5030 3059 5070 ac
3102 5030 3244 5087 pene
3290 5015 3545 5073 omnibus
3588 5014 3874 5074 metuenda

2222 5110 2377 5174 gente
2407 5100 2458 5159 is
2486 5100 2765 5173 loquitur,
2799 5118 2984 5174 quam,
3022 5102 3238 5176 inquit,
3287 5105 3350 5160 in
3393 5104 3599 5162 nostris
3640 5103 3871 5164 tribula-

2225 5192 2467 5249 tionibus
2513 5198 2844 5263 compertam
2886 5192 3164 5250 habemus.
3198 5193 3418 5252 Deinde
3446 5193 3673 5262 subdit,
3714 5211 3814 5252 eos
3839 5212 3875 5253 a

2217 5285 2378 5354 parte
2404 5280 2720 5357 aquilonari
2760 5282 2982 5338 Italiam
3028 5283 3325 5355 ingressos,
3372 5283 3740 5358 Forojuliensi
3779 5300 3871 5342 va—

2219 5372 2362 5428 stata
2406 5370 2677 5438 marchia,
2732 5371 3001 5429 Veronam
3040 5389 3214 5446 usque
3254 5372 3612 5447 transiliisse,
3658 5381 3713 5432 et
3750 5376 3873 5431 uni-

2220 5476 2434 5538 uersam
2492 5459 2773 5533 regionem
2850 5460 3223 5536 depopulatos,
3290 5467 3495 5523 cuncta
3548 5463 3873 5536 ﬁrmissima

2219 5550 2445 5609 urbium
2489 5549 2715 5619 muenia,
2769 5553 3071 5627 cunctaque
3108 5556 3353 5627 murata,
3392 5554 3552 5612 nullo
3595 5554 3873 5612 resistente

2218 5643 2483 5700 invasisse
2508 5639 2730 5715 oppida.
2760 5639 3025 5715 Denique
3064 5642 3271 5702 scribit
3316 5657 3334 5703 :
3372 5647 3565 5719 Itaque
3605 5643 3726 5703 lues
3772 5643 3873 5703 illa

2219 5731 2409 5807 (quam
2443 5732 2659 5792 utinam
2701 5730 3025 5807 nescimus!)
3071 5748 3185 5794 non
3229 5733 3349 5799 dico
3394 5731 3737 5808 certaminis,
3778 5730 3871 5797 sed
