3982 6172
410 285 547 367 ,ττι

1169 281 1364 344 S/EC.
1407 280 1486 342 XI
1528 280 1760 342 AUCT.
1805 277 2121 368 INCERTI
2165 277 2354 343 ANNI
2399 279 2497 343 ΕΤ
2543 284 2842 346 SCRIPT.
2889 295 3114 343 ἈΔΕΣΠ.

3756 257 3879 346 772

1220 449 1224 454 -
1254 415 1325 471 Ut
1355 414 1653 488 possimus
1681 412 1937 470 invenire
1969 413 2230 486 requiem
2262 414 2321 469 in
2355 417 2636 473 seculum.

1179 505 1262 560 Ad
1285 504 1401 560 alta
1429 504 1565 560 sede
1589 502 1954 575 postulemus
1985 520 2217 561 summo
2249 505 2346 560 Dei
2370 505 2534 574 Filio,

1252 594 1323 649 Ut
1352 611 1458 649 suo
1489 591 1718 649 mittere
1745 593 2018 665 dignetur
2049 593 2322 666 angelum
2360 595 2737 668 perspicuum

1253 685 1337 740 Ad
1371 683 1825 756 expugnandum
1859 681 2265 754 expellendum
2296 682 2482 740 hostis
2513 685 2988 758 antiquissimus.

1188 773 1427 830 Invidus
1455 771 1552 828 ille
1575 775 1890 844 temptator
1919 771 2097 826 fallax
2126 774 2300 844 atque
2331 773 2596 844 perditus

1261 862 1505 933 Semper
1535 859 1696 932 cupit
1715 860 2050 917 discordare
2075 861 2492 918 concordantes
2523 862 2825 919 fratribus.

1257 949 1330 1005 Ut
1353 949 1540 1022 possit
1569 948 1818 1020 gratiam
1846 949 2056 1005 mereri
2086 954 2219 1006 ante
2248 966 2502 1022 nequam
2533 951 2882 1024 Principem.

1175 1038 1460 1096 Dominus
1482 1041 1660 1109 atque
1689 1037 1970 1104 Salvator,
2004 1040 2160 1110 quod
2195 1056 2371 1095 suum
2395 1041 2642 1097 redemit
2667 1040 3038 1115 sanguinem,

1254 1127 1315 1182 In
1348 1143 1456 1182 sua
1487 1143 1719 1198 semper
1745 1130 2030 1198 potestate
2052 1144 2344 1184 reservare
2377 1129 2627 1197 animas,

1247 1216 1322 1272 Ut
1351 1232 1456 1272 nec
1485 1232 1641 1271 unus
1672 1219 1882 1288 praeter
1909 1231 2045 1272 eum
2076 1220 2424 1289 potestatem
2457 1217 2688 1276 habeat.

1177 1307 1373 1362 Honor
1401 1303 1486 1360 illi
1517 1307 1574 1360 et
1606 1308 1864 1376 potestas
1889 1305 1949 1360 in
1976 1308 2255 1362 aeternum
2287 1311 2608 1378 permanet,

1253 1394 1362 1462 Qui
1396 1411 1502 1451 nos
1532 1394 1829 1451 Pastorem
1859 1411 2036 1468 super
2063 1410 2298 1468 gregem
2329 1411 2532 1451 vocare
2561 1397 2840 1470 dignatus
2871 1401 2981 1464 est,

1249 1486 1322 1540 Ut
1351 1484 1542 1540 salvas
1563 1500 1698 1540 oves
1729 1483 2144 1557 consignemus
2175 1488 2308 1540 ante
2338 1485 2468 1556 ejus
2493 1485 2712 1554 oculos,

1179 1573 1385 1630 Almus
1414 1572 1511 1628 ille
1543 1571 1873 1644 speculator
1901 1573 2174 1629 sacerdos
2205 1573 2264 1630 in
2295 1574 2508 1646 populo

1247 1665 1488 1736 Semper
1517 1663 1730 1729 adstat,
1763 1662 2136 1734 superadstat
2166 1679 2345 1734 supra
2372 1679 2629 1736 gregem,
2663 1668 2886 1738 pugnat
2914 1668 3118 1720 contra
3149 1663 3383 1737 impios,

1251 1754 1324 1809 Ut
1355 1769 1463 1808 nec
1489 1769 1606 1808 una
1633 1751 1820 1824 possit
1849 1768 1983 1808 oves
2016 1768 2219 1824 rapere
2251 1753 2321 1808 de
2342 1753 2638 1826 gregibus.

1177 1842 1385 1899 Divina
1413 1841 1655 1914 Templa
1675 1844 1948 1898 coeuntes
1979 1841 2348 1912 suspiremus
2374 1843 2609 1914 pariter,

1248 1931 1601 2006 Populorum
1633 1931 1793 2005 gregi
1825 1931 2196 1987 obsecrantes
2227 1948 2329 2003 pro
2361 1935 2561 1987 nostra
2591 1932 2870 2001 facinora,

1250 2021 1320 2078 Ut
1348 2021 1472 2093 ipse
1501 2020 1634 2092 pius
1666 2019 1973 2074 Miserator
1993 2020 2168 2075 donet
2198 2019 2624 2093 indulgentiam

1179 2110 1385 2166 Libare
1407 2109 1524 2164 Deo
1555 2108 1900 2165 studeamus
1931 2107 2184 2164 hostiam
2216 2125 2318 2180 pro
2345 2109 2642 2178 fratribus,

1247 2199 1318 2254 Ut
1338 2202 1474 2255 ante
1503 2214 1638 2254 eum
1670 2201 1968 2254 mereatur
1987 2202 2217 2269 portare
2248 2199 2603 2272 manipulos,

1241 2289 1428 2358 Atque
1459 2287 1529 2342 de
1560 2285 1846 2342 talentum
1875 2285 2105 2341 lucrum
2137 2287 2552 2359 consignemus
2582 2289 2903 2361 geminum.

1172 2373 1501 2447 Vigilemus
1533 2378 1591 2430 et
1621 2390 1856 2430 oremus
1889 2375 2294 2446 unusquisque
2323 2392 2428 2446 pro
2460 2375 2596 2444 alio,

1244 2465 1314 2520 Ut
1343 2463 1640 2536 possimus
1669 2462 1926 2519 invenire
1958 2464 2219 2535 requiem
2251 2463 2310 2518 in
2341 2463 2628 2531 seculum,

1245 2557 1432 2626 Atque
1461 2553 1640 2608 vitam
1670 2552 1987 2624 possidere,
2023 2569 2201 2624 quam
2231 2553 2393 2609 misit
2415 2553 2723 2610 Dominus.

1173 2644 1418 2698 Summo
1450 2640 1587 2713 Regi
1612 2640 1978 2713 postulemus
2008 2658 2112 2713 pro
2143 2646 2487 2700 cunctorum
2518 2643 2753 2700 scelere.

1244 2732 1312 2788 Et
1334 2731 1405 2786 de
1435 2734 1635 2786 nostra
1663 2745 1994 2786 mereamur
2022 2731 2279 2788 invenire
2311 2733 2540 2788 veniam

1242 2819 1350 2874 Per
1379 2835 1511 2874 eum
1544 2818 1644 2890 qui
1675 2834 1905 2891 semper
1931 2819 2072 2875 vivit
2100 2824 2156 2875 et
2187 2826 2388 2894 regnat
2415 2821 2475 2877 in
2509 2821 2723 2878 secula.

1174 2973 1236 3027 Te
1261 2971 1500 3042 deposco,
1536 2970 1691 3026 dulce
1719 2972 1912 3040 frater,
1941 2973 2039 3043 qui
2074 2973 2228 3026 canis
2262 2972 2406 3028 hunc
2432 2974 2760 3029 versiculum

1247 3063 1310 3118 Ut
1335 3062 1583 3133 requiras
1605 3060 1940 3132 principales
1971 3061 2182 3117 litteras
2205 3077 2306 3134 per
2335 3063 2599 3118 ordinem.

1241 3149 1330 3206 Sic
1355 3151 1563 3206 invenit
1582 3151 1698 3220 ejus
1717 3164 1935 3216 nomen,
1969 3152 2065 3220 qui
2093 3150 2238 3206 hunc
2266 3156 2606 3224 exposuerat.

421 3317 532 3373 Tot
559 3329 785 3372 errores
816 3314 914 3370 hic
945 3311 1212 3368 offendis.
1246 3309 1398 3366 Num
1429 3308 1758 3381 culpandus
1801 3325 1930 3381 ego,
1962 3309 2061 3380 qui
2091 3310 2148 3377 Α
2177 3310 2508 3368 Gruteriani
2530 3310 2740 3368 veteris
2758 3309 3052 3378 editionis,
3073 3309 3155 3364 uti
3188 3309 3326 3366 etin
3360 3313 3520 3366 tomo
3552 3309 3626 3364 IV
3640 3307 3833 3367 Italia:

419 3404 541 3462 haec
570 3403 776 3476 evulgo
796 3402 826 3458 ‘l
854 3403 1009 3458 Num
1066 3396 1480 3472 Campagnola,
1516 3398 1615 3468 qui
1646 3397 1768 3453 haec
1815 3396 2064 3452 fideliter

419 3491 870 3565 descripsit?Ab
892 3489 1075 3561 aequis
1099 3492 1252 3544 certe
1274 3486 1590 3543 lectoribus
1607 3503 1722 3542 non
1754 3485 1904 3541 hanc
1916 3485 2062 3540 mihi

419 3581 747 3638 mercedem
787 3577 1082 3651 polliceor.
1115 3579 1308 3647 Atque
1360 3574 1643 3629 hactenus
1700 3573 2061 3629 trochaicum

415 3685 654 3726 versum
672 3667 732 3723 in
763 3665 1054 3738 rhythmis
1086 3668 1401 3732 servatum,
1419 3662 1682 3735 neglecta
1711 3666 1906 3718 tamen
1930 3679 2062 3734 pro-

417 3757 595 3814 sodiae
654 3755 897 3824 ratione,
947 3751 1490 3810 animadvertimus.
1524 3750 1846 3806 Dicendum
1906 3768 2062 3805 nunc

417 3849 600 3902 restat
628 3843 1040 3916 rhythmorum
1067 3844 1333 3897 auctores
1354 3839 1718 3910 temporibus
1741 3838 2061 3894 barbaricis

416 3936 490 3992 ad
521 3933 770 3990 aliorum
792 3948 1026 4005 quoque
1053 3935 1229 3986 Versu
1240 3945 1338 3984 um
1368 3927 1756 3984 imitationem
1779 3945 1842 3984 se
1865 3932 2064 3983 contu-

414 4024 576 4081 lisse.
606 4024 856 4080 Sanctus
889 4019 1220 4078 Bonifacius
1251 4017 1562 4091 episcopus
1594 4017 1975 4090 Moguntinus
2006 4019 2062 4072 et

415 4117 636 4186 martyr
656 4113 884 4168 circiter
906 4126 1123 4165 annum
1145 4109 1274 4174 740,
1297 4107 1405 4163 hac
1440 4106 1498 4162 in
1543 4106 1789 4179 epistola
1811 4108 1883 4161 65
1918 4106 2059 4161 scri-

412 4203 588 4258 bebat
620 4218 635 4258 :
672 4203 912 4256 Tertium
943 4215 1185 4262 carmen,
1204 4213 1314 4252 non
1339 4197 1540 4268 pedum
1572 4213 1833 4251 mensura
1873 4197 2061 4250 elucu-

414 4289 651 4356 bratum,
683 4289 774 4345 sed
827 4289 1031 4343 octonis
1087 4286 1317 4357 syllabis
1369 4287 1431 4339 in
1487 4300 1596 4339 uno
1635 4285 1871 4356 quolibet
1899 4300 2062 4339 versu

411 4379 742 4450 compositis,
773 4393 886 4431 una
925 4375 1216 4445 eademque
1259 4375 1464 4437 littera,
1497 4371 1840 4442 comparibus
1887 4372 2060 4427 linea-

411 4483 540 4522 rum
574 4466 891 4520 tramitibus
921 4471 1125 4534 aptata,
1149 4477 1314 4516 cursu
1361 4461 1569 4515 calamo
1619 4464 1914 4532 perarante
1966 4478 2056 4516 ca-

413 4556 673 4610 raxatum
709 4551 790 4626 [id
837 4554 928 4608 est
971 4551 1288 4620 exaratum]
1327 4547 1451 4617 tibi,
1499 4550 1849 4619 sagacissime
1884 4558 2055 4615 sator,

2171 3401 2300 3457 Sac.
2329 3401 2389 3456 in
2438 3400 2727 3473 episcopis
2756 3397 3223 3456 Vercellensibus
3282 3397 3650 3470 epitaphium
3681 3397 3830 3454 Fla-

2169 3489 2324 3544 viani
2381 3489 2660 3562 episcopi,
2695 3487 2795 3560 qui
2827 3487 3054 3543 circiter
3093 3503 3315 3542 annum
3345 3485 3560 3542 Christi
3592 3487 3699 3542 540
3728 3503 3830 3543 se-

2170 3579 2328 3633 disse
2350 3578 2409 3633 in
2433 3577 2781 3634 Vercellensi
2799 3576 3076 3633 cathedra
3103 3580 3392 3634 censetur.
3415 3575 3634 3631 Verum
3667 3576 3829 3632 anti-

2172 3667 2368 3738 quius,
2383 3671 2440 3722 et
2459 3667 2723 3722 omnium
2742 3665 3177 3721 lucidissimum
3189 3663 3521 3737 exemplum
3543 3664 3826 3722 informis

2171 3755 2349 3826 hujus
2381 3771 2622 3828 poeseos
2650 3755 2901 3828 aspicias
2930 3753 3101 3810 velim
3137 3755 3196 3809 in
3229 3759 3495 3826 poemate
3537 3753 3828 3810 Commo-

2170 3843 2350 3909 diani,
2371 3845 2533 3899 rudis
2564 3848 2744 3915 poetae
2768 3843 3101 3909 Christiani,
3128 3843 3284 3914 quod
3311 3859 3346 3898 a
3375 3839 3624 3914 Rigaltio
3671 3839 3828 3897 olim

2169 3932 2415 3999 editum,
2437 3931 2496 3986 in
2524 3931 2942 3988 Bibliothecam
2974 3932 3210 3988 Patrum
3260 3936 3403 3987 tom.
3432 3929 3626 3986 XXVII
3677 3930 3827 3985 sub-

2171 4021 2306 4076 inde
2363 4019 2593 4076 illatum
2647 4020 2777 4076 fuit.
2814 4019 3108 4093 Floruisse
3166 4019 3218 4075 is
3279 4019 3537 4075 creditur
3577 4017 3829 4074 ineunte

2169 4109 2380 4166 saeculo
2420 4109 2762 4165 Christiana:
2793 4125 2920 4165 aeris
2969 4113 3179 4181 quarto
3214 4127 3227 4164 :
3262 4109 3380 4163 imo
3412 4111 3552 4164 sunt
3581 4106 3684 4178 qui
3741 4107 3822 4162 ad

2169 4197 2443 4253 saeculum
2467 4198 2702 4253 tertium
2735 4198 2863 4268 ejus
2892 4201 3119 4254 aetatem
3145 4196 3514 4254 referendam
3545 4195 3820 4252 arbitrati

2168 4291 2325 4341 sunt.
2376 4286 2500 4342 Non
2557 4285 2688 4342 aliis
2749 4285 2844 4342 ille
2891 4285 3179 4354 versibus,
3237 4287 3626 4342 Instructiones
3673 4301 3818 4341 suas

2167 4374 2524 4431 acrostichas
2550 4375 2886 4447 exsequitur
2916 4391 3094 4447 quam
3115 4373 3607 4442 hexametris,sed
3633 4371 3819 4430 nullis

2168 4465 2338 4520 metri
2392 4464 2620 4537 legibus
2657 4464 2941 4531 servatis;
2977 4464 3131 4536 quod
3165 4475 3516 4536 paucorum‘
3544 4461 3817 4534 exemplo

2166 4553 2360 4626 palam
2384 4554 2504 4609 fiet.
2526 4553 2610 4608 Ita
2636 4551 2732 4608 ille
2766 4552 3153 4609 Instructione
3180 4570 3252 4608 xv
3287 4571 3300 4610 :

413 4643 784 4699 transmittens
837 4641 1036 4696 dicavi.
1071 4638 1430 4712 Rhythmum
1463 4655 1496 4694 a
1544 4655 1606 4694 se
1663 4637 2054 4710 compositum
2083 4684 2132 4749 B

2234 4663 2505 4729 Hercules,
2541 4661 2681 4731 quod
2709 4663 3011 4715 monstrum
3041 4661 3295 4716 Aventini
3323 4661 3524 4716 montis
3553 4660 3721 4726 elisit,

411 4732 571 4789 hisce
591 4731 782 4788 verbis
811 4730 1099 4803 designat,
1132 4728 1303 4800 cujus
1345 4728 1522 4784 etiam
1552 4727 1884 4800 exemplum
1908 4745 2055 4801 pra:-

410 4823 510 4879 bet
534 4823 594 4878 in
625 4817 873 4894 epistola
892 4818 1257 4892 pracedenti,
1311 4817 1408 4874 ubi
1441 4816 1715 4892 leguntur
1744 4817 1800 4871 hi
1826 4834 2050 4874 versus:

623 4929 730 4984 Pro
756 4943 844 4983 me
872 4941 1059 5000 quaero
1089 4927 1340 4981 oramina

619 5019 856 5073 Precum
876 5033 896 5071 :
924 5015 1128 5087 pandet
1150 5015 1455 5086 praecipua,
1488 5018 1598 5069 etc.

410 5126 524 5184 Sed
543 5123 803 5197 etipsum
817 5123 1220 5179 hexametrum
1239 5120 1450 5176 imitati
1468 5123 1606 5176 sunt
1622 5119 2049 5192 rliythmopoeii,

410 5217 576 5270 tanta
600 5216 798 5270 tamen
832 5209 1164 5285 aSperitatis
1190 5209 1333 5266 facie
1363 5209 1683 5274 interdum,
1721 5213 1784 5264 ut
1814 5209 1927 5264 nisi
1951 5210 2051 5280 qui

410 5293 713 5374 prze'viarei
731 5301 1062 5374 cognitione
1074 5299 1378 5373 rhythmos
1409 5297 1489 5353 ibi
1507 5297 1735 5369 quaerit,
1768 5298 2050 5354 miserum

412 5383 654 5446 indoctaé
684 5391 875 5462 gentis
907 5395 1180 5447 conatum
1211 5389 1270 5444 in
1303 5386 1628 5442 aemulando
1642 5385 1820 5443 nobili
1845 5391 2046 5457 metro,

409 5477 851 5549 animadvertat,
877 5479 1133 5554 rhythmi
1156 5479 1336 5551 hujus
1365 5476 1629 5550 exempla
1661 5476 1708 5532 sl
1735 5476 2051 5550 petis,vide

409 5565 852 5645 inscriptionem
881 5585 961 5630 vn
989 5567 1403 5646 Christianam,
1434 5571 1567 5647 pag.
1602 5566 1736 5626 1061
1763 5566 2050 5642 Thesauri

2235 4751 2502 4818 Evandri,
2536 4751 2632 4821 qui
2660 4750 2856 4804 solitus
2881 4757 3000 4806 erat
3025 4758 3276 4806 armenta
3301 4751 3505 4820 furari,

2238 4840 2450 4894 Rustica
2477 4854 2626 4894 mens
2649 4837 2931 4894 hominum
2962 4839 3224 4895 indocilis
3253 4854 3463 4911 quoque
3488 4853 3587 4910 pro
3631 4837 3796 4892 laude

2237 4929 2369 4984 Cum
2391 4928 2597 4999 gratias
2626 4943 2793 4996 agere
2817 4928 3037 4995 vellent,
3071 4929 3282 4984 absenti
3305 4929 3554 4999 Tonanti,
3581 4930 3688 4982 etc.

2163 5035 2355 5107 Pergit
2384 5033 2481 5089 ille
2510 5033 2618 5089 hac
2649 5033 2941 5103 methodo,
2974 5034 3190 5108 quippe
3218 5033 3476 5108 vulgaris
3523 5034 3724 5098 homo,
3755 5036 3816 5088 et

2164 5123 2233 5178 ad
2249 5122 2404 5194 vulgi
2423 5125 2657 5194 captum
2672 5121 2936 5178 versibus
2955 5121 3118 5179 hisce
3133 5122 3446 5180 utilissima
3456 5123 3816 5178 documenta

2161 5212 2400 5267 claudit.
2425 5212 2658 5270 Certum
2681 5215 2769 5267 est
2793 5212 3082 5284 ejusmodi
3103 5212 3559 5269 licentiadeinde
3577 5213 3814 5279 usos,et

2159 5301 2396 5372 quidem
2420 5299 2770 5368 diutissime,
2791 5301 2973 5356 fuisse
3003 5305 3203 5372 poetas
3234 5319 3369 5358 cum
3391 5301 3566 5375 vulgo
3589 5299 3811 5356 facien-

2158 5394 2264 5446 tes.
2296 5392 2481 5461 Atque
2526 5387 2622 5444 hic
2651 5388 2915 5462 exempla
2946 5389 3064 5444 duo
3094 5404 3158 5446 se
3189 5389 3334 5446 mihi
3367 5373 3640 5457 offerunt,
3675 5405 3811 5462 spe-

2159 5479 2374 5536 ctantia
2386 5480 2455 5535 ad
2474 5479 2897 5552 Langobardici
2934 5481 3097 5552 regni
3121 5484 3404 5553 tempora.
3430 5479 3694 5536 Alterum
3721 5482 3812 5535 est

2158 5569 2520 5648 epitaphium
2551 5569 2808 5648 positum
2826 5568 3058 5644 circiter
3078 5586 3302 5632 annum
3326 5572 3435 5630 722
3463 5569 3523 5628 in
3554 5567 3812 5627 celebra-
