3982 6172
142 308 257 372 773
1452 305 1814 370 RHYTHMI
1860 302 2246 369 VETERES.
2524 317 2528 322 ‘
3438 307 3560 370 774

143 441 354 498 tissimi
403 439 743 499 monasterii
791 439 1094 497 Bobiensia
1142 437 1382 513 templo,
1428 439 1782 514 Liutprando
1812 441 1868 509 Α
1899 440 2028 496 Ital.
2062 441 2221 496 Sacr.
2284 440 2345 497 in
2389 441 2644 514 episcop.
2692 439 3023 498 Bobiensib.
3059 439 3206 497 illud
3247 438 3554 514 evulgavit.

145 547 275 605 rege
305 535 607 606 regnante,
641 534 843 589 sancto
865 531 1148 588 Cumiano
1165 530 1436 604 epiSCOpo
1467 535 1792 599 Scotorum,
1903 535 2018 604 Ego
2051 547 2185 588 cum
2217 547 2286 588 ex
2316 547 2606 588 marmore
2637 530 2764 604 ipso
2788 530 3130 605 diligentius
3159 529 3300 587 olim
3345 530 3560 588 descri-

141 621 239 694 qui
260 621 380 679 illic
411 622 590 679 finem
621 621 852 678 vivendi
883 621 1036 690 fecit,
1068 619 1370 693 Ughellins
1399 625 1559 676 tomo
1589 624 1797 692 quarto
1906 621 2150 693 pserim,
2185 637 2393 677 rursus
2420 619 2734 677 lectoribus
2760 619 3002 677 exhibeo
3037 637 3049 676 :

686 748 1040 820 Epitaphium
1067 748 1244 802 sancti
1276 745 1533 801 Cumiani
1560 747 1797 819 episcopi
1823 747 1885 802 in
1914 746 2101 802 tabula
2127 761 2438 805 marmorea
2467 745 2626 803 Bobii
2655 747 3005 819 inscriptum.

698 869 762 934 '1‘
803 873 930 935 HIC
976 871 1229 934 SACRA
1268 871 1500 932 BEATI
1546 871 1884 934 MEMBRA
1927 873 2027 934 CV

945 961 1173 1021 MIANI
1218 960 1707 1034 SOLVVNTVR,

825 1050 1058 1112 CVJVS
1103 1049 1394 1111 C/ELVM
1437 1049 1904 1111 PENETRANS
1946 1049 2198 1112 ANIMA
2244 1050 2410 1113 CVM

947 1139 1279 1200 ANGELIS
1325 1138 1668 1200 GAVDET.

825 1227 1004 1290 ISTE
1047 1227 1226 1288 FVIT
1269 1226 1592 1289 MAGNVS
1638 1228 1965 1289 DIGNITA

949 1317 1074 1390 TE,
1123 1316 1460 1390 GENERE,
1510 1315 1809 1377 FORMA.

830 1406 1043 1468 ΗνΝο
1084 1405 1302 1468 MISIT
1346 1406 1680 1466 SCOTHIA
1729 1406 1958 1468 FINES
2002 1407 2107 1466 AD

943 1493 1298 1555 ITALICOS
1343 1493 1632 1555 SENEM.

826 1592 1186 1654 LOCATVR
1229 1593 1516 1653 EBOVIO
1561 1575 1695 1653 ὕῖτκῖῑ
1740 1593 1936 1655 CONS

945 1681 1275 1742 TRICTVS
1321 1680 1621 1755 AMORE,

827 1771 956 1832 VBI
1000 1770 1458 1830 VENERANDI
1502 1770 1780 1832 DOGMA
1821 1770 2091 1833 COLVM

947 1859 1127 1918 BANI
1171 1857 1619 1933 SERVANDO,

831 1947 1214 2019 VIGILANS,
1257 1946 1670 2021 JEJVNANS,
1717 1949 2054 2010 INDEFES

951 2035 1090 2096 SVS
1134 2035 1416 2096 SIDVLE
1459 2037 1746 2109 ORANS,

829 2123 1278 2187 ULIMPIADIS
1323 2124 1754 2194 QVATTVOR

945 2211 1342 2282 VNIVSOVE
1386 2214 1717 2274 CIRCVLO
1760 2215 1954 2274 ANNI

826 2301 944 2362 SIC
987 2301 1205 2361 VIXIT
1250 2301 1684 2374 FELICITER,
1733 2304 1838 2365 VT
1883 2304 2114 2365 FELIX

950 2388 1172 2450 MODO
1216 2389 1636 2451 CREDATVR

829 2477 1066 2549 MITIS,
1114 2477 1501 2553 PRVDENS,
1547 2478 1746 2554 PIVS,
1793 2480 2237 2545 FRATRIBVS

952 2565 1377 2626 PACEFICVS
1421 2564 1775 2629 CVNCTIS.

832 2655 1013 2715 HVIG
1059 2655 1364 2715 IETATIS
1407 2656 1594 2716 ANNI
1640 2657 2011 2719 FVERVNT

999 2743 1284 2804 NOVIES
1329 2744 1542 2818 DENI,

845 2831 1212 2893 LVSTRVM
1256 2832 1568 2903 QVOQVE
1611 2833 1830 2895 VNVM
1878 2834 2191 2897 MENSES

997 2920 1150 2990 QVE
1194 2920 1567 2991 QVATVOR
1609 2921 1741 2983 SIM
1750 2925 1868 2985 VL.

840 3011 943 3070 AT
985 3010 1244 3069 PATER
1287 3010 1632 3071 EGREGIE
1675 3012 1979 3072 POTENS

998 3097 1536 3158 INTERCESSOR
1577 3099 1888 3160 EXISTE.

837 3187 994 3248 PRO
1041 3185 1638 3248 GLORIOSISSIMO
1680 3188 2186 3250 LIVTPRANDO

963 3275 1191 3347 REGE,
1240 3275 1371 3346 QVI
1414 3276 1638 3338 TVVM

838 3364 1253 3424 PRIETIOSO
1297 3363 1580 3424 LAPIDE
1624 3365 1960 3426 ‘TYMBVM

703 3519 711 3526 _
955 3452 1398 3513 DECORAVIT
1441 3452 1802 3514 DEVOTVS

835 3541 957 3602 SIT
1000 3541 1103 3600 VT
1148 3539 1668 3602 MANIFESTVM
1710 3541 1997 3604 ALMVM
2040 3543 2170 3604 VBI

959 3629 1303 3689 TEGITVR
1347 3629 1676 3690 CORPVS.

832 3708 966 3788 Ei)".
1011 3725 1096 3805 (ι)
1142 3728 1291 3789 EST
1334 3726 1464 3788 HIC
1506 3709 1669 3789 BFs
1715 3727 2116 3790 CVMIANVS

959 3807 1110 3888 Ε’ὖέ
1152 3828 1341 3887 x1111.
1386 3808 1526 3889 Κῖῗ
1546 3809 1872 3890 same.
1921 3826 2149 3887 FECIT

968 3917 1354 3978 IOHANNES
1401 3916 1821 3979 MAGISTER.

228 4047 431 4104 Refert
460 4046 635 4103 etiam
668 4047 727 4103 P.
763 4047 1123 4103 Romualdus
1148 4065 1180 4103 a
1202 4049 1416 4104 Sancta
1438 4049 1638 4114 Maria,
1655 4047 1813 4103 ordi-
1845 4049 1893 4113 Β
1992 4045 2137 4100 Vide
2161 4045 2336 4101 etiam
2350 4045 2714 4118 epitaphium
2737 4046 3092 4102 hexametris
3111 4049 3171 4102 et
3192 4046 3572 4118 pentametris

159 4137 251 4194 nis
283 4136 596 4193 Eremitar.
631 4136 1040 4192 exscalceator.
1065 4137 1258 4193 Sancti
1287 4137 1600 4210 Augustini
1624 4138 1684 4192 in
1707 4153 1814 4193 sua
1922 4135 2102 4205 hujus
2131 4133 2363 4206 generis
2392 4134 2657 4191 versibus
2700 4135 3094 4203 efformatum,
3135 4135 3236 4190 sed
3268 4152 3302 4190 a
3331 4133 3570 4190 librario

157 4226 341 4299 Papia
371 4224 581 4291 Flavia,
615 4229 764 4298 part.
825 4225 1032 4297 prima,
1093 4243 1225 4298 pag.
1278 4227 1398 4292 131,
1449 4226 1812 4298 epitaphium
1924 4224 2070 4279 mire
2097 4222 2508 4293 deformatum,
2541 4222 2604 4280 in
2634 4223 2767 4282 Vita
2793 4223 2979 4280 sancti
3012 4223 3218 4282 Felicis
3263 4222 3574 4296 archiepis-

160 4312 668 4379 Theodatae,illius
693 4330 898 4385 nempe
912 4313 1002 4367 cui
1032 4313 1316 4385 originem
1340 4330 1505 4368 suam
1539 4314 1812 4369 debetve-
1925 4312 2053 4385 capi
2088 4311 2439 4369 Ravennatis
2469 4313 2622 4385 apud
2658 4312 2993 4385 Agnellum,
3025 4318 3184 4371 temo
3216 4314 3270 4370 ιι
3300 4316 3428 4370 Rer.
3460 4317 3570 4369 lta-

159 4402 562 4458 tustissimum
586 4418 746 4473 aeque
767 4418 833 4457 ac
852 4400 1046 4456 nobile
1069 4400 1491 4456 monasterium
1510 4401 1815 4456 Ticinense
1924 4402 2112 4468 liear.,
2142 4417 2275 4475 pag.
2310 4403 2432 4458 164.
2467 4401 2617 4458 Illud
2668 4407 2865 4458 autem
2914 4402 3143 4461 circiter
3188 4419 3412 4460 annum
3468 4403 3574 4457 716

161 4488 1330 4563 sacrarumvirginummuncappellatum
1371 4488 1518 4548 della
1568 4491 1814 4548 Posterla

848 4626 1250 4687 CIELICOLA
1422 4625 1541 4687 SIC
1587 4626 1868 4688 DEMVM
1913 4628 2099 4688 EJVS
2143 4625 2600 4688 PROSAPIAM
2641 4629 2912 4690 TEXAM

850 4715 1127 4775 MATER
1170 4715 1383 4776 VIXIT
1425 4716 1809 4776 VlRGINVM
1857 4717 2011 4776 PER
2053 4716 2314 4776 ANNUS
2360 4716 2652 4776 NIMIVM
2694 4717 3027 4790 PLURES,

849 4805 926 4863 IN
975 4805 1232 4866 GREGE
1276 4803 1657 4865 DOMINICO
1700 4800 2051 4866 PASCENS
2096 4803 2472 4865 OVICVLAS
2518 4804 2854 4876 CHRISTI,

849 4893 1052 4963 QVAS
1098 4893 1402 4953 FOVENS
1447 4893 1758 4968 DOCVIT,
1805 4894 2124 4964 ARGVIT,
2173 4892 2588 4965 CORREXIT,
2634 4893 2958 4965 AMAVIT,
3004 4899 3124 4953 etc.

165 5022 338 5093 cujus
358 5025 448 5078 est
474 5023 693 5079 mentio
725 5024 880 5095 apud
905 5023 1152 5077 Paulum
1185 5023 1528 5080 Diaconum.
1566 5025 1819 5098 Dignum
1929 5023 2320 5096 compositum
2351 5021 2685 5094 fuit.Neque
2715 5022 2807 5078 his
2857 5023 3182 5079 charitibus
3221 5022 3409 5079 caruit
3438 5023 3580 5078 urbs

165 5115 292 5166 erat
319 5110 640 5167 frustulum
663 5110 811 5166 illud
837 5111 1288 5184 Longobardicze
1309 5113 1822 5184 eruditionis,scri-
1929 5113 2058 5185 ipsa
2086 5115 2318 5167 aeterna.
2365 5109 2674 5183 Turrigius
2706 5116 2854 5185 part.
2891 5127 2955 5182 ιι,
2989 5130 3045 5185 p.
3095 5111 3221 5180 539,
3263 5111 3344 5168 De
3390 5115 3574 5184 crypt.

165 5202 336 5270 ptum
369 5199 479 5256 sub
505 5200 739 5256 initium
771 5199 964 5256 smeuli
997 5201 1363 5278 octavi,quod
1388 5203 1721 5259 accuratius
1751 5219 1819 5259 ex
1925 5200 2195 5256 Vatican.
2229 5198 2591 5273 epitaphium
2622 5200 2799 5256 refert
2826 5199 3131 5257 Elisabetaa
3161 5199 3388 5274 puella),
3418 5199 3577 5273 depo-

165 5283 363 5359 lapide
391 5304 734 5361 expressum
771 5290 843 5346 ad
891 5306 1000 5345 nos
1048 5289 1388 5345 deferretur.
1423 5293 1650 5348 Primos
1686 5296 1816 5349 tan-
1922 5293 2044 5349 sitae
2071 5307 2125 5350 Vl
2147 5291 2269 5345 Kal.
2303 5289 2468 5361 Sept.,
2499 5288 2688 5346 i-ndict.
2721 5304 2754 5346 γ
2779 5307 2792 5359 ;
2818 5306 2944 5361 qua:
2975 5289 3228 5346 formula
3251 5291 3322 5347 ad
3358 5292 3580 5358 remota

163 5377 297 5431 tum
317 5391 520 5434 versus
551 5395 656 5452 ego
687 5378 979 5451 indicabo.
1925 5378 2138 5438 saeula
2161 5381 2408 5452 spectat.

239 5501 324 5650 (1g
351 5501 470 5559 Hoc
522 5507 611 5587 est
653 5521 666 5561 :
700 5506 985 5589 Depositus
1019 5513 1098 5564 est
1130 5505 1217 5563 hic
1246 5504 1478 5563 domnus
1505 5505 1804 5568 Cumz'anus
1831 5509 2110 5586 episcopus
2138 5518 2238 5564 xxv
2264 5501 2537 5562 Kalendas
2565 5502 2912 5579 Septembris,
2938 5506 3047 5571 etc.

242 5572 305 5650 (2
352 5574 642 5637 Fortassis
671 5578 937 5637 cwlwam.

242 5572 324 5650 (2)
352 5574 642 5637 Fortassis
671 5572 937 5637 cwl'icam.
