3982 6172
149 281 265 386 m

1460 320 1823 397 RHYTHMI
1867 320 2251 387 VETERES.

3476 329 3556 390 73

146 460 217 517 Et
246 459 348 516 diu
399 458 641 533 quidem
667 459 961 533 ejusmodi
993 457 1353 531 plebeiorum
1385 473 1618 513 versum
1650 473 1796 514 usus
1909 457 2096 513 Darco
2125 459 2378 515 Antonio
2406 459 2665 517 Boldetto
2692 460 2752 517 in
2784 461 3017 536 egregio
3040 477 3214 537 opere
3242 464 3325 521 De
3350 476 3557 523 caeme-

144 547 1322 623 perduravit:idqueindicabitinscriptio
1340 546 1800 604 circiterannum
1911 549 2019 602 ter.
2054 550 2320 621 martyr.,
2353 548 2453 605 lib.
2487 566 2550 618 ιι,
2586 567 2713 624 cap.
2735 553 2790 608 5.

149 638 363 697 Christi
418 638 557 696 4014
618 639 813 696 Romae
872 638 1083 712 posita,
1143 641 1320 709 atque
1378 635 1535 692 edita
1569 634 1797 692 acl.V.

585 756 1036 841 PETROIﬁCIO
1078 754 1622 826 REQVIESCVNT
1666 752 1796 814 HIC
1835 751 2344 827 SEPVLTAQVE
2386 755 2746 819 MEMBRA.

586 847 737 909 HEC
782 847 833 908 E
873 846 1130 909 BONVS
1173 841 1659 913 SAPIENSQVE
1700 842 1926 916 FVIT;
1973 841 2141 903 NAM
2186 844 2500 906 GENERE
2543 846 2817 909 MAGNO

584 936 819 1010 ERAT,
863 932 1457 1005 FORMOSVSOVE,
1502 930 2010 1005 PRIEGLARVS,
2054 933 2363 996 LARGVS
2409 934 2703 998 AMICIS.

585 1024 874 1087 GBA'I‘IA
923 1024 1241 1087 SEMPER
1284 1020 1490 1084 TVNC
1534 1020 1843 1084 FVERAT
1885 1020 2063 1105 ILLI,
2108 1021 2544 1095 COLLOQVIA
2587 1026 2853 1099 DIGNA,

585 1115 930 1177 OMNIBVS
974 1110 1532 1183 AMABILISQVE,
1576 1109 1990 1184 BENIGNVS,
2036 1111 2425 1186 PRONTVS,
2471 1114 2571 1174 ET
2612 1114 2904 1189 AVDAX,

584 1203 850 1265 REGNA
897 1202 1262 1265 DILIGENS
1307 1198 1697 1273 CELES’I‘IA,
1745 1197 2061 1260 SEMPER
2105 1199 2436 1264 AMATOR

578 1292 916 1364 lLLEQUE
958 1290 1173 1353 MITIS
1217 1287 1639 1359 NVTRI'I‘OR,
1686 1286 2273 1360 PAVPERUMQVE
2316 1291 2752 1355 DEFENSOR.

582 1381 849 1442 OMNES
893 1380 1043 1443 VOS
1088 1379 1217 1450 QVI
1260 1376 1592 1448 LEGITIS,
1639 1374 1919 1449 QVESO,
1964 1376 2220 1438 DlCITE
2264 1378 2539 1441 CVNCTI
2575 1398 2589 1440 :

584 1468 1217 1531 CLEMENTISSIME
1261 1465 1490 1537 DEVS,
1538 1462 1937 1525 MISERERE
1982 1466 2305 1528 FAMVLO
2348 1470 2503 1531 'I‘VO

579 1559 820 1620 VIRGO
861 1559 994 1619 DEI
1039 1555 1439 1626 GENITRIX,
1487 1553 1649 1615 CVM
1694 1552 2040 1615 OMNIBVS
2084 1553 2406 1619 SANCTIS
2452 1558 2850 1621 MISERERE
2893 1561 3351 1626 PETROGCIO.

581 1657 793 1718 OBIIT
835 1658 915 1718 IN
962 1656 1162 1718 PACE
1200 1637 1443 1717 rem.
1488 1654 1564 1713 ι).
1609 1634 1787 1712 sea.
1834 1650 2114 1713 OCTAVI
2159 1652 2279 1712 PP.
2325 1654 2405 1714 IN
2450 1640 2641 1720 iiE‘N'.
2687 1643 2856 1723 rm;

739 1747 917 1808 DIES
961 1746 1156 1808 XVlII

421 1844 529 1901 Sed
560 1846 618 1900 et
648 1843 932 1900 Fabretus
961 1859 1088 1915 cap.
1114 1843 1167 1910 3,
1201 1856 1333 1913 pag.
1369 1840 1496 1904 146,
1528 1835 1899 1908 Inscription.
1928 1835 2221 1908 antiquar.
2253 1839 2405 1897 hanc
2435 1843 2648 1900 refert:

620 1935 865 1997 NOME.
910 1934 1109 1996 FVl'l‘.
1156 1931 1458 1994 NOMEN.
1503 1926 1779 1987 H/ESIT.
1827 1925 2214 1989 NASCENTI
2257 1930 2633 1995 COSVCCIA

738 2023 1127 2094 VTRAQVE.
1175 2020 1351 2082 HOC.
1397 2016 1707 2079 TITVLO.
1752 2012 2057 2074 NOMINA
2100 2017 2511 2083 SIGNIFICO.

621 2112 806 2174 VIXI.
854 2111 1151 2173 PAROM.
1196 2104 1544 2176 DVLCISQ.
1592 2103 1745 2164 FVI.
1792 2100 1986 2163 DVM.
2030 2103 2189 2165 VIXI
2233 2108 2573 2171 PARENTI

740 2201 918 2263 HOC.
965 2199 1278 2260 TITVLO.
1324 2194 1660 2257 TEGEOR.
1710 2189 2019 2251 DEBITA.
2065 2193 2467 2258 PERSOLVl.

619 2288 825 2361 QVIQ.
870 2288 1122 2349 LEGIS.
1166 2281 1538 2348 TlTVLVM.
1587 2276 1887 2341 SENTIS.
1934 2277 2178 2349 QVAM.
2223 2284 2580 2349 VIXERIM.
2626 2289 2902 2354 PARVM

739 2378 917 2440 HOC.
964 2378 1192 2438 PETO.
1241 2374 1473 2437 NVNC.
1519 2369 1767 2430 DICAS.
1811 2364 1957 2427 SIT.
2004 2367 2182 2430 TIBI.
2229 2373 2516 2436 TERRA.
2563 2377 2810 2441 LEVIS.

129 2496 284 2552 Vide
314 2499 373 2553 et
400 2493 548 2552 alias
578 2492 946 2564 similes,imo
978 2491 1112 2566 plus
1133 2487 1579 2546 adversantibus
1609 2482 1793 2541 Musis
1822 2480 1878 2545 A
1977 2482 2202 2539 Priamo
2228 2488 2401 2542 vitam
2428 2490 2628 2546 evitari
2652 2492 2746 2556 [an
2776 2492 2972 2565 potius
2991 2492 3257 2567 evirariﬂ

134 2589 453 2659 conceptas
485 2585 640 2658 apud
671 2583 945 2639 eumdem
975 2581 1314 2637 Fabrettum
1347 2594 1475 2650 cap.
1509 2577 1564 2643 4,
1595 2591 1652 2647 p.
1685 2574 1791 2629 329

130 2675 373 2744 418,419
403 2677 461 2731 et
490 2674 613 2731 42L
646 2674 790 2729 Vide
823 2671 996 2728 etiam
1018 2669 1383 2744 epitaphium
1413 2665 1556 2722 Boni
1578 2681 1789 2721 consu-

131 2764 210 2822 lis
222 2768 279 2821 et
308 2761 781 2836 ducisNeapolis,
811 2759 1137 2834 quisazculo
1162 2757 1377 2815 Christi
1398 2772 1550 2812 nono
1572 2753 1787 2820 ﬂoruit,

133 2859 299 2910 torno
332 2852 382 2908 II
410 2852 542 2907 Rer.
584 2850 975 2923 Italicar,pag.
1011 2849 1139 2906 342.
1172 2850 1361 2920 Atque
1404 2846 1689 2902 hactenus
1719 2843 1790 2899 de

135 2940 435 3014 rhythmis
465 2939 819 2996 hexametris
849 2942 907 2994 et
934 2937 1332 3011 pentametris.

203 3029 379 3086 Hisce
411 3045 567 3085 nunc
602 3026 998 3101 subjungendi
1042 3023 1491 3097 endecasyllabi,
1545 3023 1790 3078 dodeca-

124 3116 361 3191 syllabi,
421 3115 839 3191 heptasyllahi,
893 3120 1027 3183 etc.,
1061 3114 1160 3188 qui
1189 3114 1249 3169 in
1304 3129 1413 3168 usu
1446 3113 1607 3167 fuere
1636 3109 1790 3182 apud

124 3211 380 3263 veteres.
415 3206 576 3270 Quod
608 3210 665 3261 et
698 3203 1001 3261 lubentius
1035 3202 1204 3271 facio,
1238 3219 1373 3258 cum
1396 3201 1531 3257 inde
1562 3197 1792 3273 potissi-

132 3312 305 3352 mum
336 3293 599 3366 exempla
628 3310 873 3350 suorum
904 3292 1233 3349 carminum
1279 3288 1552 3347 derivarit
1582 3286 1792 3343 Italicae

125 3383 391 3457 vulgaris
421 3382 632 3457 linguai
663 3382 877 3455 poesis.
906 3381 1076 3446 Quod
1121 3385 1431 3452 antequam
1465 3376 1793 3442 ostendam,

132 3476 311 3546 juvat
340 3472 589 3529 alterum
622 3470 985 3544 rbythmicee,
1033 3469 1152 3525 imo
1184 3473 1241 3525 et
1268 3468 1521 3525 metricae
1555 3481 1795 3540 poeseos

134 3564 323 3619 ritum
355 3559 824 3618 vetustissimum
857 3559 916 3615 in
951 3558 1210 3615 medium
1255 3558 1479 3613 afferre.
1515 3556 1665 3611 Sunt
1693 3552 1795 3625 qui

129 3650 377 3708 credant
401 3649 493 3707 vel
525 3649 673 3723 ipsis
705 3648 849 3707 olim
876 3648 1154 3705 Romanis
1213 3652 1270 3703 et
1300 3646 1515 3703 Graecis
1567 3646 1797 3717 gratam

129 3740 317 3796 fuisse
328 3737 775 3797 consonantium
788 3736 1144 3810 syllabarum
1159 3733 1799 3807 modulationem(nunc

1967 2572 2116 2627 lovis
2145 2590 2303 2630 aram
2331 2580 2601 2649 sanguine
2626 2583 2864 2653 turpari.

1901 2658 2083 2716 Hosce
2113 2662 2289 2719 etiam
2323 2664 2743 2736 (alienosne,an
2768 2670 3341 2743 suos,ignoro,)idem
3358 2671 3555 2732 Cicero

1898 2746 1959 2803 in
1988 2750 2190 2807 eadem
2223 2753 2558 2811 Tusculana
2586 2764 3010 2816 commemorat
3034 2778 3049 2817 :

1972 2838 2176 2895 Caelum
2196 2842 2477 2912 nitescere,
2502 2848 2722 2903 arbores
2751 2849 3109 2920 frondescere,

1978 2929 2116 2985 Vites
2146 2930 2376 3003 laetiﬁca:
2400 2938 2683 3007 pampinis
2705 2938 3016 3009 pubescere,

1972 3016 2131 3072 Rami
2160 3019 2450 3077 baccarum
2474 3025 2718 3082 ubertate
2750 3028 3139 3085 incurvescere.

1899 3103 2130 3163 Similes
2143 3112 2337 3165 autem
2351 3112 2728 3183 antiquorum
2752 3131 2955 3171 versus
2976 3116 3036 3172 in
3052 3133 3181 3173 eam
3194 3117 3545 3176 sententiam

1901 3192 2215 3251 Stilianum
2234 3197 2610 3271 induxerunt,
2652 3203 2724 3258 de
2746 3207 2869 3261 arte
2895 3204 3258 3261 versificandi
3280 3206 3545 3263 scriben-

1901 3286 2040 3351 tem,
2078 3289 2139 3341 ut
2165 3285 2278 3341 sibi
2311 3290 2711 3363 persuaderet,
2743 3292 3052 3365 rhythmos
3080 3294 3259 3365 (nunc
3306 3296 3358 3351 le
3383 3296 3548 3369 rime)

1904 3370 2129 3427 meliori
2160 3373 2288 3446 ipso
2320 3377 2659 3434 Latinorum
2713 3380 2925 3437 εωουιο
2973 3385 3289 3456 usurpatas
3341 3383 3544 3441 fuisse.

1903 3461 2072 3528 Nam,
2105 3466 2169 3517 ut
2189 3462 2239 3519 is
2269 3465 2776 3541 scribit,Virgilius
2806 3468 2907 3526 lib.
2931 3487 3013 3543 vi,
3040 3487 3189 3530 vers.
3224 3472 3331 3530 165
3353 3473 3547 3530 Ensi-

1904 3550 2011 3605 dos
2040 3550 2254 3607 habet:

1977 3641 2102 3694 IEre
2121 3641 2268 3697 ciere
2294 3646 2464 3715 viros,
2494 3646 2827 3721 Martemque
2860 3650 3148 3708 accendere
3174 3655 3362 3709 cantu.

1905 3727 1973 3782 Et
1996 3727 2233 3787 Ovidius

132 3831 283 3885 n’ma
310 3827 703 3903 appellamus,
735 3843 1014 3884 conversa
1057 3842 1195 3881 voce
1226 3823 1509 3897 rhythmus
1538 3822 1598 3880 in
1628 3822 1794 3894 rima)
1831 3844 1880 3911 B
1912 3818 2117 3911 _‘Q_uot
2135 3820 2335 3911 caelum
2363 3824 2569 3894 stellas,
2597 3831 2679 3882 tot
2708 3826 2866 3885 habet
2893 3836 2988 3885 tua
3015 3833 3187 3886 Roma
3208 3830 3446 3903 puellas.

130 3920 191 3975 in
225 3919 345 3974 line
376 3918 667 3991 praecipue
687 3932 962 3973 versuum
986 3913 1404 3988 quaesitamﬁta
1418 3916 1484 3969 ut
1504 3916 1800 3986 postrema
1831 3906 1872 3911 —
1912 3906 1982 3962 Et
2009 3907 2377 3981 Propertius:

130 4023 343 4063 versus
371 4010 472 4063 aut
502 4005 750 4062 membri
781 4004 1006 4077 syllaba
1035 4007 1342 4076 postremae
1389 4000 1801 4074 subsequentis

133 4093 741 4168 responderet.Poetis
764 4093 909 4166 ipsis
931 4091 1598 4164 hujusmodiverborum
1623 4088 1799 4145 collo-

133 4183 311 4253 catio,
346 4183 465 4239 sive
491 4184 702 4257 ﬁgura,
743 4180 1040 4254 placuisse
1100 4180 1301 4237 fertur.
1366 4184 1533 4236 Certe
1580 4177 1803 4252 placuit

133 4271 494 4341 oratoribus,
526 4273 669 4328 dum
700 4275 896 4327 tamen
929 4286 1100 4343 parce
1132 4269 1527 4325 adhiberetur.
1554 4276 1801 4340 θ’μοιοτι-

145 4369 332 4418 λευτον
356 4359 536 4416 ϐνωοί
553 4360 803 4432 ﬁguram
820 4359 972 4415 hanc
997 4357 1396 4431 appellarunt:
1434 4356 1802 4413 Similiterca-

139 4450 280 4505 dens
308 4448 464 4505 idem
496 4448 718 4505 Latinis
750 4448 879 4505 fuit.
931 4445 1261 4519 Pervulgati
1300 4449 1439 4501 sunt
1484 4445 1599 4500 duo
1628 4443 1802 4499 Tullii

58 4542 63 4549 ’
133 4554 347 4595 versus
403 4555 437 4593 a
486 4536 878 4603 Quinctiliano
936 4534 1243 4592 memorati
1294 4533 1442 4591 libro
1490 4532 1801 4589 undecimo

134 4644 271 4701 cap.
301 4627 512 4700 primo,
547 4643 695 4700 quos
725 4630 922 4684 tamen
958 4624 1127 4682 multi
1162 4640 1228 4681 eo
1280 4639 1518 4697 quoque
1574 4622 1801 4679 vivente

133 4714 377 4771 irrisere
402 4733 414 4772 :

218 4804 423 4860 Cedant
452 4822 506 4860 at
517 4822 609 4860 ma
637 4806 796 4877 togae.
833 4803 1135 4861 Concedent
1165 4804 1358 4859 laurea
1391 4802 1613 4874 linguae.

219 4893 260 4947 0
290 4895 631 4963 fortunatam
656 4901 849 4949 natam
877 4909 963 4950 me
991 4894 1211 4949 consule
1243 4895 1507 4949 Romam!

218 4980 402 5038 Varro
434 4998 667 5055 quoque
710 4982 769 5039 in
799 4992 931 5056 τάφη
960 4990 1208 5040 Μενίππου
1240 5004 1251 5039 :

215 5069 398 5140 Neque
427 5071 832 5145 orthophallica
860 5073 1047 5129 attulit
1068 5071 1363 5142 psalteria,

220 5159 429 5226 Quibus
457 5168 653 5222 sanant
678 5163 741 5217 in
772 5161 979 5217 Graecia
1006 5160 1259 5229 dicteria;

219 5247 330 5316 Qui
354 5248 678 5319 fabularum
702 5250 967 5307 collocant
986 5248 1231 5306 exordia.

135 5334 252 5391 Hic
280 5336 481 5392 exodia
515 5338 894 5395 scribendum
926 5354 1075 5394 reor.
1110 5338 1231 5393 Imo
1262 5341 1320 5393 et
1365 5333 1805 5392 vetustissimus

140 5423 375 5481 Ennius
406 5424 569 5482 hisce
595 5425 918 5484 delectatus
942 5426 1318 5483 videtur.l-Ios
1330 5424 1487 5483 enim
1505 5422 1666 5481 illius
1687 5440 1808 5481 ver-

141 5528 256 5570 sus
283 5512 466 5571 refert
490 5513 687 5573 Cicero
718 5516 779 5572 in
811 5516 1049 5573 Tuscul.
1078 5532 1095 5573 ι
1120 5532 1133 5574 :
1174 5526 1178 5531 '

214 5600 342 5664 Eae
368 5606 558 5665 omnia
586 5604 703 5664 vidi
726 5606 1089 5679 inﬂammari,

470 5730 738 5800 Panos.
783 5730 929 5799 CLI.

1979 3996 2097 4051 Non
2125 4011 2232 4052 non
2264 3999 2501 4054 humani
2525 4008 2657 4057 sunt
2677 4005 2870 4073 partus
2899 4004 3035 4060 talia
3062 4004 3226 4062 dona.

2052 4086 2159 4141 Ista
2187 4086 2351 4142 deum
2378 4103 2586 4145 menses
2614 4105 2726 4147 non
2747 4106 3042 4163 perperere
3068 4093 3226 4151 bona.

1911 4174 1999 4228 Ita
2029 4173 2325 4244 Horatius,
2359 4180 2434 4232 De
2465 4182 2587 4234 arte
2617 4179 2878 4252 poetica:

1980 4264 2099 4319 Non
2118 4266 2256 4320 satis
2284 4270 2365 4321 est
2386 4267 2620 4338 pulchra
2667 4285 2783 4326 esse
2826 4276 3113 4343 poemata:
3163 4270 3349 4328 dulcia
3374 4278 3557 4339 sunto,

1982 4354 2044 4408 Et
2072 4370 2408 4429 quacunque
2434 4358 2635 4429 volent,
2666 4362 2922 4417 animum
2949 4361 3219 4420 auditoris
3244 4368 3467 4435 agunto.

1909 4440 1994 4497 Ita
2022 4446 2078 4497 et
2105 4444 2406 4501 Ausonius
2430 4446 2496 4501 in
2523 4447 2664 4521 Idyl.
2699 4466 2770 4505 ηε

1988 4532 2073 4586 Vel
2103 4535 2214 4588 tria
2238 4537 2473 4605 potanti,
2501 4538 2583 4593 vel
2606 4545 2686 4594 ter
2714 4540 2824 4595 tria
2843 4539 3261 4614 multiplicanti.

1980 4619 2091 4673 Sed
2122 4622 2616 4681 versiﬁcatoribus
2642 4627 2901 4701 antiquis
2928 4629 3023 4685 vix
3043 4629 3170 4686 fieri
3198 4628 3392 4701 potuit
3414 4628 3559 4701 quin

1910 4708 2202 4778 ejusmodi
2232 4726 2436 4767 versus
2466 4712 2759 4771 interdum
2785 4717 3324 4786 exciderent,etiam
3346 4716 3429 4774 nil
3447 4716 3560 4775 tale

1909 4796 2332 4868 cogitantibus:
2368 4815 2434 4853 ac
2465 4801 2709 4871 proinde
2738 4804 2985 4862 minime
3014 4822 3108 4862 me
3137 4806 3212 4862 iis
3241 4821 3560 4880 opponam,

1911 4882 2009 4956 qui
2040 4884 2164 4941 haec
2195 4885 2390 4958 potius
2419 4904 2560 4944 casu
2592 4906 2771 4961 quam
2803 4896 2926 4948 arte
2956 4897 3115 4962 nata,
3146 4892 3265 4950 sive
3291 4893 3561 4952 consulto

1910 4973 2082 5042 facta,
2106 4979 2402 5030 censeant.
2434 4979 2706 5034 Attamen
2742 4996 2877 5036 cum
2937 4981 3266 5038 oratoribus
3294 4999 3412 5039 non
3441 4983 3564 5040 dis-

1910 5060 2188 5135 plicuisse
2240 5064 2485 5120 dixerim
2540 5073 2937 5138 ὁμοιοτέλιυτον,
2968 5085 3085 5125 non
3143 5074 3233 5125 est
3262 5070 3567 5143 prefracte

1916 5152 2251 5225 negandum
2283 5152 2425 5225 quin
2457 5158 2515 5210 et
2544 5160 2724 5228 poeta:
2783 5158 2986 5214 eadem
3049 5158 3239 5233 figura
3288 5157 3565 5216 delectari

1916 5242 2270 5315 quandoque
2302 5244 2618 5316 potuerint.
2649 5247 2729 5301 Ac
2771 5247 3062 5320 praecipue
3116 5247 3320 5304 rustici
3351 5251 3411 5305 et
3432 5248 3562 5305 vul-

1913 5346 2102 5405 gares,
2137 5348 2388 5405 quorum
2413 5335 2655 5392 auribus
2684 5335 2908 5409 gratior
2936 5337 3196 5395 accidere
3244 5337 3436 5413 potuit
3469 5354 3564 5396 vo-

1915 5436 2051 5476 cum
2079 5424 2481 5481 consonantia.
2513 5424 2635 5481 Nisi
2662 5429 2749 5482 tot
2772 5424 3030 5498 rhythmi
3055 5430 3112 5482 et
3141 5428 3404 5484 carmina
3440 5427 3565 5502 ple-

1915 5508 2180 5567 beiorum
2199 5517 2502 5585 poetarum
2520 5514 2621 5570 invi
2643 5513 2803 5571 illius
2827 5512 3159 5588 periissent,
3172 5516 3418 5574 fortasse
3438 5516 3566 5590 plus

1916 5614 2011 5659 res
2039 5616 2246 5662 versus
2266 5617 2335 5661 ex
2364 5602 2527 5664 Latio
2557 5602 2685 5695 ipso
2722 5602 2934 5682 petitos
2978 5601 3249 5663 similiter
3293 5605 3563 5668 cadentes
3596 5632 3603 5637 π
