3984 6166
388 254 508 316 779

1123 255 1314 320 SIEC.
1359 254 1443 318 XI
1482 254 1713 318 AUCT.
1758 243 2075 314 INCERTI
2117 242 2307 312 ANNI
2349 244 2452 312 ΕΤ
2495 250 2794 313 SCRIPT.
2842 250 3067 305 tuam.

3676 242 3805 306 780

389 385 764 444 haberemus.
798 384 968 445 Paria
989 404 1222 462 quoque
1260 387 1413 460 apud
1441 387 1666 443 Graecos
1695 386 2030 452 occurrunt,
2060 382 2118 451 Α
2217 383 2320 438 Ner
2345 384 2530 437 minus
2558 384 2617 437 in
2646 383 2817 438 sacris
2846 382 3038 437 melico
3065 394 3312 437 sermone
3340 378 3571 435 Leonem

390 474 451 531 ui
480 475 541 531 in
571 475 941 552 Anthologia,
993 480 1052 534 et
1081 477 1220 533 alibi
1268 475 1493 547 visitur.
1543 475 1694 531 Sunt
1721 473 1900 531 etiam
1933 471 2035 546 qui

390 564 663 624 Hebraeos
686 570 897 639 putant
908 566 966 622 in
977 566 1137 640 poesi
1149 582 1257 623 sua
1269 563 1605 638 quaesivisse
1617 564 1784 637 paria
1803 562 2034 619 aurium

392 653 962 723 oblectamenta,sive
992 654 1051 711 in
1078 653 1286 715 mediis
1315 652 1802 721 versibus,sivein
1832 668 2035 708 eorum

391 742 713 801 clausulis:
748 744 902 815 quod
945 742 1323 816 potissimum
1356 760 1390 799 a
1447 740 1773 799 clarissimo
1831 740 2036 796 Huetio

392 833 752 890 afﬁrmatum
781 831 1044 889 video.Et
1073 832 1288 889 saneid
1318 830 1641 905 persentias
1672 829 1733 886 in
1764 829 2037 903 rhythmo

394 921 692 990 llebraico,
727 938 902 994 quem
934 921 994 977 in
1025 921 1261 979 Davidis
1284 921 1518 978 laudem
1551 919 1809 976 cecinere
1838 918 2039 974 mulie-

392 1026 507 1076 rcs,
539 1013 595 1066 et
621 1026 726 1083 ego
757 1028 940 1084 supra
968 1010 1158 1068 attuli.
1193 1011 1304 1067 Sed
1336 1014 1394 1066 et
1449 1009 1817 1065 clarissimus
1856 1007 1945 1063 vir
1974 1008 2035 1063 P.

392 1097 784 1156 Martinaceus
798 1099 1124 1158 monachus
1147 1101 1332 1156 Bened
1344 1099 1480 1155 ictin
1491 1116 1558 1153 us
1571 1096 2039 1172 congregationis

393 1187 590 1246 Sancti
611 1187 797 1244 Mauri
817 1188 877 1245 in
902 1188 1334 1262 Prolegomenis
1356 1188 1426 1243 ad
1449 1186 1707 1242 divinam
1722 1183 2036 1241 Bibliothe-

392 1293 522 1334 cam
546 1276 729 1334 sancti
753 1277 1109 1351 Hieronymi,
1134 1276 1378 1351 prolatis
1400 1275 1681 1348 exemplis
1702 1274 1959 1330 ostendit
1980 1274 2037 1330 in

394 1366 621 1422 cantico
673 1365 1132 1435 Deuteronomii,
1184 1369 1361 1439 atque
1390 1365 1449 1421 in
1483 1363 1731 1420 Threnis
1776 1364 2040 1419 Jeremize

396 1453 564 1527 rbyth
577 1471 701 1511 mos
732 1472 1056 1522 occurrere,
1080 1455 1188 1511 hoc
1218 1460 1306 1512 est
1336 1455 1395 1511 in
1421 1455 1533 1510 fine
1555 1456 1912 1509 commatum
1937 1469 2038 1525 pa-

396 1559 519 1599 rem
553 1543 709 1600 vocis
751 1543 1163 1615 desinentiam.
1219 1543 1425 1601 Verum
1486 1540 1937 1599 controversiam
1970 1541 2040 1595 de

395 1631 769 1688 Hebraeorum
791 1633 951 1704 poesi
971 1632 1102 1689 aliis
1117 1631 1346 1689 dimitto
1368 1650 1381 1700 ;
1406 1631 1673 1687 fortassis
1690 1633 1746 1686 et
1764 1630 1821 1686 in
1844 1628 2044 1701 aliqua
2076 1692 2097 1705 ἢ

397 1720 664 1791 ejusdem
684 1720 811 1776 loca
828 1720 1154 1777 similitudo
1177 1738 1386 1777 vocum
1408 1737 1570 1788 casu,
1604 1735 1719 1774 non
1752 1722 1874 1774 arte
1899 1717 2042 1772 irre-
2075 1750 2121 1816 Β

397 1808 534 1882 psit.
567 1809 897 1866 Praesertim
919 1825 1053 1867 vero
1074 1809 1397 1867 barbaricis
1428 1807 1658 1864 saeculis
1689 1824 1819 1863 mos
1838 1806 2042 1862 fuitle-

399 1896 692 1955 nociniam
723 1898 834 1955 hoc
855 1897 981 1955 suis
998 1902 1125 1954 tum
1147 1897 1593 1969 rhythmis,tum
1615 1897 1817 1952 metris
1843 1895 2048 1967 adjun-

399 2003 555 2060 gere.
590 1987 773 2055 Quod,
804 1987 887 2043 uti
922 1986 1188 2059 conjicio,
1223 1986 1542 2059 praestitere
1586 1984 1827 2049 indocti,
1860 1990 1925 2039 ut
1956 1983 2046 2039 his

401 2075 609 2132 saltem
637 2073 892 2148 phaleris
922 2080 1236 2148 pensarent
1264 2073 1651 2147 quantitatem
1683 2073 1899 2144 pedum
1930 2088 1964 2127 a
1985 2088 2047 2127 se

402 2162 726 2236 neglectam
752 2179 764 2218 :
785 2162 939 2220 docti
958 2166 1249 2229 autem,ut
1265 2161 1538 2218 similiter
1552 2162 1826 2217 cadentes
1845 2176 2048 2217 versus

400 2250 630 2308 facilius
660 2269 695 2308 a
723 2249 940 2325 populo
975 2250 1255 2307 memoria
1285 2249 1698 2306 retinerentur.
1750 2249 1816 2304 Et
1858 2249 2047 2322 primo

400 2339 826 2415 quidemlevem
842 2340 991 2396 hanc
1006 2338 1421 2396 modulationis
1433 2340 1703 2395 umbram
1718 2341 2051 2394 statuerunt

397 2429 461 2486 in
494 2447 611 2486 una
638 2446 840 2509 versus
866 2429 1090 2501 syllaba
1122 2433 1440 2501 postrema,
1475 2426 1568 2482 cui
1617 2443 1874 2483 consona
1904 2426 2051 2482 foret

399 2524 697 2591 postrema
712 2516 1259 2590 subsequentis,aut
1272 2514 1728 2588 subsqucntium
1752 2531 2045 2571 versuum.

401 2607 760 2678 Quandoque
790 2605 969 2662 etiam
1001 2605 1207 2661 alterni
1237 2620 1444 2661 versus
1465 2602 1575 2659 sibi
1601 2603 2047 2676 respondebant.

403 2693 567 2759 Quod
598 2694 648 2750 si
663 2693 724 2749 in
750 2692 1050 2766 dactylum
1064 2691 1370 2748 desinebat
1392 2690 1893 2757 versus,nonnulli
1914 2707 2049 2746 con-

401 2798 640 2838 suevere
669 2781 984 2854 postremis
1006 2780 1240 2836 duabus
1269 2778 1511 2852 syllabis
1565 2795 1735 2852 pares
1764 2780 1824 2834 in
1855 2795 2051 2835 succe-

401 2870 676 2927 dentibus
706 2869 974 2927 versibus
1004 2867 1574 2941 collocare.Denique
1599 2883 1666 2924 eo
1692 2884 1783 2924 res
1803 2868 2055 2925 deducta

402 2963 511 3029 est,
539 2964 604 3016 ut
631 2959 692 3015 in
725 2959 840 3015 fine
869 2974 1076 3015 versus
1118 2956 1365 3031 geminae
1425 2957 1661 3029 integrze
1715 2955 1970 3029 syllabae,
2002 2956 2052 3012 si

401 3048 574 3121 longe
596 3046 1020 3116 forent,litteris
1044 3063 1109 3102 ac
1127 3046 1324 3102 sonitu
1344 3045 1767 3118 responderent
1787 3044 2052 3102 versibus

402 3136 938 3209 subsequentibus:
970 3139 1088 3191 tres
1116 3150 1252 3191 vero
1302 3133 1537 3207 syllabae
1593 3132 1718 3205 pari
1752 3134 1925 3190 modo
1956 3149 2047 3190 re-

400 3226 778 3300 sponderent,
810 3224 860 3281 si
891 3222 1216 3298 penultima
1243 3239 1448 3280 versus
1478 3221 1668 3279 brevis
1688 3226 1935 3290 esset,ut
1962 3226 2053 3279 est

402 3316 463 3372 in
493 3314 743 3388 dactylo.
776 3314 959 3380 Quem
989 3329 1214 3371 morem
1262 3329 1553 3385 accepere,
1585 3316 1643 3369 et
1671 3312 1863 3369 adhuc
1913 3313 2051 3368 reti-

404 3409 546 3462 nent
571 3403 830 3478 vulgaris
858 3402 1073 3476 linguae
1106 3405 1318 3459 nostra;
1350 3406 1552 3474 poetae.

472 3492 696 3549 Versus
725 3494 923 3548 autem
953 3491 1014 3546 in
1053 3490 1267 3562 quibus
1297 3489 1407 3545 hoc
1436 3494 1801 3562 postremum
1832 3498 2052 3562 ὁμοιοτέ-

402 3589 600 3649 λιυτον,
627 3580 750 3636 sive
773 3581 1037 3635 similiter
1063 3578 1654 3649 cadens,occurrebat,
1706 3578 2052 3651 praecedenti

402 3684 546 3726 sane
574 3668 822 3741 gratius,
854 3667 916 3722 in
947 3682 1117 3722 aures
1146 3665 1455 3721 hominum
1488 3666 1811 3735 incurrens,
1835 3668 2052 3723 Leonici

403 3756 545 3813 olim
568 3752 1032 3828 appellabantur.
1056 3755 1171 3810 Cur
1191 3753 1276 3810 sic
1296 3752 1513 3809 fuerint
1535 3753 1809 3826 appellati
1828 3756 2056 3828 ignora-

401 3845 484 3901 vit
503 3844 762 3918 Scaliger
788 3842 1001 3899 Poetic.
1024 3841 1125 3898 lib.
1150 3859 1213 3911 ιι,
1237 3857 1362 3913 cap.
1394 3843 1467 3897 29
1512 3842 1844 3915 Stephanus
1869 3843 2053 3900 Guaz-

401 3934 529 3990 zius
560 3950 595 3990 a
622 3933 809 4003 cauda
846 3931 1032 3989 leonis
1060 3931 1144 3987 ita
1173 3935 1545 4003 nuncupatos
1576 3930 1770 4004 inepte
1800 3931 2050 3989 censuit.

403 4023 664 4079 Renatus
691 4022 952 4087 Moreau,
985 4020 1251 4077 medicus
1280 4018 1712 4092 parisiensis,in
1741 4019 2053 4077 Commen-

400 4114 513 4167 tar.
546 4112 621 4166 ad
641 4109 908 4166 Scholam
941 4107 1290 4180 Salernitan.
1322 4111 1380 4164 et
1407 4108 1485 4163 du
1515 4108 1771 4176 Cangius
1799 4108 1859 4164 in
1884 4108 2051 4165 Glos-

404 4204 520 4257 'sar.
554 4198 784 4266 Latino,
815 4213 914 4253 eos
970 4198 1334 4253 arbitrantur
1379 4199 1460 4253 sic
1520 4200 1664 4268 forte
1712 4202 2053 4270 nuncupatos

402 4277 543 4360 quod
573 4287 783 4343 inventi
802 4288 1017 4357 fuerint
1046 4302 1080 4341 α
1108 4285 1341 4357 quodam
1370 4286 1545 4340 Leone
1562 4287 1742 4356 poeta,
1785 4287 1882 4356 qui
1907 4287 2052 4341 circa

402 4380 647 4447 tempora
702 4369 964 4429 Ludovici
1017 4375 1103 4429 VII
1127 4374 1209 4428 vel
1264 4372 1514 4444 Philippi
1558 4373 1807 4443 Augusti,
1864 4388 2054 4445 regum

402 4464 677 4531 Franciw,
704 4463 866 4517 vixit.
899 4460 1077 4517 Addit
1104 4460 1257 4516 idem
1288 4462 1363 4517 du
1396 4460 1649 4534 Cangius
1678 4460 1831 4518 hanc
1876 4463 2050 4520 etiam
2079 4482 2128 4548 ι)

401 4552 587 4609 fuisse
608 4549 956 4607 sententiam
979 4549 1260 4621 Stephani
1283 4549 1581 4606 Paschasii
1604 4550 1706 4606 lib.
1736 4568 1836 4619 vn,
1860 4553 2045 4625 cap.2,

398 4638 808 4713 Disquisition.
846 4637 1169 4695 Francicar.
1201 4638 1301 4711 qui
1334 4638 1731 4712 perelegantes
1759 4640 2047 4712 quosdam

396 4730 581 4803 hujus
599 4727 807 4785 Leonis
819 4732 997 4800 poetae
1020 4743 1225 4784 versus
1235 4726 1596 4800 produxit.In
1616 4729 1882 4785 eamdem
1905 4746 2048 4802 quo-

396 4835 511 4892 que
543 4818 880 4892 opinionem
905 4815 1196 4873 concessit
1216 4815 1597 4872 doctissimus
1618 4815 2049 4890 Papebrochius

392 4909 456 4965 in
483 4908 884 4965 Act.Sanctor.
915 4906 989 4963 ad
1024 4906 1177 4961 diem
1212 4905 1438 4977 IJunii,
1464 4908 1521 4960 in
1554 4906 1683 4962 Vita
1713 4916 2048 4963 sanctorum

394 4997 657 5054 Gratiani
685 5000 743 5054 et
771 4994 979 5064 Felini,
1012 4995 1334 5051 arbitratus
1351 4995 1655 5067 duntaxat,
1678 4994 1748 5051 ad
1773 5010 2049 5052 summam

388 5089 781 5159 perfectin
807 5085 1091 5142 adductos
1122 5083 1306 5141 fuisse
1362 5100 1461 5140 eos
1516 5099 1720 5141 versus
1767 5101 1802 5141 a
1858 5085 2046 5140 Leone

393 5173 615 5230 Gallico
646 5179 816 5247 poeta
843 5170 1054 5230 saeculo
1085 5173 1450 5229 duodecimo.
1488 5172 1559 5228 Et
1588 5173 1846 5244 profecto
1884 5172 2046 5245 Egi-

394 5261 530 5316 dius
558 5261 906 5318 Parisiensis
961 5262 1116 5334 apud
1148 5262 1226 5316 du
1286 5260 1604 5317 Chesnium
1636 5264 1796 5316 tomo
1838 5260 2045 5332 quinto

396 5347 671 5423 Scriptor.
708 5348 932 5418 Franc.,
986 5366 1115 5423 pag.
1152 5349 1277 5418 323,
1333 5348 1486 5404 inter
1515 5347 1659 5405 alios
1716 5351 1921 5421 poetas
1952 5349 2044 5406 sui

393 5435 698 5507 temporis,
730 5436 839 5495 hoc
869 5442 959 5495 est
986 5440 1059 5497 ab
1117 5455 1270 5497 anno
1302 5437 1430 5495 1191
1488 5437 1561 5497 ad
1592 5436 1731 5495 “98
1786 5453 2042 5497 comme-

394 5526 587 5595 morat
604 5542 623 5584 ε

2215 470 2508 528 Ludentem
2535 470 2804 528 historiis.

2219 615 2375 670 Idem
2406 618 2604 671 autem
2637 613 2734 670 ille
2750 618 2840 671 est
2859 612 2960 686 qui
2980 614 3060 669 du
3073 611 3291 685 Cangio
3306 628 3374 669 ac
3403 609 3811 685 Papebrochio

2147 703 2443 770 laudatur,
2458 707 2525 759 ut
2540 703 2786 776 proinde
2797 719 2914 759 non
2936 704 3090 771 recte
3108 699 3288 758 veluti
3308 700 3569 757 diversos
3590 704 3809 772 poetas

2144 791 2320 848 hosce
2340 792 2557 863 putarit
2589 790 2939 864 Polycarpus
2954 791 3239 863 Leyserus
3260 788 3320 844 in
3355 788 3807 861 Histor.poetar-

2146 880 2327 936 medii
2362 879 2492 945 aevi,
2526 895 2690 935 num.
2721 881 2794 934 79
2846 883 2906 934 et
2931 879 3021 934 95.
3057 876 3442 934 Doctissimus
3497 875 3805 949 quondam

2146 967 2371 1024 amicus
2402 983 2568 1023 meus
2594 967 2657 1022 D.
2693 968 2918 1040 Gaspar
2942 967 3208 1022 Berettus
3235 964 3807 1032 Benedictimus,sa:-

2147 1056 2282 1130 pius
2312 1055 2457 1112 mihi
2489 1054 2598 1111 hoc
2633 1054 2693 1111 in
2724 1071 2898 1128 opere
2926 1054 3227 1123 laudatus,
3260 1055 3331 1110 de
3366 1052 3631 1110 Leoninis
3666 1069 3807 1109 ver-

2146 1146 2314 1201 sibus
2334 1144 2509 1200 verba
2535 1144 2669 1199 fecit
2688 1144 2748 1199 in
2779 1142 3180 1216 Prolegomen.
3212 1142 3282 1198 ad
3303 1140 3565 1198 tabulam
3586 1141 3805 1198 choro-

2147 1234 2487 1307 graphicum
2519 1249 2697 1305 quam
2723 1231 2880 1288 edidi
2909 1238 3069 1288 tomo
3098 1230 3145 1286 Χ
3179 1230 3394 1286 Rerum
3420 1229 3670 1286 Italicar.
3708 1230 3805 1286 lbi

2149 1340 2312 1377 num.
2343 1324 2433 1385 62,
2464 1337 2594 1394 pag.
2628 1322 2755 1393 H7,
2787 1324 3004 1388 censet,
3036 1321 3304 1376 Leoninos
3332 1335 3515 1376 versus
3542 1318 3605 1375 in
3630 1318 3805 1375 Italia

2146 1414 2245 1467 vix
2270 1420 2388 1482 post
2416 1410 2917 1466 Northmannorum
2946 1409 3240 1464 adventum
3277 1409 3527 1480 componi
3554 1409 3798 1479 aepisse,

2149 1500 2257 1555 hoc
2287 1504 2377 1555 est
2408 1499 2619 1556 saeculo
2649 1497 2860 1554 Christi
2914 1497 3244 1553 undecimo.
3276 1499 3468 1569 Atque
3497 1495 3640 1552 adeo
3668 1502 3799 1551 tum

2150 1587 2269 1653 ille,
2301 1594 2427 1644 tum
2461 1580 2911 1660 Papebrochius,
2946 1585 3259 1654 Eccardus,
3303 1591 3361 1642 et
3389 1582 3511 1654 alii,
3545 1584 3803 1658 inscrip-

2150 1678 2340 1733 tiones
2371 1676 2682 1748 quasdam,
2736 1675 3114 1748 antiquorum
3144 1671 3494 1731 saeculorum
3525 1673 3803 1741 creditas,

2152 1765 2385 1822 nonnisi
2420 1770 2550 1838 post
2606 1780 2824 1820 annum
2857 1762 3201 1820 Christiana:
3257 1779 3385 1819 aeris
3417 1762 3806 1820 millesimum

2154 1855 2445 1911 confectas
2475 1856 2825 1919 statuerunt,
2867 1852 3024 1925 quod
3071 1850 3340 1909 Leoninis
3370 1851 3639 1909 versibus
3665 1868 3808 1908 con-

2154 1946 2536 2008 starentQuae
2571 1959 2700 1998 mea
2729 1941 2787 1998 in
2817 1941 2971 1998 hanc
2990 1956 3113 1998 rem
3138 1941 3428 1998 sententia
3449 1939 3807 2014 sit,denique

2156 2032 2334 2088 lector
2364 2030 2629 2103 accipiat.
2662 2030 2855 2087 Primo
2886 2035 3109 2087 certum
3138 2034 3334 2087 statuo
3353 2046 3631 2087 versuum
3650 2045 3809 2101 quos

2155 2123 2420 2178 Leoninos
2450 2120 2676 2191 antiqui
2711 2123 3146 2192 nuncuparunt,
3179 2136 3287 2176 nos
3316 2121 3463 2175 versi
3488 2120 3683 2175 rimati
3710 2135 3813 2192 ap—

2156 2207 2466 2281 pellamus,
2496 2206 2781 2279 originem
2813 2223 2916 2264 seu
2970 2207 3368 2264 inventionem
3427 2222 3810 2281 nequaquam

2158 2297 2529 2353 tribuendam
2561 2313 2689 2353 esse
2724 2297 2899 2353 Leoni
2931 2296 3149 2362 illi,seu
3183 2297 3397 2353 Leonio
3428 2302 3608 2369 poeta:
3644 2295 3811 2352 Pari-

2158 2386 2335 2442 siensi
2362 2392 2419 2441 et
2451 2385 2735 2441 monacho
2776 2384 3151 2441 Benedictino
3208 2384 3547 2441 monasterii
3604 2384 3813 2441 Sancti

2157 2474 2431 2541 Victoris,
2465 2474 2564 2546 qui
2599 2474 2831 2530 circiter
2859 2490 3081 2530 annum
3132 2472 3347 2530 Christi
3391 2473 3551 2544 4091,
3586 2474 3813 2529 lloruit.

2160 2563 2242 2619 uti
2272 2566 2631 2618 censuerunt
2654 2562 2731 2617 du
2764 2562 3042 2636 Cangius,
3073 2561 3331 2618 Jacobus
3359 2561 3725 2630 Perizonius,
3759 2565 3823 2617 et

2159 2650 2277 2707 alii.
2315 2651 2735 2707 Praecesserant
2777 2650 2959 2717 enim,
2992 2650 3095 2723 qui
3142 2649 3487 2723 hujusmodi
3539 2649 3822 2706 versibus

2160 2739 2442 2807 luserant,
2475 2740 2594 2795 sive
2622 2738 2950 2812 rhythmos,
3002 2739 3122 2796 sive
3154 2742 3340 2796 metra
3393 2742 3822 2812 componentes

2159 2828 2380 2884 Deinde
2409 2844 2483 2884 an
2514 2827 2690 2884 istam
2732 2826 2941 2884 saltem
2991 2828 3360 2885 versificandi
3394 2828 3677 2884 rationem
3714 2826 3823 2883 ille

2159 2915 2487 2990 perfecerit,
2519 2916 2806 2973 incertum
2836 2915 3030 2973 adhuc
3068 2932 3196 2973 esse
3251 2916 3559 2973 contendo.
3590 2915 3733 2985 Sed,
3765 2914 3825 2971 si

2159 3005 2399 3077 quidem
2429 3004 2675 3078 gloriam
2698 3003 2957 3077 aliquam
2988 3004 3048 3060 in
3071 3003 3239 3060 illum
3270 3005 3533 3061 conferre
3561 3002 3823 3060 velimus

2079 3116 2123 3184 ρ
2161 3093 2387 3167 Opinari
2422 3093 2510 3184 fas
2539 3092 2650 3149 erit
2677 3098 2781 3149 aut
2794 3093 2866 3184 ab
2894 3092 3381 3184 eoelucubratum
3401 3092 3581 3184 fuisse
3601 3107 3825 3184 poema

2162 3186 2284 3239 tam
2314 3181 2668 3238 concinnum
2699 3186 2757 3238 et
2783 3180 3488 3254 elegans,verborumque
3515 3180 3627 3237 sibi
3656 3180 3823 3237 invi-

2160 3287 2284 3328 cem
2337 3270 2817 3344 respondentium
2847 3274 3135 3328 concentu
3155 3286 3455 3338 sonorum,
3487 3272 3554 3325 ut
3572 3284 3733 3325 unus
3754 3269 3819 3326 in

2161 3358 2547 3416 admiratione
2578 3358 2779 3432 populi
2805 3362 2988 3429 esset;
3022 3363 3126 3416 aut
3152 3358 3236 3416 ita
3264 3375 3365 3416 eos
3392 3374 3597 3415 versus
3618 3362 3821 3416 conte-

2159 3447 2380 3515 xuisse,
2414 3451 2480 3503 ut
2507 3464 2846 3520 quanquam
2879 3447 3122 3522 longum
3178 3463 3329 3521 opus
3359 3446 3690 3516 confecerit,
3756 3448 3820 3504 in

2160 3535 2443 3594 clausulis
2473 3539 2668 3592 tamen
2697 3553 2977 3594 versuum
3024 3541 3371 3611 perpetuum
3425 3536 3716 3606 ordinem,
3748 3553 3821 3593 ac

2158 3627 2420 3683 similiter
2474 3626 2673 3683 cadens
2730 3625 2983 3682 duarum
3041 3625 3399 3700 syllabarum
3473 3625 3817 3692 servaverit,

2161 3716 2318 3787 quod
2348 3715 2594 3772 fortasse
2623 3731 2795 3772 nemo
2826 3719 2960 3772 ante
2997 3732 3131 3771 eum
3162 3715 3329 3789 plene
3386 3714 3576 3773 fuerat
3628 3731 3821 3773 ausus

2162 3803 2332 3875 Nam,
2365 3808 2431 3859 ut
2459 3804 2736 3877 praefatus
2786 3821 2942 3874 sum,
3002 3804 3268 3879 plerique
3297 3809 3556 3862 veterum
3586 3804 3646 3861 in
3694 3822 3823 3863 una

2162 3892 2770 3966 syllaba,consonante
2795 3909 2929 3949 cum
2962 3891 3165 3963 altera,
3195 3897 3543 3950 concentum
3569 3909 3819 3951 suorum

2161 3980 2575 4054 rhythmorum
2607 3984 2709 4038 aut
2738 3985 3059 4039 metrorum
3102 3980 3481 4040 collocarunt.
3542 3982 3819 4056 Plerique

2162 4069 2340 4126 etiam
2372 4087 2487 4126 non
2520 4071 2581 4125 in
2614 4070 2729 4126 tino
2754 4071 3123 4145 geminorum
3152 4071 3558 4140 versuum,sed
3586 4071 3649 4128 in
3678 4070 3813 4144 ipso

2161 4175 2331 4215 versu
2345 4158 2536 4231 (cujus
2551 4158 2809 4232 primum
2825 4160 3154 4217 membrum
3168 4160 3550 4234 subsequenti
3565 4175 3815 4234 respon-

2161 4247 2356 4317 debat)
2382 4247 2531 4303 hanc
2560 4246 2794 4304 aurium
2811 4248 3257 4306 oblectationem
3274 4247 3814 4322 conquisiere.Qua

2160 4336 2359 4391 omnia
2388 4335 2669 4409 exemplis
2690 4337 3100 4393 confirmatum
3132 4354 3220 4394 eo.

2231 4425 2351 4481 Sub
2383 4425 2561 4482 tinem
2592 4425 2835 4483 saeculia
2862 4425 3089 4483 Christo
3118 4430 3256 4483 nato
3278 4424 3424 4483 sexti
3446 4424 3648 4482 ﬂoruit
3670 4442 3817 4483 san-

2159 4516 2287 4570 ctus
2317 4513 2737 4584 Columbanus,
2767 4513 3184 4572 celeberrimus
3215 4514 3313 4571 ille
3356 4514 3661 4571 Bobiensis
3689 4532 3818 4572 cm-

2157 4602 2317 4658 nobii
2348 4603 2666 4659 institutor.
2697 4603 2856 4659 Inter
2884 4604 3013 4676 ejus
3034 4604 3223 4678 Opera
3250 4603 3465 4677 legitur
3491 4602 3816 4677 rhythmus

2157 4692 2231 4748 De
2258 4693 2502 4748 vanitate
2530 4691 2784 4761 vitae,ubi
2815 4690 3125 4765 plerosque
3153 4709 3356 4749 versus
3383 4699 3813 4765 ὀμοιοτέλευτους,

2157 4779 2474 4836 cernimus.
2503 4779 2764 4853 Exempli
2795 4797 3010 4838 causa:

2228 4923 2623 4995 Di/ierentibus
2655 4925 2824 4981 vitam
2850 4939 2998 4980 mors
3028 4926 3239 4982 incerta
3263 4926 3497 4997 surripit
3521 4941 3537 4981 :

2228 5011 2422 5068 Omnes
2448 5012 2727 5084 superbos,
2760 5028 2922 5083 vagos
2948 5029 3150 5071 maeror
3178 5016 3375 5071 mortis
3403 5015 3658 5087 corripit,
3689 5018 3806 5073 sto.

2224 5099 2483 5172 Plerique
2506 5102 2749 5173 perpessi
2775 5105 2904 5157 sunt
2924 5118 3217 5174 paenarum
3244 5101 3529 5172 incendia,

2232 5190 2536 5247 Voluntatis
2566 5191 2793 5248 lubricae
2820 5191 3063 5249 nolentes
3091 5192 3400 5265 dispendia,
3421 5196 3532 5251 etc.

2154 5348 2429 5422 Reliquos
2449 5350 2674 5408 omitto.
2698 5351 2806 5418 Qui
2828 5369 2969 5411 sane
2989 5354 3040 5411 si
3052 5353 3480 5414 Columbanum
3496 5359 3801 5417 auctorem

2152 5438 2390 5509 habent,
2423 5439 2899 5513 antiquissimam
2930 5443 3191 5515 praabent
3218 5458 3496 5503 versuum
3525 5445 3804 5511 similiter

2151 5528 2486 5592 cadentium
2515 5530 2785 5592 formam.
2812 5531 2905 5592 Sic
2933 5531 3088 5595 inter
3115 5532 3304 5611 Opera
3326 5534 3490 5599 Beda
3518 5533 3803 5625 leguntur
