  <div class='ocr_page' id='page_1' title='image "/cluster/home/n/w/nwhite01/storage/ocr_20150623/151/hvd.32044054760095/396.png"; bbox 0 0 3982 6172; ppageno 0'>
   <div class='ocr_carea' id='block_1_1' title="bbox 192 295 314 360">
    <p class='ocr_par' dir='ltr' id='par_1_1' title="bbox 192 295 314 360">
     <span class='ocr_line' id='line_1_1' title="bbox 192 295 314 360; baseline 0 -3"><span class='ocrx_word' id='word_1_1' title='bbox 192 295 314 360; x_wconf 75' lang='grc'>781.</span> 
     </span>
    </p>
   </div>
   <div class='ocr_carea' id='block_1_2' title="bbox 189 515 1206 589">
    <p class='ocr_par' dir='ltr' id='par_1_2' title="bbox 189 515 1206 589">
     <span class='ocr_line' id='line_1_2' title="bbox 189 515 1206 589; baseline -0.005 -15"><span class='ocrx_word' id='word_1_2' title='bbox 189 522 424 574; x_wconf 85' lang='lat' dir='ltr'>centum</span> <span class='ocrx_word' id='word_1_3' title='bbox 450 515 641 571; x_wconf 84' lang='lat' dir='ltr'>audis.</span> <span class='ocrx_word' id='word_1_4' title='bbox 663 516 890 571; x_wconf 88' lang='lat' dir='ltr'>Priores</span> <span class='ocrx_word' id='word_1_5' title='bbox 921 515 1169 589; x_wconf 82' lang='lat' dir='ltr'>accipito</span> <span class='ocrx_word' id='word_1_6' title='bbox 1194 532 1206 569; x_wconf 91' lang='lat'>:</span> 
     </span>
    </p>
   </div>
   <div class='ocr_carea' id='block_1_3' title="bbox 188 623 1586 679">
    <p class='ocr_par' dir='ltr' id='par_1_3' title="bbox 188 623 1586 679">
     <span class='ocr_line' id='line_1_3' title="bbox 188 623 1586 679; baseline -0.001 0"><span class='ocrx_word' id='word_1_7' title='bbox 188 624 490 679; x_wconf 79' lang='lat' dir='ltr'>Adventum</span> <span class='ocrx_word' id='word_1_8' title='bbox 509 623 731 677; x_wconf 84' lang='lat' dir='ltr'>Domini</span> <span class='ocrx_word' id='word_1_9' title='bbox 758 637 867 677; x_wconf 87' lang='lat' dir='ltr'>non</span> <span class='ocrx_word' id='word_1_10' title='bbox 895 626 975 678; x_wconf 85' lang='lat' dir='ltr'>est</span> <span class='ocrx_word' id='word_1_11' title='bbox 1001 623 1275 679; x_wconf 84' lang='lat' dir='ltr'>celebrare</span> <span class='ocrx_word' id='word_1_12' title='bbox 1306 624 1586 678; x_wconf 81' lang='lat' dir='ltr'>Decembri</span> 
     </span>
    </p>
   </div>
   <div class='ocr_carea' id='block_1_4' title="bbox 184 710 1839 784">
    <p class='ocr_par' dir='ltr' id='par_1_4' title="bbox 184 710 1839 784">
     <span class='ocr_line' id='line_1_4' title="bbox 184 710 1839 784; baseline -0.002 -16"><span class='ocrx_word' id='word_1_13' title='bbox 184 713 312 769; x_wconf 87' lang='lat' dir='ltr'>Post</span> <span class='ocrx_word' id='word_1_14' title='bbox 342 719 526 769; x_wconf 84' lang='lat' dir='ltr'>ternas</span> <span class='ocrx_word' id='word_1_15' title='bbox 554 712 754 776; x_wconf 81' lang='lat' dir='ltr'>Nonas,</span> <span class='ocrx_word' id='word_1_16' title='bbox 789 727 962 784; x_wconf 82' lang='lat' dir='ltr'>neque</span> <span class='ocrx_word' id='word_1_17' title='bbox 991 713 1211 782; x_wconf 83' lang='lat' dir='ltr'>quintus</span> <span class='ocrx_word' id='word_1_18' title='bbox 1257 718 1384 767; x_wconf 84' lang='lat' dir='ltr'>ante</span> <span class='ocrx_word' id='word_1_19' title='bbox 1410 710 1697 777; x_wconf 75' lang='lat' dir='ltr'>Kalendas,</span> <span class='ocrx_word' id='word_1_20' title='bbox 1730 713 1839 766; x_wconf 85' lang='lat' dir='ltr'>etc.</span> 
     </span>
    </p>
   </div>
   <div class='ocr_carea' id='block_1_5' title="bbox 185 816 1843 889">
    <p class='ocr_par' dir='ltr' id='par_1_5' title="bbox 185 816 1843 889">
     <span class='ocr_line' id='line_1_5' title="bbox 185 816 1843 889; baseline -0.004 -14"><span class='ocrx_word' id='word_1_21' title='bbox 185 819 299 875; x_wconf 87' lang='lat' dir='ltr'>Sed</span> <span class='ocrx_word' id='word_1_22' title='bbox 331 821 389 875; x_wconf 90' lang='lat' dir='ltr'>et</span> <span class='ocrx_word' id='word_1_23' title='bbox 418 821 660 874; x_wconf 90' lang='lat' dir='ltr'>sanctus</span> <span class='ocrx_word' id='word_1_24' title='bbox 689 816 1026 872; x_wconf 83' lang='lat' dir='ltr'>Bonifacius</span> <span class='ocrx_word' id='word_1_25' title='bbox 1046 816 1428 889; x_wconf 79' lang='lat' dir='ltr'>Moguntinus</span> <span class='ocrx_word' id='word_1_26' title='bbox 1455 817 1765 889; x_wconf 89' lang='lat' dir='ltr'>episcopus</span> <span class='ocrx_word' id='word_1_27' title='bbox 1786 819 1843 870; x_wconf 89' lang='lat' dir='ltr'>et</span> 
     </span>
    </p>
   </div>
   <div class='ocr_carea' id='block_1_6' title="bbox 183 904 1841 980">
    <p class='ocr_par' dir='ltr' id='par_1_6' title="bbox 183 904 1841 980">
     <span class='ocr_line' id='line_1_6' title="bbox 183 904 1841 980; baseline -0.003 -17"><span class='ocrx_word' id='word_1_28' title='bbox 183 909 428 980; x_wconf 87' lang='lat' dir='ltr'>martyr,</span> <span class='ocrx_word' id='word_1_29' title='bbox 460 922 641 978; x_wconf 83' lang='lat' dir='ltr'>supra</span> <span class='ocrx_word' id='word_1_30' title='bbox 669 905 815 961; x_wconf 88' lang='lat' dir='ltr'>mihi</span> <span class='ocrx_word' id='word_1_31' title='bbox 848 905 1219 971; x_wconf 81' lang='lat' dir='ltr'>laudatus,in</span> <span class='ocrx_word' id='word_1_32' title='bbox 1250 904 1499 977; x_wconf 86' lang='lat' dir='ltr'>epistola</span> <span class='ocrx_word' id='word_1_33' title='bbox 1520 904 1841 977; x_wconf 81' lang='lat' dir='ltr'>prima,cir-</span> 
     </span>
    </p>
   </div>
   <div class='ocr_carea' id='block_1_7' title="bbox 186 994 1845 1066">
    <p class='ocr_par' dir='ltr' id='par_1_7' title="bbox 186 994 1845 1066">
     <span class='ocr_line' id='line_1_7' title="bbox 186 994 1845 1066; baseline -0.003 -13"><span class='ocrx_word' id='word_1_34' title='bbox 186 996 334 1054; x_wconf 88' lang='lat' dir='ltr'>citer</span> <span class='ocrx_word' id='word_1_35' title='bbox 361 1012 580 1052; x_wconf 85' lang='lat' dir='ltr'>annum</span> <span class='ocrx_word' id='word_1_36' title='bbox 610 996 718 1049; x_wconf 90' lang='lat'>780</span> <span class='ocrx_word' id='word_1_37' title='bbox 749 994 1447 1066; x_wconf 79' lang='lat' dir='ltr'>conscripta,rhythmum</span> <span class='ocrx_word' id='word_1_38' title='bbox 1482 995 1845 1062; x_wconf 85' lang='lat' dir='ltr'>ell‘udit,con-</span> 
     </span>
    </p>
   </div>
   <div class='ocr_carea' id='block_1_8' title="bbox 188 1083 1039 1144">
    <p class='ocr_par' dir='ltr' id='par_1_8' title="bbox 188 1083 1039 1144">
     <span class='ocr_line' id='line_1_8' title="bbox 188 1083 1039 1144; baseline -0.005 -2"><span class='ocrx_word' id='word_1_39' title='bbox 188 1086 352 1144; x_wconf 89' lang='lat' dir='ltr'>sonis</span> <span class='ocrx_word' id='word_1_40' title='bbox 380 1084 623 1142; x_wconf 84' lang='lat' dir='ltr'>vocibus</span> <span class='ocrx_word' id='word_1_41' title='bbox 654 1083 1001 1139; x_wconf 88' lang='lat' dir='ltr'>distinctum</span> <span class='ocrx_word' id='word_1_42' title='bbox 1026 1100 1039 1138; x_wconf 89' lang='lat'>:</span> 
     </span>
    </p>
   </div>
   <div class='ocr_carea' id='block_1_9' title="bbox 655 1172 1360 1244">
    <p class='ocr_par' dir='ltr' id='par_1_9' title="bbox 655 1172 1360 1244">
     <span class='ocr_line' id='line_1_9' title="bbox 655 1172 1360 1244; baseline 0 -19"><span class='ocrx_word' id='word_1_43' title='bbox 655 1173 798 1239; x_wconf 79' lang='lat' dir='ltr'>Vale,</span> <span class='ocrx_word' id='word_1_44' title='bbox 829 1174 1008 1244; x_wconf 77' lang='lat' dir='ltr'>frater</span> <span class='ocrx_word' id='word_1_45' title='bbox 1034 1172 1360 1242; x_wconf 77' lang='lat' dir='ltr'>ﬂorentibus</span> 
     </span>
    </p>
   </div>
   <div class='ocr_carea' id='block_1_10' title="bbox 651 1261 1350 1317">
    <p class='ocr_par' dir='ltr' id='par_1_10' title="bbox 651 1261 1350 1317">
     <span class='ocr_line' id='line_1_10' title="bbox 651 1261 1350 1317; baseline -0.003 0"><span class='ocrx_word' id='word_1_46' title='bbox 651 1262 961 1317; x_wconf 75' lang='lat' dir='ltr'>Iuventutis</span> <span class='ocrx_word' id='word_1_47' title='bbox 989 1278 1112 1317; x_wconf 89' lang='lat' dir='ltr'>cum</span> <span class='ocrx_word' id='word_1_48' title='bbox 1140 1261 1350 1316; x_wconf 77' lang='lat' dir='ltr'>viribus</span> 
     </span>
    </p>
   </div>
   <div class='ocr_carea' id='block_1_11' title="bbox 654 1351 1349 1420">
    <p class='ocr_par' dir='ltr' id='par_1_11' title="bbox 654 1351 1349 1420">
     <span class='ocr_line' id='line_1_11' title="bbox 654 1351 1349 1420; baseline -0.003 -14"><span class='ocrx_word' id='word_1_49' title='bbox 654 1352 716 1407; x_wconf 86' lang='lat' dir='ltr'>Ut</span> <span class='ocrx_word' id='word_1_50' title='bbox 745 1352 944 1420; x_wconf 81' lang='lat' dir='ltr'>ﬂorens</span> <span class='ocrx_word' id='word_1_51' title='bbox 974 1367 1100 1405; x_wconf 85' lang='lat' dir='ltr'>cum</span> <span class='ocrx_word' id='word_1_52' title='bbox 1120 1351 1349 1405; x_wconf 88' lang='lat' dir='ltr'>Domino</span> 
     </span>
    </p>
   </div>
   <div class='ocr_carea' id='block_1_12' title="bbox 646 1440 1397 1511">
    <p class='ocr_par' dir='ltr' id='par_1_12' title="bbox 646 1440 1397 1511">
     <span class='ocr_line' id='line_1_12' title="bbox 646 1440 1397 1511; baseline -0.004 -16"><span class='ocrx_word' id='word_1_53' title='bbox 646 1441 709 1495; x_wconf 89' lang='lat' dir='ltr'>In</span> <span class='ocrx_word' id='word_1_54' title='bbox 739 1440 1071 1511; x_wconf 82' lang='lat' dir='ltr'>sempiterno</span> <span class='ocrx_word' id='word_1_55' title='bbox 1098 1440 1257 1506; x_wconf 88' lang='lat' dir='ltr'>solio,</span> <span class='ocrx_word' id='word_1_56' title='bbox 1287 1443 1397 1493; x_wconf 89' lang='lat' dir='ltr'>etc.</span> 
     </span>
    </p>
   </div>
   <div class='ocr_carea' id='block_1_13' title="bbox 179 1552 1844 1627">
    <p class='ocr_par' dir='ltr' id='par_1_13' title="bbox 179 1552 1844 1627">
     <span class='ocr_line' id='line_1_13' title="bbox 179 1552 1844 1627; baseline -0.002 -16"><span class='ocrx_word' id='word_1_57' title='bbox 179 1560 331 1611; x_wconf 87' lang='lat' dir='ltr'>Tum</span> <span class='ocrx_word' id='word_1_58' title='bbox 362 1555 421 1611; x_wconf 91' lang='lat' dir='ltr'>in</span> <span class='ocrx_word' id='word_1_59' title='bbox 443 1554 691 1627; x_wconf 88' lang='lat' dir='ltr'>epistola</span> <span class='ocrx_word' id='word_1_60' title='bbox 718 1555 792 1609; x_wconf 76' lang='lat'>69</span> <span class='ocrx_word' id='word_1_61' title='bbox 822 1554 1087 1610; x_wconf 81' lang='lat' dir='ltr'>carmina</span> <span class='ocrx_word' id='word_1_62' title='bbox 1117 1558 1370 1626; x_wconf 81' lang='lat' dir='ltr'>quatuor</span> <span class='ocrx_word' id='word_1_63' title='bbox 1399 1552 1663 1624; x_wconf 80' lang='lat' dir='ltr'>ejusdem</span> <span class='ocrx_word' id='word_1_64' title='bbox 1700 1552 1844 1608; x_wconf 79' lang='lat' dir='ltr'>refe-</span> 
     </span>
    </p>
   </div>
   <div class='ocr_carea' id='block_1_14' title="bbox 186 1641 1847 1716">
    <p class='ocr_par' dir='ltr' id='par_1_14' title="bbox 186 1641 1847 1716">
     <span class='ocr_line' id='line_1_14' title="bbox 186 1641 1847 1716; baseline -0.003 -16"><span class='ocrx_word' id='word_1_65' title='bbox 186 1642 678 1716; x_wconf 87' lang='lat' dir='ltr'>runtur,geminis</span> <span class='ocrx_word' id='word_1_66' title='bbox 693 1642 960 1699; x_wconf 85' lang='lat' dir='ltr'>versibus</span> <span class='ocrx_word' id='word_1_67' title='bbox 972 1642 1151 1699; x_wconf 85' lang='lat' dir='ltr'>simili</span> <span class='ocrx_word' id='word_1_68' title='bbox 1166 1659 1309 1698; x_wconf 88' lang='lat' dir='ltr'>sono</span> <span class='ocrx_word' id='word_1_69' title='bbox 1334 1641 1847 1714; x_wconf 81' lang='lat' dir='ltr'>respondentibus,</span> 
     </span>
    </p>
   </div>
   <div class='ocr_carea' id='block_1_15' title="bbox 183 1728 1846 1804">
    <p class='ocr_par' dir='ltr' id='par_1_15' title="bbox 183 1728 1846 1804">
     <span class='ocr_line' id='line_1_15' title="bbox 183 1728 1846 1804; baseline -0.002 -15"><span class='ocrx_word' id='word_1_70' title='bbox 183 1732 290 1789; x_wconf 87' lang='lat' dir='ltr'>sed</span> <span class='ocrx_word' id='word_1_71' title='bbox 320 1732 405 1789; x_wconf 90' lang='lat' dir='ltr'>ita</span> <span class='ocrx_word' id='word_1_72' title='bbox 434 1735 518 1801; x_wconf 89' lang='lat' dir='ltr'>ut,</span> <span class='ocrx_word' id='word_1_73' title='bbox 542 1748 882 1804; x_wconf 83' lang='lat' dir='ltr'>quanquam</span> <span class='ocrx_word' id='word_1_74' title='bbox 917 1731 1033 1787; x_wconf 81' lang='lat' dir='ltr'>fere</span> <span class='ocrx_word' id='word_1_75' title='bbox 1066 1747 1298 1803; x_wconf 82' lang='lat' dir='ltr'>semper</span> <span class='ocrx_word' id='word_1_76' title='bbox 1328 1728 1595 1803; x_wconf 82' lang='lat' dir='ltr'>dactylus</span> <span class='ocrx_word' id='word_1_77' title='bbox 1611 1745 1846 1785; x_wconf 90' lang='lat' dir='ltr'>versum</span> 
     </span>
    </p>
   </div>
   <div class='ocr_carea' id='block_1_16' title="bbox 185 1792 1928 1893">
    <p class='ocr_par' dir='ltr' id='par_1_16' title="bbox 185 1792 1928 1893">
     <span class='ocr_line' id='line_1_16' title="bbox 185 1792 1928 1893; baseline -0.003 -15"><span class='ocrx_word' id='word_1_78' title='bbox 185 1792 581 1893; x_wconf 72' lang='lat' dir='ltr'>claudat,duae</span> <span class='ocrx_word' id='word_1_79' title='bbox 611 1792 840 1877; x_wconf 74' lang='lat' dir='ltr'>tantum</span> <span class='ocrx_word' id='word_1_80' title='bbox 864 1825 1171 1893; x_wconf 65' lang='lat' dir='ltr'>postremae</span> <span class='ocrx_word' id='word_1_81' title='bbox 1195 1792 1439 1891; x_wconf 75' lang='lat' dir='ltr'>syllabas</span> <span class='ocrx_word' id='word_1_82' title='bbox 1464 1792 1686 1875; x_wconf 74' lang='lat' dir='ltr'>similes</span> <span class='ocrx_word' id='word_1_83' title='bbox 1708 1818 1846 1873; x_wconf 89' lang='lat' dir='ltr'>sint.</span> <span class='ocrx_word' id='word_1_84' title='bbox 1881 1792 1928 1856; x_wconf 78' lang='grc' dir='ltr'><strong>Β</strong></span> 
     </span>
    </p>
   </div>
   <div class='ocr_carea' id='block_1_17' title="bbox 186 1909 802 1983">
    <p class='ocr_par' dir='ltr' id='par_1_17' title="bbox 186 1909 802 1983">
     <span class='ocr_line' id='line_1_17' title="bbox 186 1909 802 1983; baseline -0.005 -16"><span class='ocrx_word' id='word_1_85' title='bbox 186 1910 504 1983; x_wconf 90' lang='lat' dir='ltr'>Specimen</span> <span class='ocrx_word' id='word_1_86' title='bbox 536 1909 764 1982; x_wconf 85' lang='lat' dir='ltr'>profero</span> <span class='ocrx_word' id='word_1_87' title='bbox 789 1927 802 1964; x_wconf 92' lang='lat'>:</span> 
     </span>
    </p>
   </div>
   <div class='ocr_carea' id='block_1_18' title="bbox 654 1998 1375 2055">
    <p class='ocr_par' dir='ltr' id='par_1_18' title="bbox 654 1998 1375 2055">
     <span class='ocr_line' id='line_1_18' title="bbox 654 1998 1375 2055; baseline -0.004 -1"><span class='ocrx_word' id='word_1_88' title='bbox 654 2001 945 2055; x_wconf 83' lang='lat' dir='ltr'>Summum</span> <span class='ocrx_word' id='word_1_89' title='bbox 975 2004 1209 2052; x_wconf 81' lang='lat' dir='ltr'>sutorem</span> <span class='ocrx_word' id='word_1_90' title='bbox 1233 1998 1375 2052; x_wconf 79' lang='lat' dir='ltr'>solio</span> 
     </span>
    </p>
   </div>
   <div class='ocr_carea' id='block_1_19' title="bbox 658 2086 1371 2157">
    <p class='ocr_par' dir='ltr' id='par_1_19' title="bbox 658 2086 1371 2157">
     <span class='ocr_line' id='line_1_19' title="bbox 658 2086 1371 2157; baseline 0 -18"><span class='ocrx_word' id='word_1_91' title='bbox 658 2086 809 2142; x_wconf 85' lang='lat' dir='ltr'>Sedet</span> <span class='ocrx_word' id='word_1_92' title='bbox 839 2087 935 2157; x_wconf 90' lang='lat' dir='ltr'>qui</span> <span class='ocrx_word' id='word_1_93' title='bbox 960 2102 1061 2157; x_wconf 86' lang='lat' dir='ltr'>per</span> <span class='ocrx_word' id='word_1_94' title='bbox 1092 2086 1371 2152; x_wconf 60' lang='lat' dir='ltr'>a&#39;thralia,</span> 
     </span>
    </p>
   </div>
   <div class='ocr_carea' id='block_1_20' title="bbox 655 2174 1254 2246">
    <p class='ocr_par' dir='ltr' id='par_1_20' title="bbox 655 2174 1254 2246">
     <span class='ocr_line' id='line_1_20' title="bbox 655 2174 1254 2246; baseline -0.002 -17"><span class='ocrx_word' id='word_1_95' title='bbox 655 2176 694 2229; x_wconf 86' lang='lat' dir='ltr'><em>A</em></span> <span class='ocrx_word' id='word_1_96' title='bbox 709 2176 774 2230; x_wconf 84' lang='lat' dir='ltr'>lti</span> <span class='ocrx_word' id='word_1_97' title='bbox 802 2175 1011 2246; x_wconf 78' lang='lat' dir='ltr'>olympi</span> <span class='ocrx_word' id='word_1_98' title='bbox 1036 2174 1254 2229; x_wconf 82' lang='lat' dir='ltr'>arcibus</span> 
     </span>
    </p>
   </div>
   <div class='ocr_carea' id='block_1_21' title="bbox 660 2262 1479 2329">
    <p class='ocr_par' dir='ltr' id='par_1_21' title="bbox 660 2262 1479 2329">
     <span class='ocr_line' id='line_1_21' title="bbox 660 2262 1479 2329; baseline -0.002 -11"><span class='ocrx_word' id='word_1_99' title='bbox 660 2262 980 2323; x_wconf 81' lang='lat' dir='ltr'>Obvallatus</span> <span class='ocrx_word' id='word_1_100' title='bbox 1005 2262 1334 2329; x_wconf 74' lang='lat' dir='ltr'>minacibus,</span> <span class='ocrx_word' id='word_1_101' title='bbox 1369 2266 1479 2316; x_wconf 93' lang='lat' dir='ltr'>etc.</span> 
     </span>
    </p>
   </div>
   <div class='ocr_carea' id='block_1_22' title="bbox 184 2377 1849 2450">
    <p class='ocr_par' dir='ltr' id='par_1_22' title="bbox 184 2377 1849 2450">
     <span class='ocr_line' id='line_1_22' title="bbox 184 2377 1849 2450; baseline -0.002 -14"><span class='ocrx_word' id='word_1_102' title='bbox 184 2381 273 2437; x_wconf 90' lang='lat' dir='ltr'>Ita</span> <span class='ocrx_word' id='word_1_103' title='bbox 302 2395 559 2448; x_wconf 87' lang='lat' dir='ltr'>vero,me</span> <span class='ocrx_word' id='word_1_104' title='bbox 592 2378 747 2436; x_wconf 90' lang='lat' dir='ltr'>Deus</span> <span class='ocrx_word' id='word_1_105' title='bbox 779 2378 1240 2450; x_wconf 85' lang='lat' dir='ltr'>amet,cuiquam</span> <span class='ocrx_word' id='word_1_106' title='bbox 1275 2377 1567 2433; x_wconf 80' lang='lat' dir='ltr'>dubitatio</span> <span class='ocrx_word' id='word_1_107' title='bbox 1613 2394 1849 2433; x_wconf 88' lang='lat' dir='ltr'>succur-</span> 
     </span>
    </p>
   </div>
   <div class='ocr_carea' id='block_1_23' title="bbox 186 2464 1852 2539">
    <p class='ocr_par' dir='ltr' id='par_1_23' title="bbox 186 2464 1852 2539">
     <span class='ocr_line' id='line_1_23' title="bbox 186 2464 1852 2539; baseline -0.004 -14"><span class='ocrx_word' id='word_1_108' title='bbox 186 2474 447 2536; x_wconf 83' lang='lat' dir='ltr'>ret,num</span> <span class='ocrx_word' id='word_1_109' title='bbox 478 2472 640 2524; x_wconf 86' lang='lat' dir='ltr'>tanta</span> <span class='ocrx_word' id='word_1_110' title='bbox 660 2471 921 2524; x_wconf 86' lang='lat' dir='ltr'>vetustas</span> <span class='ocrx_word' id='word_1_111' title='bbox 953 2466 1244 2539; x_wconf 87' lang='lat' dir='ltr'>ejusmodi</span> <span class='ocrx_word' id='word_1_112' title='bbox 1268 2465 1631 2522; x_wconf 80' lang='lat' dir='ltr'>carminibus</span> <span class='ocrx_word' id='word_1_113' title='bbox 1656 2466 1731 2519; x_wconf 86' lang='lat' dir='ltr'>sit</span> <span class='ocrx_word' id='word_1_114' title='bbox 1754 2464 1852 2519; x_wconf 84' lang='lat' dir='ltr'>tri-</span> 
     </span>
    </p>
   </div>
   <div class='ocr_carea' id='block_1_24' title="bbox 188 2554 1852 2627">
    <p class='ocr_par' dir='ltr' id='par_1_24' title="bbox 188 2554 1852 2627">
     <span class='ocr_line' id='line_1_24' title="bbox 188 2554 1852 2627; baseline -0.004 -11"><span class='ocrx_word' id='word_1_115' title='bbox 188 2558 668 2616; x_wconf 83' lang='lat' dir='ltr'>buendn.Verum</span> <span class='ocrx_word' id='word_1_116' title='bbox 699 2556 1007 2613; x_wconf 84' lang='lat' dir='ltr'>dubitandi</span> <span class='ocrx_word' id='word_1_117' title='bbox 1035 2555 1165 2611; x_wconf 83' lang='lat' dir='ltr'>linis</span> <span class='ocrx_word' id='word_1_118' title='bbox 1187 2554 1366 2611; x_wconf 88' lang='lat' dir='ltr'>eritsi</span> <span class='ocrx_word' id='word_1_119' title='bbox 1402 2556 1852 2627; x_wconf 69' lang='lat' dir='ltr'>{nliphonarium</span> 
     </span>
    </p>
   </div>
   <div class='ocr_carea' id='block_1_25' title="bbox 190 2643 1856 2717">
    <p class='ocr_par' dir='ltr' id='par_1_25' title="bbox 190 2643 1856 2717">
     <span class='ocr_line' id='line_1_25' title="bbox 190 2643 1856 2717; baseline -0.004 -13"><span class='ocrx_word' id='word_1_120' title='bbox 190 2649 582 2714; x_wconf 84' lang='lat' dir='ltr'>Benchorense,</span> <span class='ocrx_word' id='word_1_121' title='bbox 619 2663 653 2702; x_wconf 89' lang='lat' dir='ltr'>a</span> <span class='ocrx_word' id='word_1_122' title='bbox 682 2663 796 2714; x_wconf 90' lang='lat' dir='ltr'>me,</span> <span class='ocrx_word' id='word_1_123' title='bbox 830 2650 895 2701; x_wconf 90' lang='lat' dir='ltr'>ut</span> <span class='ocrx_word' id='word_1_124' title='bbox 924 2662 1103 2717; x_wconf 85' lang='lat' dir='ltr'>supra</span> <span class='ocrx_word' id='word_1_125' title='bbox 1123 2643 1262 2712; x_wconf 81' lang='lat' dir='ltr'>dixi,</span> <span class='ocrx_word' id='word_1_126' title='bbox 1290 2643 1625 2717; x_wconf 84' lang='lat' dir='ltr'>evulgatum</span> <span class='ocrx_word' id='word_1_127' title='bbox 1650 2660 1856 2698; x_wconf 89' lang='lat' dir='ltr'>consu-</span> 
     </span>
    </p>
   </div>
   <div class='ocr_carea' id='block_1_26' title="bbox 190 2731 1852 2807">
    <p class='ocr_par' dir='ltr' id='par_1_26' title="bbox 190 2731 1852 2807">
     <span class='ocr_line' id='line_1_26' title="bbox 190 2731 1852 2807; baseline -0.004 -17"><span class='ocrx_word' id='word_1_128' title='bbox 190 2733 459 2807; x_wconf 89' lang='lat' dir='ltr'>let,quod</span> <span class='ocrx_word' id='word_1_129' title='bbox 490 2737 642 2788; x_wconf 91' lang='lat' dir='ltr'>certe</span> <span class='ocrx_word' id='word_1_130' title='bbox 672 2731 882 2787; x_wconf 59' lang='lat' dir='ltr'>saeculo</span> <span class='ocrx_word' id='word_1_131' title='bbox 915 2731 1185 2804; x_wconf 85' lang='lat' dir='ltr'>septimo,</span> <span class='ocrx_word' id='word_1_132' title='bbox 1221 2735 1322 2785; x_wconf 90' lang='lat' dir='ltr'>aut</span> <span class='ocrx_word' id='word_1_133' title='bbox 1364 2746 1665 2786; x_wconf 90' lang='lat' dir='ltr'>summum</span> <span class='ocrx_word' id='word_1_134' title='bbox 1699 2734 1852 2785; x_wconf 88' lang='lat' dir='ltr'>octa-</span> 
     </span>
    </p>
   </div>
   <div class='ocr_carea' id='block_1_27' title="bbox 190 2818 1854 2890">
    <p class='ocr_par' dir='ltr' id='par_1_27' title="bbox 190 2818 1854 2890">
     <span class='ocr_line' id='line_1_27' title="bbox 190 2818 1854 2890; baseline -0.001 -15"><span class='ocrx_word' id='word_1_135' title='bbox 190 2839 291 2890; x_wconf 86' lang='lat' dir='ltr'>vo,</span> <span class='ocrx_word' id='word_1_136' title='bbox 326 2821 389 2876; x_wconf 87' lang='lat' dir='ltr'>in</span> <span class='ocrx_word' id='word_1_137' title='bbox 420 2839 531 2879; x_wconf 89' lang='lat' dir='ltr'>usu</span> <span class='ocrx_word' id='word_1_138' title='bbox 566 2820 679 2876; x_wconf 74' lang='lat' dir='ltr'>fuit</span> <span class='ocrx_word' id='word_1_139' title='bbox 710 2820 956 2875; x_wconf 85' lang='lat' dir='ltr'>celebris</span> <span class='ocrx_word' id='word_1_140' title='bbox 1006 2818 1168 2874; x_wconf 91' lang='lat' dir='ltr'>illius</span> <span class='ocrx_word' id='word_1_141' title='bbox 1200 2819 1542 2874; x_wconf 83' lang='lat' dir='ltr'>monasterii</span> <span class='ocrx_word' id='word_1_142' title='bbox 1564 2820 1621 2873; x_wconf 90' lang='lat' dir='ltr'>in</span> <span class='ocrx_word' id='word_1_143' title='bbox 1652 2819 1854 2874; x_wconf 81' lang='lat' dir='ltr'>Hiber-</span> 
     </span>
    </p>
   </div>
   <div class='ocr_carea' id='block_1_28' title="bbox 194 2906 1853 2976">
    <p class='ocr_par' dir='ltr' id='par_1_28' title="bbox 194 2906 1853 2976">
     <span class='ocr_line' id='line_1_28' title="bbox 194 2906 1853 2976; baseline -0.002 -10"><span class='ocrx_word' id='word_1_144' title='bbox 194 2910 299 2967; x_wconf 88' lang='lat' dir='ltr'>nia</span> <span class='ocrx_word' id='word_1_145' title='bbox 330 2911 522 2975; x_wconf 88' lang='lat' dir='ltr'>siti,ac</span> <span class='ocrx_word' id='word_1_146' title='bbox 553 2909 763 2966; x_wconf 87' lang='lat' dir='ltr'>deinde</span> <span class='ocrx_word' id='word_1_147' title='bbox 786 2908 845 2963; x_wconf 92' lang='lat' dir='ltr'>in</span> <span class='ocrx_word' id='word_1_148' title='bbox 886 2908 1228 2964; x_wconf 88' lang='lat' dir='ltr'>Bobiensem</span> <span class='ocrx_word' id='word_1_149' title='bbox 1250 2906 1853 2976; x_wconf 88' lang='lat' dir='ltr'>bibliothecam,deni-</span> 
     </span>
    </p>
   </div>
   <div class='ocr_carea' id='block_1_29' title="bbox 195 2994 1854 3072">
    <p class='ocr_par' dir='ltr' id='par_1_29' title="bbox 195 2994 1854 3072">
     <span class='ocr_line' id='line_1_29' title="bbox 195 2994 1854 3072; baseline -0.003 -17"><span class='ocrx_word' id='word_1_150' title='bbox 195 3016 315 3072; x_wconf 90' lang='lat' dir='ltr'>que</span> <span class='ocrx_word' id='word_1_151' title='bbox 346 2998 407 3053; x_wconf 91' lang='lat' dir='ltr'>in</span> <span class='ocrx_word' id='word_1_152' title='bbox 438 2996 886 3054; x_wconf 73' lang='lat' dir='ltr'>Ambrosianum</span> <span class='ocrx_word' id='word_1_153' title='bbox 918 2994 1279 3052; x_wconf 88' lang='lat' dir='ltr'>taanslatum</span> <span class='ocrx_word' id='word_1_154' title='bbox 1313 3000 1420 3051; x_wconf 89' lang='lat' dir='ltr'>est.</span> <span class='ocrx_word' id='word_1_155' title='bbox 1470 2995 1736 3051; x_wconf 86' lang='lat' dir='ltr'>Occurrit</span> <span class='ocrx_word' id='word_1_156' title='bbox 1773 2995 1854 3051; x_wconf 89' lang='lat' dir='ltr'>ibi</span> 
     </span>
    </p>
   </div>
   <div class='ocr_carea' id='block_1_30' title="bbox 194 3083 1849 3160">
    <p class='ocr_par' dir='ltr' id='par_1_30' title="bbox 194 3083 1849 3160">
     <span class='ocr_line' id='line_1_30' title="bbox 194 3083 1849 3160; baseline -0.002 -17"><span class='ocrx_word' id='word_1_157' title='bbox 194 3090 439 3160; x_wconf 78' lang='lat' dir='ltr'>hymnus</span> <span class='ocrx_word' id='word_1_158' title='bbox 467 3088 642 3141; x_wconf 79' lang='lat' dir='ltr'>sancti</span> <span class='ocrx_word' id='word_1_159' title='bbox 671 3085 924 3156; x_wconf 79' lang='lat' dir='ltr'>Comgilli</span> <span class='ocrx_word' id='word_1_160' title='bbox 954 3084 1011 3138; x_wconf 91' lang='lat' dir='ltr'>in</span> <span class='ocrx_word' id='word_1_161' title='bbox 1050 3083 1321 3155; x_wconf 87' lang='lat' dir='ltr'>strophas</span> <span class='ocrx_word' id='word_1_162' title='bbox 1347 3088 1562 3150; x_wconf 91' lang='lat' dir='ltr'>sectus,</span> <span class='ocrx_word' id='word_1_163' title='bbox 1597 3101 1849 3156; x_wconf 91' lang='lat' dir='ltr'>quarum</span> 
     </span>
    </p>
   </div>
   <div class='ocr_carea' id='block_1_31' title="bbox 1528 282 2266 359">
    <p class='ocr_par' dir='ltr' id='par_1_31' title="bbox 1528 282 2266 359">
     <span class='ocr_line' id='line_1_31' title="bbox 1528 282 2266 359; baseline -0.001 0"><span class='ocrx_word' id='word_1_164' title='bbox 1528 294 1832 358; x_wconf 84' lang='lat' dir='ltr'>RY&#39;I‘HMI</span> <span class='ocrx_word' id='word_1_165' title='bbox 1875 282 2266 359; x_wconf 75' lang='lat' dir='ltr'>VETERES.</span> 
     </span>
    </p>
   </div>
   <div class='ocr_carea' id='block_1_32' title="bbox 188 427 1926 500">
    <p class='ocr_par' dir='ltr' id='par_1_32' title="bbox 188 427 1926 500">
     <span class='ocr_line' id='line_1_32' title="bbox 188 427 1926 500; baseline -0.001 -17"><span class='ocrx_word' id='word_1_166' title='bbox 188 445 398 485; x_wconf 86' lang='lat' dir='ltr'>versus</span> <span class='ocrx_word' id='word_1_167' title='bbox 427 428 502 483; x_wconf 89' lang='lat' dir='ltr'>De</span> <span class='ocrx_word' id='word_1_168' title='bbox 520 427 759 499; x_wconf 86' lang='lat' dir='ltr'>computi</span> <span class='ocrx_word' id='word_1_169' title='bbox 780 427 1013 499; x_wconf 77' lang='lat' dir='ltr'>regulis,</span> <span class='ocrx_word' id='word_1_170' title='bbox 1044 428 1103 482; x_wconf 87' lang='lat' dir='ltr'>in</span> <span class='ocrx_word' id='word_1_171' title='bbox 1138 427 1303 500; x_wconf 88' lang='lat' dir='ltr'>queis</span> <span class='ocrx_word' id='word_1_172' title='bbox 1353 427 1667 483; x_wconf 85' lang='lat' dir='ltr'>Leoninum</span> <span class='ocrx_word' id='word_1_173' title='bbox 1699 444 1842 483; x_wconf 89' lang='lat' dir='ltr'>con-</span> <span class='ocrx_word' id='word_1_174' title='bbox 1872 430 1926 494; x_wconf 79' lang='grc' dir='ltr'>Α</span> 
     </span>
    </p>
   </div>
   <div class='ocr_carea' id='block_1_33' title="bbox 3470 290 3591 352">
    <p class='ocr_par' dir='ltr' id='par_1_33' title="bbox 3470 290 3591 352">
     <span class='ocr_line' id='line_1_33' title="bbox 3470 290 3591 352; baseline 0.025 -4"><span class='ocrx_word' id='word_1_175' title='bbox 3470 290 3591 352; x_wconf 71' lang='grc'>’182</span> 
     </span>
    </p>
   </div>
   <div class='ocr_carea' id='block_1_34' title="bbox 2414 424 3110 497">
    <p class='ocr_par' dir='ltr' id='par_1_34' title="bbox 2414 424 3110 497">
     <span class='ocr_line' id='line_1_34' title="bbox 2414 424 3110 497; baseline -0.001 -16"><span class='ocrx_word' id='word_1_176' title='bbox 2414 428 2595 481; x_wconf 77' lang='lat' dir='ltr'>Nostri</span> <span class='ocrx_word' id='word_1_177' title='bbox 2618 428 2844 497; x_wconf 78' lang='lat' dir='ltr'>patroni</span> <span class='ocrx_word' id='word_1_178' title='bbox 2863 424 3110 497; x_wconf 57' lang='lat' dir='ltr'>fulgida,</span> 
     </span>
    </p>
   </div>
   <div class='ocr_carea' id='block_1_35' title="bbox 2415 514 3149 584">
    <p class='ocr_par' dir='ltr' id='par_1_35' title="bbox 2415 514 3149 584">
     <span class='ocr_line' id='line_1_35' title="bbox 2415 514 3149 584; baseline -0.001 -15"><span class='ocrx_word' id='word_1_179' title='bbox 2415 514 2671 582; x_wconf 79' lang='lat' dir='ltr'>Comgilli</span> <span class='ocrx_word' id='word_1_180' title='bbox 2698 515 2879 570; x_wconf 78' lang='lat' dir='ltr'>sancti</span> <span class='ocrx_word' id='word_1_181' title='bbox 2906 514 3149 584; x_wconf 81' lang='lat' dir='ltr'>nomine,</span> 
     </span>
    </p>
   </div>
   <div class='ocr_carea' id='block_1_36' title="bbox 2413 604 3190 675">
    <p class='ocr_par' dir='ltr' id='par_1_36' title="bbox 2413 604 3190 675">
     <span class='ocr_line' id='line_1_36' title="bbox 2413 604 3190 675; baseline 0 -16"><span class='ocrx_word' id='word_1_182' title='bbox 2413 604 2749 675; x_wconf 80' lang='lat' dir='ltr'>Refulgentis</span> <span class='ocrx_word' id='word_1_183' title='bbox 2779 606 2842 658; x_wconf 88' lang='lat' dir='ltr'>in</span> <span class='ocrx_word' id='word_1_184' title='bbox 2869 618 3044 675; x_wconf 86' lang='lat' dir='ltr'>opere,</span> <span class='ocrx_word' id='word_1_185' title='bbox 3077 606 3190 659; x_wconf 88' lang='lat' dir='ltr'>etc.</span> 
     </span>
    </p>
   </div>
   <div class='ocr_carea' id='block_1_37' title="bbox 1952 705 3444 784">
    <p class='ocr_par' dir='ltr' id='par_1_37' title="bbox 1952 705 3444 784">
     <span class='ocr_line' id='line_1_37' title="bbox 1952 705 3444 784; baseline -0.003 -19"><span class='ocrx_word' id='word_1_186' title='bbox 1952 712 2227 767; x_wconf 68' lang='lat' dir='ltr'>Secundis</span> <span class='ocrx_word' id='word_1_187' title='bbox 2252 710 2504 784; x_wconf 62' lang='lat' dir='ltr'>stropha:</span> <span class='ocrx_word' id='word_1_188' title='bbox 2534 726 2740 766; x_wconf 89' lang='lat' dir='ltr'>versus</span> <span class='ocrx_word' id='word_1_189' title='bbox 2764 708 3011 783; x_wconf 89' lang='lat' dir='ltr'>quilibet</span> <span class='ocrx_word' id='word_1_190' title='bbox 3040 708 3100 765; x_wconf 91' lang='lat' dir='ltr'>in</span> <span class='ocrx_word' id='word_1_191' title='bbox 3131 725 3165 764; x_wconf 91' lang='lat' dir='ltr'>a</span> <span class='ocrx_word' id='word_1_192' title='bbox 3189 705 3444 766; x_wconf 88' lang='lat' dir='ltr'>desinit:</span> 
     </span>
    </p>
   </div>
   <div class='ocr_carea' id='block_1_38' title="bbox 2414 817 3061 888">
    <p class='ocr_par' dir='ltr' id='par_1_38' title="bbox 2414 817 3061 888">
     <span class='ocr_line' id='line_1_38' title="bbox 2414 817 3061 888; baseline -0.002 -17"><span class='ocrx_word' id='word_1_193' title='bbox 2414 817 2607 872; x_wconf 78' lang='lat' dir='ltr'>Audite</span> <span class='ocrx_word' id='word_1_194' title='bbox 2631 824 2825 888; x_wconf 86' lang='lat' dir='ltr'>pantes</span> <span class='ocrx_word' id='word_1_195' title='bbox 2856 819 2913 871; x_wconf 84' lang='lat' dir='ltr'>ta</span> <span class='ocrx_word' id='word_1_196' title='bbox 2931 831 3061 872; x_wconf 87' lang='lat' dir='ltr'>eraa</span> 
     </span>
    </p>
   </div>
   <div class='ocr_carea' id='block_1_39' title="bbox 2416 904 2974 977">
    <p class='ocr_par' dir='ltr' id='par_1_39' title="bbox 2416 904 2974 977">
     <span class='ocr_line' id='line_1_39' title="bbox 2416 904 2974 977; baseline -0.002 -17"><span class='ocrx_word' id='word_1_197' title='bbox 2416 906 2586 961; x_wconf 84' lang='lat' dir='ltr'>Allati</span> <span class='ocrx_word' id='word_1_198' title='bbox 2613 904 2684 960; x_wconf 89' lang='lat' dir='ltr'>ad</span> <span class='ocrx_word' id='word_1_199' title='bbox 2713 905 2974 977; x_wconf 77' lang='lat' dir='ltr'>Angelich</span> 
     </span>
    </p>
   </div>
   <div class='ocr_carea' id='block_1_40' title="bbox 2420 993 2993 1052">
    <p class='ocr_par' dir='ltr' id='par_1_40' title="bbox 2420 993 2993 1052">
     <span class='ocr_line' id='line_1_40' title="bbox 2420 993 2993 1052; baseline -0.005 -2"><span class='ocrx_word' id='word_1_200' title='bbox 2420 995 2651 1052; x_wconf 58' lang='lat' dir='ltr'>Athletcr</span> <span class='ocrx_word' id='word_1_201' title='bbox 2681 994 2778 1049; x_wconf 89' lang='lat' dir='ltr'>Dei</span> <span class='ocrx_word' id='word_1_202' title='bbox 2806 993 2993 1048; x_wconf 85' lang='lat' dir='ltr'>abdita</span> 
     </span>
    </p>
   </div>
   <div class='ocr_carea' id='block_1_41' title="bbox 2412 1080 3144 1155">
    <p class='ocr_par' dir='ltr' id='par_1_41' title="bbox 2412 1080 3144 1155">
     <span class='ocr_line' id='line_1_41' title="bbox 2412 1080 3144 1155; baseline 0.003 -20"><span class='ocrx_word' id='word_1_203' title='bbox 2412 1090 2460 1138; x_wconf 70' lang='lat'>.1</span> <span class='ocrx_word' id='word_1_204' title='bbox 2476 1083 2764 1155; x_wconf 86' lang='lat' dir='ltr'>juventute</span> <span class='ocrx_word' id='word_1_205' title='bbox 2783 1080 3000 1152; x_wconf 82' lang='lat' dir='ltr'>ﬂorida,</span> <span class='ocrx_word' id='word_1_206' title='bbox 3033 1083 3144 1138; x_wconf 90' lang='lat' dir='ltr'>etc.</span> 
     </span>
    </p>
   </div>
   <div class='ocr_carea' id='block_1_42' title="bbox 1955 1183 3605 1261">
    <p class='ocr_par' dir='ltr' id='par_1_42' title="bbox 1955 1183 3605 1261">
     <span class='ocr_line' id='line_1_42' title="bbox 1955 1183 3605 1261; baseline -0.004 -15"><span class='ocrx_word' id='word_1_207' title='bbox 1955 1191 2168 1246; x_wconf 83' lang='lat' dir='ltr'>Eodem</span> <span class='ocrx_word' id='word_1_208' title='bbox 2201 1189 2404 1245; x_wconf 86' lang='lat' dir='ltr'>ordine</span> <span class='ocrx_word' id='word_1_209' title='bbox 2435 1187 2648 1261; x_wconf 90' lang='lat' dir='ltr'>reliqui</span> <span class='ocrx_word' id='word_1_210' title='bbox 2678 1188 3018 1261; x_wconf 88' lang='lat' dir='ltr'>procedunt.</span> <span class='ocrx_word' id='word_1_211' title='bbox 3048 1187 3162 1242; x_wconf 80' lang='lat' dir='ltr'>Sed</span> <span class='ocrx_word' id='word_1_212' title='bbox 3193 1189 3251 1242; x_wconf 90' lang='lat' dir='ltr'>et</span> <span class='ocrx_word' id='word_1_213' title='bbox 3281 1184 3363 1241; x_wconf 92' lang='lat' dir='ltr'>ibi</span> <span class='ocrx_word' id='word_1_214' title='bbox 3395 1183 3605 1257; x_wconf 85' lang='lat' dir='ltr'>legun-</span> 
     </span>
    </p>
   </div>
   <div class='ocr_carea' id='block_1_43' title="bbox 1955 1272 3609 1351">
    <p class='ocr_par' dir='ltr' id='par_1_43' title="bbox 1955 1272 3609 1351">
     <span class='ocr_line' id='line_1_43' title="bbox 1955 1272 3609 1351; baseline -0.004 -17"><span class='ocrx_word' id='word_1_215' title='bbox 1955 1284 2050 1334; x_wconf 92' lang='lat' dir='ltr'>tur</span> <span class='ocrx_word' id='word_1_216' title='bbox 2081 1279 2335 1336; x_wconf 82' lang='lat' dir='ltr'>versiculi</span> <span class='ocrx_word' id='word_1_217' title='bbox 2360 1279 2600 1351; x_wconf 67' lang='lat' dir='ltr'>familiae</span> <span class='ocrx_word' id='word_1_218' title='bbox 2624 1276 2920 1346; x_wconf 85' lang='lat' dir='ltr'>Benchuir,</span> <span class='ocrx_word' id='word_1_219' title='bbox 2953 1293 3023 1332; x_wconf 86' lang='lat' dir='ltr'>ex</span> <span class='ocrx_word' id='word_1_220' title='bbox 3042 1276 3259 1348; x_wconf 87' lang='lat' dir='ltr'>quibus</span> <span class='ocrx_word' id='word_1_221' title='bbox 3280 1272 3452 1331; x_wconf 88' lang='lat' dir='ltr'>multi</span> <span class='ocrx_word' id='word_1_222' title='bbox 3482 1287 3609 1346; x_wconf 89' lang='lat' dir='ltr'>per-</span> 
     </span>
    </p>
   </div>
   <div class='ocr_carea' id='block_1_44' title="bbox 1955 1361 3705 1440">
    <p class='ocr_par' dir='ltr' id='par_1_44' title="bbox 1955 1361 3705 1440">
     <span class='ocr_line' id='line_1_44' title="bbox 1955 1361 3705 1440; baseline -0.003 -16"><span class='ocrx_word' id='word_1_223' title='bbox 1955 1369 2164 1424; x_wconf 83' lang='lat' dir='ltr'>fectam</span> <span class='ocrx_word' id='word_1_224' title='bbox 2198 1367 2511 1440; x_wconf 68' lang='lat' dir='ltr'>praeferunt</span> <span class='ocrx_word' id='word_1_225' title='bbox 2535 1382 2740 1422; x_wconf 91' lang='lat' dir='ltr'>eorum</span> <span class='ocrx_word' id='word_1_226' title='bbox 2770 1364 3150 1437; x_wconf 85' lang='lat' dir='ltr'>formam,qui</span> <span class='ocrx_word' id='word_1_227' title='bbox 3166 1363 3355 1420; x_wconf 90' lang='lat' dir='ltr'>serius</span> <span class='ocrx_word' id='word_1_228' title='bbox 3377 1361 3609 1420; x_wconf 84' lang='lat' dir='ltr'>Leonini</span> <span class='ocrx_word' id='word_1_229' title='bbox 3700 1398 3705 1403; x_wconf 61' lang='grc' dir='ltr'><strong><em>ο</em></strong></span> 
     </span>
    </p>
   </div>
   <div class='ocr_carea' id='block_1_45' title="bbox 1956 1451 3391 1529">
    <p class='ocr_par' dir='ltr' id='par_1_45' title="bbox 1956 1451 3391 1529">
     <span class='ocr_line' id='line_1_45' title="bbox 1956 1451 3391 1529; baseline -0.003 -18"><span class='ocrx_word' id='word_1_230' title='bbox 1956 1455 2229 1529; x_wconf 82' lang='lat' dir='ltr'>appellati</span> <span class='ocrx_word' id='word_1_231' title='bbox 2264 1460 2421 1512; x_wconf 86' lang='lat' dir='ltr'>sunt.</span> <span class='ocrx_word' id='word_1_232' title='bbox 2458 1455 2934 1528; x_wconf 78' lang='lat' dir='ltr'>Experimentum</span> <span class='ocrx_word' id='word_1_233' title='bbox 2964 1453 3157 1527; x_wconf 84' lang='lat' dir='ltr'>capiat</span> <span class='ocrx_word' id='word_1_234' title='bbox 3179 1451 3391 1509; x_wconf 86' lang='lat' dir='ltr'>lector:</span> 
     </span>
    </p>
   </div>
   <div class='ocr_carea' id='block_1_46' title="bbox 2423 1561 2953 1634">
    <p class='ocr_par' dir='ltr' id='par_1_46' title="bbox 2423 1561 2953 1634">
     <span class='ocr_line' id='line_1_46' title="bbox 2423 1561 2953 1634; baseline -0.006 -15"><span class='ocrx_word' id='word_1_235' title='bbox 2423 1565 2550 1619; x_wconf 84' lang='lat' dir='ltr'><em>Vere</em></span> <span class='ocrx_word' id='word_1_236' title='bbox 2577 1563 2780 1634; x_wconf 85' lang='lat' dir='ltr'>regalis</span> <span class='ocrx_word' id='word_1_237' title='bbox 2801 1561 2953 1629; x_wconf 87' lang='lat' dir='ltr'>aula,</span> 
     </span>
    </p>
   </div>
   <div class='ocr_carea' id='block_1_47' title="bbox 2460 1651 3143 1720">
    <p class='ocr_par' dir='ltr' id='par_1_47' title="bbox 2460 1651 3143 1720">
     <span class='ocr_line' id='line_1_47' title="bbox 2460 1651 3143 1720; baseline -0.004 -14"><span class='ocrx_word' id='word_1_238' title='bbox 2460 1652 2635 1706; x_wconf 85' lang='lat' dir='ltr'>Variis</span> <span class='ocrx_word' id='word_1_239' title='bbox 2665 1651 2898 1720; x_wconf 86' lang='lat' dir='ltr'>gemmis</span> <span class='ocrx_word' id='word_1_240' title='bbox 2929 1651 3143 1716; x_wconf 82' lang='lat' dir='ltr'>ornata,</span> 
     </span>
    </p>
   </div>
   <div class='ocr_carea' id='block_1_48' title="bbox 2457 1736 3201 1810">
    <p class='ocr_par' dir='ltr' id='par_1_48' title="bbox 2457 1736 3201 1810">
     <span class='ocr_line' id='line_1_48' title="bbox 2457 1736 3201 1810; baseline -0.003 -16"><span class='ocrx_word' id='word_1_241' title='bbox 2457 1738 2749 1810; x_wconf 87' lang='lat' dir='ltr'>Gregisque</span> <span class='ocrx_word' id='word_1_242' title='bbox 2779 1737 2988 1794; x_wconf 87' lang='lat' dir='ltr'>Christi</span> <span class='ocrx_word' id='word_1_243' title='bbox 3014 1736 3201 1803; x_wconf 89' lang='lat' dir='ltr'>caula,</span> 
     </span>
    </p>
   </div>
   <div class='ocr_carea' id='block_1_49' title="bbox 2452 1828 3113 1883">
    <p class='ocr_par' dir='ltr' id='par_1_49' title="bbox 2452 1828 3113 1883">
     <span class='ocr_line' id='line_1_49' title="bbox 2452 1828 3113 1883; baseline -0.005 -1"><span class='ocrx_word' id='word_1_244' title='bbox 2452 1829 2618 1882; x_wconf 79' lang='lat' dir='ltr'>Patre</span> <span class='ocrx_word' id='word_1_245' title='bbox 2646 1842 2858 1882; x_wconf 88' lang='lat' dir='ltr'>summo</span> <span class='ocrx_word' id='word_1_246' title='bbox 2877 1828 3113 1883; x_wconf 84' lang='lat' dir='ltr'>servata.</span> 
     </span>
    </p>
   </div>
   <div class='ocr_carea' id='block_1_50' title="bbox 2426 1914 3054 1987">
    <p class='ocr_par' dir='ltr' id='par_1_50' title="bbox 2426 1914 3054 1987">
     <span class='ocr_line' id='line_1_50' title="bbox 2426 1914 3054 1987; baseline -0.003 -15"><span class='ocrx_word' id='word_1_247' title='bbox 2426 1918 2582 1987; x_wconf 75' lang='lat' dir='ltr'>Virgo</span> <span class='ocrx_word' id='word_1_248' title='bbox 2612 1915 2769 1971; x_wconf 85' lang='lat' dir='ltr'>valde</span> <span class='ocrx_word' id='word_1_249' title='bbox 2795 1914 3054 1987; x_wconf 68' lang='lat' dir='ltr'>fecunda,</span> 
     </span>
    </p>
   </div>
   <div class='ocr_carea' id='block_1_51' title="bbox 2460 2006 3138 2074">
    <p class='ocr_par' dir='ltr' id='par_1_51' title="bbox 2460 2006 3138 2074">
     <span class='ocr_line' id='line_1_51' title="bbox 2460 2006 3138 2074; baseline 0 -13"><span class='ocrx_word' id='word_1_250' title='bbox 2460 2010 2597 2062; x_wconf 65' lang='lat' dir='ltr'>Haec</span> <span class='ocrx_word' id='word_1_251' title='bbox 2625 2009 2676 2062; x_wconf 82' lang='lat' dir='ltr'>et</span> <span class='ocrx_word' id='word_1_252' title='bbox 2705 2012 2881 2061; x_wconf 88' lang='lat' dir='ltr'>mater</span> <span class='ocrx_word' id='word_1_253' title='bbox 2909 2006 3138 2074; x_wconf 87' lang='lat' dir='ltr'>intacta,</span> 
     </span>
    </p>
   </div>
   <div class='ocr_carea' id='block_1_52' title="bbox 2456 2092 3121 2161">
    <p class='ocr_par' dir='ltr' id='par_1_52' title="bbox 2456 2092 3121 2161">
     <span class='ocr_line' id='line_1_52' title="bbox 2456 2092 3121 2161; baseline -0.002 -12"><span class='ocrx_word' id='word_1_254' title='bbox 2456 2096 2641 2151; x_wconf 69' lang='lat' dir='ltr'>Laecta</span> <span class='ocrx_word' id='word_1_255' title='bbox 2659 2110 2724 2149; x_wconf 86' lang='lat' dir='ltr'>ac</span> <span class='ocrx_word' id='word_1_256' title='bbox 2748 2092 3121 2161; x_wconf 86' lang='lat' dir='ltr'>tremebunda,</span> 
     </span>
    </p>
   </div>
   <div class='ocr_carea' id='block_1_53' title="bbox 2461 2181 3031 2241">
    <p class='ocr_par' dir='ltr' id='par_1_53' title="bbox 2461 2181 3031 2241">
     <span class='ocr_line' id='line_1_53' title="bbox 2461 2181 3031 2241; baseline 0.007 -4"><span class='ocrx_word' id='word_1_257' title='bbox 2461 2182 2623 2238; x_wconf 84' lang='lat' dir='ltr'>Verbo</span> <span class='ocrx_word' id='word_1_258' title='bbox 2655 2184 2763 2239; x_wconf 89' lang='lat' dir='ltr'>Dei</span> <span class='ocrx_word' id='word_1_259' title='bbox 2785 2181 3031 2241; x_wconf 84' lang='lat' dir='ltr'>subacta.</span> 
     </span>
    </p>
   </div>
   <div class='ocr_carea' id='block_1_54' title="bbox 1960 2283 3611 2361">
    <p class='ocr_par' dir='ltr' id='par_1_54' title="bbox 1960 2283 3611 2361">
     <span class='ocr_line' id='line_1_54' title="bbox 1960 2283 3611 2361; baseline -0.002 -18"><span class='ocrx_word' id='word_1_260' title='bbox 1960 2289 2090 2345; x_wconf 71' lang='grc' dir='ltr'>Ηωο</span> <span class='ocrx_word' id='word_1_261' title='bbox 2123 2289 2264 2345; x_wconf 87' lang='lat' dir='ltr'>adeo</span> <span class='ocrx_word' id='word_1_262' title='bbox 2291 2292 2493 2361; x_wconf 88' lang='lat' dir='ltr'>aperta</span> <span class='ocrx_word' id='word_1_263' title='bbox 2540 2293 2699 2359; x_wconf 86' lang='lat' dir='ltr'>sunt,</span> <span class='ocrx_word' id='word_1_264' title='bbox 2738 2292 2801 2343; x_wconf 90' lang='lat' dir='ltr'>ut</span> <span class='ocrx_word' id='word_1_265' title='bbox 2848 2288 3101 2360; x_wconf 90' lang='lat' dir='ltr'>quisque</span> <span class='ocrx_word' id='word_1_266' title='bbox 3123 2285 3251 2358; x_wconf 87' lang='lat' dir='ltr'>jam</span> <span class='ocrx_word' id='word_1_267' title='bbox 3287 2283 3611 2359; x_wconf 82' lang='lat' dir='ltr'>intelligere</span> 
     </span>
    </p>
   </div>
   <div class='ocr_carea' id='block_1_55' title="bbox 1962 2376 3611 2450">
    <p class='ocr_par' dir='ltr' id='par_1_55' title="bbox 1962 2376 3611 2450">
     <span class='ocr_line' id='line_1_55' title="bbox 1962 2376 3611 2450; baseline -0.002 -17"><span class='ocrx_word' id='word_1_268' title='bbox 1962 2378 2168 2450; x_wconf 84' lang='lat' dir='ltr'>possit,</span> <span class='ocrx_word' id='word_1_269' title='bbox 2202 2378 2477 2449; x_wconf 85' lang='lat' dir='ltr'>antiquos</span> <span class='ocrx_word' id='word_1_270' title='bbox 2509 2376 2967 2450; x_wconf 80' lang='lat' dir='ltr'>rhythmopmios</span> <span class='ocrx_word' id='word_1_271' title='bbox 3021 2379 3196 2448; x_wconf 86' lang='lat' dir='ltr'>atque</span> <span class='ocrx_word' id='word_1_272' title='bbox 3242 2378 3444 2448; x_wconf 86' lang='lat' dir='ltr'>poetas</span> <span class='ocrx_word' id='word_1_273' title='bbox 3493 2390 3611 2430; x_wconf 90' lang='lat' dir='ltr'>non</span> 
     </span>
    </p>
   </div>
   <div class='ocr_carea' id='block_1_56' title="bbox 1962 2462 3610 2540">
    <p class='ocr_par' dir='ltr' id='par_1_56' title="bbox 1962 2462 3610 2540">
     <span class='ocr_line' id='line_1_56' title="bbox 1962 2462 3610 2540; baseline -0.002 -17"><span class='ocrx_word' id='word_1_274' title='bbox 1962 2471 2328 2539; x_wconf 76' lang='lat' dir='ltr'>exspectasse</span> <span class='ocrx_word' id='word_1_275' title='bbox 2359 2471 2622 2540; x_wconf 85' lang='lat' dir='ltr'>tempora</span> <span class='ocrx_word' id='word_1_276' title='bbox 2653 2466 2861 2523; x_wconf 90' lang='lat' dir='ltr'>Leonis</span> <span class='ocrx_word' id='word_1_277' title='bbox 2894 2465 3183 2522; x_wconf 87' lang='lat' dir='ltr'>Pariensis</span> <span class='ocrx_word' id='word_1_278' title='bbox 3209 2468 3413 2538; x_wconf 72' lang='lat' dir='ltr'>poetas,</span> <span class='ocrx_word' id='word_1_279' title='bbox 3446 2466 3512 2521; x_wconf 86' lang='lat' dir='ltr'>ut</span> <span class='ocrx_word' id='word_1_280' title='bbox 3537 2462 3610 2520; x_wconf 83' lang='lat' dir='ltr'>ab</span> 
     </span>
    </p>
   </div>
   <div class='ocr_carea' id='block_1_57' title="bbox 1961 2552 3610 2612">
    <p class='ocr_par' dir='ltr' id='par_1_57' title="bbox 1961 2552 3610 2612">
     <span class='ocr_line' id='line_1_57' title="bbox 1961 2552 3610 2612; baseline -0.002 -1"><span class='ocrx_word' id='word_1_281' title='bbox 1961 2574 2026 2611; x_wconf 88' lang='lat' dir='ltr'>eo</span> <span class='ocrx_word' id='word_1_282' title='bbox 2058 2556 2437 2612; x_wconf 82' lang='lat' dir='ltr'>edocerentur</span> <span class='ocrx_word' id='word_1_283' title='bbox 2487 2556 2791 2612; x_wconf 73' lang='lat' dir='ltr'>elformare</span> <span class='ocrx_word' id='word_1_284' title='bbox 2842 2571 3046 2611; x_wconf 90' lang='lat' dir='ltr'>versus</span> <span class='ocrx_word' id='word_1_285' title='bbox 3095 2552 3276 2611; x_wconf 88' lang='lat' dir='ltr'>simili</span> <span class='ocrx_word' id='word_1_286' title='bbox 3323 2555 3610 2610; x_wconf 89' lang='lat' dir='ltr'>concentu</span> 
     </span>
    </p>
   </div>
   <div class='ocr_carea' id='block_1_58' title="bbox 1963 2642 3611 2716">
    <p class='ocr_par' dir='ltr' id='par_1_58' title="bbox 1963 2642 3611 2716">
     <span class='ocr_line' id='line_1_58' title="bbox 1963 2642 3611 2716; baseline -0.002 -16"><span class='ocrx_word' id='word_1_287' title='bbox 1963 2645 2236 2700; x_wconf 89' lang='lat' dir='ltr'>cadentes</span> <span class='ocrx_word' id='word_1_288' title='bbox 2263 2663 2275 2713; x_wconf 91' lang='lat'>;</span> <span class='ocrx_word' id='word_1_289' title='bbox 2303 2662 2490 2716; x_wconf 90' lang='lat' dir='ltr'>neque</span> <span class='ocrx_word' id='word_1_290' title='bbox 2514 2643 2693 2700; x_wconf 89' lang='lat' dir='ltr'>nimia</span> <span class='ocrx_word' id='word_1_291' title='bbox 2725 2643 3003 2700; x_wconf 84' lang='lat' dir='ltr'>facilitate</span> <span class='ocrx_word' id='word_1_292' title='bbox 3020 2642 3314 2699; x_wconf 82' lang='lat' dir='ltr'>censenda</span> <span class='ocrx_word' id='word_1_293' title='bbox 3335 2658 3463 2699; x_wconf 90' lang='lat' dir='ltr'>esse</span> <span class='ocrx_word' id='word_1_294' title='bbox 3483 2657 3611 2697; x_wconf 88' lang='lat' dir='ltr'>car-</span> 
     </span>
    </p>
   </div>
   <div class='ocr_carea' id='block_1_59' title="bbox 1965 2728 3614 2805">
    <p class='ocr_par' dir='ltr' id='par_1_59' title="bbox 1965 2728 3614 2805">
     <span class='ocr_line' id='line_1_59' title="bbox 1965 2728 3614 2805; baseline -0.002 -17"><span class='ocrx_word' id='word_1_295' title='bbox 1965 2732 2125 2788; x_wconf 87' lang='lat' dir='ltr'>mina</span> <span class='ocrx_word' id='word_1_296' title='bbox 2156 2731 2481 2805; x_wconf 87' lang='lat' dir='ltr'>composita</span> <span class='ocrx_word' id='word_1_297' title='bbox 2511 2732 2921 2788; x_wconf 87' lang='lat' dir='ltr'>tantummodo</span> <span class='ocrx_word' id='word_1_298' title='bbox 2954 2734 3088 2804; x_wconf 90' lang='lat' dir='ltr'>post</span> <span class='ocrx_word' id='word_1_299' title='bbox 3142 2746 3365 2787; x_wconf 89' lang='lat' dir='ltr'>annum</span> <span class='ocrx_word' id='word_1_300' title='bbox 3395 2728 3614 2786; x_wconf 84' lang='lat' dir='ltr'>Christi</span> 
     </span>
    </p>
   </div>
   <div class='ocr_carea' id='block_1_60' title="bbox 1964 2805 3613 2894">
    <p class='ocr_par' dir='ltr' id='par_1_60' title="bbox 1964 2805 3613 2894">
     <span class='ocr_line' id='line_1_60' title="bbox 1964 2805 3613 2894; baseline -0.002 -17"><span class='ocrx_word' id='word_1_301' title='bbox 1964 2820 2368 2889; x_wconf 83' lang='lat' dir='ltr'>millesimum,</span> <span class='ocrx_word' id='word_1_302' title='bbox 2403 2821 2451 2876; x_wconf 93' lang='lat' dir='ltr'>si</span> <span class='ocrx_word' id='word_1_303' title='bbox 2484 2838 2601 2894; x_wconf 88' lang='lat' dir='ltr'>qua</span> <span class='ocrx_word' id='word_1_304' title='bbox 2626 2812 2941 2877; x_wconf 86' lang='lat' dir='ltr'>occurrunt</span> <span class='ocrx_word' id='word_1_305' title='bbox 2972 2805 3208 2877; x_wconf 75' lang='lat' dir='ltr'>modulo</span> <span class='ocrx_word' id='word_1_306' title='bbox 3256 2818 3435 2876; x_wconf 89' lang='lat' dir='ltr'>hocce</span> <span class='ocrx_word' id='word_1_307' title='bbox 3475 2833 3613 2875; x_wconf 90' lang='lat' dir='ltr'>con-</span> 
     </span>
    </p>
   </div>
   <div class='ocr_carea' id='block_1_61' title="bbox 1964 2905 3747 2966">
    <p class='ocr_par' dir='ltr' id='par_1_61' title="bbox 1964 2905 3747 2966">
     <span class='ocr_line' id='line_1_61' title="bbox 1964 2905 3747 2966; baseline -0.002 -1"><span class='ocrx_word' id='word_1_308' title='bbox 1964 2914 2186 2966; x_wconf 89' lang='lat' dir='ltr'>structa</span> <span class='ocrx_word' id='word_1_309' title='bbox 2240 2910 2435 2966; x_wconf 78' lang='lat' dir='ltr'>Refert</span> <span class='ocrx_word' id='word_1_310' title='bbox 2464 2909 2778 2966; x_wconf 88' lang='lat' dir='ltr'>cardinalis</span> <span class='ocrx_word' id='word_1_311' title='bbox 2799 2909 3087 2965; x_wconf 90' lang='lat' dir='ltr'>Baronius</span> <span class='ocrx_word' id='word_1_312' title='bbox 3110 2908 3169 2964; x_wconf 92' lang='lat' dir='ltr'>in</span> <span class='ocrx_word' id='word_1_313' title='bbox 3198 2906 3525 2964; x_wconf 87' lang='lat' dir='ltr'>Annalibus</span> <span class='ocrx_word' id='word_1_314' title='bbox 3540 2905 3613 2963; x_wconf 89' lang='lat' dir='ltr'>ad</span> <span class='ocrx_word' id='word_1_315' title='bbox 3720 2934 3747 2954; x_wconf 68' lang='grc' dir='ltr'>υ</span> 
     </span>
    </p>
   </div>
   <div class='ocr_carea' id='block_1_62' title="bbox 1963 2994 3614 3054">
    <p class='ocr_par' dir='ltr' id='par_1_62' title="bbox 1963 2994 3614 3054">
     <span class='ocr_line' id='line_1_62' title="bbox 1963 2994 3614 3054; baseline -0.002 0"><span class='ocrx_word' id='word_1_316' title='bbox 1963 3016 2185 3054; x_wconf 90' lang='lat' dir='ltr'>annum</span> <span class='ocrx_word' id='word_1_317' title='bbox 2219 2997 2435 3053; x_wconf 86' lang='lat' dir='ltr'>Christi</span> <span class='ocrx_word' id='word_1_318' title='bbox 2462 2999 2568 3052; x_wconf 89' lang='lat'>808</span> <span class='ocrx_word' id='word_1_319' title='bbox 2617 3014 2813 3053; x_wconf 82' lang='lat' dir='ltr'>versas</span> <span class='ocrx_word' id='word_1_320' title='bbox 2844 2997 3169 3053; x_wconf 89' lang='lat' dir='ltr'>incolumes</span> <span class='ocrx_word' id='word_1_321' title='bbox 3200 2995 3391 3052; x_wconf 89' lang='lat' dir='ltr'>adhuc</span> <span class='ocrx_word' id='word_1_322' title='bbox 3416 2994 3614 3052; x_wconf 67' lang='lat' dir='ltr'>Roma</span> 
     </span>
    </p>
   </div>
   <div class='ocr_carea' id='block_1_63' title="bbox 1964 3082 3614 3156">
    <p class='ocr_par' dir='ltr' id='par_1_63' title="bbox 1964 3082 3614 3156">
     <span class='ocr_line' id='line_1_63' title="bbox 1964 3082 3614 3156; baseline 0 -16"><span class='ocrx_word' id='word_1_323' title='bbox 1964 3089 2289 3141; x_wconf 85' lang='lat' dir='ltr'>asservatos</span> <span class='ocrx_word' id='word_1_324' title='bbox 2318 3085 2377 3138; x_wconf 93' lang='lat' dir='ltr'>in</span> <span class='ocrx_word' id='word_1_325' title='bbox 2404 3085 2621 3156; x_wconf 87' lang='lat' dir='ltr'>templo</span> <span class='ocrx_word' id='word_1_326' title='bbox 2642 3085 3091 3155; x_wconf 83' lang='lat' dir='ltr'>Cruciferorum,</span> <span class='ocrx_word' id='word_1_327' title='bbox 3116 3084 3270 3156; x_wconf 90' lang='lat' dir='ltr'>quod</span> <span class='ocrx_word' id='word_1_328' title='bbox 3294 3082 3614 3140; x_wconf 84' lang='lat' dir='ltr'>Belisarius</span> 
     </span>
    </p>
   </div>
   <div class='ocr_carea' id='block_1_64' title="bbox 196 3155 3615 3249">
    <p class='ocr_par' dir='ltr' id='par_1_64' title="bbox 196 3155 3615 3249">
     <span class='ocr_line' id='line_1_64' title="bbox 196 3155 3615 3249; baseline -0.002 -17"><span class='ocrx_word' id='word_1_329' title='bbox 196 3155 448 3249; x_wconf 64' lang='lat' dir='ltr'>singulae</span> <span class='ocrx_word' id='word_1_330' title='bbox 480 3192 515 3229; x_wconf 87' lang='lat' dir='ltr'>a</span> <span class='ocrx_word' id='word_1_331' title='bbox 543 3174 735 3230; x_wconf 82' lang='lat' dir='ltr'>littera</span> <span class='ocrx_word' id='word_1_332' title='bbox 783 3155 1081 3247; x_wconf 89' lang='lat' dir='ltr'>alphabeti</span> <span class='ocrx_word' id='word_1_333' title='bbox 1140 3172 1374 3227; x_wconf 91' lang='lat' dir='ltr'>initium</span> <span class='ocrx_word' id='word_1_334' title='bbox 1426 3155 1688 3238; x_wconf 85' lang='lat' dir='ltr'>sumunt,</span> <span class='ocrx_word' id='word_1_335' title='bbox 1747 3189 1842 3227; x_wconf 90' lang='lat' dir='ltr'>ea-</span> <span class='ocrx_word' id='word_1_336' title='bbox 1876 3155 1919 3222; x_wconf 70' lang='grc' dir='ltr'>Ο</span> <span class='ocrx_word' id='word_1_337' title='bbox 1955 3172 2291 3229; x_wconf 87' lang='lat' dir='ltr'>Justiniano</span> <span class='ocrx_word' id='word_1_338' title='bbox 2323 3172 2345 3227; x_wconf 91' lang='grc' dir='ltr'>Ι</span> <span class='ocrx_word' id='word_1_339' title='bbox 2375 3155 2700 3244; x_wconf 77' lang='lat' dir='ltr'>imperante</span> <span class='ocrx_word' id='word_1_340' title='bbox 2729 3172 3060 3228; x_wconf 88' lang='lat' dir='ltr'>condidisse</span> <span class='ocrx_word' id='word_1_341' title='bbox 3088 3155 3320 3227; x_wconf 85' lang='lat' dir='ltr'>dicitur.</span> <span class='ocrx_word' id='word_1_342' title='bbox 3345 3169 3483 3227; x_wconf 88' lang='lat' dir='ltr'>Illos</span> <span class='ocrx_word' id='word_1_343' title='bbox 3513 3186 3615 3226; x_wconf 88' lang='lat' dir='ltr'>au-</span> 
     </span>
    </p>
   </div>
   <div class='ocr_carea' id='block_1_65' title="bbox 199 3260 1852 3337">
    <p class='ocr_par' dir='ltr' id='par_1_65' title="bbox 199 3260 1852 3337">
     <span class='ocr_line' id='line_1_65' title="bbox 199 3260 1852 3337; baseline -0.004 -16"><span class='ocrx_word' id='word_1_344' title='bbox 199 3280 455 3337; x_wconf 89' lang='lat' dir='ltr'>rumque</span> <span class='ocrx_word' id='word_1_345' title='bbox 481 3262 697 3336; x_wconf 88' lang='lat' dir='ltr'>singuli</span> <span class='ocrx_word' id='word_1_346' title='bbox 727 3278 932 3319; x_wconf 89' lang='lat' dir='ltr'>versus</span> <span class='ocrx_word' id='word_1_347' title='bbox 980 3261 1040 3317; x_wconf 90' lang='lat' dir='ltr'>in</span> <span class='ocrx_word' id='word_1_348' title='bbox 1098 3261 1302 3317; x_wconf 87' lang='lat' dir='ltr'>eadem</span> <span class='ocrx_word' id='word_1_349' title='bbox 1356 3260 1639 3332; x_wconf 86' lang='lat' dir='ltr'>syllabam</span> <span class='ocrx_word' id='word_1_350' title='bbox 1698 3261 1852 3317; x_wconf 85' lang='lat' dir='ltr'>desi-</span> 
     </span>
    </p>
   </div>
   <div class='ocr_carea' id='block_1_66' title="bbox 200 3359 393 3411">
    <p class='ocr_par' dir='ltr' id='par_1_66' title="bbox 200 3359 393 3411">
     <span class='ocr_line' id='line_1_66' title="bbox 200 3359 393 3411; baseline -0.005 0"><span class='ocrx_word' id='word_1_351' title='bbox 200 3359 393 3411; x_wconf 89' lang='lat' dir='ltr'>nunt:</span> 
     </span>
    </p>
   </div>
   <div class='ocr_carea' id='block_1_67' title="bbox 724 3439 1354 3510">
    <p class='ocr_par' dir='ltr' id='par_1_67' title="bbox 724 3439 1354 3510">
     <span class='ocr_line' id='line_1_67' title="bbox 724 3439 1354 3510; baseline -0.006 -14"><span class='ocrx_word' id='word_1_352' title='bbox 724 3439 1079 3497; x_wconf 84' lang='lat' dir='ltr'>Recordemur</span> <span class='ocrx_word' id='word_1_353' title='bbox 1098 3439 1354 3510; x_wconf 70' lang='lat' dir='ltr'>justitiae.</span> 
     </span>
    </p>
   </div>
   <div class='ocr_carea' id='block_1_68' title="bbox 1964 3259 3608 3332">
    <p class='ocr_par' dir='ltr' id='par_1_68' title="bbox 1964 3259 3608 3332">
     <span class='ocr_line' id='line_1_68' title="bbox 1964 3259 3608 3332; baseline -0.001 -16"><span class='ocrx_word' id='word_1_354' title='bbox 1964 3266 2079 3318; x_wconf 89' lang='lat' dir='ltr'>tem</span> <span class='ocrx_word' id='word_1_355' title='bbox 2112 3260 2491 3316; x_wconf 88' lang='lat' dir='ltr'>doctissimus</span> <span class='ocrx_word' id='word_1_356' title='bbox 2523 3259 2837 3316; x_wconf 78' lang='lat' dir='ltr'>cardinalis</span> <span class='ocrx_word' id='word_1_357' title='bbox 2866 3260 3070 3315; x_wconf 89' lang='lat' dir='ltr'>eadem</span> <span class='ocrx_word' id='word_1_358' title='bbox 3104 3259 3234 3332; x_wconf 87' lang='lat' dir='ltr'>ipsa</span> <span class='ocrx_word' id='word_1_359' title='bbox 3262 3262 3608 3331; x_wconf 85' lang='lat' dir='ltr'>tempestate</span> 
     </span>
    </p>
   </div>
   <div class='ocr_carea' id='block_1_69' title="bbox 1964 3345 3609 3420">
    <p class='ocr_par' dir='ltr' id='par_1_69' title="bbox 1964 3345 3609 3420">
     <span class='ocr_line' id='line_1_69' title="bbox 1964 3345 3609 3420; baseline -0.002 -14"><span class='ocrx_word' id='word_1_360' title='bbox 1964 3350 2256 3406; x_wconf 80' lang='lat' dir='ltr'>confectos</span> <span class='ocrx_word' id='word_1_361' title='bbox 2287 3365 2353 3404; x_wconf 89' lang='lat' dir='ltr'>ac</span> <span class='ocrx_word' id='word_1_362' title='bbox 2382 3364 2671 3404; x_wconf 89' lang='lat' dir='ltr'>marmore</span> <span class='ocrx_word' id='word_1_363' title='bbox 2700 3348 3013 3420; x_wconf 87' lang='lat' dir='ltr'>inscriptos</span> <span class='ocrx_word' id='word_1_364' title='bbox 3043 3345 3609 3405; x_wconf 86' lang='lat' dir='ltr'>arhitratur.Lectori</span> 
     </span>
    </p>
   </div>
   <div class='ocr_carea' id='block_1_70' title="bbox 1965 3435 2878 3512">
    <p class='ocr_par' dir='ltr' id='par_1_70' title="bbox 1965 3435 2878 3512">
     <span class='ocr_line' id='line_1_70' title="bbox 1965 3435 2878 3512; baseline -0.003 -17"><span class='ocrx_word' id='word_1_365' title='bbox 1965 3443 2021 3495; x_wconf 89' lang='lat' dir='ltr'>et</span> <span class='ocrx_word' id='word_1_366' title='bbox 2040 3454 2144 3512; x_wconf 89' lang='lat' dir='ltr'>ego</span> <span class='ocrx_word' id='word_1_367' title='bbox 2174 3437 2571 3510; x_wconf 79' lang='lat' dir='ltr'>inspiciendas</span> <span class='ocrx_word' id='word_1_368' title='bbox 2599 3435 2841 3493; x_wconf 88' lang='lat' dir='ltr'>exhibeo</span> <span class='ocrx_word' id='word_1_369' title='bbox 2865 3453 2878 3492; x_wconf 92' lang='lat'>:</span> 
     </span>
    </p>
   </div>
   <div class='ocr_carea' id='block_1_71' title="bbox 1014 3559 2802 3620">
    <p class='ocr_par' dir='ltr' id='par_1_71' title="bbox 1014 3559 2802 3620">
     <span class='ocr_line' id='line_1_71' title="bbox 1014 3559 2802 3620; baseline -0.001 -2"><span class='ocrx_word' id='word_1_370' title='bbox 1014 3562 1208 3620; x_wconf 83' lang='lat' dir='ltr'>HANC</span> <span class='ocrx_word' id='word_1_371' title='bbox 1254 3562 1383 3617; x_wconf 81' lang='lat' dir='ltr'><strong>VIR</strong></span> <span class='ocrx_word' id='word_1_372' title='bbox 1422 3561 1795 3618; x_wconf 84' lang='lat' dir='ltr'>PATRICIVS</span> <span class='ocrx_word' id='word_1_373' title='bbox 1832 3561 2235 3619; x_wconf 82' lang='lat' dir='ltr'>VILISARIVS</span> <span class='ocrx_word' id='word_1_374' title='bbox 2274 3560 2487 3617; x_wconf 80' lang='lat' dir='ltr'>URBIS</span> <span class='ocrx_word' id='word_1_375' title='bbox 2525 3559 2802 3618; x_wconf 80' lang='lat' dir='ltr'>AMICVS</span> 
     </span>
    </p>
   </div>
   <div class='ocr_carea' id='block_1_72' title="bbox 1136 3650 2647 3709">
    <p class='ocr_par' dir='ltr' id='par_1_72' title="bbox 1136 3650 2647 3709">
     <span class='ocr_line' id='line_1_72' title="bbox 1136 3650 2647 3709; baseline -0.001 -1"><span class='ocrx_word' id='word_1_376' title='bbox 1136 3652 1225 3708; x_wconf 92' lang='lat' dir='ltr'>OB</span> <span class='ocrx_word' id='word_1_377' title='bbox 1265 3650 1517 3707; x_wconf 67' lang='lat' dir='ltr'>CVLPE</span> <span class='ocrx_word' id='word_1_378' title='bbox 1554 3651 1830 3707; x_wconf 86' lang='lat' dir='ltr'>VENlAM</span> <span class='ocrx_word' id='word_1_379' title='bbox 1868 3651 2206 3709; x_wconf 89' lang='lat' dir='ltr'>CONDIDIT</span> <span class='ocrx_word' id='word_1_380' title='bbox 2233 3650 2647 3707; x_wconf 86' lang='lat' dir='ltr'>ECCLESIAM.</span> 
     </span>
    </p>
   </div>
   <div class='ocr_carea' id='block_1_73' title="bbox 997 3739 2426 3807">
    <p class='ocr_par' dir='ltr' id='par_1_73' title="bbox 997 3740 2426 3807">
     <span class='ocr_line' id='line_1_73' title="bbox 997 3740 2426 3807; baseline 0 -11"><span class='ocrx_word' id='word_1_381' title='bbox 997 3741 1186 3797; x_wconf 82' lang='lat' dir='ltr'>HANC</span> <span class='ocrx_word' id='word_1_382' title='bbox 1260 3740 1544 3797; x_wconf 82' lang='lat' dir='ltr'>lDCIRCO</span> <span class='ocrx_word' id='word_1_383' title='bbox 1585 3740 1826 3797; x_wconf 89' lang='lat' dir='ltr'>PEDEM</span> <span class='ocrx_word' id='word_1_384' title='bbox 1865 3741 2147 3799; x_wconf 82' lang='lat' dir='ltr'>SACRAM</span> <span class='ocrx_word' id='word_1_385' title='bbox 2186 3740 2305 3807; x_wconf 90' lang='lat' dir='ltr'>QUI</span> <span class='ocrx_word' id='word_1_386' title='bbox 2345 3740 2426 3796; x_wconf 84' lang='grc' dir='ltr'>ΡΟ</span> 
     </span>
    </p>
   </div>
   <div class='ocr_carea' id='block_1_74' title="bbox 1968 3739 2943 3807">
    <p class='ocr_par' dir='ltr' id='par_1_74' title="bbox 1968 3739 2943 3807">
     <span class='ocr_line' id='line_1_74' title="bbox 1968 3739 2943 3807; baseline -0.001 -11"><span class='ocrx_word' id='word_1_387' title='bbox 1968 3741 2147 3797; x_wconf 74' lang='lat' dir='ltr'>38AM</span> <span class='ocrx_word' id='word_1_388' title='bbox 2186 3740 2305 3807; x_wconf 90' lang='lat' dir='ltr'>QUI</span> <span class='ocrx_word' id='word_1_389' title='bbox 2345 3740 2553 3799; x_wconf 83' lang='lat' dir='ltr'>PONIS</span> <span class='ocrx_word' id='word_1_390' title='bbox 2592 3739 2665 3795; x_wconf 89' lang='grc' dir='ltr'>ΙΝ</span> <span class='ocrx_word' id='word_1_391' title='bbox 2703 3739 2943 3797; x_wconf 68' lang='grc' dir='ltr'><strong>[ΕΟΕΜ.</strong></span> 
     </span>
    </p>
   </div>
   <div class='ocr_carea' id='block_1_75' title="bbox 1139 3828 2766 3901">
    <p class='ocr_par' dir='ltr' id='par_1_75' title="bbox 1139 3828 2766 3901">
     <span class='ocr_line' id='line_1_75' title="bbox 1139 3828 2766 3901; baseline 0 -16"><span class='ocrx_word' id='word_1_392' title='bbox 1139 3829 1233 3885; x_wconf 90' lang='lat' dir='ltr'>UT</span> <span class='ocrx_word' id='word_1_393' title='bbox 1273 3828 1691 3885; x_wconf 80' lang='lat' dir='ltr'>MISERETVR</span> <span class='ocrx_word' id='word_1_394' title='bbox 1730 3829 1901 3901; x_wconf 89' lang='lat' dir='ltr'>EVM,</span> <span class='ocrx_word' id='word_1_395' title='bbox 1944 3830 2139 3887; x_wconf 60' lang='lat' dir='ltr'>SJEPE</span> <span class='ocrx_word' id='word_1_396' title='bbox 2179 3829 2505 3885; x_wconf 82' lang='lat' dir='ltr'>PRECARE</span> <span class='ocrx_word' id='word_1_397' title='bbox 2545 3828 2766 3886; x_wconf 87' lang='lat' dir='ltr'><strong>DEVM.</strong></span> 
     </span>
    </p>
   </div>
   <div class='ocr_carea' id='block_1_76' title="bbox 208 3962 1862 4038">
    <p class='ocr_par' dir='ltr' id='par_1_76' title="bbox 208 3962 1862 4038">
     <span class='ocr_line' id='line_1_76' title="bbox 208 3962 1862 4038; baseline -0.003 -16"><span class='ocrx_word' id='word_1_398' title='bbox 208 3968 343 4022; x_wconf 71' lang='lat' dir='ltr'>Haec</span> <span class='ocrx_word' id='word_1_399' title='bbox 373 3967 421 4023; x_wconf 91' lang='lat' dir='ltr'>si</span> <span class='ocrx_word' id='word_1_400' title='bbox 453 3965 768 4038; x_wconf 86' lang='lat' dir='ltr'>quisquam</span> <span class='ocrx_word' id='word_1_401' title='bbox 802 3964 1028 4036; x_wconf 88' lang='lat' dir='ltr'>rejiciat</span> <span class='ocrx_word' id='word_1_402' title='bbox 1049 3967 1179 4036; x_wconf 91' lang='lat' dir='ltr'>post</span> <span class='ocrx_word' id='word_1_403' title='bbox 1200 3962 1477 4019; x_wconf 82' lang='lat' dir='ltr'>saeculum</span> <span class='ocrx_word' id='word_1_404' title='bbox 1502 3963 1862 4030; x_wconf 82' lang='lat' dir='ltr'>x,adversari</span> 
     </span>
    </p>
   </div>
   <div class='ocr_carea' id='block_1_77' title="bbox 204 4051 1864 4130">
    <p class='ocr_par' dir='ltr' id='par_1_77' title="bbox 204 4051 1864 4130">
     <span class='ocr_line' id='line_1_77' title="bbox 204 4051 1864 4130; baseline -0.003 -18"><span class='ocrx_word' id='word_1_405' title='bbox 204 4073 316 4130; x_wconf 89' lang='lat' dir='ltr'>ego</span> <span class='ocrx_word' id='word_1_406' title='bbox 350 4055 548 4111; x_wconf 88' lang='lat' dir='ltr'>nolim.</span> <span class='ocrx_word' id='word_1_407' title='bbox 565 4059 837 4110; x_wconf 86' lang='lat' dir='ltr'>Attamen</span> <span class='ocrx_word' id='word_1_408' title='bbox 861 4057 1001 4109; x_wconf 90' lang='lat' dir='ltr'>sunt</span> <span class='ocrx_word' id='word_1_409' title='bbox 1028 4069 1155 4124; x_wconf 64' lang='lat' dir='ltr'>qua</span> <span class='ocrx_word' id='word_1_410' title='bbox 1179 4053 1470 4107; x_wconf 89' lang='lat' dir='ltr'>suadeant</span> <span class='ocrx_word' id='word_1_411' title='bbox 1492 4051 1621 4124; x_wconf 91' lang='lat' dir='ltr'>ipso</span> <span class='ocrx_word' id='word_1_412' title='bbox 1652 4051 1864 4108; x_wconf 68' lang='lat' dir='ltr'>saeculo</span> 
     </span>
    </p>
   </div>
   <div class='ocr_carea' id='block_1_78' title="bbox 208 4136 1860 4212">
    <p class='ocr_par' dir='ltr' id='par_1_78' title="bbox 208 4136 1860 4212">
     <span class='ocr_line' id='line_1_78' title="bbox 208 4136 1860 4212; baseline -0.003 -13"><span class='ocrx_word' id='word_1_413' title='bbox 208 4144 554 4200; x_wconf 65' lang='lat' dir='ltr'>Christianae</span> <span class='ocrx_word' id='word_1_414' title='bbox 588 4160 712 4198; x_wconf 68' lang='lat' dir='ltr'>aera:</span> <span class='ocrx_word' id='word_1_415' title='bbox 734 4136 894 4199; x_wconf 83' lang='lat' dir='ltr'>sexto</span> <span class='ocrx_word' id='word_1_416' title='bbox 919 4139 1362 4212; x_wconf 87' lang='lat' dir='ltr'>inscriptionem</span> <span class='ocrx_word' id='word_1_417' title='bbox 1379 4140 1563 4195; x_wconf 88' lang='lat' dir='ltr'>fuisse</span> <span class='ocrx_word' id='word_1_418' title='bbox 1587 4141 1860 4212; x_wconf 85' lang='lat' dir='ltr'>positam.</span> 
     </span>
    </p>
   </div>
   <div class='ocr_carea' id='block_1_79' title="bbox 208 4228 1869 4303">
    <p class='ocr_par' dir='ltr' id='par_1_79' title="bbox 208 4228 1869 4303">
     <span class='ocr_line' id='line_1_79' title="bbox 208 4228 1869 4303; baseline -0.001 -18"><span class='ocrx_word' id='word_1_419' title='bbox 208 4231 320 4286; x_wconf 81' lang='lat' dir='ltr'>Vix</span> <span class='ocrx_word' id='word_1_420' title='bbox 346 4232 501 4287; x_wconf 90' lang='lat' dir='ltr'>enim</span> <span class='ocrx_word' id='word_1_421' title='bbox 534 4235 665 4303; x_wconf 91' lang='lat' dir='ltr'>post</span> <span class='ocrx_word' id='word_1_422' title='bbox 696 4229 881 4285; x_wconf 86' lang='lat' dir='ltr'>multa</span> <span class='ocrx_word' id='word_1_423' title='bbox 911 4229 1123 4285; x_wconf 65' lang='lat' dir='ltr'>saecula</span> <span class='ocrx_word' id='word_1_424' title='bbox 1146 4229 1443 4301; x_wconf 83' lang='lat' dir='ltr'>rogandus</span> <span class='ocrx_word' id='word_1_425' title='bbox 1471 4228 1660 4284; x_wconf 84' lang='lat' dir='ltr'>fuerat</span> <span class='ocrx_word' id='word_1_426' title='bbox 1690 4245 1869 4301; x_wconf 82' lang='lat' dir='ltr'>popu-</span> 
     </span>
    </p>
   </div>
   <div class='ocr_carea' id='block_1_80' title="bbox 208 4316 1867 4392">
    <p class='ocr_par' dir='ltr' id='par_1_80' title="bbox 208 4316 1867 4392">
     <span class='ocr_line' id='line_1_80' title="bbox 208 4316 1867 4392; baseline -0.002 -17"><span class='ocrx_word' id='word_1_427' title='bbox 208 4322 305 4376; x_wconf 87' lang='lat' dir='ltr'>lus</span> <span class='ocrx_word' id='word_1_428' title='bbox 337 4325 401 4375; x_wconf 91' lang='lat' dir='ltr'>ut</span> <span class='ocrx_word' id='word_1_429' title='bbox 434 4320 704 4392; x_wconf 89' lang='lat' dir='ltr'>precibus</span> <span class='ocrx_word' id='word_1_430' title='bbox 735 4318 998 4391; x_wconf 86' lang='lat' dir='ltr'>repetitis</span> <span class='ocrx_word' id='word_1_431' title='bbox 1030 4316 1311 4373; x_wconf 87' lang='lat' dir='ltr'>Belisario</span> <span class='ocrx_word' id='word_1_432' title='bbox 1342 4316 1808 4373; x_wconf 90' lang='lat' dir='ltr'>misericordiam</span> <span class='ocrx_word' id='word_1_433' title='bbox 1832 4335 1867 4372; x_wconf 90' lang='lat' dir='ltr'>a</span> 
     </span>
    </p>
   </div>
   <div class='ocr_carea' id='block_1_81' title="bbox 213 4404 1865 4479">
    <p class='ocr_par' dir='ltr' id='par_1_81' title="bbox 213 4404 1865 4479">
     <span class='ocr_line' id='line_1_81' title="bbox 213 4404 1865 4479; baseline -0.002 -16"><span class='ocrx_word' id='word_1_434' title='bbox 213 4414 328 4463; x_wconf 90' lang='lat' dir='ltr'>Deo</span> <span class='ocrx_word' id='word_1_435' title='bbox 362 4406 837 4479; x_wconf 88' lang='lat' dir='ltr'>impetraret.Sed</span> <span class='ocrx_word' id='word_1_436' title='bbox 862 4405 1131 4470; x_wconf 86' lang='lat' dir='ltr'>alterum,</span> <span class='ocrx_word' id='word_1_437' title='bbox 1158 4404 1567 4475; x_wconf 87' lang='lat' dir='ltr'>qualecunque</span> <span class='ocrx_word' id='word_1_438' title='bbox 1587 4405 1865 4472; x_wconf 89' lang='lat' dir='ltr'>sit,etiam</span> 
     </span>
    </p>
   </div>
   <div class='ocr_carea' id='block_1_82' title="bbox 210 4492 1869 4568">
    <p class='ocr_par' dir='ltr' id='par_1_82' title="bbox 210 4492 1869 4568">
     <span class='ocr_line' id='line_1_82' title="bbox 210 4492 1869 4568; baseline -0.002 -16"><span class='ocrx_word' id='word_1_439' title='bbox 210 4496 518 4568; x_wconf 66' lang='lat' dir='ltr'>antiquius</span> <span class='ocrx_word' id='word_1_440' title='bbox 544 4494 1160 4551; x_wconf 86' lang='lat' dir='ltr'>similitercadentium</span> <span class='ocrx_word' id='word_1_441' title='bbox 1186 4510 1392 4548; x_wconf 90' lang='lat' dir='ltr'>vocum</span> <span class='ocrx_word' id='word_1_442' title='bbox 1425 4492 1757 4563; x_wconf 84' lang='lat' dir='ltr'>exemplum</span> <span class='ocrx_word' id='word_1_443' title='bbox 1771 4493 1869 4549; x_wconf 88' lang='lat' dir='ltr'>ha-</span> 
     </span>
    </p>
   </div>
   <div class='ocr_carea' id='block_1_83' title="bbox 1972 3962 3617 4038">
    <p class='ocr_par' dir='ltr' id='par_1_83' title="bbox 1972 3962 3617 4038">
     <span class='ocr_line' id='line_1_83' title="bbox 1972 3962 3617 4038; baseline 0.001 -19"><span class='ocrx_word' id='word_1_444' title='bbox 1972 3968 2353 4020; x_wconf 88' lang='lat' dir='ltr'>memoratus.</span> <span class='ocrx_word' id='word_1_445' title='bbox 2388 3964 2800 4035; x_wconf 79' lang='lat' dir='ltr'>Alphabeticum</span> <span class='ocrx_word' id='word_1_446' title='bbox 2830 3963 3000 4019; x_wconf 90' lang='lat' dir='ltr'>illum</span> <span class='ocrx_word' id='word_1_447' title='bbox 3033 3962 3405 4021; x_wconf 88' lang='lat' dir='ltr'>Mabillonius</span> <span class='ocrx_word' id='word_1_448' title='bbox 3421 3963 3617 4038; x_wconf 88' lang='lat' dir='ltr'>appel-</span> 
     </span>
    </p>
   </div>
   <div class='ocr_carea' id='block_1_84' title="bbox 1971 4050 3621 4126">
    <p class='ocr_par' dir='ltr' id='par_1_84' title="bbox 1971 4050 3621 4126">
     <span class='ocr_line' id='line_1_84' title="bbox 1971 4050 3621 4126; baseline 0.002 -19"><span class='ocrx_word' id='word_1_449' title='bbox 1971 4051 2131 4121; x_wconf 89' lang='lat' dir='ltr'>lavit,</span> <span class='ocrx_word' id='word_1_450' title='bbox 2161 4052 2548 4108; x_wconf 81' lang='lat' dir='ltr'>Abecedarium</span> <span class='ocrx_word' id='word_1_451' title='bbox 2576 4068 2707 4107; x_wconf 89' lang='lat' dir='ltr'>vero</span> <span class='ocrx_word' id='word_1_452' title='bbox 2747 4051 3130 4124; x_wconf 84' lang='lat' dir='ltr'>Augustinus.</span> <span class='ocrx_word' id='word_1_453' title='bbox 3189 4050 3450 4108; x_wconf 88' lang='lat' dir='ltr'>Similem</span> <span class='ocrx_word' id='word_1_454' title='bbox 3481 4069 3621 4126; x_wconf 88' lang='lat' dir='ltr'>quo-</span> 
     </span>
    </p>
   </div>
   <div class='ocr_carea' id='block_1_85' title="bbox 1973 4139 3620 4213">
    <p class='ocr_par' dir='ltr' id='par_1_85' title="bbox 1973 4139 3620 4213">
     <span class='ocr_line' id='line_1_85' title="bbox 1973 4139 3620 4213; baseline 0.002 -18"><span class='ocrx_word' id='word_1_455' title='bbox 1973 4157 2086 4212; x_wconf 89' lang='lat' dir='ltr'>que</span> <span class='ocrx_word' id='word_1_456' title='bbox 2117 4139 2268 4195; x_wconf 82' lang='lat' dir='ltr'>infra</span> <span class='ocrx_word' id='word_1_457' title='bbox 2296 4140 2467 4205; x_wconf 85' lang='lat' dir='ltr'>dabo,</span> <span class='ocrx_word' id='word_1_458' title='bbox 2499 4156 2566 4194; x_wconf 83' lang='lat' dir='ltr'>ex</span> <span class='ocrx_word' id='word_1_459' title='bbox 2605 4139 2920 4195; x_wconf 88' lang='lat' dir='ltr'>Verenensi</span> <span class='ocrx_word' id='word_1_460' title='bbox 2952 4139 3148 4196; x_wconf 89' lang='lat' dir='ltr'>codice</span> <span class='ocrx_word' id='word_1_461' title='bbox 3177 4140 3519 4213; x_wconf 80' lang='lat' dir='ltr'>expressum</span> <span class='ocrx_word' id='word_1_462' title='bbox 3549 4142 3620 4198; x_wconf 87' lang='lat' dir='ltr'>de</span> 
     </span>
    </p>
   </div>
   <div class='ocr_carea' id='block_1_86' title="bbox 1973 4227 3623 4301">
    <p class='ocr_par' dir='ltr' id='par_1_86' title="bbox 1973 4227 3623 4301">
     <span class='ocr_line' id='line_1_86' title="bbox 1973 4227 3623 4301; baseline 0.001 -16"><span class='ocrx_word' id='word_1_463' title='bbox 1973 4234 2213 4301; x_wconf 84' lang='lat' dir='ltr'>captura</span> <span class='ocrx_word' id='word_1_464' title='bbox 2266 4227 2526 4284; x_wconf 79' lang='lat' dir='ltr'>Ludovici</span> <span class='ocrx_word' id='word_1_465' title='bbox 2582 4229 2629 4283; x_wconf 90' lang='lat' dir='ltr'>Il</span> <span class='ocrx_word' id='word_1_466' title='bbox 2683 4228 2933 4298; x_wconf 78' lang='lat' dir='ltr'>Augusti.</span> <span class='ocrx_word' id='word_1_467' title='bbox 2995 4228 3274 4286; x_wconf 69' lang='lat' dir='ltr'>Praeterea</span> <span class='ocrx_word' id='word_1_468' title='bbox 3330 4228 3477 4285; x_wconf 91' lang='lat' dir='ltr'>mihi</span> <span class='ocrx_word' id='word_1_469' title='bbox 3531 4233 3623 4287; x_wconf 89' lang='lat' dir='ltr'>est</span> 
     </span>
    </p>
   </div>
   <div class='ocr_carea' id='block_1_87' title="bbox 1974 4318 3618 4392">
    <p class='ocr_par' dir='ltr' id='par_1_87' title="bbox 1974 4318 3618 4392">
     <span class='ocr_line' id='line_1_87' title="bbox 1974 4318 3618 4392; baseline 0.002 -19"><span class='ocrx_word' id='word_1_470' title='bbox 1974 4318 2285 4392; x_wconf 83' lang='lat' dir='ltr'>rhythmus</span> <span class='ocrx_word' id='word_1_471' title='bbox 2316 4319 2381 4373; x_wconf 87' lang='lat' dir='ltr'>in</span> <span class='ocrx_word' id='word_1_472' title='bbox 2426 4324 2677 4373; x_wconf 84' lang='lat' dir='ltr'>sanctum</span> <span class='ocrx_word' id='word_1_473' title='bbox 2735 4318 3022 4383; x_wconf 88' lang='lat' dir='ltr'>Zenonem,</span> <span class='ocrx_word' id='word_1_474' title='bbox 3081 4335 3115 4374; x_wconf 85' lang='lat' dir='ltr'>a</span> <span class='ocrx_word' id='word_1_475' title='bbox 3145 4335 3325 4391; x_wconf 88' lang='lat' dir='ltr'>supra</span> <span class='ocrx_word' id='word_1_476' title='bbox 3383 4318 3618 4377; x_wconf 88' lang='lat' dir='ltr'>laudato</span> 
     </span>
    </p>
   </div>
   <div class='ocr_carea' id='block_1_88' title="bbox 1974 4405 3621 4480">
    <p class='ocr_par' dir='ltr' id='par_1_88' title="bbox 1974 4405 3621 4480">
     <span class='ocr_line' id='line_1_88' title="bbox 1974 4405 3621 4480; baseline 0.002 -18"><span class='ocrx_word' id='word_1_477' title='bbox 1974 4405 2370 4479; x_wconf 87' lang='lat' dir='ltr'>Campagnola</span> <span class='ocrx_word' id='word_1_478' title='bbox 2400 4407 2471 4462; x_wconf 88' lang='lat' dir='ltr'>ad</span> <span class='ocrx_word' id='word_1_479' title='bbox 2505 4423 2597 4463; x_wconf 92' lang='lat' dir='ltr'>me</span> <span class='ocrx_word' id='word_1_480' title='bbox 2649 4407 2893 4474; x_wconf 86' lang='lat' dir='ltr'>missus,</span> <span class='ocrx_word' id='word_1_481' title='bbox 2923 4410 3099 4480; x_wconf 89' lang='lat' dir='ltr'>atque</span> <span class='ocrx_word' id='word_1_482' title='bbox 3127 4425 3195 4464; x_wconf 83' lang='lat' dir='ltr'>ex</span> <span class='ocrx_word' id='word_1_483' title='bbox 3223 4409 3427 4466; x_wconf 90' lang='lat' dir='ltr'>eodem</span> <span class='ocrx_word' id='word_1_484' title='bbox 3468 4408 3621 4466; x_wconf 88' lang='lat' dir='ltr'>anti-</span> 
     </span>
    </p>
   </div>
   <div class='ocr_carea' id='block_1_89' title="bbox 1976 4496 3620 4570">
    <p class='ocr_par' dir='ltr' id='par_1_89' title="bbox 1976 4496 3620 4570">
     <span class='ocr_line' id='line_1_89' title="bbox 1976 4496 3620 4570; baseline 0.004 -21"><span class='ocrx_word' id='word_1_485' title='bbox 1976 4496 2265 4567; x_wconf 90' lang='lat' dir='ltr'>quissimo</span> <span class='ocrx_word' id='word_1_486' title='bbox 2297 4496 2492 4551; x_wconf 89' lang='lat' dir='ltr'>codice</span> <span class='ocrx_word' id='word_1_487' title='bbox 2524 4497 2886 4569; x_wconf 86' lang='lat' dir='ltr'>exceptus,in</span> <span class='ocrx_word' id='word_1_488' title='bbox 2919 4514 3034 4570; x_wconf 90' lang='lat' dir='ltr'>quo</span> <span class='ocrx_word' id='word_1_489' title='bbox 3063 4497 3269 4554; x_wconf 89' lang='lat' dir='ltr'>laudes</span> <span class='ocrx_word' id='word_1_490' title='bbox 3311 4498 3620 4557; x_wconf 85' lang='lat' dir='ltr'>Mediolani</span> 
     </span>
    </p>
   </div>
   <div class='ocr_carea' id='block_1_90' title="bbox 210 4580 3620 4657">
    <p class='ocr_par' dir='ltr' id='par_1_90' title="bbox 210 4580 3620 4657">
     <span class='ocr_line' id='line_1_90' title="bbox 210 4580 3620 4657; baseline 0.001 -17"><span class='ocrx_word' id='word_1_491' title='bbox 210 4586 444 4640; x_wconf 89' lang='lat' dir='ltr'>bemus.</span> <span class='ocrx_word' id='word_1_492' title='bbox 463 4587 713 4640; x_wconf 84' lang='lat' dir='ltr'>Sanctus</span> <span class='ocrx_word' id='word_1_493' title='bbox 732 4582 1099 4655; x_wconf 88' lang='lat' dir='ltr'>Augustinus</span> <span class='ocrx_word' id='word_1_494' title='bbox 1119 4580 1347 4637; x_wconf 91' lang='lat' dir='ltr'>circiter</span> <span class='ocrx_word' id='word_1_495' title='bbox 1368 4596 1590 4635; x_wconf 90' lang='lat' dir='ltr'>annum</span> <span class='ocrx_word' id='word_1_496' title='bbox 1612 4580 1718 4635; x_wconf 85' lang='lat'>393</span> <span class='ocrx_word' id='word_1_497' title='bbox 1741 4581 1861 4636; x_wconf 88' lang='lat' dir='ltr'>elu-</span> <span class='ocrx_word' id='word_1_498' title='bbox 1896 4584 1943 4650; x_wconf 88' lang='lat' dir='ltr'><strong>D</strong></span> <span class='ocrx_word' id='word_1_499' title='bbox 1974 4584 2093 4655; x_wconf 83' lang='lat' dir='ltr'>jam</span> <span class='ocrx_word' id='word_1_500' title='bbox 2124 4601 2303 4655; x_wconf 88' lang='lat' dir='ltr'>supra</span> <span class='ocrx_word' id='word_1_501' title='bbox 2334 4585 2499 4639; x_wconf 67' lang='lat' dir='ltr'>editae</span> <span class='ocrx_word' id='word_1_502' title='bbox 2524 4584 2885 4657; x_wconf 87' lang='lat' dir='ltr'>legebantur.</span> <span class='ocrx_word' id='word_1_503' title='bbox 2919 4587 2990 4642; x_wconf 89' lang='lat' dir='ltr'>Et</span> <span class='ocrx_word' id='word_1_504' title='bbox 3019 4586 3176 4644; x_wconf 90' lang='lat' dir='ltr'>istud</span> <span class='ocrx_word' id='word_1_505' title='bbox 3211 4588 3620 4645; x_wconf 84' lang='lat' dir='ltr'>abecedarium</span> 
     </span>
    </p>
   </div>
   <div class='ocr_carea' id='block_1_91' title="bbox 209 4667 1867 4745">
    <p class='ocr_par' dir='ltr' id='par_1_91' title="bbox 209 4667 1867 4745">
     <span class='ocr_line' id='line_1_91' title="bbox 209 4667 1867 4745; baseline -0.002 -17"><span class='ocrx_word' id='word_1_506' title='bbox 209 4672 481 4728; x_wconf 88' lang='lat' dir='ltr'>cuhravit</span> <span class='ocrx_word' id='word_1_507' title='bbox 504 4672 786 4745; x_wconf 78' lang='lat' dir='ltr'>psalmum</span> <span class='ocrx_word' id='word_1_508' title='bbox 813 4679 1002 4727; x_wconf 84' lang='lat' dir='ltr'>contra</span> <span class='ocrx_word' id='word_1_509' title='bbox 1049 4672 1267 4741; x_wconf 85' lang='lat' dir='ltr'>partem</span> <span class='ocrx_word' id='word_1_510' title='bbox 1311 4670 1530 4735; x_wconf 85' lang='lat' dir='ltr'>Donati,</span> <span class='ocrx_word' id='word_1_511' title='bbox 1587 4667 1688 4740; x_wconf 89' lang='lat' dir='ltr'>qui</span> <span class='ocrx_word' id='word_1_512' title='bbox 1720 4668 1867 4725; x_wconf 88' lang='lat' dir='ltr'>nihil</span> 
     </span>
    </p>
   </div>
   <div class='ocr_carea' id='block_1_92' title="bbox 210 4756 1868 4833">
    <p class='ocr_par' dir='ltr' id='par_1_92' title="bbox 210 4756 1868 4833">
     <span class='ocr_line' id='line_1_92' title="bbox 210 4756 1868 4833; baseline -0.002 -15"><span class='ocrx_word' id='word_1_513' title='bbox 210 4762 374 4818; x_wconf 84' lang='lat' dir='ltr'>aliud</span> <span class='ocrx_word' id='word_1_514' title='bbox 408 4765 498 4818; x_wconf 89' lang='lat' dir='ltr'>est</span> <span class='ocrx_word' id='word_1_515' title='bbox 524 4778 701 4833; x_wconf 88' lang='lat' dir='ltr'>quam</span> <span class='ocrx_word' id='word_1_516' title='bbox 733 4759 1067 4833; x_wconf 80' lang='lat' dir='ltr'>rhythmos.</span> <span class='ocrx_word' id='word_1_517' title='bbox 1103 4758 1330 4832; x_wconf 91' lang='lat' dir='ltr'>Singuli</span> <span class='ocrx_word' id='word_1_518' title='bbox 1357 4774 1560 4813; x_wconf 88' lang='lat' dir='ltr'>versus</span> <span class='ocrx_word' id='word_1_519' title='bbox 1582 4774 1613 4812; x_wconf 91' lang='lat' dir='ltr'>e</span> <span class='ocrx_word' id='word_1_520' title='bbox 1634 4756 1868 4814; x_wconf 87' lang='lat' dir='ltr'>duobus</span> 
     </span>
    </p>
   </div>
   <div class='ocr_carea' id='block_1_93' title="bbox 210 4845 1868 4922">
    <p class='ocr_par' dir='ltr' id='par_1_93' title="bbox 210 4845 1868 4922">
     <span class='ocr_line' id='line_1_93' title="bbox 210 4845 1868 4922; baseline -0.001 -18"><span class='ocrx_word' id='word_1_521' title='bbox 210 4849 524 4905; x_wconf 84' lang='lat' dir='ltr'>versiculis</span> <span class='ocrx_word' id='word_1_522' title='bbox 540 4855 669 4905; x_wconf 91' lang='lat' dir='ltr'>octo</span> <span class='ocrx_word' id='word_1_523' title='bbox 692 4848 932 4922; x_wconf 84' lang='lat' dir='ltr'>syllabis</span> <span class='ocrx_word' id='word_1_524' title='bbox 962 4852 1250 4904; x_wconf 89' lang='lat' dir='ltr'>constant.</span> <span class='ocrx_word' id='word_1_525' title='bbox 1278 4851 1425 4902; x_wconf 81' lang='lat' dir='ltr'>Sunt</span> <span class='ocrx_word' id='word_1_526' title='bbox 1441 4846 1519 4901; x_wconf 89' lang='lat' dir='ltr'>ibi</span> <span class='ocrx_word' id='word_1_527' title='bbox 1544 4846 1644 4918; x_wconf 89' lang='lat' dir='ltr'>qui</span> <span class='ocrx_word' id='word_1_528' title='bbox 1670 4845 1868 4918; x_wconf 90' lang='lat' dir='ltr'>plures</span> 
     </span>
    </p>
   </div>
   <div class='ocr_carea' id='block_1_94' title="bbox 216 4934 1865 5011">
    <p class='ocr_par' dir='ltr' id='par_1_94' title="bbox 216 4934 1865 5011">
     <span class='ocr_line' id='line_1_94' title="bbox 216 4934 1865 5011; baseline -0.003 -17"><span class='ocrx_word' id='word_1_529' title='bbox 216 4937 477 5011; x_wconf 81' lang='lat' dir='ltr'>syllabas</span> <span class='ocrx_word' id='word_1_530' title='bbox 507 4939 843 5009; x_wconf 69' lang='lat' dir='ltr'>praeferunt,</span> <span class='ocrx_word' id='word_1_531' title='bbox 879 4937 980 4992; x_wconf 90' lang='lat' dir='ltr'>sed</span> <span class='ocrx_word' id='word_1_532' title='bbox 1009 4934 1277 4991; x_wconf 85' lang='lat' dir='ltr'>fortassis</span> <span class='ocrx_word' id='word_1_533' title='bbox 1306 4934 1658 4990; x_wconf 86' lang='lat' dir='ltr'>emendandi</span> <span class='ocrx_word' id='word_1_534' title='bbox 1709 4938 1865 4990; x_wconf 89' lang='lat' dir='ltr'>sunt.</span> 
     </span>
    </p>
   </div>
   <div class='ocr_carea' id='block_1_95' title="bbox 216 5021 1868 5099">
    <p class='ocr_par' dir='ltr' id='par_1_95' title="bbox 216 5021 1868 5099">
     <span class='ocr_line' id='line_1_95' title="bbox 216 5021 1868 5099; baseline -0.004 -16"><span class='ocrx_word' id='word_1_535' title='bbox 216 5028 454 5083; x_wconf 89' lang='lat' dir='ltr'>Intuere</span> <span class='ocrx_word' id='word_1_536' title='bbox 466 5025 623 5081; x_wconf 90' lang='lat' dir='ltr'>hunc</span> <span class='ocrx_word' id='word_1_537' title='bbox 634 5026 931 5099; x_wconf 88' lang='lat' dir='ltr'>psalmum</span> <span class='ocrx_word' id='word_1_538' title='bbox 956 5026 1111 5080; x_wconf 88' lang='lat' dir='ltr'>inter</span> <span class='ocrx_word' id='word_1_539' title='bbox 1130 5025 1318 5096; x_wconf 88' lang='lat' dir='ltr'>Opera</span> <span class='ocrx_word' id='word_1_540' title='bbox 1336 5021 1649 5095; x_wconf 87' lang='lat' dir='ltr'>Augustini</span> <span class='ocrx_word' id='word_1_541' title='bbox 1673 5023 1730 5078; x_wconf 93' lang='lat' dir='ltr'>in</span> <span class='ocrx_word' id='word_1_542' title='bbox 1750 5023 1868 5095; x_wconf 91' lang='lat' dir='ltr'>pri-</span> 
     </span>
    </p>
   </div>
   <div class='ocr_carea' id='block_1_96' title="bbox 216 5110 1871 5187">
    <p class='ocr_par' dir='ltr' id='par_1_96' title="bbox 216 5110 1871 5187">
     <span class='ocr_line' id='line_1_96' title="bbox 216 5110 1871 5187; baseline -0.001 -16"><span class='ocrx_word' id='word_1_543' title='bbox 216 5115 335 5171; x_wconf 89' lang='lat' dir='ltr'>mis</span> <span class='ocrx_word' id='word_1_544' title='bbox 366 5114 599 5187; x_wconf 88' lang='lat' dir='ltr'>paginis</span> <span class='ocrx_word' id='word_1_545' title='bbox 630 5115 851 5171; x_wconf 87' lang='lat' dir='ltr'>tom.IX</span> <span class='ocrx_word' id='word_1_546' title='bbox 879 5113 1150 5169; x_wconf 89' lang='lat' dir='ltr'>editionis</span> <span class='ocrx_word' id='word_1_547' title='bbox 1182 5110 1621 5168; x_wconf 57' lang='lat' dir='ltr'>novissimeDe</span> <span class='ocrx_word' id='word_1_548' title='bbox 1650 5128 1717 5167; x_wconf 91' lang='lat' dir='ltr'>eo</span> <span class='ocrx_word' id='word_1_549' title='bbox 1744 5111 1871 5184; x_wconf 88' lang='lat' dir='ltr'>ipse</span> 
     </span>
    </p>
   </div>
   <div class='ocr_carea' id='block_1_97' title="bbox 214 5201 1870 5276">
    <p class='ocr_par' dir='ltr' id='par_1_97' title="bbox 214 5201 1870 5276">
     <span class='ocr_line' id='line_1_97' title="bbox 214 5201 1870 5276; baseline -0.002 -16"><span class='ocrx_word' id='word_1_550' title='bbox 214 5203 345 5260; x_wconf 69' lang='lat' dir='ltr'>haec</span> <span class='ocrx_word' id='word_1_551' title='bbox 374 5201 581 5259; x_wconf 87' lang='lat' dir='ltr'>scribit</span> <span class='ocrx_word' id='word_1_552' title='bbox 600 5202 900 5276; x_wconf 88' lang='lat' dir='ltr'>lib.primo</span> <span class='ocrx_word' id='word_1_553' title='bbox 931 5203 1268 5266; x_wconf 84' lang='lat' dir='ltr'>Retractat.,</span> <span class='ocrx_word' id='word_1_554' title='bbox 1300 5216 1428 5272; x_wconf 90' lang='lat' dir='ltr'>cap.</span> <span class='ocrx_word' id='word_1_555' title='bbox 1448 5201 1517 5254; x_wconf 87' lang='grc'>20</span> <span class='ocrx_word' id='word_1_556' title='bbox 1543 5216 1557 5254; x_wconf 91' lang='lat'>:</span> <span class='ocrx_word' id='word_1_557' title='bbox 1589 5201 1870 5257; x_wconf 88' lang='lat' dir='ltr'>Psalmum</span> 
     </span>
    </p>
   </div>
   <div class='ocr_carea' id='block_1_98' title="bbox 220 5290 1872 5365">
    <p class='ocr_par' dir='ltr' id='par_1_98' title="bbox 220 5290 1872 5365">
     <span class='ocr_line' id='line_1_98' title="bbox 220 5290 1872 5365; baseline 0 -19"><span class='ocrx_word' id='word_1_558' title='bbox 220 5293 323 5365; x_wconf 87' lang='lat' dir='ltr'>qui</span> <span class='ocrx_word' id='word_1_559' title='bbox 364 5291 434 5346; x_wconf 84' lang='lat' dir='ltr'>ab</span> <span class='ocrx_word' id='word_1_560' title='bbox 472 5293 747 5363; x_wconf 86' lang='lat' dir='ltr'>imperitis</span> <span class='ocrx_word' id='word_1_561' title='bbox 817 5293 868 5348; x_wconf 91' lang='lat' dir='ltr'>el</span> <span class='ocrx_word' id='word_1_562' title='bbox 899 5291 1083 5346; x_wconf 82' lang='lat' dir='ltr'>idiotis</span> <span class='ocrx_word' id='word_1_563' title='bbox 1116 5296 1452 5353; x_wconf 76' lang='lat' dir='ltr'>conteretur,</span> <span class='ocrx_word' id='word_1_564' title='bbox 1507 5304 1607 5359; x_wconf 88' lang='lat' dir='ltr'>per</span> <span class='ocrx_word' id='word_1_565' title='bbox 1647 5290 1872 5346; x_wconf 87' lang='lat' dir='ltr'>Latinas</span> 
     </span>
    </p>
   </div>
   <div class='ocr_carea' id='block_1_99' title="bbox 216 5377 1871 5452">
    <p class='ocr_par' dir='ltr' id='par_1_99' title="bbox 216 5377 1871 5452">
     <span class='ocr_line' id='line_1_99' title="bbox 216 5377 1871 5452; baseline 0.001 -17"><span class='ocrx_word' id='word_1_566' title='bbox 216 5381 431 5436; x_wconf 80' lang='lat' dir='ltr'>litteras</span> <span class='ocrx_word' id='word_1_567' title='bbox 458 5382 586 5452; x_wconf 79' lang='lat' dir='ltr'>feci.</span> <span class='ocrx_word' id='word_1_568' title='bbox 620 5383 768 5438; x_wconf 82' lang='lat' dir='ltr'>Tales</span> <span class='ocrx_word' id='word_1_569' title='bbox 797 5390 980 5437; x_wconf 85' lang='lat' dir='ltr'>autem</span> <span class='ocrx_word' id='word_1_570' title='bbox 1009 5378 1355 5435; x_wconf 86' lang='lat' dir='ltr'>abecedarios</span> <span class='ocrx_word' id='word_1_571' title='bbox 1392 5377 1699 5449; x_wconf 83' lang='lat' dir='ltr'>appellant.</span> <span class='ocrx_word' id='word_1_572' title='bbox 1734 5379 1871 5451; x_wconf 88' lang='lat' dir='ltr'>Ejus</span> 
     </span>
    </p>
   </div>
   <div class='ocr_carea' id='block_1_100' title="bbox 216 5466 1874 5545">
    <p class='ocr_par' dir='ltr' id='par_1_100' title="bbox 216 5466 1874 5545">
     <span class='ocr_line' id='line_1_100' title="bbox 216 5466 1874 5545; baseline -0.001 -20"><span class='ocrx_word' id='word_1_573' title='bbox 216 5468 455 5543; x_wconf 87' lang='lat' dir='ltr'>generis</span> <span class='ocrx_word' id='word_1_574' title='bbox 485 5473 576 5526; x_wconf 89' lang='lat' dir='ltr'>est</span> <span class='ocrx_word' id='word_1_575' title='bbox 603 5470 917 5545; x_wconf 84' lang='lat' dir='ltr'>rhythmos</span> <span class='ocrx_word' id='word_1_576' title='bbox 967 5469 1032 5524; x_wconf 86' lang='lat' dir='ltr'>de</span> <span class='ocrx_word' id='word_1_577' title='bbox 1091 5466 1409 5532; x_wconf 79' lang='lat' dir='ltr'>Mediolano,</span> <span class='ocrx_word' id='word_1_578' title='bbox 1470 5481 1646 5539; x_wconf 89' lang='lat' dir='ltr'>quem</span> <span class='ocrx_word' id='word_1_579' title='bbox 1693 5483 1874 5540; x_wconf 89' lang='lat' dir='ltr'>supra</span> 
     </span>
    </p>
   </div>
   <div class='ocr_carea' id='block_1_101' title="bbox 214 5552 1874 5635">
    <p class='ocr_par' dir='ltr' id='par_1_101' title="bbox 214 5552 1874 5635">
     <span class='ocr_line' id='line_1_101' title="bbox 214 5552 1874 5635; baseline -0.002 -12"><span class='ocrx_word' id='word_1_580' title='bbox 214 5555 411 5635; x_wconf 86' lang='lat' dir='ltr'>innui,</span> <span class='ocrx_word' id='word_1_581' title='bbox 472 5560 559 5617; x_wconf 89' lang='lat' dir='ltr'>uti</span> <span class='ocrx_word' id='word_1_582' title='bbox 588 5564 644 5619; x_wconf 89' lang='lat' dir='ltr'>et</span> <span class='ocrx_word' id='word_1_583' title='bbox 694 5558 842 5619; x_wconf 85' lang='lat' dir='ltr'>alter</span> <span class='ocrx_word' id='word_1_584' title='bbox 899 5554 1249 5619; x_wconf 81' lang='lat' dir='ltr'>Adelmanni</span> <span class='ocrx_word' id='word_1_585' title='bbox 1300 5552 1646 5618; x_wconf 82' lang='lat' dir='ltr'>Scholastici</span> <span class='ocrx_word' id='word_1_586' title='bbox 1703 5560 1874 5619; x_wconf 77' lang='lat' dir='ltr'>antea</span> 
     </span>
    </p>
   </div>
   <div class='ocr_carea' id='block_1_102' title="bbox 1976 4672 2658 4742">
    <p class='ocr_par' dir='ltr' id='par_1_102' title="bbox 1976 4672 2658 4742">
     <span class='ocr_line' id='line_1_102' title="bbox 1976 4672 2658 4742; baseline 0.004 -15"><span class='ocrx_word' id='word_1_587' title='bbox 1976 4674 2082 4727; x_wconf 90' lang='lat' dir='ltr'>est.</span> <span class='ocrx_word' id='word_1_588' title='bbox 2118 4672 2198 4726; x_wconf 91' lang='lat' dir='ltr'>En</span> <span class='ocrx_word' id='word_1_589' title='bbox 2227 4672 2357 4742; x_wconf 90' lang='lat' dir='ltr'>ejus</span> <span class='ocrx_word' id='word_1_590' title='bbox 2384 4672 2616 4728; x_wconf 88' lang='lat' dir='ltr'>initium</span> <span class='ocrx_word' id='word_1_591' title='bbox 2646 4693 2658 4730; x_wconf 91' lang='lat'>:</span> 
     </span>
    </p>
   </div>
   <div class='ocr_carea' id='block_1_103' title="bbox 2048 4778 3247 4854">
    <p class='ocr_par' dir='ltr' id='par_1_103' title="bbox 2048 4778 3247 4854">
     <span class='ocr_line' id='line_1_103' title="bbox 2048 4778 3247 4854; baseline 0.004 -22"><span class='ocrx_word' id='word_1_592' title='bbox 2048 4778 2288 4834; x_wconf 83' lang='lat' dir='ltr'>Audiant</span> <span class='ocrx_word' id='word_1_593' title='bbox 2314 4780 2609 4851; x_wconf 83' lang='lat' dir='ltr'>principes,</span> <span class='ocrx_word' id='word_1_594' title='bbox 2640 4782 2873 4837; x_wconf 87' lang='lat' dir='ltr'>audiant</span> <span class='ocrx_word' id='word_1_595' title='bbox 2892 4784 3105 4854; x_wconf 80' lang='lat' dir='ltr'>populi,</span> <span class='ocrx_word' id='word_1_596' title='bbox 3139 4788 3247 4840; x_wconf 90' lang='lat' dir='ltr'>etc.</span> 
     </span>
    </p>
   </div>
   <div class='ocr_carea' id='block_1_104' title="bbox 1978 4892 2413 4950">
    <p class='ocr_par' dir='ltr' id='par_1_104' title="bbox 1978 4892 2413 4950">
     <span class='ocr_line' id='line_1_104' title="bbox 1978 4892 2413 4950; baseline 0 0"><span class='ocrx_word' id='word_1_597' title='bbox 1978 4892 2100 4950; x_wconf 89' lang='lat' dir='ltr'>Illic</span> <span class='ocrx_word' id='word_1_598' title='bbox 2131 4894 2413 4950; x_wconf 88' lang='lat' dir='ltr'>habetur:</span> 
     </span>
    </p>
   </div>
   <div class='ocr_carea' id='block_1_105' title="bbox 2000 4978 3170 5074">
    <p class='ocr_par' dir='ltr' id='par_1_105' title="bbox 2000 4978 3170 5074">
     <span class='ocr_line' id='line_1_105' title="bbox 2000 4978 3170 5074; baseline 0.002 -19"><span class='ocrx_word' id='word_1_599' title='bbox 2000 4978 2005 4983; x_wconf 29' lang='lat' dir='ltr'><strong>I</strong></span> <span class='ocrx_word' id='word_1_600' title='bbox 2047 5002 2211 5055; x_wconf 86' lang='lat' dir='ltr'>Kasta</span> <span class='ocrx_word' id='word_1_601' title='bbox 2234 5005 2615 5072; x_wconf 81' lang='lat' dir='ltr'>permanserat</span> <span class='ocrx_word' id='word_1_602' title='bbox 2646 5004 2868 5074; x_wconf 87' lang='lat' dir='ltr'>imperii</span> <span class='ocrx_word' id='word_1_603' title='bbox 2889 5002 3029 5073; x_wconf 83' lang='lat' dir='ltr'>ﬁlia,</span> <span class='ocrx_word' id='word_1_604' title='bbox 3059 5008 3170 5059; x_wconf 91' lang='lat' dir='ltr'>etc.</span> 
     </span>
    </p>
   </div>
   <div class='ocr_carea' id='block_1_106' title="bbox 2049 5090 3339 5159">
    <p class='ocr_par' dir='ltr' id='par_1_106' title="bbox 2049 5090 3339 5159">
     <span class='ocr_line' id='line_1_106' title="bbox 2049 5090 3339 5159; baseline 0 -14"><span class='ocrx_word' id='word_1_605' title='bbox 2049 5091 2219 5158; x_wconf 83' lang='lat' dir='ltr'>Rogat</span> <span class='ocrx_word' id='word_1_606' title='bbox 2251 5092 2302 5143; x_wconf 86' lang='lat' dir='ltr'>te</span> <span class='ocrx_word' id='word_1_607' title='bbox 2330 5090 2643 5159; x_wconf 88' lang='lat' dir='ltr'>imperium,</span> <span class='ocrx_word' id='word_1_608' title='bbox 2677 5090 2747 5145; x_wconf 86' lang='lat' dir='ltr'>ad</span> <span class='ocrx_word' id='word_1_609' title='bbox 2768 5107 2824 5147; x_wconf 89' lang='lat' dir='ltr'>se</span> <span class='ocrx_word' id='word_1_610' title='bbox 2849 5095 2899 5146; x_wconf 86' lang='lat' dir='ltr'>te</span> <span class='ocrx_word' id='word_1_611' title='bbox 2929 5098 3200 5159; x_wconf 80' lang='lat' dir='ltr'>convocat,</span> <span class='ocrx_word' id='word_1_612' title='bbox 3230 5093 3339 5146; x_wconf 90' lang='lat' dir='ltr'>etc.</span> 
     </span>
    </p>
   </div>
   <div class='ocr_carea' id='block_1_107' title="bbox 1980 5204 3629 5277">
    <p class='ocr_par' dir='ltr' id='par_1_107' title="bbox 1980 5204 3629 5277">
     <span class='ocr_line' id='line_1_107' title="bbox 1980 5204 3629 5277; baseline 0.001 -18"><span class='ocrx_word' id='word_1_613' title='bbox 1980 5204 2061 5259; x_wconf 92' lang='lat' dir='ltr'>lbi</span> <span class='ocrx_word' id='word_1_614' title='bbox 2095 5204 2387 5276; x_wconf 83' lang='lat' dir='ltr'>imperium</span> <span class='ocrx_word' id='word_1_615' title='bbox 2417 5220 2522 5276; x_wconf 91' lang='lat' dir='ltr'>pro</span> <span class='ocrx_word' id='word_1_616' title='bbox 2554 5205 2973 5276; x_wconf 79' lang='lat' dir='ltr'>imperatore.At</span> <span class='ocrx_word' id='word_1_617' title='bbox 2992 5223 3231 5263; x_wconf 89' lang='lat' dir='ltr'>rursum</span> <span class='ocrx_word' id='word_1_618' title='bbox 3263 5205 3401 5261; x_wconf 88' lang='lat' dir='ltr'>audi</span> <span class='ocrx_word' id='word_1_619' title='bbox 3430 5205 3629 5277; x_wconf 85' lang='lat' dir='ltr'>Augu-</span> 
     </span>
    </p>
   </div>
   <div class='ocr_carea' id='block_1_108' title="bbox 1980 5292 3629 5368">
    <p class='ocr_par' dir='ltr' id='par_1_108' title="bbox 1980 5292 3629 5368">
     <span class='ocr_line' id='line_1_108' title="bbox 1980 5292 3629 5368; baseline 0.001 -19"><span class='ocrx_word' id='word_1_620' title='bbox 1980 5293 2203 5349; x_wconf 89' lang='lat' dir='ltr'>stinum</span> <span class='ocrx_word' id='word_1_621' title='bbox 2236 5292 2507 5349; x_wconf 89' lang='lat' dir='ltr'>eumdem</span> <span class='ocrx_word' id='word_1_622' title='bbox 2538 5293 2610 5348; x_wconf 92' lang='lat' dir='ltr'>dc</span> <span class='ocrx_word' id='word_1_623' title='bbox 2662 5292 2760 5349; x_wconf 91' lang='lat' dir='ltr'>illo</span> <span class='ocrx_word' id='word_1_624' title='bbox 2794 5294 3020 5366; x_wconf 86' lang='lat' dir='ltr'>psalmo</span> <span class='ocrx_word' id='word_1_625' title='bbox 3071 5295 3446 5368; x_wconf 89' lang='lat' dir='ltr'>loquentem:</span> <span class='ocrx_word' id='word_1_626' title='bbox 3506 5293 3629 5351; x_wconf 80' lang='lat' dir='ltr'>Ideo</span> 
     </span>
    </p>
   </div>
   <div class='ocr_carea' id='block_1_109' title="bbox 1979 5382 3631 5455">
    <p class='ocr_par' dir='ltr' id='par_1_109' title="bbox 1979 5382 3631 5455">
     <span class='ocr_line' id='line_1_109' title="bbox 1979 5382 3631 5455; baseline 0.002 -18"><span class='ocrx_word' id='word_1_627' title='bbox 1979 5386 2162 5438; x_wconf 82' lang='lat' dir='ltr'>autem</span> <span class='ocrx_word' id='word_1_628' title='bbox 2190 5398 2302 5437; x_wconf 87' lang='lat' dir='ltr'>non</span> <span class='ocrx_word' id='word_1_629' title='bbox 2345 5382 2531 5453; x_wconf 86' lang='lat' dir='ltr'>aliquo</span> <span class='ocrx_word' id='word_1_630' title='bbox 2582 5385 2847 5438; x_wconf 86' lang='lat' dir='ltr'>carminis</span> <span class='ocrx_word' id='word_1_631' title='bbox 2897 5399 3093 5455; x_wconf 86' lang='lat' dir='ltr'>genere</span> <span class='ocrx_word' id='word_1_632' title='bbox 3122 5384 3178 5440; x_wconf 86' lang='lat' dir='ltr'>id</span> <span class='ocrx_word' id='word_1_633' title='bbox 3206 5384 3330 5454; x_wconf 79' lang='lat' dir='ltr'>ﬁeri</span> <span class='ocrx_word' id='word_1_634' title='bbox 3359 5383 3530 5448; x_wconf 86' lang='lat' dir='ltr'>volui.</span> <span class='ocrx_word' id='word_1_635' title='bbox 3560 5398 3631 5440; x_wconf 77' lang='lat' dir='ltr'>ne</span> 
     </span>
    </p>
   </div>
   <div class='ocr_carea' id='block_1_110' title="bbox 1978 5465 3632 5546">
    <p class='ocr_par' dir='ltr' id='par_1_110' title="bbox 1978 5465 3632 5546">
     <span class='ocr_line' id='line_1_110' title="bbox 1978 5465 3632 5546; baseline 0.002 -21"><span class='ocrx_word' id='word_1_636' title='bbox 1978 5486 2067 5527; x_wconf 85' lang='lat' dir='ltr'>me</span> <span class='ocrx_word' id='word_1_637' title='bbox 2093 5472 2387 5527; x_wconf 84' lang='lat' dir='ltr'>necessitas</span> <span class='ocrx_word' id='word_1_638' title='bbox 2435 5473 2660 5527; x_wconf 86' lang='lat' dir='ltr'>metrica</span> <span class='ocrx_word' id='word_1_639' title='bbox 2690 5471 2760 5526; x_wconf 87' lang='lat' dir='ltr'>ad</span> <span class='ocrx_word' id='word_1_640' title='bbox 2788 5472 2976 5543; x_wconf 85' lang='lat' dir='ltr'>aliqua</span> <span class='ocrx_word' id='word_1_641' title='bbox 3006 5473 3167 5529; x_wconf 86' lang='lat' dir='ltr'>verba</span> <span class='ocrx_word' id='word_1_642' title='bbox 3189 5488 3309 5546; x_wconf 68' lang='lat' dir='ltr'>quae</span> <span class='ocrx_word' id='word_1_643' title='bbox 3337 5465 3498 5545; x_wconf 68' lang='lat' dir='ltr'>vulgo</span> <span class='ocrx_word' id='word_1_644' title='bbox 3529 5474 3632 5529; x_wconf 84' lang='lat' dir='ltr'>mi-</span> 
     </span>
    </p>
   </div>
   <div class='ocr_carea' id='block_1_111' title="bbox 1978 5560 3629 5653">
    <p class='ocr_par' dir='ltr' id='par_1_111' title="bbox 1978 5560 3629 5653">
     <span class='ocr_line' id='line_1_111' title="bbox 1978 5560 3629 5653; baseline 0.002 -30"><span class='ocrx_word' id='word_1_645' title='bbox 1978 5576 2086 5623; x_wconf 80' lang='lat' dir='ltr'>nus</span> <span class='ocrx_word' id='word_1_646' title='bbox 2113 5564 2242 5621; x_wconf 76' lang='lat' dir='ltr'>sunt</span> <span class='ocrx_word' id='word_1_647' title='bbox 2261 5562 2482 5634; x_wconf 81' lang='lat' dir='ltr'>usitata,</span> <span class='ocrx_word' id='word_1_648' title='bbox 2514 5560 2871 5653; x_wconf 77' lang='lat' dir='ltr'>compelleret.</span> <span class='ocrx_word' id='word_1_649' title='bbox 2897 5560 3084 5631; x_wconf 85' lang='lat' dir='ltr'>Quare</span> <span class='ocrx_word' id='word_1_650' title='bbox 3104 5565 3232 5623; x_wconf 88' lang='lat' dir='ltr'>tum</span> <span class='ocrx_word' id='word_1_651' title='bbox 3262 5577 3331 5623; x_wconf 80' lang='lat' dir='ltr'>ex</span> <span class='ocrx_word' id='word_1_652' title='bbox 3354 5560 3469 5633; x_wconf 86' lang='lat' dir='ltr'>bis,</span> <span class='ocrx_word' id='word_1_653' title='bbox 3500 5564 3629 5626; x_wconf 78' lang='lat' dir='ltr'>tum</span> 
     </span>
    </p>
   </div>
  </div>
