3984 6166
387 321 505 385 783
1129 324 1317 387 ΒιΕϐ.
1363 325 1445 386 XI
1489 318 2080 386 AUCT.'INCERTI
2123 318 2310 383 ANNI
2355 319 2457 383 ET
2498 313 2796 382 SCRIPT.
2845 324 3069 378 ’AAEZII.
3674 311 3811 376 ’784

390 472 459 512 ex
488 472 669 529 supra
696 454 890 513 allatis
920 455 1115 514 verbis
1144 455 1529 529 intelligimus
1558 455 1863 528 rhythmos
1890 454 2029 511 olim
2060 455 2114 524 Α
2145 470 2322 527 quam
2356 457 2509 509 certo
2541 453 2866 526 quaerenda;
2895 451 3185 524 ejusmodi
3215 446 3520 520 euphoniae
3555 447 3815 506 concilio

392 544 709 613 confectos,
734 548 801 602 ut
829 547 897 602 ab
942 547 1213 618 imperitis
1241 549 1401 618 atque
1454 545 1638 602 idiotis
1687 548 2034 601 canerentur.
2150 543 2362 600 coiisse
2392 546 2554 617 puto.
2581 541 2799 599 Saltem
2831 544 3064 599 constat
3091 540 3178 597 vel
3212 537 3423 610 saeculo
3450 538 3821 605 Christiana

397 633 463 691 In
494 651 629 691 eum
663 640 897 708 quoque
928 636 1106 691 finem
1164 634 1470 706 compositi
1522 635 1702 702 fuere,
1734 634 1833 707 qui
1894 632 2037 689 mihi
2146 651 2275 688 certe
2307 634 2513 705 quarto
2546 632 2833 689 Africana:
2857 630 3012 705 plebi
3070 631 3132 688 in
3163 629 3461 704 rhythmis
3506 627 3817 702 placuisse

396 710 917 797 nupe‘r'memorati
947 727 1087 781 sunt
1114 723 1178 779 de
1207 723 1458 779 laudibus
1487 723 1798 791 Mediolani,
1828 723 1893 778 de
1932 725 2038 778 Lu-
2147 721 2405 794 aliquam
2433 722 2765 789 verborum,
2826 724 2894 777 ut
2922 721 3006 777 ita
3055 720 3273 788 dicam,
3331 718 3812 787 consonantiam,

395 813 580 871 dovico
606 815 659 871 ΙΙ
684 817 792 871 etc.
850 813 1028 869 Erant
1055 812 1211 869 enim
1240 812 1315 870 iis
1367 829 1599 885 quoque
1650 811 2036 885 temporibus,
2147 828 2324 884 quam
2347 810 2666 868 subsecuta
2686 808 2902 867 saecula
2926 809 3366 883 ampliﬁcarunt
3382 812 3440 865 et
3459 807 3818 882 diligentius

396 902 598 974 quales
633 902 870 973 nostris,
927 901 1029 974 qui
1078 902 1341 959 carmina
1390 902 1580 972 rudia,
1629 918 1695 957 ac
1750 899 2040 974 praecipue
2146 904 2521 957 exornarunt.
2555 900 2936 958 Praecesserat
2966 899 3143 956 etiam
3175 896 3633 956 Commodianus
3650 894 3815 953 mihi

393 989 697 1064 rhythmos
727 994 829 1047 aut
856 989 1049 1048 solatii
1079 1008 1256 1049 causa
1286 992 1466 1062 domi,
1498 993 1600 1047 aut
1622 990 1684 1046 in
1706 989 1916 1063 plateis
1937 1007 2037 1062 po-
2148 1007 2329 1063 supra
2360 993 2721 1046 memoratus
2751 989 2812 1045 in
2862 992 3157 1062 postremo
3214 986 3472 1045 carmine
3507 1003 3639 1058 suo,
3698 985 3811 1042 ubi

391 1078 530 1152 pulo
561 1083 910 1154 congregato
940 1078 1089 1138 lucri
1121 1082 1363 1137 obtentu
1393 1080 1701 1137 canebant.
1734 1078 2039 1151 Ejusmodi
2149 1077 2416 1151 singulos
2442 1094 2649 1134 versus
2681 1077 2741 1133 in
2771 1093 2802 1135 ο
2833 1078 3099 1134 desinere
3129 1077 3371 1135 sentias.

391 1167 717 1227 cantilenas
746 1167 955 1226 saltem
982 1169 1289 1227 semidocti
1309 1169 1717 1243 intelligebant
1739 1187 1752 1225 :
1776 1168 2039 1224 nondum
2219 1166 2726 1224 Benchorensibus
2757 1166 3329 1241 rhythmis,aliisque
3352 1165 3566 1222 saeculo
3597 1169 3811 1222 octavo

390 1258 553 1315 enim
586 1257 904 1332 quisquam
931 1276 1114 1315 ausus
1126 1260 1316 1316 fuerat
1336 1259 1559 1332 vulgari
1574 1275 1843 1315 sermone
1864 1258 1950 1314 uti
1968 1257 2039 1313 ad
2148 1256 2488 1329 compositis
2507 1273 2641 1312 cum
2672 1255 2910 1313 vocibus
2932 1255 3413 1323 consonantibus,
3447 1272 3590 1329 quos
3613 1270 3816 1328 nuper

390 1348 656 1405 carmina
684 1350 786 1403 aut
814 1348 889 1404 ad
918 1348 1225 1421 rhythmos
1250 1367 1263 1417 ;
1298 1352 1399 1404 aut
1424 1349 1472 1403 si
1503 1348 1837 1415 utebantur,
1870 1363 1939 1403 ex
1966 1346 2040 1401 iis
2150 1345 2341 1411 retuli,
2375 1346 2526 1401 addo
2557 1344 2921 1419 epitaphium
2951 1343 3232 1401 Lantfridi
3264 1344 3496 1401 abbatis
3522 1343 3814 1400 Burensis

396 1454 467 1493 ne
500 1438 894 1510 fragmentum
927 1438 1163 1511 quidem
1191 1438 1264 1494 ad
1296 1454 1399 1495 nos
1433 1438 1712 1510 pervenit.
1747 1438 1938 1493 Redeo
1968 1437 2040 1493 ad
2149 1436 2208 1490 in
2242 1434 2528 1507 Bajoaria,
2563 1436 2719 1507 quod
2752 1434 3129 1491 Mabillonius
3154 1435 3215 1491 in
3261 1434 3558 1491 Aualectis
3581 1432 3811 1506 publici

396 1526 693 1599 psalmum
723 1527 1236 1600 Augustinianum.
1260 1527 1343 1583 Ibi
1366 1526 1734 1600 singulorum
1766 1542 2040 1582 versuum
2149 1524 2296 1595 iuris
2328 1523 2479 1580 fecit.
2514 1524 2568 1579 Is
2596 1523 2793 1580 ﬂoruit
2820 1524 2930 1580 sub
2964 1524 3208 1598 Pippino
3240 1528 3300 1580 et
3329 1521 3535 1580 Carolo
3566 1523 3806 1597 Magno,

398 1616 675 1672 clausulae
705 1616 764 1672 in
793 1635 823 1673 e
868 1616 1185 1675 desinunt:
1220 1618 1377 1690 quod
1409 1621 1466 1673 et
1503 1616 1561 1672 in
1595 1615 1724 1672 aliis
1755 1614 2044 1688 rhythmis
2157 1615 2510 1670 Francorum
2534 1614 2791 1687 regibus,
2837 1618 2895 1670 et
2923 1613 3153 1671 circiter
3181 1628 3406 1671 annum
3456 1611 3673 1671 Christi
3702 1612 3815 1668 790

352 1694 365 1699 “
401 1707 773 1762 observatum
802 1706 940 1762 vidi.
974 1706 1300 1764 Occurrunt
1328 1710 1385 1762 et
1411 1705 1675 1779 plurimae
1704 1721 1873 1761 voces
1905 1721 2045 1760 con-
2092 1777 2115 1779 Α
2155 1702 2476 1761 excessisse
2506 1719 2537 1759 e
2565 1703 2712 1760 vivis
2739 1703 2986 1763 videtur.

402 1810 560 1853 sonas
589 1794 651 1851 in
677 1811 788 1852 Ann
815 1798 875 1852 et
922 1812 1052 1864 one,
1084 1800 1217 1866 etc.,
1270 1777 1427 1868 quasi
1464 1799 1660 1852 tamen
1693 1811 1832 1851 casu
1864 1793 2061 1866 potius
2091 1777 2138 1844 B

828 1920 921 1977 EN
963 1919 1323 1979 LANTFRID
1363 1919 1681 1986 DOMNVS,
1721 1918 1970 1975 PRIMIS
2008 1917 2416 1974 NATALIBVS
2456 1917 2709 1975 ORTVS.

973 2009 1235 2065 DEBITA
1271 2008 1530 2066 SOLVIT
1567 2008 1791 2079 HUMO,
1833 2008 1994 2072 QUE
2032 2007 2167 2065 SIBl
2207 2008 2442 2064 DEBET
2482 2005 2706 2063 HOMO.

829 2098 1110 2156 IETATIS
1149 2099 1383 2155 FLORE
1424 2098 1672 2155 SPONSI
1710 2096 2042 2154 CURRENS
2081 2097 2153 2152 IN
2194 2095 2458 2162 ODORE,

972 2186 1311 2246 PLURIBVS
1352 2187 1751 2244 EXEMPLVM
1793 2186 2127 2243 PR/EBVIT
2169 2185 2322 2241 IPSE
2360 2184 2600 2241 BONVM
2638 2190 2748 2240 etc.

406 2320 636 2377 ‘Eodem
667 2324 952 2379 concentu
975 2325 1227 2395 pergunt
1245 2322 1458 2395 reliqui
1487 2340 1727 2380 versus:
1762 2323 1862 2396 qui
1895 2322 1945 2379 si
1969 2339 2055 2379 re-
2166 2319 2546 2393 dionysianze,
2579 2318 2809 2375 circiter
2833 2334 2902 2374 ea
2956 2322 3221 2392 tempora
3249 2316 3567 2375 fabricatae.
3599 2318 3825 2377 Auctor

412 2426 552 2468 vera
570 2414 713 2467 tunc
738 2410 899 2468 fuere
917 2411 1160 2479 conditi,
1193 2412 1278 2468 uti
1302 2411 1418 2468 veri
1432 2411 1665 2469 videtur
1678 2412 1895 2479 simile,
1925 2429 2060 2469 con-
2166 2410 2247 2465 ibi
2282 2426 2458 2465 suum
2489 2425 2725 2465 nomem
2744 2407 3098 2481 inscriptum
3120 2405 3440 2478 voluit,hoc
3461 2408 3825 2478 est,Airadux

404 2497 643 2554 ﬁrmant
663 2514 790 2572 quae
820 2498 939 2554 dixi
971 2499 1041 2554 de
1072 2499 1324 2573 ingeniis
1343 2498 1684 2571 hujusmodi
1698 2500 1926 2556 musica
1954 2501 2057 2556 de-
2166 2499 2481 2567 mmiaclms,
2507 2496 2758 2571 geminis
2776 2495 3080 2554 versiculis
3096 2496 3477 2570 incisis,quos
3496 2497 3569 2555 ad
3592 2514 3827 2555 annum

406 2587 636 2644 lectatis
665 2587 793 2660 ipso
827 2587 1039 2644 saeculo
1070 2587 1283 2644 Christi
1316 2592 1537 2645 octavo.
1570 2589 1834 2645 Alterum
1865 2606 2063 2646 exem—
2167 2589 2273 2643 780
2303 2587 2500 2644 attulit
2528 2587 2681 2645 idem
2716 2584 3087 2643 Mabillonius
3119 2585 3178 2642 in
3199 2584 3525 2647 Annalibus
3541 2586 3827 2651 Benedic-

408 2674 573 2747 plum
602 2676 864 2749 praebent
891 2679 1069 2749 portae
1100 2693 1258 2732 aereae
1289 2674 1541 2732 basilicae
1558 2676 1907 2734 Parisiensis
1926 2682 2062 2734 San-
2173 2675 2346 2733 ctinis
2373 2695 2385 2732 :

841 2800 983 2857 HOC
1021 2801 1200 2857 OPVS
1236 2800 1553 2858 AIRADVS
1592 2802 1910 2858 CZELESTI
1949 2803 2247 2860 MVNERE
2288 2801 2584 2871 FRETVS,

839 2889 1118 2947 OFFERT
1158 2889 1330 2949 ECCE
1368 2891 1532 2959 TIBI,
1574 2891 1885 2961 DIONYSI,
1928 2891 2248 2948 PECTORE
2288 2890 2469 2948 MlTI.

405 3024 592 3091 'Porro
625 3037 918 3106 quantum
949 3032 1332 3105 subsequenti
1363 3032 1576 3090 saeculo
1599 3033 1826 3090 nonoin
1843 3032 2067 3090 deliciis
2176 3032 2507 3090 stissimum
2528 3033 2822 3091 musivum
2852 3032 2914 3089 in
2971 3034 3093 3093 side
3122 3050 3292 3091 sacra
3345 3037 3561 3097 sanctae
3618 3033 3836 3093 Maria

417 3125 563 3180 foret
584 3124 737 3197 apud
771 3123 1058 3196 quosdam
1089 3128 1289 3196 poetas
1338 3123 1668 3195 conquisita
1714 3123 1828 3179 ista
1856 3140 2066 3180 conso-
2177 3122 2342 3179 Novae
2378 3120 2570 3179 adhuc
2600 3123 2808 3178 visitur
2837 3122 3051 3192 Romae,
3085 3127 3233 3181 teste
3263 3122 3586 3197 Ciampiuio
3642 3129 3835 3197 part...

419 3213 705 3270 uantium'
745 3229 953 3269 vocum
1011 3212 1319 3269 harmonia
1372 3213 1431 3267 in
1471 3211 1735 3269 texendis
1774 3211 2061 3281 versibus,
2095 3250 2139 3317 ϐ
2178 3229 2239 3281 II,
2272 3228 2398 3285 cap.
2430 3212 2519 3281 28,
2552 3212 2740 3269 Veter.
2793 3212 3220 3271 Monumentor.
3282 3212 3364 3269 Ibi
3422 3212 3483 3269 hi
3515 3212 3631 3269 duo
3687 3228 3839 3270 ver-

415 3302 589 3377 ]onge
615 3301 888 3377 pluribus
919 3301 1200 3376 exemplis
1248 3303 1553 3359 ostendere
1591 3318 1854 3375 possum.
1887 3302 2065 3359 Vetu-
2099 3301 2139 3317 “'
2177 3318 2314 3359 sus:

848 3454 1095 3510 ARBOR
1131 3454 1356 3510 SACRA
1393 3454 1646 3511 CRVCIS
1688 3453 1802 3509 F'lT
1840 3452 2094 3510 MVNDO
2134 3453 2398 3510 SEMITA
2436 3452 2661 3522 LVCIS,

845 3542 1048 3609 QVAM
1088 3542 1209 3608 QUI
1248 3542 1622 3611 PORTAVIT,
1662 3542 1800 3600 NOS
1838 3543 2184 3602 CHRISTVS
2221 3543 2316 3600 AD
2354 3543 2583 3600 ASTRA
2623 3541 2949 3599 LEVAVIT.

418 3693 515 3753 Uti
534 3693 882 3750 Anastasius
902 3693 1233 3765 tradit,ejus
1258 3693 1454 3766 templi
1478 3693 1775 3767 simulque
1794 3697 1851 3750 et
1871 3694 2062 3768 operis
2173 3693 2417 3768 contigit
2444 3711 2599 3751 anno
2625 3693 2798 3752 Cristi
2826 3693 2954 3766 840)
2984 3692 3379 3767 compositum
3408 3692 3615 3749 fuisset
3633 3692 3839 3766 epita-

416 3780 698 3841 tessellati
720 3780 1044 3838 auctorfuit
1063 3786 1173 3837 Leo
1195 3780 1287 3852 IV,
1311 3798 1484 3855 papa,
1515 3799 1669 3839 anno
1691 3782 1908 3840 Christi
1937 3785 2063 3853 848,
2176 3783 2406 3856 phium,
2460 3785 2588 3856 ejus
2618 3782 2849 3839 tumulo
2877 3782 3122 3839 Metensi
3177 3782 3236 3837 in
3269 3782 3413 3839 urbe
3465 3778 3839 3855 appositum,

416 3876 519 3929 aut
546 3870 818 3930 Nicolaus
848 3871 892 3943 Ι,
923 3888 1074 3944 papa
1107 3871 1339 3928 circiter
1394 3888 1617 3928 annum
1670 3873 1794 3928 860.
1851 3874 1985 3937 Quae
2017 3872 2067 3929 si
2177 3873 2333 3944 quod
2362 3876 2522 3928 torno
2555 3871 2787 3944 II,-pag.
2830 3873 2956 3941 320,
3019 3870 3298 3945 Scriptor.
3353 3871 3683 3929 Francicor.
3748 3873 3839 3929 du

415 3966 577 4019 certa
603 3965 762 4031 sunt,
786 3962 912 4033 jem
942 3965 1213 4019 tenemus
1242 3960 1305 4017 in
1350 3960 1480 4034 ipsa
1523 3960 1676 4018 Urbe
1703 3961 1886 4018 ferme
1934 3966 2068 4019 ante
2177 3960 2431 4039 Chesnii,
2465 3964 2522 4017 et
2550 3961 2611 4016 in
2639 3959 2966 4018 Annalibus
2995 3958 3312 4017 cardinalis
3335 3959 3569 4017 Baronii
3591 3958 3843 4035 legitur,

419 4067 626 4109 novem
658 4049 873 4113 secula
900 4051 961 4107 in
991 4068 1103 4108 usu
1136 4049 1318 4107 fuisse
1349 4066 1667 4108 consonam
1692 4066 1903 4107 vocum
1932 4049 2069 4106 har-
2178 4049 2544 4107 luculentum
2573 4048 2822 4106 alterum
2851 4049 3207 4106 haberemus
3235 4048 3587 4106 homotoniaa
3617 4049 3680 4106 in
3708 4066 3842 4107 ver-

418 4142 679 4198 moniam
702 4139 765 4198 in
792 4141 1079 4198 versibus.
1113 4141 1172 4198 Si
1202 4141 1407 4198 eodem
1439 4139 1673 4210 saeculo,
1724 4156 1845 4212 quo
1878 4140 2067 4197 Ludo-
2179 4139 2345 4196 sibus
2374 4142 2514 4195 tunc
2544 4139 2828 4195 adamata:
2860 4138 3568 4205 testimonium.Quatuor
3596 4142 3841 4196 tantum

416 4229 584 4287 vicus
614 4230 755 4287 Pius
809 4230 1112 4303 Augustus
1141 4247 1174 4287 θ
1218 4229 1364 4288 vivis
1417 4228 1667 4286 excessit
1696 4228 1829 4301 (hoc
1872 4233 2069 4284 autem
2175 4227 2497 4285 versiculos
2527 4228 2666 4285 inde
2696 4230 3000 4302 excerptas
3028 4228 3226 4285 offero.

843 4353 1124 4412 IMPERII
1163 4354 1474 4422 FVLMEN,
1518 4352 1960 4410 FRANCORUM
1997 4351 2254 4409 NOBILE
2293 4351 2605 4420 CVLMEN,

987 4442 1293 4499 EXCITVS
1332 4443 1374 4498 E
1413 4441 1682 4498 SECVLO
1721 4440 2085 4497 CONDITVR
2121 4441 2264 4498 HOC
2303 4442 2621 4513 TUMVLO,

847 4531 988 4588 REX
1026 4531 1446 4598 LVDOVICUS,
1486 4529 1813 4587 PIETATIS
1852 4530 2133 4588 TANTVS
2171 4530 2461 4601 AMICVS,

989 4620 1182 4689 QVOD
1220 4619 1383 4677 PIVS
1421 4621 1467 4676 A
1510 4618 1782 4677 POPVLO
1820 4619 2114 4677 DICITVR
2150 4621 2237 4677 ET
2273 4620 2557 4690 TITVLO,
2599 4625 2709 4678 etc.

419 4763 672 4840 Drogoni
693 4780 925 4838 quoque
938 4762 1374 4837 archiepiscopo
1388 4763 1925 4836 Metensi,ejusdem
1946 4763 2062 4821 Lu-
2097 4767 2140 4831 D
2171 4763 2245 4820 ab
2275 4763 2477 4820 eodem
2509 4762 2589 4819 du
2618 4761 2868 4819 Chesnio
2898 4761 3324 4835 editum,cuius
3348 4776 3421 4820 en
3450 4761 3677 4836 primos
3700 4774 3838 4819 vort-

419 4853 605 4914 dovici
636 4853 721 4909 Pii
754 4854 940 4923 fratri,
972 4853 1221 4910 alterum
1252 4854 1616 4927 epitaphium
1646 4853 1905 4926 positum
1935 4852 2066 4922 fuit,
2179 4869 2320 4909 sus:

845 4979 1211 5038 CONDITVR
1246 4978 1387 5035 HOC
1425 4978 1652 5036 BVSTO
1694 4977 1987 5035 PRiESUL
2026 4977 2269 5033 DROGO
2311 4976 2669 5033 MARMORE
2708 4977 3069 5034 SCULPTO:

985 5067 1317 5125 SPIRITVS
1346 5067 1417 5125 IN
1458 5066 1720 5135 REQVIE
1762 5067 2016 5124 LETVS
2055 5066 2243 5123 OVAT
2282 5065 2611 5135 ABRAHxE,
2654 5069 2763 5123 etc.

408 5214 701 5270 Praeterea
728 5214 788 5269 in
820 5200 1311 5269 Laureshamensi
1340 5212 1696 5269 monasterio
1727 5210 2063 5284 sepulcrum
2171 5209 2411 5267 Carolus
2463 5196 2715 5284 Magnus
2745 5226 2776 5266 e
2806 5208 2950 5266 solio
2984 5207 3214 5281 dejecit,
3247 5222 3382 5265 cum
3424 5204 3588 5265 hisce
3647 5205 3830 5265 versi-

421 5300 615 5357 adhuc
668 5302 880 5359 visitur
924 5300 1248 5359 Tassilonis
1306 5300 1582 5372 Bajoariaa
1640 5301 1828 5367 ducis,
1887 5317 2062 5373 quem
2171 5300 2327 5357 bus:

985 5425 1347 5483 coumrvn
1387 5425 1525 5483 HAC
1564 5423 1814 5494 FOVEA,
1856 5424 2055 5491 ost
2096 5424 2207 5480 PIE
2247 5423 2559 5482 CHRISTE
2595 5424 2752 5493 BEA,
2820 5392 2829 5403 ’

842 5515 1133 5571 TASSILO
1174 5513 1321 5571 DVX
1360 5513 1669 5579 PRIMUM,
1710 5513 1887 5571 POST
1926 5512 2087 5582 REX,
2120 5512 2508 5573 MONACHVS
2545 5514 2679 5571 SED
2715 5513 2811 5571 AD
2852 5511 3066 5573 IMVM.

847 5599 1079 5660 lDIBVS
1120 5603 1192 5660 1N
1230 5603 1494 5662 TERNIS
1533 5602 1992 5663 DECESSERAT
2030 5602 2189 5663 ILLE
2229 5602 2658 5664 DECEMBRIS.
