3982 6172
150 426 268 492 ’183

1464 419 1824 485 RHYTHMI
1869 417 2254 483 VETERES.

3436 414 3555 477 786

147 568 260 627 Sed
290 563 433 640 quia
460 559 727 621 dubitare
762 558 896 619 licet
924 574 995 619 ne
1026 557 1198 634 longe
1237 556 1425 617 serius
1465 555 1647 615 additi
1677 556 1802 613 fue-
1829 559 1886 629 Α
1915 557 2180 614 membra
2207 554 2493 625 versibus,
2526 558 2831 629 postremae
2864 571 3114 629 quorum
3150 553 3383 629 syllabis
3412 554 3560 610 invi-
3674 546 3679 549 ’

149 658 270 715 rint
298 653 547 714 tumulis
579 650 870 727 ejusmodi
901 666 1128 718 versus,
1150 648 1399 706 certiora
1418 663 1802 720 apponamus.

149 748 376 820 Gaspar
404 741 699 810 Barthius,
725 740 814 797 vir
842 738 1284 813 spectatissimos
1308 734 1675 802 eruditionis,
1701 733 1803 789 lib.

148 852 306 893 χχιιι
341 830 737 890 Adversarior.
769 828 1059 885 Erinfredi
1092 825 1365 883 monachi
1404 841 1638 881 carmen
1672 824 1804 896 rhy-

151 923 445 981 thmicum
486 937 558 978 ex
600 935 712 976 ms.
765 918 962 975 codice
1005 917 1241 990 profert.
1276 915 1379 971 Hic
1427 919 1622 970 autem
1668 915 1810 969 vixit

151 1027 299 1070 anno
341 1012 467 1079 806,
500 1013 562 1066 ut
614 1010 734 1066 Vita
790 1009 908 1081 ejus
963 1006 1211 1063 testatur.
1246 1006 1330 1062 En
1381 1005 1529 1061 duas
1575 1006 1806 1059 tantum

151 1100 316 1159 illius
347 1093 628 1158 carminis
658 1096 931 1170 strophas
965 1113 978 1152 :

618 1187 917 1245 Felicitatis
948 1186 1136 1257 regula

547 1277 658 1332 Hae
685 1275 794 1347 ﬁne
820 1289 1031 1347 semper
1057 1275 1317 1330 constitit.

549 1365 627 1421 Ad
651 1372 857 1438 puncta
883 1380 1008 1419 cum
1036 1363 1185 1419 venit
1212 1379 1332 1430 sua,

548 1457 611 1512 In
638 1469 695 1511 se
721 1454 907 1511 voluta
929 1453 1156 1508 corruit.

484 1545 831 1617 Quaecunque
857 1543 973 1597 vita
994 1542 1227 1614 protulit

550 1632 840 1702 Ambigua,
875 1631 1021 1699 leta,
1050 1631 1252 1686 tristia.

552 1725 876 1795 Quocunque
904 1736 960 1777 se
988 1736 1107 1793 spes
1136 1719 1339 1776 extulit

552 1811 750 1881 Inﬁda,
779 1811 941 1879 dura,
974 1809 1220 1878 credula,
1253 1811 1363 1865 etc.

1916 663 2042 702 cem
2099 645 2211 701 sibi
2260 645 2709 718 respondebant.
2744 644 3040 717 Evulgavit
3088 661 3239 717 saepe
3284 643 3563 701 laudatus

1916 734 2290 792 Mabillonius
2322 735 2381 789 in
2412 733 2739 790 Annalibus
2783 733 3172 790 Benedictinis
3220 734 3290 790 ad
3343 750 3563 789 annum

1915 828 2022 880 827
2048 841 2252 880 versus
2310 823 2369 878 in
2428 822 2830 879 vetustissimo
2872 823 3068 879 codice
3122 821 3568 887 Altivillarensis

1916 913 2144 969 circiter
2190 929 2257 968 ea
2296 915 2561 984 tempora
2604 912 2874 984 scriptos,
2907 929 2937 968 e
2969 912 3186 985 quibus
3234 928 3360 984 quae
3410 928 3569 968 nunc
3684 942 3689 945 »

1917 1003 2167 1071 aiebam,
2202 1000 2400 1057 leviori
2433 1002 2663 1074 negotio
2694 999 2985 1074 intelliges
3020 1017 3035 1057 :

1988 1138 2118 1207 Ebo,
2153 1138 2406 1193 Remcnse
2432 1135 2611 1205 decus,
2639 1137 2862 1209 praesul,
2891 1140 3184 1207 pastorque
3211 1150 3487 1203 coruscus,

1991 1230 2182 1284 Doctor
2208 1226 2574 1297 evangelicus,
2600 1226 2853 1298 praecelsi
2883 1227 3038 1294 Regis
3061 1226 3293 1291 amicus,

1990 1319 2144 1373 Hunc
2174 1318 2234 1371 in
2262 1331 2446 1373 amore
2472 1316 2589 1383 Dei,
2620 1316 2879 1386 Petrique
2906 1316 2967 1369 in
2996 1314 3195 1371 honore
3228 1314 3390 1382 beati,

1989 1407 2217 1463 Librum
2237 1406 2406 1477 jussit
2434 1406 2545 1477 agi,
2583 1406 2782 1477 plenus
2808 1405 3129 1478 spiraminis
3157 1402 3287 1473 alti,
3318 1407 3426 1460 etc.

1923 1540 2024 1596 Hic
2052 1543 2259 1613 praeter
2287 1543 2579 1596 commata
2606 1556 2812 1595 versus
2859 1540 3265 1612 cujuscunque
3296 1555 3574 1605 consona,

1923 1628 2097 1684 etiam
2142 1627 2277 1684 ﬁnis
2321 1629 2498 1684 unius
2526 1644 2731 1685 versus
2780 1632 3064 1684 consonat
3092 1645 3225 1684 cum
3272 1629 3388 1684 fine
3440 1627 3578 1683 alte-

1923 1717 2070 1787 rius,
2104 1717 2279 1774 unica
2334 1722 2531 1773 tamen
2592 1717 2834 1791 syllaba.
2868 1717 2958 1772 Ita
2993 1716 3054 1772 in
3106 1716 3331 1773 musivo
3385 1716 3578 1773 adhuc

1925 1808 2239 1880 superstite
2256 1806 2515 1863 Basilicas
2532 1807 2929 1863 Ambrosianaa
2948 1806 3581 1878 Mediolanensis,quod

154 1906 267 1965 Sed
302 1902 592 1979 praecipue
616 1898 955 2001 saeculoillo
976 1915 1043 2007 ac
1062 1898 1294 2007 duobus
1316 1895 1815 2007 subsequentibus
1845 1941 1896 2007 Β
1925 1896 2185 2007 (θῇ-(δῆριν.Δ
2210 1914 2429 2007 anpum
2661 1896 3050 2007 compositum
3091 1895 3335 2007 “fuisse,
3375 1910 3585 2007 ‘ne‘q‘ue

156 1995 368 2055 multis
395 2008 547 2050 cura
569 1990 682 2047 fuit
711 1990 771 2046 in
799 1987 1051 2061 singulis
1072 1986 1342 2044 versibus
1362 1989 1712 2043 concentum
1730 2002 1823 2041 vo-

159 2101 300 2144 cum
326 2080 611 2142 similium
635 2078 917 2149 inserere,
937 2077 1143 2133 divisis
1165 2076 1599 2149 quodammodo
1621 2076 1681 2131 in
1704 2076 1821 2131 duo

1931 1986 2246 2055 immerito,
2282 1986 2625 2043 Puricellius
2656 1991 2874 2057 censet,
2909 1985 3289 2043 tetrastichon
3320 1984 3480 2042 istud
3510 1984 3588 2042 le-

1931 2076 2089 2148 gitur
2121 2093 2134 2130 :
3112 2090 3115 2097 ‘

666 2218 1042 2278 MARTINVS
1082 2218 1434 2288 MORITVR,
1479 2219 1609 2275 SED
1649 2218 1836 2273 VITzE
1875 2217 2067 2275 DONA
2106 2217 2455 2275 MERETVR
2490 2237 2501 2275 :

810 2308 1221 2365 TRISTATUR
1260 2307 1576 2375 MVNDVS,
1619 2306 2156 2372 ADJUBILATQUE
2194 2307 2437 2364 POLVS.

665 2395 865 2457 MORS
903 2398 1042 2454 SVA
1080 2396 1301 2453 DIGNA
1340 2397 1530 2453 BONO
1571 2395 1861 2453 FERTVR
1899 2395 2319 2453 CELEBRATA
2358 2396 2716 2463 PATRONO,

811 2486 1143 2544 SPIRITVS
1182 2485 1521 2543 AMBROSII
1560 2485 1718 2542 DVM
1761 2484 2208 2542 FAMULATVR
2247 2484 2361 2541 lBI.

161 2605 398 2664 Milonis
441 2618 674 2678 quoque
729 2601 1077 2659 Elnonensis
1110 2602 1382 2660 monachi
1438 2620 1643 2660 versus
1702 2603 1829 2676 pari

166 2697 457 2753 concentu
489 2691 820 2750 elaboratos
871 2708 1022 2747 anno
1072 2691 1285 2748 Christi
1317 2692 1424 2748 855
1453 2692 1628 2747 refert
1674 2692 1828 2748 idem

166 2782 551 2843 Mabillonius
582 2781 642 2837 in
691 2780 1018 2838 Annalibus
1050 2781 1439 2838 Benedictinis
1488 2781 1560 2837 ad
1609 2798 1830 2837 annum

169 2877 304 2932 872.
337 2872 483 2929 Vide
532 2871 710 2928 etiam
758 2869 1042 2928 formulas
1068 2887 1162 2926 xxv
1187 2874 1244 2927 et
1284 2888 1357 2926 xv
1404 2872 1545 2926 tomi
1577 2875 1629 2926 II
1660 2871 1832 2943 Capi-

175 2964 354 3022 tular.
395 2960 639 3030 Baluzii,
681 2976 815 3034 pag.
836 2961 962 3016 565.
996 2959 1122 3017 Non
1152 2977 1231 3016 ea:
1263 2960 1502 3033 quidem
1551 2964 1690 3016 sunt
1718 2961 1833 3016 for-

178 3050 497 3120 mulae,sed
520 3048 780 3124 rhythmi
801 3050 1248 3119 duo,summam
1266 3048 1594 3106 barbariem
1616 3048 1837 3122 spiran-

177 3147 288 3214 tes,
336 3145 535 3214 atque,
568 3143 634 3196 ut
680 3139 907 3217 opiner,
938 3140 1010 3195 ab
1034 3138 1286 3195 indoctis
1314 3138 1569 3195 librariis
1618 3138 1835 3194 mirum

177 3232 239 3288 in
271 3229 523 3287 modum
571 3219 899 3303 deformati.
933 3226 1147 3298 [Supra
1193 3242 1327 3282 vero
1384 3226 1838 3283 commemoravi

180 3320 509 3375 Notkerum
553 3313 884 3383 Balbulum,
916 3314 1266 3371 caanobitam
1309 3315 1505 3371 Sancti
1535 3314 1703 3385 Galli,
1738 3316 1839 3388 qui

178 3407 289 3465 sub
324 3406 503 3463 finem
535 3404 730 3462 saeculi
778 3404 940 3471 noni,
974 3408 1150 3477 atque
1198 3403 1433 3459 initium
1480 3405 1714 3475 decimi,
1747 3405 1839 3462 Se-

176 3498 540 3572 quenliarum
568 3493 783 3551 librum
815 3492 1017 3560 edidit,
1045 3494 1119 3549 ab
1150 3493 1410 3566 antiquis
1436 3492 1763 3561 laudatum,
1786 3498 1844 3551 et

182 3585 479 3644 aclariss.
518 3584 643 3641 viro
696 3584 756 3640 P.
806 3582 971 3640 Pezio
1023 3586 1172 3655 part.
1223 3581 1415 3655 prima
1469 3583 1612 3639 torni
1667 3583 1840 3656 primi

182 3676 474 3734 Thesaur.
512 3674 856 3731 Anecdotor.
911 3671 1217 3730 novissim.
1249 3672 1492 3729 editum.
1539 3673 1843 3745 Ejusmodi
1875 3674 1918 3742 C

190 3766 498 3840 Sequentiae
529 3764 699 3837 (quas
739 3763 988 3835 hymnos
1035 3761 1232 3835 potius
1263 3761 1557 3835 appellare
1603 3762 1849 3835 placeat)

191 3853 528 3929 rhythmica
555 3852 791 3909 licentia
820 3851 1156 3925 composite
1196 3854 1335 3908 sunt
1381 3853 1490 3909 sub
1521 3853 1697 3909 variis
1728 3870 1847 3909 me-

193 3944 325 4002 tris.
358 3942 549 4005 Unam
578 3958 649 3999 ex
679 3939 751 3997 iis
781 3939 961 4013 selige
994 3956 1007 3997 :

2225 2603 2413 2657 Sancti
2434 2604 2629 2657 merita

2298 2690 2574 2747 Benedicti
2603 2692 2813 2765 inclyta

2305 2781 2556 2837 Verendaz
2589 2783 2916 2849 sanctitatis,

2298 2875 2375 2926 Ac
2403 2870 2793 2927 monachorum
2812 2871 3097 2943 prwsulis,

2302 2961 2410 3016 Pro
2436 2975 2588 3031 posse

2300 3049 2472 3121 Atque
2497 3064 2672 3105 nosse.

2304 3138 2523 3207 Organa
2550 3140 2740 3192 nostra
2760 3141 3098 3210 concrepent.

2232 3228 2434 3282 Nursia
2466 3228 2607 3297 fel

2308 3317 2447 3370 Tulit
2476 3322 2667 3370 natum
2695 3316 2941 3384 genitrix
2968 3332 2988 3370 :

2304 3405 2536 3461 Domina
2564 3404 2761 3460 mundi
2789 3407 2956 3461 Roma
2982 3406 3118 3477 fovit
3144 3404 3360 3462 alitrix.

2303 3496 2405 3550 Hie
2431 3510 2565 3568 ergo
2591 3502 2904 3565 praeventus
2933 3491 3133 3566 optimo

2309 3584 2494 3640 Sancti
2525 3584 2766 3656 Spiritus
2794 3585 2956 3655 dono,
2986 3589 3095 3641 etc.

1955 3766 2120 3822 Anno
2152 3766 2258 3820 812
2288 3766 2464 3821 ﬁnem
2505 3765 2735 3821 vivendi
2769 3765 2904 3822 fecit
2932 3765 3088 3822 idem
3121 3765 3612 3836 Notkerus,cujus

1959 3855 2322 3926 epitaphium
2356 3855 2665 3911 metricum
2712 3853 3045 3911 Mabillonio
3090 3853 3372 3910 debemus
3400 3851 3461 3908 in
3492 3855 3619 3908 An-

1964 3943 2196 3999 nalibus
2229 3944 2622 4000 Benedictinis
2654 3944 2878 4000 editum
2910 3943 3005 4000 his
3032 3941 3226 3999 verbis
3259 3958 3273 3998 :

701 4081 879 4139 ECCE
918 4082 1148 4139 DECVS
1188 4083 1488 4151 PATRI/E,
1530 4084 1933 4152 NOTKERVS,
1974 4084 2225 4140 DOGMA
2264 4085 2558 4151 SOPHLE,

876 4171 972 4228 VT
1012 4172 1383 4229 MORTALIS
1423 4174 1647 4241 HOMO,
1689 4174 2052 4231 CONDITVR
2091 4174 2231 4230 HOC
2271 4174 2574 4230 TVMVLO

698 4259 937 4317 IDIBVS
979 4260 1283 4317 OCTONIS
1324 4261 1442 4317 HIC
1482 4263 1717 4319 CARNE
1758 4262 2080 4319 SOLVTVS
2118 4263 2418 4330 APRILIS,

879 4348 1128 4405 COELIS
1169 4349 1587 4419 INVEHITVH,
1628 4351 1954 4407 CARMINE
1994 4352 2429 4409 SVSCIPITVR.

269 4484 452 4540 Plura
478 4482 770 4555 ejusmodi
809 4480 1009 4538 nullus
1057 4483 1259 4539 dubito
1290 4484 1434 4555 quin
1482 4483 1858 4551 haberemus,

203 4574 430 4646 scripta
448 4571 620 4645 longe
639 4571 819 4629 etiam
842 4575 977 4629 ante
994 4572 1334 4639 Notkerum,
1359 4572 1472 4629 nisi
1494 4577 1749 4646 tempus,
1764 4575 1859 4629 cui

203 4666 291 4718 tot
338 4661 599 4734 pretiosa
645 4661 1027 4730 succubuere,
1059 4661 1208 4718 levia
1254 4661 1374 4718 haec
1414 4678 1647 4735 quoque
1690 4663 1861 4718 nobis

206 4750 534 4808 invidisset.
562 4750 756 4807 Unum
786 4750 931 4806 illud
963 4750 1379 4808 San-Gallense
1409 4751 1738 4808 coenobium
1771 4769 1861 4809 ce-

205 4838 612 4908 leberrimum,
644 4839 703 4895 in
753 4857 870 4912 quo
910 4840 1197 4896 Notkerus
1226 4840 1385 4908 vixit,
1427 4840 1541 4898 alia
1586 4842 1863 4915 suppedi-

204 4933 332 4985 tare
360 4928 456 4984 hic
485 4932 679 5000 potest
707 4929 781 4984 ab
826 4928 1071 4985 Henrico
1103 4929 1329 4987 Canisio
1361 4930 1535 5001 edita,
1558 4949 1625 4989 ac
1656 4932 1865 4989 deinde

206 5017 269 5073 in
312 5015 733 5073 Bibliotheeam
784 5017 1017 5073 Patrum
1066 5018 1246 5075 illata.
1282 5019 1402 5076 Illic
1449 5020 1736 5094 hymnum
1786 5022 1866 5077 le-

209 5121 317 5177 gas
348 5105 422 5163 ab
472 5104 835 5161 Hartmanno
884 5107 1170 5162 monacho
1228 5091 1618 5180 compositum
1647 5112 1869 5180 (ﬂoruit
1978 5108 2089 5164 sibi
2122 5107 2529 5181 persuadeant.
2563 5107 2756 5164 Edidit
2800 5125 3031 5181 quoque
3072 5091 3358 5165 Canisiusi
3392 5123 3628 5184 carmen
3730 5091 3743 5099 ’

210 5193 312 5251 ille
342 5193 573 5251 circiter
615 5210 838 5251 annum
867 5195 994 5266 870)
1026 5196 1194 5267 cujus
1242 5196 1301 5251 hi
1351 5201 1490 5253 sunt
1536 5200 1709 5273 primi
1740 5218 1867 5257 ver-

215 5298 323 5338 sus
350 5299 364 5339 2

616 5461 752 5517 Cum
779 5464 941 5517 natus
969 5464 1101 5517 esset
1129 5460 1433 5532 Dominus,

686 5551 955 5606 Turbatur
976 5567 1077 5608 rex
1104 5548 1415 5610 incredulus

688 5639 831 5712 Magi
859 5641 1106 5697 tulerunt
1133 5658 1386 5710 munera,

690 5731 830 5799 Quos
861 5731 1024 5789 stella
1050 5732 1211 5790 duxit
1231 5736 1461 5807 prmia.

1969 4486 2184 4542 Eodem
2216 4486 2418 4543 ordine
2448 4487 2897 4545 consonantium
2926 4502 3136 4544 vocum
3176 4488 3501 4561 procedunt
3530 4505 3619 4544 rc-

1970 4573 2133 4645 liqui.
2160 4576 2309 4630 Sunt
2338 4575 2418 4629 ibi
2449 4581 2508 4632 et
2537 4576 2632 4631 alii
2663 4577 2887 4649 hymni,
2913 4576 3144 4649 aliaque
3169 4580 3440 4650 poemata
3470 4593 3624 4633 eam-

1971 4664 2103 4718 dem
2146 4665 2454 4719 verborum
2509 4668 2796 4720 texturam
2847 4666 3232 4738 praeferentia,
3266 4670 3370 4721 aut
3416 4666 3620 4721 eodem

1973 4750 2183 4807 szeculo
2233 4769 2288 4805 Ix
2336 4754 2437 4806 aut
2466 4770 2501 4806 x
2532 4754 2882 4825 composita;
2916 4753 2997 4809 ita
3045 4758 3109 4809 ut
3156 4755 3284 4824 jam
3344 4753 3621 4820 abundet,

1976 4841 2129 4896 unde
2176 4856 2376 4896 eorum
2419 4841 2615 4911 opinio
2660 4842 2811 4897 male
2848 4846 3095 4898 consuta
3135 4828 3308 4897 nobis
3337 4840 3622 4908 videatur,

1974 4929 2074 5003 qui
2108 4930 2205 4985 ubi
2254 4928 2475 5002 aliquid
2528 4929 2765 4985 Leonini
2814 4933 3132 4987 concentus
3180 4930 3448 4995 audiunt,
3480 4927 3624 4983 illud

1975 5020 2252 5076 continuo
2284 5019 2353 5074 ad
2408 5018 2686 5075 saeculum
2717 5037 2772 5075 x1
2805 5023 2862 5076 et
2892 5020 3313 5092 subsequentia
3340 5017 3627 5092 pertinere

1979 5197 2309 5254 Salomonis
2361 5197 2616 5270 episc0pi
2666 5197 3152 5266 Constantiensis,
3203 5197 3306 5270 qui
3363 5200 3630 5253 currente

1982 5304 2134 5343 anno
2162 5287 2269 5342 895
2299 5286 2559 5343 ﬂorebat.

2055 5469 2272 5524 Eximie
2300 5470 2544 5535 antistes,
2578 5467 2674 5523 has
2703 5468 2904 5539 accipe,
2938 5464 3106 5535 Dado,
3139 5466 3362 5535 salutes,

2130 5559 2471 5629 Conscriptas
2500 5558 2651 5614 tristi
2678 5575 2713 5613 α
2737 5556 3027 5614 Salomone
3057 5556 3175 5624 tibi,
3202 5559 3303 5612 etc.

1998 5738 2060 5795 In
2094 5736 2335 5810 reliquis
2364 5737 2517 5793 idem
2548 5740 2637 5792 est
2667 5736 2999 5794 artiﬁcium.
3029 5736 3195 5795 Hisce
3219 5737 3403 5808 junge
3434 5733 3641 5792 inscri-
