3982 6172
388 444 506 511 787
1061 450 1288 516 διεδ.
1334 451 1435 516 XI.
1481 450 1709 516 AllC'l‘.
1754 452 2070 517 lNCEB'l‘I
2115 454 2301 516 ANNI
2345 454 2448 517 ET
2491 452 2791 517 senm.
2840 456 3063 512 'Aaszu.
3671 432 3808 518 iss

382 579 649 664 ptionem
676 582 927 664 positam
957 586 1171 642 Emmse
1198 590 1572 664 _lf_raneorum
1604 589 1817 663 reginae
1847 605 2000 645 anno
2030 588 2156 658 954,
2189 604 2366 662 quam
2396 588 2615 661 profert
2654 585 3030 646 Mabillonius
3081 602 3270 661 nuper
3318 582 3615 645 laudatus.
3640 588 3803 663 Ejus

380 658 606 723 primos
633 658 863 713 tantum
894 675 1097 715 versus
1127 658 1368 715 exhibeo
1405 678 1415 715 :

874 746 1235 803 SANGVINE
1275 749 1615 804 CiESAREO
1652 747 1873 804 JACET
1915 748 2029 805 HIC
2067 749 2384 805 EXCELSA
2426 747 2776 814 PROPAGO,

1020 818 1460 875 FRANCORVM
1501 820 1772 876 POPVLO
1811 820 2124 877 PRODITA
2163 822 2254 877 DE
2296 820 2580 876 KAROLO
2611 824 2719 875 etc.

376 900 540 967 Quod
563 902 614 959 si
639 903 807 976 plura
824 905 881 961 id
904 922 1091 979 genus
1110 908 1407 980 epitaphia
1428 909 1615 980 cupis,
1635 909 1729 964 adi
1756 910 2020 980 ejusdem
2051 912 2105 979 Α
2134 909 2227 977 lis,
2258 909 2316 964 in
2349 909 2607 965 carmine
2637 908 2708 963 de
2737 909 2920 980 gestis
2949 908 3230 965 Oddonis.
3263 909 3347 964 En
3379 908 3527 965 duos
3557 912 3798 966 tantum

378 989 701 1048 Mabillonii
730 994 1025 1052 Analecta.
1051 996 1299 1053 Consule
1336 997 1513 1054 etiam
1551 998 1806 1054 Annales
1835 998 2027 1053 Trevi-
2137 998 2298 1054 illius
2331 1014 2533 1053 versus
2563 1015 2574 1053 :

376 1095 579 1138 renses
637 1082 916 1153 Broweri,
940 1085 1039 1156 qui
1101 1085 1267 1141 nulta
1320 1086 1489 1141 atl‘ert
1546 1085 1774 1142 saculis
1807 1091 2022 1154 octavo,
2206 1089 2497 1158 Postquam
2525 1088 2638 1141 Rea:
2666 1088 2873 1154 rigum,
2906 1087 3004 1157 qui
3031 1086 3177 1141 solus
3206 1090 3400 1157 regnat
3427 1087 3490 1141 in
3517 1100 3723 1155 aevum,

379 1185 533 1226 nono
572 1173 631 1227 et
671 1172 897 1229 decimo
946 1175 1288 1248 composita.
1309 1176 1521 1230 Eodem
1565 1179 1761 1231 autem
1811 1175 2024 1232 saeculo
2206 1180 2313 1231 Per
2339 1192 2398 1231 se
2414 1179 2731 1231 cunctorum
2751 1178 3130 1230 transmutans
3151 1183 3392 1246 tempora
3413 1179 3789 1246 regnum,etc.

379 1257 604 1315 decimo
623 1260 1203 1319 ﬂoruitFrodoardus
1224 1263 1665 1336 Remensis,qui
1686 1264 1746 1319 in
1770 1265 2027 1321 carmine
2134 1263 2334 1321 Finem
2389 1263 2616 1320 vivendi
2683 1263 2819 1319 fecit
2876 1279 3028 1318 anno
3090 1262 3305 1318 Christi
3372 1262 3479 1318 993
3544 1267 3790 1319 sanctus

379 1346 450 1403 de
478 1348 615 1404 Vita
641 1350 833 1406 Sancti
862 1350 1208 1407 Columbani
1231 1352 1447 1408 multos
1478 1353 1772 1409 interserit
1799 1371 2022 1421 versus,
2135 1353 2512 1411 Gebehardus
2550 1352 3014 1407 Constantiensis
3067 1351 3399 1423 episcopus,
3446 1350 3615 1423 eique
3648 1356 3788 1407 tunc

377 1436 581 1492 eodem
612 1437 855 1495 artiﬁcio
899 1440 1224 1496 elaboratos
1258 1459 1270 1497 :
1305 1442 1460 1513 quod
1486 1445 1543 1497 et
1581 1442 1853 1513 praestitit
1883 1443 2025 1498 Ros-
2135 1442 2392 1514 positum
2442 1441 2554 1496 fuit
2597 1437 2983 1512 epitaphium,
3016 1456 3050 1494 a
3087 1439 3317 1496 Canisio
3365 1443 3423 1495 et
3470 1439 3640 1495 Surio
3691 1456 3785 1497 re-

372 1523 554 1592 vitha,
586 1525 1063 1598 incomparabilis
1093 1530 1357 1601 ejusdem
1389 1529 1586 1585 saeculi
1616 1530 2030 1586 sanctimonia-
2134 1528 2344 1585 latum.

766 1616 1026 1672 DEBITA
1064 1618 1244 1673 PARS
1281 1619 1539 1673 TERRAE
1580 1618 1978 1674 FALLENTIA
2016 1618 2359 1674 TEMPORA
2397 1616 2692 1687 SPERNE,

765 1688 853 1742 ET
893 1688 1293 1745 MEMORARE
1332 1689 1496 1757 Vl/E,
1535 1690 1736 1753 QVAM
1776 1689 2159 1745 TESTATVR
2196 1690 2381 1745 CINIS
2420 1689 2595 1745 ISTE.

763 1757 1022 1813 GENTIS
1062 1759 1308 1815 HONOR
1344 1760 1651 1815 NOSTR/E
1689 1760 1902 1817 JACET
1942 1761 2079 1823 HIC,
2119 1760 2380 1816 GENTIS
2420 1760 2656 1816 DOLOR
2694 1759 2965 1828 ATQVE;

763 1829 1086 1887 PREFUIT
1123 1830 1292 1885 HUIC
1330 1830 1519 1898 URBI,
1561 1831 1845 1886 CUNCTO
1884 1832 2016 1887 SED
2057 1831 2370 1887 PROFUIT
2410 1831 2599 1896 ORBI,
2641 1837 2750 1887 etc.

371 1913 720 1972 Adelmanni
769 1918 1109 1975 Scholastici
1159 1921 1487 1991 Rhythmum
1532 1921 1949 1992 alphabeticum,
1993 1939 2028 1977 a
2059 1923 2105 1988 Β
2129 1921 2572 1977 consuetudinis
2602 1925 2813 1976 testem
2850 1918 3215 1977 luculentum
3258 1919 3408 1976 dabo
3438 1918 3783 1993 0thlonum,

372 2005 732 2078 praelaudato
754 2007 1090 2064 Mabillonio
1113 2008 1265 2063 inter
1283 2007 1555 2064 Analecta
1576 2010 1820 2077 editum,
1845 2026 2023 2082 supra
2133 2009 2481 2065 Monachum
2501 2009 3413 2081 Sant-Emmeramensem,cujus
3433 2026 3612 2082 opera
3628 2010 3787 2067 evul-

372 2094 710 2151 memoravi.
744 2095 798 2150 Is
847 2096 917 2151 ad
964 2095 1244 2152 smculum
1291 2114 1348 2152 x1
1397 2100 1637 2168 spectat,
1671 2097 2023 2170 compositu-
2128 2098 2287 2171 gavit
2341 2116 2521 2171 supra
2580 2097 2853 2154 laudatus
2898 2099 2959 2153 P.
2995 2098 3198 2153 Peins
3244 2101 3392 2170 part.
3429 2114 3466 2154 ιι
3512 2099 3654 2155 tomi
3708 2100 3784 2156 ΙΙΙ

371 2199 519 2257 sque
559 2184 669 2239 fuit
711 2184 943 2240 circiter
989 2201 1209 2240 annum
1248 2186 1400 2240 1035.
1432 2186 1572 2241 Tres
1619 2203 1824 2242 versus
1872 2191 2019 2242 stro-
2129 2187 2408 2244 Thesaur.
2439 2188 2781 2243 Anecdotor.
2815 2187 3130 2243 Novissim.
3158 2186 3427 2243 Florebat
3455 2186 3784 2245 monachus

368 2269 547 2344 pham
577 2272 914 2341 conficiunt,
944 2290 1010 2328 ac
1031 2272 1399 2347 singulorum
1422 2274 1556 2330 linis
1588 2274 1765 2330 simili
1798 2275 2020 2349 syllaba
2127 2276 2236 2332 iste
2267 2295 2419 2333 anno
2444 2277 2655 2333 Christi
2690 2277 2826 2332 1050
2858 2280 2916 2332 et
2946 2280 3079 2348 post
3104 2292 3166 2331 se
3196 2275 3458 2332 carmina
3476 2276 3786 2350 complura

368 2363 618 2429 constat,
652 2361 737 2416 uti
769 2378 799 2417 e
828 2361 1019 2434 prima
1050 2362 1292 2436 stropha
1321 2362 1613 2419 constabit
1647 2381 1659 2419 :
2127 2364 2382 2437 reliquit,
2410 2364 2468 2418 in
2500 2363 2714 2437 quibus
2742 2362 3026 2436 plurimos
3055 2379 3262 2420 versus
3283 2369 3672 2421 consonantes
3696 2365 3786 2421 in-

437 2449 745 2508 Armonicae
769 2452 1052 2523 facultatis
1081 2452 1394 2524 adspirante
1418 2455 1624 2522 gratia,
2125 2453 2343 2509 venias.
2374 2455 2426 2508 Is
2457 2457 2652 2509 autem
2690 2452 2748 2507 in
2781 2451 3039 2509 carmine
3071 2456 3152 2508 De
3195 2453 3445 2509 doctrina
3491 2455 3786 2525 spirituali

438 2540 626 2613 Refero
655 2541 799 2597 viros
830 2541 1090 2609 illustres,
1124 2541 1432 2597 litterarum
1460 2542 1694 2607 lumina,
2125 2541 2183 2596 in
2210 2542 2329 2597 haec
2360 2542 2536 2598 verba
2565 2540 2825 2613 loquitur
2854 2558 2868 2597 :
3616 2608 3619 2613 ν

439 2628 577 2699 Quos
608 2630 815 2685 recenti
842 2629 1158 2685 recordatur
1184 2645 1339 2685 mens
1369 2629 1552 2686 dolore
1577 2632 1787 2699 saucia,
1821 2635 1927 2685 etc.
2197 2632 2364 2686 Porro
2396 2630 2534 2704 quod
2565 2631 2842 2687 interdum
2878 2632 3148 2703 subjungo
3177 2646 3434 2687 consona
3462 2648 3666 2700 VERBA,

363 2716 663 2775 Consonus
676 2734 1087 2791 quoquevoces
1104 2717 1163 2773 in
1182 2718 1295 2775 fine
1308 2719 1713 2792 rhythmorum
1733 2719 2011 2787 invenias,
2196 2721 2325 2788 Quae
2356 2736 2502 2774 NVNC
2531 2737 2841 2776 MVLTORVM
2872 2720 3079 2774 nimius
3105 2719 3375 2776 desiderat
3401 2736 3558 2785 vsvs,

366 2824 482 2881 quo
512 2811 752 2864 sanctus
797 2807 1108 2864 Fulbertus
1156 2811 1289 2864 ante
1337 2806 1771 2863 Adelmannum
1814 2808 2012 2864 elucu-
2196 2810 2301 2863 Hoc
2329 2824 2539 2881 quoque
2566 2810 2853 2864 verborum
2873 2810 3001 2880 plus
3031 2809 3230 2864 ordine
3259 2810 3619 2877 convenienti,

366 2895 574 2953 bravit.
605 2896 870 2953 Similem
919 2895 1261 2970 rhythmum
1292 2897 1522 2952 circiter
1550 2913 1769 2952 annum
1801 2897 2011 2953 Christi
2193 2899 2419 2970 Insuper
2446 2914 2687 2960 ANTIQVA
2715 2897 2780 2952 de
2801 2913 3218 2953 coxsvs'rvnmn
3246 2899 3372 2970 feci.

367 2985 508 3042 1075
536 2983 919 3059 Landulphus
945 2985 1168 3052 Senior,
1191 2986 1509 3043 historicus
1538 2986 2010 3054 Mediolanensis,
2123 2985 2195 3041 Ut
2222 2985 2404 3053 vides,
2436 3001 2671 3041 consona
2698 2986 2857 3041 verba
2888 2985 3042 3057 apud
3081 2989 3301 3042 veteres
3331 2985 3783 3059 appellabantur

369 3073 641 3148 procudit
667 3074 729 3129 in
762 3075 876 3130 fine
899 3074 1031 3130 libri
1063 3074 1234 3148 primi
1259 3073 1522 3131 Historias
1552 3092 1585 3130 a
1616 3092 1708 3131 me
1728 3075 1894 3130 editae
1925 3079 2011 3130 to-
2122 3091 2251 3147 quae
2297 3091 2449 3130 nunc
2501 3074 2669 3130 nobis
2711 3075 2853 3129 rime
2900 3073 3207 3141 dicuntur;
3260 3076 3435 3145 atque
3481 3074 3778 3145 ejusmodi

367 3178 465 3219 mo
495 3163 571 3218 ιν
600 3163 732 3219 Rer.
765 3162 1011 3220 Italicar.
1043 3164 1253 3237 Accipe
1285 3164 1537 3237 priorem
1569 3163 1868 3237 stropham
1903 3181 1916 3218 :
2122 3180 2364 3238 poeseos
2395 3166 2663 3219 currente
2692 3160 2903 3218 sarculo
2931 3179 2987 3217 x1
3019 3164 3245 3233 antiqua
3276 3167 3401 3218 erat
3427 3163 3775 3220 consuetudo.

435 3253 560 3310 Iesu
589 3251 818 3322 Christe,
850 3252 1107 3326 splendor
1129 3255 1332 3322 Patris,
1363 3254 1474 3320 via,
1502 3255 1700 3309 veritas
1729 3256 1780 3308 et
1810 3255 1938 3322 vita,
2045 3289 2087 3356 Ο
2123 3254 2310 3318 Quare
2331 3252 2414 3308 nil
2439 3251 2650 3308 mirum
2677 3251 2727 3306 si
2751 3250 3134 3323 subsequenti
3156 3250 3366 3307 saeculo
3388 3268 3466 3307 xu
3490 3250 3779 3309 familiare

437 3341 696 3398 Omnium
724 3341 1041 3414 Redemptor
1062 3344 1174 3414 pie,
1203 3345 1521 3397 cunctorum
1548 3343 1801 3413 aequitas,
2046 3339 2087 3356 υ
2119 3341 2177 3396 in
2212 3340 2375 3397 Italia
2400 3358 2633 3414 quoque
2661 3339 2817 3396 idem
2847 3341 3110 3395 studium
3134 3339 3308 3395 fuerit
3328 3340 3629 3397 Musarum
3651 3340 3774 3397 cul-

438 3432 723 3489 Universos
749 3432 846 3503 qui
873 3439 922 3486 te
950 3434 1201 3502 quaerunt
1227 3439 1320 3486 tua
1346 3433 1511 3503 replet
1542 3431 1802 3487 charitas.
2117 3431 2364 3486 toribus.
2398 3430 2543 3486 Vide
2595 3429 2967 3497 Donizonem,
3023 3429 3125 3501 qui
3176 3445 3329 3485 anno
3379 3430 3519 3484 1115
3562 3445 3775 3502 poema

362 3520 425 3577 In
456 3519 646 3592 primo
673 3535 844 3576 versu
874 3518 1185 3590 legendum
1217 3525 1306 3575 est
1332 3523 1444 3575 vita
1469 3525 1518 3574 et
1542 3521 1786 3575 veritatis
1805 3521 2007 3575 eodem
2119 3520 2415 3575 contexuit
2441 3520 2506 3575 de
2542 3521 2658 3575 Vita
2706 3520 2994 3575 comitissse
3025 3517 3320 3574 Mathildis.
3363 3517 3774 3575 Animadverte

363 3610 550 3664 metro
593 3594 782 3663 caeteri
831 3608 1172 3679 procedunt.
1200 3608 1309 3663 Sed
1337 3613 1394 3662 et
1423 3609 1575 3662 idem
1628 3608 2010 3680 Landulphus
2119 3609 2335 3680 quibus
2361 3606 2626 3664 versibus
2645 3607 2991 3663 Guilielmus
3013 3606 3236 3679 Apulus
3258 3605 3474 3662 librum
3496 3606 3774 3678 quintum

361 3695 464 3752 lib.
489 3712 576 3763 ιιι,
599 3710 727 3768 cap.
752 3694 840 3761 16,
864 3696 1040 3750 refert
1059 3697 1411 3761 cantilenam,
1437 3696 1546 3751 hoc
1575 3702 1661 3752 est
1689 3696 2009 3769 rhytmum,
2118 3698 2182 3753 de
2212 3698 2601 3753 Northmannis
2631 3695 2964 3752 concludat.
2986 3695 3130 3751 Vide
3161 3695 3341 3751 etiam
3384 3711 3777 3768 anonymum,

360 3800 524 3858 super
550 3787 757 3842 statum
799 3785 947 3853 regis
989 3783 1217 3849 Alberti,
1243 3784 1300 3838 in
1334 3800 1449 3855 quo
1481 3785 1862 3841 describendo
1894 3802 2009 3842 non
2120 3787 2219 3858 qui
2259 3787 2489 3841 circiter
2528 3802 2749 3841 annum
2789 3786 2925 3840 1127
2958 3801 3164 3856 poema
3193 3784 3406 3840 struxit
3450 3784 3516 3839 de
3558 3785 3776 3841 excutio

362 3872 543 3931 semel
576 3873 834 3946 peccavit
862 3873 1142 3944 antiquus
1172 3871 1614 3928 Librarius.Vix
1637 3873 1837 3929 dubito
1868 3875 2009 3946 quin
2119 3875 2271 3930 urbis
2315 3876 2587 3930 Comensis
2620 3892 2638 3929 .-
2668 3874 2753 3927 uti
2800 3877 2857 3928 et
2906 3872 3279 3944 Radulphum
3328 3872 3772 3940 Cadomensem,

360 3961 653 4035 ejusmodi
688 3960 1001 4032 rhythmus
1050 3962 1349 4017 confectus
1399 3959 1574 4016 fuerit
1603 3978 1718 4032 quo
1750 3965 2010 4034 tempore
2120 3963 2208 4019 cui
2240 3963 2397 4019 Gesta
2427 3962 2687 4019 Tant-redi
2709 3963 2982 4033 principis
3004 3960 3551 4027 debemus,circiter
3569 3962 3778 4017 eadem

360 4069 430 4109 ex
477 4067 655 4126 regno
710 4049 886 4107 Italiae
933 4050 1144 4105 excidit
1190 4050 1557 4118 Adelbertus,
1600 4051 1931 4121 Berengarii
1962 4052 2011 4107 ΙΙ
2118 4058 2382 4124 tempore
2411 4054 2596 4106 metro
2620 4067 2686 4106 ac
2714 4066 2888 4123 prosa
2918 4050 3284 4121 conscripta:
3312 4049 3567 4125 denique
3586 4049 3778 4105 Gode-

361 4140 538 4208 ﬁlius,
572 4138 747 4197 Italiae
778 4156 898 4205 rex,
919 4138 979 4194 id
1002 4138 1345 4195 est'circiter
1373 4156 1594 4195 annum
1623 4139 1748 4194 962.
1783 4139 1899 4197 Hos
1928 4140 2006 4195 ibi
2120 4141 2255 4196 fridi
2300 4139 2682 4196 Viterbiensis
2722 4139 3028 4199 Pantheon.
3059 4142 3117 4193 et
3144 4138 3417 4193 Gaufrerli
3452 4136 3781 4193 Malaterraa

361 4230 757 4286 animadverte
782 4244 1010 4294 versus,
1043 4227 1103 4284 in
1133 4228 1261 4300 ejus
1290 4232 1690 4300 contemptum
1725 4245 1884 4285 more
1913 4246 2008 4285 ve-
2118 4231 2415 4285 Historiam
2435 4227 2841 4298 Siculumque:
2860 4226 3061 4282 omnia
3079 4224 3780 4297 complectiturCollectio

358 4322 552 4374 terum
583 4318 979 4373 Romanorum
1013 4315 1323 4371 Mediolani
1355 4315 1666 4371 cantitatos
1700 4334 1713 4371 :
2119 4334 2249 4373 mea
2297 4317 2513 4372 Rerum
2562 4314 2916 4383 Italicarum,
2943 4314 3233 4386 precinue
3276 4318 3434 4370 tomo
3483 4314 3552 4368 V.
3585 4314 3779 4387 Leges

643 4407 728 4471 Te,
760 4404 989 4471 Alberte,
1014 4404 1163 4460 decet
1190 4420 1404 4471 nemus,
2119 4422 2353 4479 quoque
2379 4404 2552 4460 velim
2585 4403 2891 4476 rhythmos
2925 4402 3234 4474 quosdam,
3260 4419 3294 4456 a
3328 4400 3649 4458 venerabili
3670 4403 3777 4458 Pe-

644 4494 708 4548 Εἰ
737 4492 983 4549 Ottonem
1010 4495 1195 4546 manet
1223 4490 1402 4546 decus.
2115 4499 2206 4550 tro
2230 4492 2594 4550 Cluniacensi
2626 4493 2835 4547 abbate
2866 4491 3096 4546 circiter
3132 4506 3352 4547 annum
3386 4490 3599 4545 Christi
3633 4491 3778 4546 1130

639 4583 747 4637 Pro
777 4582 1018 4652 infamia
1062 4579 1321 4652 Walperti
1543 4574 1550 4581 ’
2116 4583 2499 4656 compositos,
2527 4582 2586 4636 in
2620 4581 2836 4652 quibus
2866 4580 3140 4635 eumdem
3170 4595 3380 4635 vocum
3419 4582 3773 4635 concentum

644 4671 707 4726 Te
734 4668 881 4726 decet
907 4669 1035 4738 alga
1065 4671 1242 4739 regni.
2035 4656 2084 4722 Ι)
2114 4672 2396 4728 invenias.
2422 4671 2700 4726 Praetereo
2743 4668 3054 4724 innumera
3082 4667 3197 4724 alia
3235 4684 3367 4723 cum
3402 4670 3606 4735 metra,
3639 4671 3772 4724 tum

638 4761 745 4816 Pro
773 4760 968 4827 regina
997 4774 1145 4813 nunc
1172 4758 1369 4813 Latina
2114 4761 2439 4834 rhythmos,
2466 4759 2669 4814 eodem
2692 4756 2939 4812 artiﬁcio
2959 4756 3276 4824 elaborata,
3300 4756 3565 4829 mihique
3589 4772 3619 4811 e
3639 4771 3775 4811 mo-

640 4849 795 4907 Utere
812 4847 934 4920 jam
962 4862 1112 4903 nunc
1137 4847 1379 4902 marina.
2113 4848 2412 4904 numentis
2439 4844 2638 4904 saeculi
2658 4859 2737 4911 Ix,
2758 4863 2794 4899 x
2815 4849 2873 4900 et
2895 4844 3380 4917 subsequentium
3405 4842 3671 4911 collecta,
3694 4861 3771 4901 ne

636 4937 744 4993 Pro
770 4936 944 5009 regali
972 4938 1177 5007 sceptro
1205 4938 1390 4991 nostro
2112 4935 2333 4991 nimius
2365 4935 2499 4990 sim.

634 5027 835 5082 Fruere
854 5026 977 5098 jam
1006 5026 1162 5081 navis
1190 5027 1385 5089 rostro,
1414 5027 1523 5079 etc.
2180 5022 2333 5079 Nihil
2356 5027 2551 5079 tamen
2574 5020 3094 5077 dissimulandum.
3114 5020 3396 5094 Pleraque
3421 5036 3491 5076 ex
3518 5019 3614 5075 his
3635 5037 3766 5076 car-

350 5111 1102 5189 Landulpho,synchronus
1120 5112 1229 5168 fuit
1246 5112 1997 5186 Benzo,pseudoepiscopus
2107 5113 2386 5177 minibus,
2407 5110 2753 5184 rhythmicis
2778 5113 2881 5167 aut
2911 5109 3192 5179 metricis,
3224 5127 3291 5167 eo
3319 5114 3552 5166 tantum
3582 5109 3767 5165 artifi-

349 5203 644 5269 Albensis;
663 5202 765 5277 qui
784 5204 1071 5276 praecipue
1089 5202 1251 5258 hisce
1267 5200 1558 5269 rhythmis
1576 5199 1893 5256 delectatus
1911 5206 1999 5257 est
2107 5202 2193 5257 cio
2212 5203 2572 5267 constant,ut
2591 5199 2765 5254 unica
2780 5197 3004 5272 syllaba
3018 5198 3078 5253 in
3099 5198 3290 5255 medio
3307 5214 3477 5255 versu
3496 5196 3767 5253 adhibita

346 5290 407 5347 in
431 5291 720 5348 lutulento
739 5290 1093 5364 Panegyrico
1115 5288 1343 5346 Henrici
1374 5287 1446 5343 IV
1465 5288 1786 5343 Germaniae
1816 5288 1991 5359 regis,
2104 5309 2314 5345 Souuul
2336 5289 2537 5344 reddat
2552 5286 2804 5343 similem
2822 5285 3057 5358 syllaba:
3071 5286 3387 5353 claudenti,
3401 5290 3504 5343 aut
3517 5290 3765 5358 partan-

344 5381 505 5435 tomo
526 5379 715 5451 primo
731 5379 1094 5451 Scriptorum
1118 5375 1989 5433 Rer.Germanicar.Menkenii.
2102 5385 2227 5434 tum
2258 5377 2483 5450 syllaba
2511 5378 2762 5432 duorum
2791 5391 3071 5432 versuum
3114 5375 3289 5432 ﬁnem
3322 5379 3583 5447 occupet.
3606 5373 3760 5430 Cum

343 5465 413 5521 Et
441 5480 582 5521 sane
609 5467 810 5521 eodem
860 5467 1068 5524 saeculo
1096 5483 1154 5521 x1
1192 5464 1276 5520 ita
1311 5463 1580 5519 homines
1609 5464 1992 5537 capiebantur
2098 5483 2252 5533 vero,
2270 5471 2334 5521 ut
2356 5483 2535 5538 supra
2554 5464 2741 5533 innui,
2764 5463 3051 5537 singulari
3074 5464 3344 5521 fortassis
3365 5460 3762 5536 appellatione

341 5552 649 5611 harmonia
664 5554 1240 5626 ejusmodiversuum
1260 5554 1987 5626 consonantium,utpauci
2099 5556 2329 5611 Leonini
2350 5571 2553 5610 versus
2585 5553 2624 5609 ii
2657 5553 2990 5609 dicerentur
3021 5553 3081 5607 in
3112 5552 3328 5625 quibus
3360 5550 3607 5625 gemina:
3633 5551 3759 5622 syl-

339 5645 789 5700 numerarentur
809 5643 992 5698 Musis
1014 5643 1250 5709 addicti,
1267 5642 1365 5715 qui
1390 5641 1651 5697 carmina
1666 5659 1771 5698 sua
1788 5642 1985 5709 hocce,
2094 5644 2240 5700 laba:
2261 5643 2464 5716 longae,
2490 5645 2592 5697 aut
2612 5645 2749 5701 tres.
2768 5641 2817 5696 si
2851 5640 3175 5712 penultima
3199 5640 3390 5696 brevis
3413 5642 3579 5705 foret,
3606 5654 3760 5693 sono

338 5737 403 5790 ut
453 5729 757 5804 putabant,
809 5736 1153 5787 ornamento
1203 5731 1482 5787 destituta
1529 5728 1760 5786 vellent.
1808 5731 1987 5802 Cujus
2095 5732 2300 5806 aequali
2324 5732 2434 5789 sibi
2459 5731 2874 5802 responderent
2896 5730 2955 5785 in
2976 5730 3166 5787 medio
3184 5734 3243 5786 et
3265 5730 3379 5786 fine
3399 5743 3627 5794 versus,
3652 5732 3761 5783 aut
