  <div class='ocr_page' id='page_1' title='image "/cluster/home/n/w/nwhite01/storage/ocr_20150623/151/hvd.32044054760095/401.png"; bbox 0 0 3982 6172; ppageno 0'>
   <div class='ocr_carea' id='block_1_1' title="bbox 355 252 471 344">
    <p class='ocr_par' dir='ltr' id='par_1_1' title="bbox 355 252 471 344">
     <span class='ocr_line' id='line_1_1' title="bbox 355 252 471 344; baseline 0.009 -28"><span class='ocrx_word' id='word_1_1' title='bbox 355 252 471 344; x_wconf 52' lang='grc' dir='ltr'>ποι</span> 
     </span>
    </p>
   </div>
   <div class='ocr_carea' id='block_1_2' title="bbox 354 384 1459 475">
    <p class='ocr_par' dir='ltr' id='par_1_2' title="bbox 354 384 1459 475">
     <span class='ocr_line' id='line_1_2' title="bbox 354 384 1459 475; baseline 0.003 -31"><span class='ocrx_word' id='word_1_2' title='bbox 354 384 576 447; x_wconf 83' lang='lat' dir='ltr'>Pariter</span> <span class='ocrx_word' id='word_1_3' title='bbox 603 386 665 448; x_wconf 89' lang='lat' dir='ltr'>in</span> <span class='ocrx_word' id='word_1_4' title='bbox 695 387 826 463; x_wconf 78' lang='lat' dir='ltr'>ejus</span> <span class='ocrx_word' id='word_1_5' title='bbox 852 391 1151 475; x_wconf 79' lang='lat' dir='ltr'>epitaphio</span> <span class='ocrx_word' id='word_1_6' title='bbox 1176 390 1389 464; x_wconf 86' lang='lat' dir='ltr'>legilur</span> <span class='ocrx_word' id='word_1_7' title='bbox 1421 408 1459 459; x_wconf 70' lang='grc' dir='ltr'>ε,</span> 
     </span>
    </p>
   </div>
   <div class='ocr_carea' id='block_1_3' title="bbox 1090 255 3034 339">
    <p class='ocr_par' dir='ltr' id='par_1_3' title="bbox 1090 255 3034 339">
     <span class='ocr_line' id='line_1_3' title="bbox 1090 255 3034 339; baseline -0.005 -17"><span class='ocrx_word' id='word_1_8' title='bbox 1090 257 1280 331; x_wconf 67' lang='grc' dir='ltr'>ΒΕΟ.</span> <span class='ocrx_word' id='word_1_9' title='bbox 1326 259 1404 320; x_wconf 85' lang='lat' dir='ltr'>XI</span> <span class='ocrx_word' id='word_1_10' title='bbox 1447 257 1674 339; x_wconf 84' lang='lat' dir='ltr'>AUCT.</span> <span class='ocrx_word' id='word_1_11' title='bbox 1718 255 2034 320; x_wconf 79' lang='lat' dir='ltr'>INCEHTI</span> <span class='ocrx_word' id='word_1_12' title='bbox 2077 255 2271 319; x_wconf 84' lang='lat' dir='ltr'><strong>ANNI</strong></span> <span class='ocrx_word' id='word_1_13' title='bbox 2316 256 2416 318; x_wconf 80' lang='lat' dir='ltr'><strong>ET</strong></span> <span class='ocrx_word' id='word_1_14' title='bbox 2458 256 2757 319; x_wconf 82' lang='lat' dir='ltr'>SCRIPT.</span> <span class='ocrx_word' id='word_1_15' title='bbox 2806 262 3034 313; x_wconf 71' lang='lat' dir='ltr'>’AAExn.</span> 
     </span>
    </p>
   </div>
   <div class='ocr_carea' id='block_1_4' title="bbox 3604 254 3785 316">
    <p class='ocr_par' dir='ltr' id='par_1_4' title="bbox 3604 254 3785 316">
     <span class='ocr_line' id='line_1_4' title="bbox 3604 254 3785 316; baseline 0.017 -3"><span class='ocrx_word' id='word_1_16' title='bbox 3604 254 3785 316; x_wconf 74' lang='lat'>&#39;792</span> 
     </span>
    </p>
   </div>
   <div class='ocr_carea' id='block_1_5' title="bbox 788 507 2800 583">
    <p class='ocr_par' dir='ltr' id='par_1_5' title="bbox 788 507 2800 583">
     <span class='ocr_line' id='line_1_5' title="bbox 788 507 2800 583; baseline -0.001 -13"><span class='ocrx_word' id='word_1_17' title='bbox 788 508 923 571; x_wconf 82' lang='lat' dir='ltr'>1V0</span> <span class='ocrx_word' id='word_1_18' title='bbox 965 508 1249 570; x_wconf 78' lang='lat' dir='ltr'>GBAVIS</span> <span class='ocrx_word' id='word_1_19' title='bbox 1291 507 1568 579; x_wconf 79' lang='lat' dir='ltr'>SORTE,</span> <span class='ocrx_word' id='word_1_20' title='bbox 1614 507 2102 569; x_wconf 82' lang='lat' dir='ltr'>GRVDELITER</span> <span class='ocrx_word' id='word_1_21' title='bbox 2144 507 2460 570; x_wconf 80' lang='lat' dir='ltr'>OBBVTE</span> <span class='ocrx_word' id='word_1_22' title='bbox 2502 507 2800 583; x_wconf 82' lang='lat' dir='ltr'>MORTE,</span> 
     </span>
    </p>
   </div>
   <div class='ocr_carea' id='block_1_6' title="bbox 787 595 3193 671">
    <p class='ocr_par' dir='ltr' id='par_1_6' title="bbox 787 595 3193 671">
     <span class='ocr_line' id='line_1_6' title="bbox 787 595 3193 671; baseline -0.002 -12"><span class='ocrx_word' id='word_1_23' title='bbox 787 598 1007 669; x_wconf 82' lang='lat' dir='ltr'><strong>QVEM</strong></span> <span class='ocrx_word' id='word_1_24' title='bbox 1046 598 1280 658; x_wconf 88' lang='lat' dir='ltr'>TEGIT</span> <span class='ocrx_word' id='word_1_25' title='bbox 1323 598 1498 659; x_wconf 72' lang='grc' dir='ltr'>ΗίΕο</span> <span class='ocrx_word' id='word_1_26' title='bbox 1541 596 1826 671; x_wconf 79' lang='lat' dir='ltr'>PETRA,</span> <span class='ocrx_word' id='word_1_27' title='bbox 1871 597 2102 658; x_wconf 87' lang='lat' dir='ltr'>FELIX</span> <span class='ocrx_word' id='word_1_28' title='bbox 2148 596 2539 657; x_wconf 78' lang='lat' dir='ltr'>HABEABIS</span> <span class='ocrx_word' id='word_1_29' title='bbox 2586 597 2663 657; x_wconf 84' lang='lat' dir='ltr'><strong>IN</strong></span> <span class='ocrx_word' id='word_1_30' title='bbox 2707 595 3023 669; x_wconf 65' lang='lat' dir='ltr'>IETHRA,</span> <span class='ocrx_word' id='word_1_31' title='bbox 3074 597 3193 654; x_wconf 84' lang='lat' dir='ltr'>etc.</span> 
     </span>
    </p>
   </div>
   <div class='ocr_carea' id='block_1_7' title="bbox 343 714 3785 792">
    <p class='ocr_par' dir='ltr' id='par_1_7' title="bbox 343 714 3785 792">
     <span class='ocr_line' id='line_1_7' title="bbox 343 714 3785 792; baseline -0.001 -16"><span class='ocrx_word' id='word_1_32' title='bbox 343 717 430 775; x_wconf 84' lang='lat' dir='ltr'>Ad</span> <span class='ocrx_word' id='word_1_33' title='bbox 459 718 581 776; x_wconf 64' lang='lat' dir='ltr'>haec</span> <span class='ocrx_word' id='word_1_34' title='bbox 606 719 667 776; x_wconf 93' lang='lat' dir='ltr'>in</span> <span class='ocrx_word' id='word_1_35' title='bbox 697 718 1103 776; x_wconf 82' lang='lat' dir='ltr'>dissertatione</span> <span class='ocrx_word' id='word_1_36' title='bbox 1148 736 1361 786; x_wconf 82' lang='lat' dir='ltr'>xxxvu,</span> <span class='ocrx_word' id='word_1_37' title='bbox 1399 721 1475 775; x_wconf 88' lang='lat' dir='ltr'>De</span> <span class='ocrx_word' id='word_1_38' title='bbox 1521 720 1798 792; x_wconf 81' lang='lat' dir='ltr'>hospital.,</span> <span class='ocrx_word' id='word_1_39' title='bbox 1831 718 1990 775; x_wconf 87' lang='lat' dir='ltr'>evul-</span> <span class='ocrx_word' id='word_1_40' title='bbox 2018 719 2075 787; x_wconf 79' lang='grc' dir='ltr'>Α</span> <span class='ocrx_word' id='word_1_41' title='bbox 2104 718 2324 775; x_wconf 90' lang='lat' dir='ltr'>Datheo</span> <span class='ocrx_word' id='word_1_42' title='bbox 2356 718 2861 791; x_wconf 81' lang='lat' dir='ltr'>archipresbytero</span> <span class='ocrx_word' id='word_1_43' title='bbox 2894 733 3046 773; x_wconf 89' lang='lat' dir='ltr'>anno</span> <span class='ocrx_word' id='word_1_44' title='bbox 3077 714 3295 773; x_wconf 81' lang='lat' dir='ltr'>Christi</span> <span class='ocrx_word' id='word_1_45' title='bbox 3322 715 3451 771; x_wconf 88' lang='lat'>787.</span> <span class='ocrx_word' id='word_1_46' title='bbox 3482 718 3607 779; x_wconf 86' lang='lat' dir='ltr'>Duo</span> <span class='ocrx_word' id='word_1_47' title='bbox 3634 728 3785 772; x_wconf 81' lang='lat' dir='ltr'>ver-</span> 
     </span>
    </p>
   </div>
   <div class='ocr_carea' id='block_1_8' title="bbox 344 807 1989 881">
    <p class='ocr_par' dir='ltr' id='par_1_8' title="bbox 344 807 1989 881">
     <span class='ocr_line' id='line_1_8' title="bbox 344 807 1989 881; baseline 0 -16"><span class='ocrx_word' id='word_1_48' title='bbox 344 807 476 881; x_wconf 81' lang='lat' dir='ltr'>gavi</span> <span class='ocrx_word' id='word_1_49' title='bbox 502 807 901 868; x_wconf 84' lang='lat' dir='ltr'>fundationem</span> <span class='ocrx_word' id='word_1_50' title='bbox 932 807 1371 881; x_wconf 88' lang='lat' dir='ltr'>brephotrophii</span> <span class='ocrx_word' id='word_1_51' title='bbox 1402 809 1609 865; x_wconf 80' lang='lat' dir='ltr'>factam</span> <span class='ocrx_word' id='word_1_52' title='bbox 1625 808 1933 865; x_wconf 79' lang='lat' dir='ltr'>Mediolani</span> <span class='ocrx_word' id='word_1_53' title='bbox 1954 825 1989 865; x_wconf 88' lang='lat' dir='ltr'>a</span> 
     </span>
    </p>
   </div>
   <div class='ocr_carea' id='block_1_9' title="bbox 2098 803 3672 879">
    <p class='ocr_par' dir='ltr' id='par_1_9' title="bbox 2098 803 3672 879">
     <span class='ocr_line' id='line_1_9' title="bbox 2098 803 3672 879; baseline -0.003 -16"><span class='ocrx_word' id='word_1_54' title='bbox 2098 825 2201 864; x_wconf 90' lang='lat' dir='ltr'>sus</span> <span class='ocrx_word' id='word_1_55' title='bbox 2232 807 2292 863; x_wconf 93' lang='lat' dir='ltr'>in</span> <span class='ocrx_word' id='word_1_56' title='bbox 2315 806 2477 863; x_wconf 90' lang='lat' dir='ltr'>illius</span> <span class='ocrx_word' id='word_1_57' title='bbox 2509 805 2652 862; x_wconf 59' lang='lat' dir='ltr'>aedis</span> <span class='ocrx_word' id='word_1_58' title='bbox 2682 806 3013 879; x_wconf 88' lang='lat' dir='ltr'>pavimento</span> <span class='ocrx_word' id='word_1_59' title='bbox 3044 804 3313 878; x_wconf 85' lang='lat' dir='ltr'>inscripti</span> <span class='ocrx_word' id='word_1_60' title='bbox 3336 803 3616 878; x_wconf 83' lang='lat' dir='ltr'>leguntur</span> <span class='ocrx_word' id='word_1_61' title='bbox 3654 820 3672 859; x_wconf 85' lang='lat'><strong>:</strong></span> 
     </span>
    </p>
   </div>
   <div class='ocr_carea' id='block_1_10' title="bbox 785 931 3069 1009">
    <p class='ocr_par' dir='ltr' id='par_1_10' title="bbox 785 931 3069 1009">
     <span class='ocr_line' id='line_1_10' title="bbox 785 931 3069 1009; baseline -0.001 -12"><span class='ocrx_word' id='word_1_62' title='bbox 785 935 1093 997; x_wconf 84' lang='lat' dir='ltr'>SANGTE</span> <span class='ocrx_word' id='word_1_63' title='bbox 1135 934 1524 997; x_wconf 86' lang='lat' dir='ltr'><strong>MEMENTO</strong></span> <span class='ocrx_word' id='word_1_64' title='bbox 1567 935 1794 1009; x_wconf 88' lang='lat' dir='ltr'>DEVS,</span> <span class='ocrx_word' id='word_1_65' title='bbox 1841 935 2025 1006; x_wconf 80' lang='lat' dir='ltr'>QVIA</span> <span class='ocrx_word' id='word_1_66' title='bbox 2069 934 2441 996; x_wconf 84' lang='lat' dir='ltr'>CONDIDIT</span> <span class='ocrx_word' id='word_1_67' title='bbox 2484 933 2663 996; x_wconf 86' lang='lat' dir='ltr'>lSTE</span> <span class='ocrx_word' id='word_1_68' title='bbox 2705 931 3069 994; x_wconf 84' lang='lat' dir='ltr'>DATHEVS</span> 
     </span>
    </p>
   </div>
   <div class='ocr_carea' id='block_1_11' title="bbox 864 1022 2462 1088">
    <p class='ocr_par' dir='ltr' id='par_1_11' title="bbox 864 1022 2462 1088">
     <span class='ocr_line' id='line_1_11' title="bbox 864 1022 2462 1088; baseline -0.001 -4"><span class='ocrx_word' id='word_1_69' title='bbox 864 1024 1074 1086; x_wconf 85' lang='lat' dir='ltr'>HANC</span> <span class='ocrx_word' id='word_1_70' title='bbox 1115 1024 1387 1088; x_wconf 85' lang='lat' dir='ltr'><strong>AVLAM</strong></span> <span class='ocrx_word' id='word_1_71' title='bbox 1429 1023 1746 1086; x_wconf 82' lang='lat' dir='ltr'>MISERIS</span> <span class='ocrx_word' id='word_1_72' title='bbox 1789 1024 2105 1086; x_wconf 84' lang='lat' dir='ltr'>AVXILIO</span> <span class='ocrx_word' id='word_1_73' title='bbox 2150 1022 2462 1085; x_wconf 83' lang='lat' dir='ltr'>PVERIS.</span> 
     </span>
    </p>
   </div>
   <div class='ocr_carea' id='block_1_12' title="bbox 348 1153 1995 1229">
    <p class='ocr_par' dir='ltr' id='par_1_12' title="bbox 348 1153 1995 1229">
     <span class='ocr_line' id='line_1_12' title="bbox 348 1153 1995 1229; baseline 0 -19"><span class='ocrx_word' id='word_1_74' title='bbox 348 1153 626 1212; x_wconf 69' lang='lat' dir='ltr'>Prmstare</span> <span class='ocrx_word' id='word_1_75' title='bbox 649 1171 766 1212; x_wconf 89' lang='lat' dir='ltr'>non</span> <span class='ocrx_word' id='word_1_76' title='bbox 798 1172 1043 1229; x_wconf 90' lang='lat' dir='ltr'>possum</span> <span class='ocrx_word' id='word_1_77' title='bbox 1063 1173 1219 1213; x_wconf 90' lang='lat' dir='ltr'>anno</span> <span class='ocrx_word' id='word_1_78' title='bbox 1249 1156 1452 1213; x_wconf 90' lang='lat' dir='ltr'>eadem</span> <span class='ocrx_word' id='word_1_79' title='bbox 1483 1157 1590 1211; x_wconf 87' lang='lat'>787</span> <span class='ocrx_word' id='word_1_80' title='bbox 1617 1156 1792 1214; x_wconf 89' lang='lat' dir='ltr'>hosce</span> <span class='ocrx_word' id='word_1_81' title='bbox 1812 1155 1995 1213; x_wconf 89' lang='lat' dir='ltr'>versi-</span> 
     </span>
    </p>
   </div>
   <div class='ocr_carea' id='block_1_13' title="bbox 2104 1151 3773 1227">
    <p class='ocr_par' dir='ltr' id='par_1_13' title="bbox 2104 1151 3773 1227">
     <span class='ocr_line' id='line_1_13' title="bbox 2104 1151 3773 1227; baseline -0.001 -16"><span class='ocrx_word' id='word_1_82' title='bbox 2104 1155 2240 1211; x_wconf 90' lang='lat' dir='ltr'>simi</span> <span class='ocrx_word' id='word_1_83' title='bbox 2271 1157 2461 1224; x_wconf 89' lang='lat' dir='ltr'>erunt,</span> <span class='ocrx_word' id='word_1_84' title='bbox 2496 1154 2597 1212; x_wconf 91' lang='lat' dir='ltr'>sed</span> <span class='ocrx_word' id='word_1_85' title='bbox 2624 1151 2902 1227; x_wconf 89' lang='lat' dir='ltr'>temporis</span> <span class='ocrx_word' id='word_1_86' title='bbox 2952 1155 3091 1208; x_wconf 90' lang='lat' dir='ltr'>nota</span> <span class='ocrx_word' id='word_1_87' title='bbox 3138 1153 3424 1221; x_wconf 79' lang='lat' dir='ltr'>carentes,</span> <span class='ocrx_word' id='word_1_88' title='bbox 3462 1165 3674 1208; x_wconf 85' lang='lat' dir='ltr'>versus</span> <span class='ocrx_word' id='word_1_89' title='bbox 3709 1153 3773 1209; x_wconf 89' lang='lat' dir='ltr'>in</span> 
     </span>
    </p>
   </div>
   <div class='ocr_carea' id='block_1_14' title="bbox 348 1237 3773 1317">
    <p class='ocr_par' dir='ltr' id='par_1_14' title="bbox 348 1237 3773 1317">
     <span class='ocr_line' id='line_1_14' title="bbox 348 1237 3773 1317; baseline -0 -19"><span class='ocrx_word' id='word_1_90' title='bbox 348 1241 510 1300; x_wconf 85' lang='lat' dir='ltr'>culos</span> <span class='ocrx_word' id='word_1_91' title='bbox 541 1243 725 1302; x_wconf 85' lang='lat' dir='ltr'>fuisse</span> <span class='ocrx_word' id='word_1_92' title='bbox 753 1243 874 1300; x_wconf 90' lang='lat' dir='ltr'>illic</span> <span class='ocrx_word' id='word_1_93' title='bbox 904 1245 1152 1317; x_wconf 90' lang='lat' dir='ltr'>scriptos</span> <span class='ocrx_word' id='word_1_94' title='bbox 1185 1263 1199 1302; x_wconf 90' lang='lat'><strong>:</strong></span> <span class='ocrx_word' id='word_1_95' title='bbox 1233 1248 1489 1301; x_wconf 79' lang='lat' dir='ltr'>attamen</span> <span class='ocrx_word' id='word_1_96' title='bbox 1539 1245 1713 1301; x_wconf 89' lang='lat' dir='ltr'>verba</span> <span class='ocrx_word' id='word_1_97' title='bbox 1750 1243 1849 1301; x_wconf 88' lang='lat' dir='ltr'>illa</span> <span class='ocrx_word' id='word_1_98' title='bbox 1898 1246 1998 1300; x_wconf 88' lang='lat' dir='ltr'>iste</span> <span class='ocrx_word' id='word_1_99' title='bbox 2104 1242 2331 1300; x_wconf 89' lang='lat' dir='ltr'>musivo</span> <span class='ocrx_word' id='word_1_100' title='bbox 2362 1242 2740 1316; x_wconf 88' lang='lat' dir='ltr'>scripti,quos</span> <span class='ocrx_word' id='word_1_101' title='bbox 2774 1240 3088 1298; x_wconf 90' lang='lat' dir='ltr'>Panvinius</span> <span class='ocrx_word' id='word_1_102' title='bbox 3132 1239 3363 1314; x_wconf 83' lang='lat' dir='ltr'>legebat</span> <span class='ocrx_word' id='word_1_103' title='bbox 3413 1238 3473 1295; x_wconf 90' lang='lat' dir='ltr'>in</span> <span class='ocrx_word' id='word_1_104' title='bbox 3505 1237 3773 1298; x_wconf 86' lang='lat' dir='ltr'>claustro</span> 
     </span>
    </p>
   </div>
   <div class='ocr_carea' id='block_1_15' title="bbox 348 1329 3771 1404">
    <p class='ocr_par' dir='ltr' id='par_1_15' title="bbox 348 1329 3771 1404">
     <span class='ocr_line' id='line_1_15' title="bbox 348 1329 3771 1404; baseline -0 -16"><span class='ocrx_word' id='word_1_105' title='bbox 348 1329 585 1389; x_wconf 80' lang='lat' dir='ltr'>Datheus</span> <span class='ocrx_word' id='word_1_106' title='bbox 610 1332 900 1391; x_wconf 88' lang='lat' dir='ltr'>viventem</span> <span class='ocrx_word' id='word_1_107' title='bbox 931 1333 1099 1390; x_wconf 91' lang='lat' dir='ltr'>illum</span> <span class='ocrx_word' id='word_1_108' title='bbox 1128 1334 1387 1391; x_wconf 90' lang='lat' dir='ltr'>indicare</span> <span class='ocrx_word' id='word_1_109' title='bbox 1407 1334 1870 1402; x_wconf 82' lang='lat' dir='ltr'>videntur.Quod</span> <span class='ocrx_word' id='word_1_110' title='bbox 1896 1333 1996 1390; x_wconf 91' lang='lat' dir='ltr'>ubi</span> <span class='ocrx_word' id='word_1_111' title='bbox 2105 1332 2443 1390; x_wconf 84' lang='lat' dir='ltr'>monasterii</span> <span class='ocrx_word' id='word_1_112' title='bbox 2474 1329 2884 1389; x_wconf 88' lang='lat' dir='ltr'>Lateranensis</span> <span class='ocrx_word' id='word_1_113' title='bbox 2933 1346 3137 1389; x_wconf 80' lang='lat' dir='ltr'>exesos</span> <span class='ocrx_word' id='word_1_114' title='bbox 3159 1330 3288 1403; x_wconf 87' lang='lat' dir='ltr'>jam</span> <span class='ocrx_word' id='word_1_115' title='bbox 3316 1332 3494 1404; x_wconf 82' lang='lat' dir='ltr'>atque</span> <span class='ocrx_word' id='word_1_116' title='bbox 3542 1329 3771 1389; x_wconf 80' lang='lat' dir='ltr'>caden-</span> 
     </span>
    </p>
   </div>
   <div class='ocr_carea' id='block_1_16' title="bbox 346 1422 2772 1496">
    <p class='ocr_par' dir='ltr' id='par_1_16' title="bbox 346 1422 2772 1496">
     <span class='ocr_line' id='line_1_16' title="bbox 346 1422 2772 1496; baseline 0 -19"><span class='ocrx_word' id='word_1_117' title='bbox 346 1422 595 1491; x_wconf 83' lang='lat' dir='ltr'>statuas,</span> <span class='ocrx_word' id='word_1_118' title='bbox 616 1422 745 1494; x_wconf 79' lang='lat' dir='ltr'>jam</span> <span class='ocrx_word' id='word_1_119' title='bbox 764 1426 1237 1496; x_wconf 86' lang='lat' dir='ltr'>tenes,quantam</span> <span class='ocrx_word' id='word_1_120' title='bbox 1255 1423 1670 1496; x_wconf 77' lang='lat' dir='ltr'>antiquitatem</span> <span class='ocrx_word' id='word_1_121' title='bbox 1692 1424 2000 1496; x_wconf 83' lang='lat' dir='ltr'>praeferant</span> <span class='ocrx_word' id='word_1_122' title='bbox 2108 1426 2200 1480; x_wconf 86' lang='lat' dir='ltr'>tes</span> <span class='ocrx_word' id='word_1_123' title='bbox 2236 1439 2247 1478; x_wconf 90' lang='lat'>:</span> <span class='ocrx_word' id='word_1_124' title='bbox 2768 1430 2772 1434; x_wconf 88' lang='lat'>&#39;</span> 
     </span>
    </p>
   </div>
   <div class='ocr_carea' id='block_1_17' title="bbox 343 1511 1997 1587">
    <p class='ocr_par' dir='ltr' id='par_1_17' title="bbox 343 1511 1997 1587">
     <span class='ocr_line' id='line_1_17' title="bbox 343 1511 1997 1587; baseline 0.001 -21"><span class='ocrx_word' id='word_1_125' title='bbox 343 1525 724 1585; x_wconf 87' lang='lat' dir='ltr'>versus,quos</span> <span class='ocrx_word' id='word_1_126' title='bbox 753 1529 909 1569; x_wconf 91' lang='lat' dir='ltr'>nunc</span> <span class='ocrx_word' id='word_1_127' title='bbox 938 1513 1203 1571; x_wconf 87' lang='lat' dir='ltr'>Leoninos</span> <span class='ocrx_word' id='word_1_128' title='bbox 1215 1512 1693 1587; x_wconf 72' lang='lat' dir='ltr'>appellamusita</span> <span class='ocrx_word' id='word_1_129' title='bbox 1714 1511 1997 1585; x_wconf 85' lang='lat' dir='ltr'>antiquis-</span> 
     </span>
    </p>
   </div>
   <div class='ocr_carea' id='block_1_18' title="bbox 784 1637 2825 1712">
    <p class='ocr_par' dir='ltr' id='par_1_18' title="bbox 784 1637 2825 1712">
     <span class='ocr_line' id='line_1_18' title="bbox 784 1637 2825 1712; baseline -0 -12"><span class='ocrx_word' id='word_1_130' title='bbox 784 1639 1239 1702; x_wconf 82' lang='lat' dir='ltr'>GANONICAM</span> <span class='ocrx_word' id='word_1_131' title='bbox 1282 1639 1618 1701; x_wconf 83' lang='lat' dir='ltr'>FORMAM</span> <span class='ocrx_word' id='word_1_132' title='bbox 1661 1638 2102 1712; x_wconf 82' lang='lat' dir='ltr'>SVMENTES,</span> <span class='ocrx_word' id='word_1_133' title='bbox 2147 1638 2408 1700; x_wconf 85' lang='lat' dir='ltr'>DICITE</span> <span class='ocrx_word' id='word_1_134' title='bbox 2452 1637 2825 1709; x_wconf 80' lang='lat' dir='ltr'>NORMAM,</span> 
     </span>
    </p>
   </div>
   <div class='ocr_carea' id='block_1_19' title="bbox 784 1726 2994 1802">
    <p class='ocr_par' dir='ltr' id='par_1_19' title="bbox 784 1726 2994 1802">
     <span class='ocr_line' id='line_1_19' title="bbox 784 1726 2994 1802; baseline -0.001 -13"><span class='ocrx_word' id='word_1_135' title='bbox 784 1728 1005 1800; x_wconf 83' lang='lat' dir='ltr'>QVAM</span> <span class='ocrx_word' id='word_1_136' title='bbox 1048 1727 1494 1802; x_wconf 85' lang='lat' dir='ltr'>PROMISTIS,</span> <span class='ocrx_word' id='word_1_137' title='bbox 1542 1728 1696 1790; x_wconf 82' lang='lat' dir='ltr'>HOC</span> <span class='ocrx_word' id='word_1_138' title='bbox 1737 1728 2202 1791; x_wconf 80' lang='lat' dir='ltr'>GLAVSTRVM</span> <span class='ocrx_word' id='word_1_139' title='bbox 2247 1727 2569 1799; x_wconf 87' lang='lat' dir='ltr'>QVANDO</span> <span class='ocrx_word' id='word_1_140' title='bbox 2614 1726 2994 1789; x_wconf 85' lang='lat' dir='ltr'>PETISTIS.</span> 
     </span>
    </p>
   </div>
   <div class='ocr_carea' id='block_1_20' title="bbox 344 1848 1589 1931">
    <p class='ocr_par' dir='ltr' id='par_1_20' title="bbox 344 1848 1589 1931">
     <span class='ocr_line' id='line_1_20' title="bbox 344 1848 1589 1931; baseline -0.001 -15"><span class='ocrx_word' id='word_1_141' title='bbox 344 1848 591 1931; x_wconf 75' lang='lat' dir='ltr'>Reliqua</span> <span class='ocrx_word' id='word_1_142' title='bbox 619 1860 823 1916; x_wconf 89' lang='lat' dir='ltr'>eodem</span> <span class='ocrx_word' id='word_1_143' title='bbox 854 1863 1138 1916; x_wconf 89' lang='lat' dir='ltr'>concentu</span> <span class='ocrx_word' id='word_1_144' title='bbox 1153 1860 1589 1916; x_wconf 87' lang='lat' dir='ltr'>continuantur.</span> 
     </span>
    </p>
   </div>
   <div class='ocr_carea' id='block_1_21' title="bbox 398 1947 1990 2022">
    <p class='ocr_par' dir='ltr' id='par_1_21' title="bbox 398 1947 1990 2022">
     <span class='ocr_line' id='line_1_21' title="bbox 398 1947 1990 2022; baseline 0 -18"><span class='ocrx_word' id='word_1_145' title='bbox 398 1947 695 2005; x_wconf 78' lang='lat' dir='ltr'>Pluribus</span> <span class='ocrx_word' id='word_1_146' title='bbox 734 1948 1118 2022; x_wconf 81' lang='lat' dir='ltr'>congerendis</span> <span class='ocrx_word' id='word_1_147' title='bbox 1134 1949 1509 2022; x_wconf 84' lang='lat' dir='ltr'>tempero.Ad</span> <span class='ocrx_word' id='word_1_148' title='bbox 1541 1949 1784 2006; x_wconf 86' lang='lat' dir='ltr'>alteram</span> <span class='ocrx_word' id='word_1_149' title='bbox 1812 1949 1990 2007; x_wconf 87' lang='lat' dir='ltr'>versi-</span> 
     </span>
    </p>
   </div>
   <div class='ocr_carea' id='block_1_22' title="bbox 344 2036 1991 2110">
    <p class='ocr_par' dir='ltr' id='par_1_22' title="bbox 344 2036 1991 2110">
     <span class='ocr_line' id='line_1_22' title="bbox 344 2036 1991 2110; baseline -0.001 -16"><span class='ocrx_word' id='word_1_150' title='bbox 344 2037 558 2095; x_wconf 77' lang='lat' dir='ltr'>ficandi</span> <span class='ocrx_word' id='word_1_151' title='bbox 586 2037 871 2095; x_wconf 88' lang='lat' dir='ltr'>rationem</span> <span class='ocrx_word' id='word_1_152' title='bbox 903 2038 1059 2110; x_wconf 89' lang='lat' dir='ltr'>quod</span> <span class='ocrx_word' id='word_1_153' title='bbox 1107 2036 1335 2107; x_wconf 85' lang='lat' dir='ltr'>attinet,</span> <span class='ocrx_word' id='word_1_154' title='bbox 1388 2037 1652 2094; x_wconf 88' lang='lat' dir='ltr'>videlicet</span> <span class='ocrx_word' id='word_1_155' title='bbox 1697 2039 1991 2095; x_wconf 86' lang='lat' dir='ltr'>statuendi</span> 
     </span>
    </p>
   </div>
   <div class='ocr_carea' id='block_1_23' title="bbox 340 2125 1991 2200">
    <p class='ocr_par' dir='ltr' id='par_1_23' title="bbox 340 2125 1991 2200">
     <span class='ocr_line' id='line_1_23' title="bbox 340 2125 1991 2200; baseline 0.001 -17"><span class='ocrx_word' id='word_1_156' title='bbox 340 2143 600 2184; x_wconf 84' lang='lat' dir='ltr'>consona</span> <span class='ocrx_word' id='word_1_157' title='bbox 624 2126 800 2183; x_wconf 89' lang='lat' dir='ltr'>verba</span> <span class='ocrx_word' id='word_1_158' title='bbox 827 2125 889 2181; x_wconf 92' lang='lat' dir='ltr'>in</span> <span class='ocrx_word' id='word_1_159' title='bbox 919 2126 1033 2182; x_wconf 88' lang='lat' dir='ltr'>fine</span> <span class='ocrx_word' id='word_1_160' title='bbox 1054 2125 1424 2200; x_wconf 89' lang='lat' dir='ltr'>geminorum</span> <span class='ocrx_word' id='word_1_161' title='bbox 1454 2143 1752 2195; x_wconf 88' lang='lat' dir='ltr'>versuum,</span> <span class='ocrx_word' id='word_1_162' title='bbox 1803 2144 1991 2199; x_wconf 89' lang='lat' dir='ltr'>neque</span> 
     </span>
    </p>
   </div>
   <div class='ocr_carea' id='block_1_24' title="bbox 339 2204 1987 2289">
    <p class='ocr_par' dir='ltr' id='par_1_24' title="bbox 339 2204 1987 2289">
     <span class='ocr_line' id='line_1_24' title="bbox 339 2204 1987 2289; baseline 0.001 -18"><span class='ocrx_word' id='word_1_163' title='bbox 339 2204 437 2271; x_wconf 72' lang='lat' dir='ltr'>hic</span> <span class='ocrx_word' id='word_1_164' title='bbox 465 2213 874 2272; x_wconf 81' lang='lat' dir='ltr'>desiderantur</span> <span class='ocrx_word' id='word_1_165' title='bbox 900 2213 1166 2287; x_wconf 82' lang='lat' dir='ltr'>exempla</span> <span class='ocrx_word' id='word_1_166' title='bbox 1213 2214 1386 2289; x_wconf 84' lang='lat' dir='ltr'>longe</span> <span class='ocrx_word' id='word_1_167' title='bbox 1417 2219 1550 2271; x_wconf 88' lang='lat' dir='ltr'>ante</span> <span class='ocrx_word' id='word_1_168' title='bbox 1581 2216 1789 2273; x_wconf 85' lang='lat' dir='ltr'>Leonis</span> <span class='ocrx_word' id='word_1_169' title='bbox 1831 2217 1987 2274; x_wconf 82' lang='lat' dir='ltr'>Pari-</span> 
     </span>
    </p>
   </div>
   <div class='ocr_carea' id='block_1_25' title="bbox 340 2302 1989 2373">
    <p class='ocr_par' dir='ltr' id='par_1_25' title="bbox 340 2302 1989 2373">
     <span class='ocr_line' id='line_1_25' title="bbox 340 2302 1989 2373; baseline 0.001 -13"><span class='ocrx_word' id='word_1_170' title='bbox 340 2302 556 2361; x_wconf 88' lang='lat' dir='ltr'>siensis</span> <span class='ocrx_word' id='word_1_171' title='bbox 583 2305 833 2359; x_wconf 65' lang='lat' dir='ltr'>atatem.</span> <span class='ocrx_word' id='word_1_172' title='bbox 867 2302 1124 2359; x_wconf 84' lang='lat' dir='ltr'>Profecto</span> <span class='ocrx_word' id='word_1_173' title='bbox 1173 2303 1404 2360; x_wconf 86' lang='lat' dir='ltr'>circiter</span> <span class='ocrx_word' id='word_1_174' title='bbox 1432 2321 1654 2361; x_wconf 89' lang='lat' dir='ltr'>annum</span> <span class='ocrx_word' id='word_1_175' title='bbox 1686 2306 1846 2373; x_wconf 84' lang='grc'>1055,</span> <span class='ocrx_word' id='word_1_176' title='bbox 1880 2305 1989 2364; x_wconf 91' lang='lat' dir='ltr'>hoc</span> 
     </span>
    </p>
   </div>
   <div class='ocr_carea' id='block_1_26' title="bbox 340 2390 1986 2465">
    <p class='ocr_par' dir='ltr' id='par_1_26' title="bbox 340 2390 1986 2465">
     <span class='ocr_line' id='line_1_26' title="bbox 340 2390 1986 2465; baseline 0.001 -16"><span class='ocrx_word' id='word_1_177' title='bbox 340 2395 431 2450; x_wconf 86' lang='lat' dir='ltr'>est</span> <span class='ocrx_word' id='word_1_178' title='bbox 454 2394 689 2449; x_wconf 88' lang='lat' dir='ltr'>centum</span> <span class='ocrx_word' id='word_1_179' title='bbox 712 2390 885 2449; x_wconf 88' lang='lat' dir='ltr'>annis</span> <span class='ocrx_word' id='word_1_180' title='bbox 903 2395 960 2447; x_wconf 90' lang='lat' dir='ltr'>et</span> <span class='ocrx_word' id='word_1_181' title='bbox 982 2391 1495 2465; x_wconf 88' lang='lat' dir='ltr'>ultrapriusquam</span> <span class='ocrx_word' id='word_1_182' title='bbox 1517 2395 1627 2450; x_wconf 91' lang='lat' dir='ltr'>Leo</span> <span class='ocrx_word' id='word_1_183' title='bbox 1660 2394 1757 2451; x_wconf 88' lang='lat' dir='ltr'>ille</span> <span class='ocrx_word' id='word_1_184' title='bbox 1773 2412 1986 2451; x_wconf 88' lang='lat' dir='ltr'>nomen</span> 
     </span>
    </p>
   </div>
   <div class='ocr_carea' id='block_1_27' title="bbox 338 2468 1988 2553">
    <p class='ocr_par' dir='ltr' id='par_1_27' title="bbox 338 2468 1988 2553">
     <span class='ocr_line' id='line_1_27' title="bbox 338 2468 1988 2553; baseline 0.001 -14"><span class='ocrx_word' id='word_1_185' title='bbox 338 2496 515 2539; x_wconf 83' lang='lat' dir='ltr'>suum</span> <span class='ocrx_word' id='word_1_186' title='bbox 535 2468 824 2538; x_wconf 71' lang='lat' dir='ltr'>Parnasso</span> <span class='ocrx_word' id='word_1_187' title='bbox 855 2481 1037 2553; x_wconf 88' lang='lat' dir='ltr'>daret,</span> <span class='ocrx_word' id='word_1_188' title='bbox 1075 2498 1281 2539; x_wconf 91' lang='lat' dir='ltr'>versus</span> <span class='ocrx_word' id='word_1_189' title='bbox 1329 2482 1391 2537; x_wconf 91' lang='lat' dir='ltr'>in</span> <span class='ocrx_word' id='word_1_190' title='bbox 1442 2481 1605 2539; x_wconf 89' lang='lat' dir='ltr'>Italia</span> <span class='ocrx_word' id='word_1_191' title='bbox 1647 2484 1988 2541; x_wconf 83' lang='lat' dir='ltr'>conﬁciebat</span> 
     </span>
    </p>
   </div>
   <div class='ocr_carea' id='block_1_28' title="bbox 334 2559 1989 2645">
    <p class='ocr_par' dir='ltr' id='par_1_28' title="bbox 334 2559 1989 2645">
     <span class='ocr_line' id='line_1_28' title="bbox 334 2559 1989 2645; baseline 0.001 -18"><span class='ocrx_word' id='word_1_192' title='bbox 334 2559 834 2628; x_wconf 83' lang='lat' dir='ltr'>celebratissimus</span> <span class='ocrx_word' id='word_1_193' title='bbox 862 2569 952 2627; x_wconf 79' lang='lat' dir='ltr'>vir</span> <span class='ocrx_word' id='word_1_194' title='bbox 982 2574 1221 2627; x_wconf 87' lang='lat' dir='ltr'>sanctus</span> <span class='ocrx_word' id='word_1_195' title='bbox 1246 2571 1454 2627; x_wconf 89' lang='lat' dir='ltr'>Petrus</span> <span class='ocrx_word' id='word_1_196' title='bbox 1474 2571 1760 2639; x_wconf 89' lang='lat' dir='ltr'>Damiani,</span> <span class='ocrx_word' id='word_1_197' title='bbox 1786 2577 1989 2645; x_wconf 91' lang='lat' dir='ltr'>postea</span> 
     </span>
    </p>
   </div>
   <div class='ocr_carea' id='block_1_29' title="bbox 320 2658 1987 2732">
    <p class='ocr_par' dir='ltr' id='par_1_29' title="bbox 320 2658 1987 2732">
     <span class='ocr_line' id='line_1_29' title="bbox 320 2658 1987 2732; baseline -0.001 -15"><span class='ocrx_word' id='word_1_198' title='bbox 320 2658 622 2718; x_wconf 77' lang='lat' dir='ltr'>Ostiensis</span> <span class='ocrx_word' id='word_1_199' title='bbox 650 2659 982 2732; x_wconf 80' lang='lat' dir='ltr'>episcopus.</span> <span class='ocrx_word' id='word_1_200' title='bbox 1013 2661 1202 2732; x_wconf 90' lang='lat' dir='ltr'>Atque</span> <span class='ocrx_word' id='word_1_201' title='bbox 1249 2675 1319 2718; x_wconf 82' lang='lat' dir='ltr'>ex</span> <span class='ocrx_word' id='word_1_202' title='bbox 1364 2675 1431 2715; x_wconf 91' lang='lat' dir='ltr'>eo</span> <span class='ocrx_word' id='word_1_203' title='bbox 1479 2659 1766 2717; x_wconf 88' lang='lat' dir='ltr'>habemus</span> <span class='ocrx_word' id='word_1_204' title='bbox 1798 2660 1987 2717; x_wconf 89' lang='lat' dir='ltr'>multa</span> 
     </span>
    </p>
   </div>
   <div class='ocr_carea' id='block_1_30' title="bbox 335 2747 1986 2822">
    <p class='ocr_par' dir='ltr' id='par_1_30' title="bbox 335 2747 1986 2822">
     <span class='ocr_line' id='line_1_30' title="bbox 335 2747 1986 2822; baseline 0 -16"><span class='ocrx_word' id='word_1_205' title='bbox 335 2747 618 2817; x_wconf 87' lang='lat' dir='ltr'>carmina,</span> <span class='ocrx_word' id='word_1_206' title='bbox 649 2749 901 2822; x_wconf 78' lang='lat' dir='ltr'>hymnos</span> <span class='ocrx_word' id='word_1_207' title='bbox 933 2752 990 2805; x_wconf 90' lang='lat' dir='ltr'>et</span> <span class='ocrx_word' id='word_1_208' title='bbox 1036 2748 1345 2822; x_wconf 81' lang='lat' dir='ltr'>rhythmos</span> <span class='ocrx_word' id='word_1_209' title='bbox 1392 2749 1538 2805; x_wconf 91' lang='lat' dir='ltr'>varii</span> <span class='ocrx_word' id='word_1_210' title='bbox 1578 2750 1770 2817; x_wconf 90' lang='lat' dir='ltr'>metri,</span> <span class='ocrx_word' id='word_1_211' title='bbox 1802 2767 1986 2822; x_wconf 90' lang='lat' dir='ltr'>eaque</span> 
     </span>
    </p>
   </div>
   <div class='ocr_carea' id='block_1_31' title="bbox 335 2837 1989 2910">
    <p class='ocr_par' dir='ltr' id='par_1_31' title="bbox 335 2837 1989 2910">
     <span class='ocr_line' id='line_1_31' title="bbox 335 2837 1989 2910; baseline -0.001 -15"><span class='ocrx_word' id='word_1_212' title='bbox 335 2838 457 2895; x_wconf 81' lang='lat' dir='ltr'>fere</span> <span class='ocrx_word' id='word_1_213' title='bbox 476 2840 694 2895; x_wconf 81' lang='lat' dir='ltr'>cuncta</span> <span class='ocrx_word' id='word_1_214' title='bbox 722 2837 998 2893; x_wconf 91' lang='lat' dir='ltr'>consonis</span> <span class='ocrx_word' id='word_1_215' title='bbox 1027 2837 1267 2893; x_wconf 72' lang='lat' dir='ltr'>Vocibus</span> <span class='ocrx_word' id='word_1_216' title='bbox 1297 2840 1584 2893; x_wconf 82' lang='lat' dir='ltr'>contexta.</span> <span class='ocrx_word' id='word_1_217' title='bbox 1616 2838 1726 2893; x_wconf 89' lang='lat' dir='ltr'>Sed</span> <span class='ocrx_word' id='word_1_218' title='bbox 1758 2838 1989 2910; x_wconf 89' lang='lat' dir='ltr'>potissi-</span> 
     </span>
    </p>
   </div>
   <div class='ocr_carea' id='block_1_32' title="bbox 335 2925 1986 2999">
    <p class='ocr_par' dir='ltr' id='par_1_32' title="bbox 335 2925 1986 2999">
     <span class='ocr_line' id='line_1_32' title="bbox 335 2925 1986 2999; baseline 0 -17"><span class='ocrx_word' id='word_1_219' title='bbox 335 2941 503 2983; x_wconf 90' lang='lat' dir='ltr'>mum</span> <span class='ocrx_word' id='word_1_220' title='bbox 527 2926 989 2983; x_wconf 75' lang='lat' dir='ltr'>considerandus</span> <span class='ocrx_word' id='word_1_221' title='bbox 1020 2925 1191 2983; x_wconf 90' lang='lat' dir='ltr'>nobis</span> <span class='ocrx_word' id='word_1_222' title='bbox 1228 2929 1319 2983; x_wconf 89' lang='lat' dir='ltr'>est</span> <span class='ocrx_word' id='word_1_223' title='bbox 1346 2926 1475 2998; x_wconf 89' lang='lat' dir='ltr'>ejus</span> <span class='ocrx_word' id='word_1_224' title='bbox 1505 2925 1791 2999; x_wconf 85' lang='lat' dir='ltr'>rhythmus</span> <span class='ocrx_word' id='word_1_225' title='bbox 1824 2944 1986 2999; x_wconf 82' lang='lat' dir='ltr'>super</span> 
     </span>
    </p>
   </div>
   <div class='ocr_carea' id='block_1_33' title="bbox 335 3013 1984 3087">
    <p class='ocr_par' dir='ltr' id='par_1_33' title="bbox 335 3013 1984 3087">
     <span class='ocr_line' id='line_1_33' title="bbox 335 3013 1984 3087; baseline 0.001 -15"><span class='ocrx_word' id='word_1_226' title='bbox 335 3013 680 3073; x_wconf 74' lang='lat' dir='ltr'>Salida’tione</span> <span class='ocrx_word' id='word_1_227' title='bbox 696 3015 969 3086; x_wconf 82' lang='lat' dir='ltr'>angelica,</span> <span class='ocrx_word' id='word_1_228' title='bbox 1002 3031 1165 3071; x_wconf 91' lang='lat' dir='ltr'>num.</span> <span class='ocrx_word' id='word_1_229' title='bbox 1190 3015 1280 3084; x_wconf 89' lang='lat'>63,</span> <span class='ocrx_word' id='word_1_230' title='bbox 1314 3014 1372 3070; x_wconf 90' lang='lat' dir='ltr'>in</span> <span class='ocrx_word' id='word_1_231' title='bbox 1405 3031 1521 3087; x_wconf 92' lang='lat' dir='ltr'>quo</span> <span class='ocrx_word' id='word_1_232' title='bbox 1561 3014 1799 3087; x_wconf 86' lang='lat' dir='ltr'>perfecti</span> <span class='ocrx_word' id='word_1_233' title='bbox 1842 3016 1984 3073; x_wconf 85' lang='lat' dir='ltr'>Leo-</span> 
     </span>
    </p>
   </div>
   <div class='ocr_carea' id='block_1_34' title="bbox 332 3102 1058 3162">
    <p class='ocr_par' dir='ltr' id='par_1_34' title="bbox 332 3102 1058 3162">
     <span class='ocr_line' id='line_1_34' title="bbox 332 3102 1058 3162; baseline -0.001 -1"><span class='ocrx_word' id='word_1_234' title='bbox 332 3102 461 3161; x_wconf 87' lang='lat' dir='ltr'>nini</span> <span class='ocrx_word' id='word_1_235' title='bbox 489 3112 695 3161; x_wconf 82' lang='lat' dir='ltr'>versus</span> <span class='ocrx_word' id='word_1_236' title='bbox 722 3104 1058 3162; x_wconf 88' lang='lat' dir='ltr'>occurrunt.</span> 
     </span>
    </p>
   </div>
   <div class='ocr_carea' id='block_1_35' title="bbox 407 3192 1543 3266">
    <p class='ocr_par' dir='ltr' id='par_1_35' title="bbox 407 3192 1543 3266">
     <span class='ocr_line' id='line_1_35' title="bbox 407 3192 1543 3266; baseline -0.003 -15"><span class='ocrx_word' id='word_1_237' title='bbox 407 3193 739 3263; x_wconf 50' lang='grc' dir='ltr'>Πανοπέα</span> <span class='ocrx_word' id='word_1_238' title='bbox 767 3192 910 3266; x_wconf 79' lang='lat' dir='ltr'>ﬁlia,</span> <span class='ocrx_word' id='word_1_239' title='bbox 940 3201 1130 3249; x_wconf 86' lang='lat' dir='ltr'>sancta</span> <span class='ocrx_word' id='word_1_240' title='bbox 1157 3193 1360 3249; x_wconf 83' lang='lat' dir='ltr'>mundo</span> <span class='ocrx_word' id='word_1_241' title='bbox 1389 3196 1543 3249; x_wconf 85' lang='lat' dir='ltr'>nata.</span> 
     </span>
    </p>
   </div>
   <div class='ocr_carea' id='block_1_36' title="bbox 2020 1868 2068 1934">
    <p class='ocr_par' dir='ltr' id='par_1_36' title="bbox 2020 1868 2068 1934">
     <span class='ocr_line' id='line_1_36' title="bbox 2020 1868 2068 1934; baseline 0 0"><span class='ocrx_word' id='word_1_242' title='bbox 2020 1868 2068 1934; x_wconf 91' lang='lat' dir='ltr'><strong>B</strong></span> 
     </span>
    </p>
   </div>
   <div class='ocr_carea' id='block_1_37' title="bbox 2212 1858 3475 1931">
    <p class='ocr_par' dir='ltr' id='par_1_37' title="bbox 2212 1858 3475 1931">
     <span class='ocr_line' id='line_1_37' title="bbox 2212 1858 3475 1931; baseline -0.002 -16"><span class='ocrx_word' id='word_1_243' title='bbox 2212 1861 2365 1930; x_wconf 85' lang='lat' dir='ltr'>Virgo</span> <span class='ocrx_word' id='word_1_244' title='bbox 2380 1858 2648 1931; x_wconf 86' lang='lat' dir='ltr'>prudens,</span> <span class='ocrx_word' id='word_1_245' title='bbox 2678 1859 2881 1927; x_wconf 85' lang='lat' dir='ltr'>sobria,</span> <span class='ocrx_word' id='word_1_246' title='bbox 2906 1858 3102 1918; x_wconf 72' lang='lat' dir='ltr'>Ioseph</span> <span class='ocrx_word' id='word_1_247' title='bbox 3127 1858 3475 1931; x_wconf 74' lang='lat' dir='ltr'>desponsata,</span> 
     </span>
    </p>
   </div>
   <div class='ocr_carea' id='block_1_38' title="bbox 2210 1947 3442 2021">
    <p class='ocr_par' dir='ltr' id='par_1_38' title="bbox 2210 1947 3442 2021">
     <span class='ocr_line' id='line_1_38' title="bbox 2210 1947 3442 2021; baseline 0.001 -17"><span class='ocrx_word' id='word_1_248' title='bbox 2210 1948 2300 2004; x_wconf 63' lang='lat' dir='ltr'>Ad</span> <span class='ocrx_word' id='word_1_249' title='bbox 2326 1949 2561 2005; x_wconf 77' lang='lat' dir='ltr'>salutem</span> <span class='ocrx_word' id='word_1_250' title='bbox 2589 1949 2837 2004; x_wconf 89' lang='lat' dir='ltr'>omnium</span> <span class='ocrx_word' id='word_1_251' title='bbox 2866 1949 2927 2003; x_wconf 86' lang='lat' dir='ltr'>in</span> <span class='ocrx_word' id='word_1_252' title='bbox 2954 1948 3266 2021; x_wconf 77' lang='lat' dir='ltr'>exemplum</span> <span class='ocrx_word' id='word_1_253' title='bbox 3294 1947 3442 2015; x_wconf 88' lang='lat' dir='ltr'>data,</span> 
     </span>
    </p>
   </div>
   <div class='ocr_carea' id='block_1_39' title="bbox 2208 2026 3594 2110">
    <p class='ocr_par' dir='ltr' id='par_1_39' title="bbox 2208 2026 3594 2110">
     <span class='ocr_line' id='line_1_39' title="bbox 2208 2026 3594 2110; baseline 0.001 -18"><span class='ocrx_word' id='word_1_254' title='bbox 2208 2038 2579 2110; x_wconf 85' lang='lat' dir='ltr'>Supernorum</span> <span class='ocrx_word' id='word_1_255' title='bbox 2606 2040 2811 2093; x_wconf 87' lang='lat' dir='ltr'>civium</span> <span class='ocrx_word' id='word_1_256' title='bbox 2839 2054 3057 2094; x_wconf 82' lang='lat' dir='ltr'>consors</span> <span class='ocrx_word' id='word_1_257' title='bbox 3080 2038 3204 2109; x_wconf 88' lang='lat' dir='ltr'>jam</span> <span class='ocrx_word' id='word_1_258' title='bbox 3230 2037 3484 2110; x_wconf 84' lang='lat' dir='ltr'>probata.</span> <span class='ocrx_word' id='word_1_259' title='bbox 3590 2026 3594 2031; x_wconf 63' lang='grc'><strong>’</strong></span> 
     </span>
    </p>
   </div>
   <div class='ocr_carea' id='block_1_40' title="bbox 2097 2128 3142 2201">
    <p class='ocr_par' dir='ltr' id='par_1_40' title="bbox 2097 2128 3142 2201">
     <span class='ocr_line' id='line_1_40' title="bbox 2097 2128 3142 2201; baseline -0.002 -18"><span class='ocrx_word' id='word_1_260' title='bbox 2097 2128 2293 2197; x_wconf 78' lang='grc' dir='ltr'><em>Μανία,</em></span> <span class='ocrx_word' id='word_1_261' title='bbox 2323 2130 2553 2184; x_wconf 76' lang='lat' dir='ltr'>miseria</span> <span class='ocrx_word' id='word_1_262' title='bbox 2581 2143 2678 2201; x_wconf 82' lang='lat' dir='ltr'>per</span> <span class='ocrx_word' id='word_1_263' title='bbox 2707 2135 2757 2183; x_wconf 89' lang='lat' dir='ltr'>te</span> <span class='ocrx_word' id='word_1_264' title='bbox 2789 2128 3142 2195; x_wconf 77' lang='lat' dir='ltr'>terminatur,</span> 
     </span>
    </p>
   </div>
   <div class='ocr_carea' id='block_1_41' title="bbox 2202 2216 3347 2290">
    <p class='ocr_par' dir='ltr' id='par_1_41' title="bbox 2202 2216 3347 2290">
     <span class='ocr_line' id='line_1_41' title="bbox 2202 2216 3347 2290; baseline -0.001 -18"><span class='ocrx_word' id='word_1_265' title='bbox 2202 2218 2269 2272; x_wconf 86' lang='lat' dir='ltr'>Et</span> <span class='ocrx_word' id='word_1_266' title='bbox 2294 2216 2670 2273; x_wconf 77' lang='lat' dir='ltr'>misericordia</span> <span class='ocrx_word' id='word_1_267' title='bbox 2697 2231 2794 2290; x_wconf 81' lang='lat' dir='ltr'>per</span> <span class='ocrx_word' id='word_1_268' title='bbox 2822 2220 2874 2272; x_wconf 87' lang='lat' dir='ltr'>te</span> <span class='ocrx_word' id='word_1_269' title='bbox 2902 2223 3206 2287; x_wconf 78' lang='lat' dir='ltr'>revocatur,</span> <span class='ocrx_word' id='word_1_270' title='bbox 3239 2219 3347 2272; x_wconf 87' lang='lat' dir='ltr'>etc.</span> 
     </span>
    </p>
   </div>
   <div class='ocr_carea' id='block_1_42' title="bbox 2096 2304 3762 2377">
    <p class='ocr_par' dir='ltr' id='par_1_42' title="bbox 2096 2304 3762 2377">
     <span class='ocr_line' id='line_1_42' title="bbox 2096 2304 3762 2377; baseline 0.002 -17"><span class='ocrx_word' id='word_1_271' title='bbox 2096 2304 2247 2360; x_wconf 86' lang='lat' dir='ltr'>Audi</span> <span class='ocrx_word' id='word_1_272' title='bbox 2266 2309 2325 2361; x_wconf 89' lang='lat' dir='ltr'>et</span> <span class='ocrx_word' id='word_1_273' title='bbox 2353 2305 2481 2377; x_wconf 79' lang='lat' dir='ltr'>ejus</span> <span class='ocrx_word' id='word_1_274' title='bbox 2511 2321 2746 2362; x_wconf 90' lang='lat' dir='ltr'>carmen</span> <span class='ocrx_word' id='word_1_275' title='bbox 2774 2305 2867 2374; x_wconf 84' lang='grc'>64,</span> <span class='ocrx_word' id='word_1_276' title='bbox 2903 2305 2974 2361; x_wconf 89' lang='lat' dir='ltr'>ad</span> <span class='ocrx_word' id='word_1_277' title='bbox 3005 2304 3276 2361; x_wconf 89' lang='lat' dir='ltr'>eamdem</span> <span class='ocrx_word' id='word_1_278' title='bbox 3309 2304 3762 2364; x_wconf 86' lang='lat' dir='ltr'>sanctissimam</span> 
     </span>
    </p>
   </div>
   <div class='ocr_carea' id='block_1_43' title="bbox 2096 2393 2446 2467">
    <p class='ocr_par' dir='ltr' id='par_1_43' title="bbox 2096 2393 2446 2467">
     <span class='ocr_line' id='line_1_43' title="bbox 2096 2393 2446 2467; baseline 0.006 -19"><span class='ocrx_word' id='word_1_279' title='bbox 2096 2393 2396 2467; x_wconf 84' lang='lat' dir='ltr'>Virginem</span> <span class='ocrx_word' id='word_1_280' title='bbox 2433 2412 2446 2450; x_wconf 89' lang='lat'><strong>:</strong></span> 
     </span>
    </p>
   </div>
   <div class='ocr_carea' id='block_1_44' title="bbox 2098 2482 3492 2557">
    <p class='ocr_par' dir='ltr' id='par_1_44' title="bbox 2098 2482 3492 2557">
     <span class='ocr_line' id='line_1_44' title="bbox 2098 2482 3492 2557; baseline 0 -18"><span class='ocrx_word' id='word_1_281' title='bbox 2098 2482 2137 2539; x_wconf 92' lang='lat'><em>0</em></span> <span class='ocrx_word' id='word_1_282' title='bbox 2167 2485 2489 2538; x_wconf 70' lang='lat' dir='ltr'>miseratrix</span> <span class='ocrx_word' id='word_1_283' title='bbox 2516 2513 2541 2524; x_wconf 94' lang='lat'><strong>-</strong></span> <span class='ocrx_word' id='word_1_284' title='bbox 2576 2499 2605 2539; x_wconf 90' lang='grc' dir='ltr'><em>ο</em></span> <span class='ocrx_word' id='word_1_285' title='bbox 2633 2482 2975 2539; x_wconf 70' lang='lat' dir='ltr'>dominatrix</span> <span class='ocrx_word' id='word_1_286' title='bbox 3006 2514 3029 2524; x_wconf 97' lang='lat'><strong>-</strong></span> <span class='ocrx_word' id='word_1_287' title='bbox 3061 2485 3295 2557; x_wconf 75' lang='lat' dir='ltr'>praecipe</span> <span class='ocrx_word' id='word_1_288' title='bbox 3321 2482 3492 2551; x_wconf 83' lang='lat' dir='ltr'>dictu,</span> 
     </span>
    </p>
   </div>
   <div class='ocr_carea' id='block_1_45' title="bbox 2095 2572 3713 2645">
    <p class='ocr_par' dir='ltr' id='par_1_45' title="bbox 2095 2572 3713 2645">
     <span class='ocr_line' id='line_1_45' title="bbox 2095 2572 3713 2645; baseline 0.002 -18"><span class='ocrx_word' id='word_1_289' title='bbox 2095 2573 2169 2627; x_wconf 85' lang='lat' dir='ltr'><strong>Ne</strong></span> <span class='ocrx_word' id='word_1_290' title='bbox 2197 2572 2536 2628; x_wconf 84' lang='lat' dir='ltr'>devastemur</span> <span class='ocrx_word' id='word_1_291' title='bbox 2562 2602 2592 2615; x_wconf 85' lang='lat'><strong>-</strong></span> <span class='ocrx_word' id='word_1_292' title='bbox 2621 2589 2691 2628; x_wconf 86' lang='lat' dir='ltr'>ne</span> <span class='ocrx_word' id='word_1_293' title='bbox 2722 2573 3032 2645; x_wconf 86' lang='lat' dir='ltr'>lapidemur</span> <span class='ocrx_word' id='word_1_294' title='bbox 3059 2603 3086 2614; x_wconf 94' lang='lat'><strong>-</strong></span> <span class='ocrx_word' id='word_1_295' title='bbox 3116 2572 3410 2642; x_wconf 79' lang='lat' dir='ltr'>grandinis</span> <span class='ocrx_word' id='word_1_296' title='bbox 3431 2572 3563 2645; x_wconf 82' lang='lat' dir='ltr'>ictu,</span> <span class='ocrx_word' id='word_1_297' title='bbox 3595 2577 3713 2631; x_wconf 87' lang='lat' dir='ltr'>etc.</span> 
     </span>
    </p>
   </div>
   <div class='ocr_carea' id='block_1_46' title="bbox 2093 2660 3765 2734">
    <p class='ocr_par' dir='ltr' id='par_1_46' title="bbox 2093 2660 3765 2734">
     <span class='ocr_line' id='line_1_46' title="bbox 2093 2660 3765 2734; baseline 0.002 -19"><span class='ocrx_word' id='word_1_298' title='bbox 2093 2664 2226 2715; x_wconf 60' lang='lat' dir='ltr'>Hac</span> <span class='ocrx_word' id='word_1_299' title='bbox 2254 2660 2490 2716; x_wconf 88' lang='lat' dir='ltr'>videant</span> <span class='ocrx_word' id='word_1_300' title='bbox 2518 2661 2620 2733; x_wconf 91' lang='lat' dir='ltr'>qui</span> <span class='ocrx_word' id='word_1_301' title='bbox 2651 2662 3013 2717; x_wconf 89' lang='lat' dir='ltr'>contendunt</span> <span class='ocrx_word' id='word_1_302' title='bbox 3032 2661 3284 2733; x_wconf 80' lang='lat' dir='ltr'>majores</span> <span class='ocrx_word' id='word_1_303' title='bbox 3310 2663 3542 2718; x_wconf 86' lang='lat' dir='ltr'>nostros</span> <span class='ocrx_word' id='word_1_304' title='bbox 3564 2678 3601 2719; x_wconf 84' lang='lat' dir='ltr'>a</span> <span class='ocrx_word' id='word_1_305' title='bbox 3618 2678 3765 2734; x_wconf 87' lang='lat' dir='ltr'>pro-</span> 
     </span>
    </p>
   </div>
   <div class='ocr_carea' id='block_1_47' title="bbox 2093 2748 3756 2819">
    <p class='ocr_par' dir='ltr' id='par_1_47' title="bbox 2093 2748 3756 2819">
     <span class='ocr_line' id='line_1_47' title="bbox 2093 2748 3756 2819; baseline 0.002 -15"><span class='ocrx_word' id='word_1_306' title='bbox 2093 2748 2441 2805; x_wconf 88' lang='lat' dir='ltr'>vincialibus</span> <span class='ocrx_word' id='word_1_307' title='bbox 2471 2749 2749 2807; x_wconf 89' lang='lat' dir='ltr'>didicisse</span> <span class='ocrx_word' id='word_1_308' title='bbox 2795 2766 2972 2806; x_wconf 89' lang='lat' dir='ltr'>usum</span> <span class='ocrx_word' id='word_1_309' title='bbox 3021 2751 3475 2807; x_wconf 88' lang='lat' dir='ltr'>consonantium</span> <span class='ocrx_word' id='word_1_310' title='bbox 3514 2765 3756 2819; x_wconf 83' lang='lat' dir='ltr'>vocum,</span> 
     </span>
    </p>
   </div>
   <div class='ocr_carea' id='block_1_48' title="bbox 2094 2838 3750 2915">
    <p class='ocr_par' dir='ltr' id='par_1_48' title="bbox 2094 2838 3750 2915">
     <span class='ocr_line' id='line_1_48' title="bbox 2094 2838 3750 2915; baseline 0.001 -20"><span class='ocrx_word' id='word_1_311' title='bbox 2094 2839 2468 2895; x_wconf 90' lang='lat' dir='ltr'>Mabillonius</span> <span class='ocrx_word' id='word_1_312' title='bbox 2497 2856 2732 2913; x_wconf 90' lang='lat' dir='ltr'>quoque</span> <span class='ocrx_word' id='word_1_313' title='bbox 2762 2840 2823 2896; x_wconf 88' lang='lat' dir='ltr'>in</span> <span class='ocrx_word' id='word_1_314' title='bbox 2861 2838 3181 2897; x_wconf 84' lang='lat' dir='ltr'>Annalibus</span> <span class='ocrx_word' id='word_1_315' title='bbox 3204 2840 3596 2899; x_wconf 88' lang='lat' dir='ltr'>Benedictinis</span> <span class='ocrx_word' id='word_1_316' title='bbox 3617 2841 3750 2915; x_wconf 87' lang='lat' dir='ltr'>epi-</span> 
     </span>
    </p>
   </div>
   <div class='ocr_carea' id='block_1_49' title="bbox 2091 2927 3759 3003">
    <p class='ocr_par' dir='ltr' id='par_1_49' title="bbox 2091 2927 3759 3003">
     <span class='ocr_line' id='line_1_49' title="bbox 2091 2927 3759 3003; baseline 0.002 -20"><span class='ocrx_word' id='word_1_317' title='bbox 2091 2928 2360 3001; x_wconf 90' lang='lat' dir='ltr'>taphium</span> <span class='ocrx_word' id='word_1_318' title='bbox 2391 2927 2867 3002; x_wconf 89' lang='lat' dir='ltr'>prodidit,adhuc</span> <span class='ocrx_word' id='word_1_319' title='bbox 2898 2945 3189 2986; x_wconf 89' lang='lat' dir='ltr'>marmore</span> <span class='ocrx_word' id='word_1_320' title='bbox 3220 2927 3611 3003; x_wconf 88' lang='lat' dir='ltr'>insculptum,</span> <span class='ocrx_word' id='word_1_321' title='bbox 3647 2929 3759 2986; x_wconf 82' lang='lat' dir='ltr'>Al-</span> 
     </span>
    </p>
   </div>
   <div class='ocr_carea' id='block_1_50' title="bbox 2092 3016 3750 3091">
    <p class='ocr_par' dir='ltr' id='par_1_50' title="bbox 2092 3016 3750 3091">
     <span class='ocr_line' id='line_1_50' title="bbox 2092 3016 3750 3091; baseline 0.002 -19"><span class='ocrx_word' id='word_1_322' title='bbox 2092 3017 2239 3073; x_wconf 88' lang='lat' dir='ltr'>berti</span> <span class='ocrx_word' id='word_1_323' title='bbox 2271 3016 2500 3074; x_wconf 87' lang='lat' dir='ltr'>abbatis</span> <span class='ocrx_word' id='word_1_324' title='bbox 2530 3017 3021 3091; x_wconf 86' lang='lat' dir='ltr'>Miciasensis,qui</span> <span class='ocrx_word' id='word_1_325' title='bbox 3054 3034 3206 3074; x_wconf 89' lang='lat' dir='ltr'>anno</span> <span class='ocrx_word' id='word_1_326' title='bbox 3238 3017 3376 3075; x_wconf 69' lang='lat'>4036</span> <span class='ocrx_word' id='word_1_327' title='bbox 3394 3022 3613 3075; x_wconf 64' lang='lat' dir='ltr'>natura:</span> <span class='ocrx_word' id='word_1_328' title='bbox 3634 3018 3750 3076; x_wconf 81' lang='lat' dir='ltr'>de-</span> 
     </span>
    </p>
   </div>
   <div class='ocr_carea' id='block_1_51' title="bbox 2093 3105 3757 3175">
    <p class='ocr_par' dir='ltr' id='par_1_51' title="bbox 2093 3105 3757 3175">
     <span class='ocr_line' id='line_1_51' title="bbox 2093 3105 3757 3175; baseline 0.005 -14"><span class='ocrx_word' id='word_1_329' title='bbox 2093 3106 2283 3161; x_wconf 89' lang='lat' dir='ltr'>bitum</span> <span class='ocrx_word' id='word_1_330' title='bbox 2313 3105 2505 3175; x_wconf 87' lang='lat' dir='ltr'>solvit,</span> <span class='ocrx_word' id='word_1_331' title='bbox 2541 3123 2657 3163; x_wconf 90' lang='lat' dir='ltr'>non</span> <span class='ocrx_word' id='word_1_332' title='bbox 2689 3106 2944 3164; x_wconf 90' lang='lat' dir='ltr'>absimili</span> <span class='ocrx_word' id='word_1_333' title='bbox 2974 3124 3183 3164; x_wconf 92' lang='lat' dir='ltr'>vocum</span> <span class='ocrx_word' id='word_1_334' title='bbox 3225 3106 3601 3166; x_wconf 88' lang='lat' dir='ltr'>collocatione</span> <span class='ocrx_word' id='word_1_335' title='bbox 3623 3106 3757 3169; x_wconf 84' lang='lat' dir='ltr'>dis-</span> 
     </span>
    </p>
   </div>
   <div class='ocr_carea' id='block_1_52' title="bbox 2092 3194 2387 3251">
    <p class='ocr_par' dir='ltr' id='par_1_52' title="bbox 2092 3194 2387 3251">
     <span class='ocr_line' id='line_1_52' title="bbox 2092 3194 2387 3251; baseline 0.007 -2"><span class='ocrx_word' id='word_1_336' title='bbox 2092 3194 2339 3251; x_wconf 90' lang='lat' dir='ltr'>tinctum</span> <span class='ocrx_word' id='word_1_337' title='bbox 2374 3213 2387 3251; x_wconf 94' lang='lat'>:</span> 
     </span>
    </p>
   </div>
   <div class='ocr_carea' id='block_1_53' title="bbox 774 3319 2985 3394">
    <p class='ocr_par' dir='ltr' id='par_1_53' title="bbox 774 3319 2985 3394">
     <span class='ocr_line' id='line_1_53' title="bbox 774 3319 2985 3394; baseline 0.001 -13"><span class='ocrx_word' id='word_1_338' title='bbox 774 3319 906 3382; x_wconf 83' lang='lat' dir='ltr'>HIC</span> <span class='ocrx_word' id='word_1_339' title='bbox 946 3319 1184 3381; x_wconf 85' lang='lat' dir='ltr'>JACET</span> <span class='ocrx_word' id='word_1_340' title='bbox 1227 3319 1684 3392; x_wconf 84' lang='lat' dir='ltr'>ALBERTVS,.</span> <span class='ocrx_word' id='word_1_341' title='bbox 1733 3320 2119 3392; x_wconf 84' lang='lat' dir='ltr'>QVONDAM</span> <span class='ocrx_word' id='word_1_342' title='bbox 2166 3322 2506 3383; x_wconf 84' lang='lat' dir='ltr'>REGALIA</span> <span class='ocrx_word' id='word_1_343' title='bbox 2554 3322 2985 3394; x_wconf 78' lang='lat' dir='ltr'><strong>SPEBNENS,</strong></span> 
     </span>
    </p>
   </div>
   <div class='ocr_carea' id='block_1_54' title="bbox 775 3407 2956 3483">
    <p class='ocr_par' dir='ltr' id='par_1_54' title="bbox 775 3407 2956 3483">
     <span class='ocr_line' id='line_1_54' title="bbox 775 3407 2956 3483; baseline 0.002 -15"><span class='ocrx_word' id='word_1_344' title='bbox 775 3408 1142 3469; x_wconf 83' lang='lat' dir='ltr'>PRVDENS</span> <span class='ocrx_word' id='word_1_345' title='bbox 1185 3407 1445 3479; x_wconf 88' lang='lat' dir='ltr'>ATQVE</span> <span class='ocrx_word' id='word_1_346' title='bbox 1490 3408 1686 3481; x_wconf 91' lang='lat' dir='ltr'>PIVS,</span> <span class='ocrx_word' id='word_1_347' title='bbox 1735 3408 2062 3471; x_wconf 85' lang='lat' dir='ltr'>TANTVM</span> <span class='ocrx_word' id='word_1_348' title='bbox 2109 3409 2531 3472; x_wconf 75' lang='lat' dir='ltr'>C(ELESTIA</span> <span class='ocrx_word' id='word_1_349' title='bbox 2572 3411 2956 3483; x_wconf 83' lang='lat' dir='ltr'>CERNENS,</span> 
     </span>
    </p>
   </div>
   <div class='ocr_carea' id='block_1_55' title="bbox 772 3495 2309 3559">
    <p class='ocr_par' dir='ltr' id='par_1_55' title="bbox 772 3495 2309 3559">
     <span class='ocr_line' id='line_1_55' title="bbox 772 3495 2309 3559; baseline 0.002 -3"><span class='ocrx_word' id='word_1_350' title='bbox 772 3495 1020 3556; x_wconf 84' lang='lat' dir='ltr'>MVNDI</span> <span class='ocrx_word' id='word_1_351' title='bbox 1066 3495 1404 3557; x_wconf 89' lang='lat' dir='ltr'>DlVITIAS</span> <span class='ocrx_word' id='word_1_352' title='bbox 1449 3495 1608 3557; x_wconf 87' lang='lat' dir='ltr'>CVM</span> <span class='ocrx_word' id='word_1_353' title='bbox 1654 3496 1941 3558; x_wconf 83' lang='lat' dir='ltr'><strong>REGALI</strong></span> <span class='ocrx_word' id='word_1_354' title='bbox 1986 3498 2309 3559; x_wconf 84' lang='lat' dir='ltr'>DITIONE</span> 
     </span>
    </p>
   </div>
   <div class='ocr_carea' id='block_1_56' title="bbox 772 3580 2743 3659">
    <p class='ocr_par' dir='ltr' id='par_1_56' title="bbox 772 3580 2743 3659">
     <span class='ocr_line' id='line_1_56' title="bbox 772 3580 2743 3659; baseline 0.002 -16"><span class='ocrx_word' id='word_1_355' title='bbox 772 3580 1166 3645; x_wconf 82' lang='lat' dir='ltr'>GEMETICA</span> <span class='ocrx_word' id='word_1_356' title='bbox 1211 3583 1505 3645; x_wconf 83' lang='lat' dir='ltr'>PRIMAS</span> <span class='ocrx_word' id='word_1_357' title='bbox 1550 3584 1887 3646; x_wconf 83' lang='lat' dir='ltr'>SPREVIT</span> <span class='ocrx_word' id='word_1_358' title='bbox 1929 3585 2085 3648; x_wconf 81' lang='lat' dir='ltr'>PRO</span> <span class='ocrx_word' id='word_1_359' title='bbox 2131 3587 2575 3659; x_wconf 82' lang='lat' dir='ltr'>RELIGIONE,</span> <span class='ocrx_word' id='word_1_360' title='bbox 2623 3590 2743 3648; x_wconf 87' lang='lat' dir='ltr'>etc.</span> 
     </span>
    </p>
   </div>
   <div class='ocr_carea' id='block_1_57' title="bbox 323 3729 1974 3804">
    <p class='ocr_par' dir='ltr' id='par_1_57' title="bbox 323 3729 1974 3804">
     <span class='ocr_line' id='line_1_57' title="bbox 323 3729 1974 3804; baseline -0.001 -13"><span class='ocrx_word' id='word_1_361' title='bbox 323 3729 596 3804; x_wconf 77' lang='lat' dir='ltr'>Florebat</span> <span class='ocrx_word' id='word_1_362' title='bbox 620 3742 773 3789; x_wconf 70' lang='lat' dir='ltr'>anno</span> <span class='ocrx_word' id='word_1_363' title='bbox 805 3731 945 3788; x_wconf 85' lang='grc'>1095</span> <span class='ocrx_word' id='word_1_364' title='bbox 972 3730 1281 3789; x_wconf 90' lang='lat' dir='ltr'>Baldricus</span> <span class='ocrx_word' id='word_1_365' title='bbox 1306 3734 1736 3790; x_wconf 88' lang='lat' dir='ltr'>Andecavensis</span> <span class='ocrx_word' id='word_1_366' title='bbox 1772 3735 1974 3804; x_wconf 90' lang='lat' dir='ltr'>abbas,</span> 
     </span>
    </p>
   </div>
   <div class='ocr_carea' id='block_1_58' title="bbox 290 3796 1966 3895">
    <p class='ocr_par' dir='ltr' id='par_1_58' title="bbox 290 3796 1966 3895">
     <span class='ocr_line' id='line_1_58' title="bbox 290 3796 1966 3895; baseline -0.002 -13"><span class='ocrx_word' id='word_1_367' title='bbox 290 3822 494 3894; x_wconf 68' lang='lat' dir='ltr'><strong>aOUjUB</strong></span> <span class='ocrx_word' id='word_1_368' title='bbox 520 3796 784 3879; x_wconf 47' lang='lat' dir='ltr'>caimina</span> <span class='ocrx_word' id='word_1_369' title='bbox 811 3819 994 3877; x_wconf 83' lang='lat' dir='ltr'>edidit</span> <span class='ocrx_word' id='word_1_370' title='bbox 1024 3822 1102 3877; x_wconf 88' lang='lat' dir='ltr'>du</span> <span class='ocrx_word' id='word_1_371' title='bbox 1124 3820 1658 3878; x_wconf 85' lang='lat' dir='ltr'>Chesniustom.IV</span> <span class='ocrx_word' id='word_1_372' title='bbox 1687 3796 1966 3895; x_wconf 49' lang='lat' dir='ltr'>Scriptor:</span> 
     </span>
    </p>
   </div>
   <div class='ocr_carea' id='block_1_59' title="bbox 318 3908 1971 3984">
    <p class='ocr_par' dir='ltr' id='par_1_59' title="bbox 318 3908 1971 3984">
     <span class='ocr_line' id='line_1_59' title="bbox 318 3908 1971 3984; baseline 0 -15"><span class='ocrx_word' id='word_1_373' title='bbox 318 3908 523 3969; x_wconf 79' lang='lat' dir='ltr'>Frand.</span> <span class='ocrx_word' id='word_1_374' title='bbox 557 3910 622 3968; x_wconf 89' lang='lat' dir='ltr'>In</span> <span class='ocrx_word' id='word_1_375' title='bbox 652 3909 746 3967; x_wconf 70' lang='lat' dir='ltr'>his</span> <span class='ocrx_word' id='word_1_376' title='bbox 776 3911 1047 3984; x_wconf 65' lang='lat' dir='ltr'>quaedam</span> <span class='ocrx_word' id='word_1_377' title='bbox 1088 3914 1436 3969; x_wconf 90' lang='lat' dir='ltr'>concentum</span> <span class='ocrx_word' id='word_1_378' title='bbox 1486 3928 1695 3968; x_wconf 91' lang='lat' dir='ltr'>vocum</span> <span class='ocrx_word' id='word_1_379' title='bbox 1746 3912 1806 3967; x_wconf 91' lang='lat' dir='ltr'>in</span> <span class='ocrx_word' id='word_1_380' title='bbox 1858 3913 1971 3969; x_wconf 80' lang='lat' dir='ltr'>fine</span> 
     </span>
    </p>
   </div>
   <div class='ocr_carea' id='block_1_60' title="bbox 316 3998 1972 4074">
    <p class='ocr_par' dir='ltr' id='par_1_60' title="bbox 316 3998 1972 4074">
     <span class='ocr_line' id='line_1_60' title="bbox 316 3998 1972 4074; baseline -0.001 -16"><span class='ocrx_word' id='word_1_381' title='bbox 316 4012 598 4058; x_wconf 76' lang='lat' dir='ltr'>Versuum</span> <span class='ocrx_word' id='word_1_382' title='bbox 625 3998 919 4058; x_wconf 80' lang='lat' dir='ltr'>exhibent.</span> <span class='ocrx_word' id='word_1_383' title='bbox 947 4000 1129 4056; x_wconf 88' lang='lat' dir='ltr'>Primi</span> <span class='ocrx_word' id='word_1_384' title='bbox 1159 4001 1602 4074; x_wconf 84' lang='lat' dir='ltr'>epigrammatis</span> <span class='ocrx_word' id='word_1_385' title='bbox 1622 4002 1746 4058; x_wconf 90' lang='lat' dir='ltr'>bini</span> <span class='ocrx_word' id='word_1_386' title='bbox 1767 4018 1972 4059; x_wconf 89' lang='lat' dir='ltr'>versus</span> 
     </span>
    </p>
   </div>
   <div class='ocr_carea' id='block_1_61' title="bbox 318 4090 602 4150">
    <p class='ocr_par' dir='ltr' id='par_1_61' title="bbox 318 4090 602 4150">
     <span class='ocr_line' id='line_1_61' title="bbox 318 4090 602 4150; baseline -0.014 0"><span class='ocrx_word' id='word_1_387' title='bbox 318 4094 465 4150; x_wconf 74' lang='lat' dir='ltr'>sunt</span> <span class='ocrx_word' id='word_1_388' title='bbox 491 4090 555 4146; x_wconf 80' lang='lat' dir='ltr'>hi</span> <span class='ocrx_word' id='word_1_389' title='bbox 574 4106 602 4146; x_wconf 90' lang='lat'>-:</span> 
     </span>
    </p>
   </div>
   <div class='ocr_carea' id='block_1_62' title="bbox 391 4179 1660 4251">
    <p class='ocr_par' dir='ltr' id='par_1_62' title="bbox 391 4179 1660 4251">
     <span class='ocr_line' id='line_1_62' title="bbox 391 4179 1660 4251; baseline -0.001 -15"><span class='ocrx_word' id='word_1_390' title='bbox 391 4181 454 4236; x_wconf 86' lang='lat' dir='ltr'>In</span> <span class='ocrx_word' id='word_1_391' title='bbox 481 4179 661 4236; x_wconf 83' lang='lat' dir='ltr'>rotula</span> <span class='ocrx_word' id='word_1_392' title='bbox 686 4179 853 4234; x_wconf 83' lang='lat' dir='ltr'>multi</span> <span class='ocrx_word' id='word_1_393' title='bbox 878 4195 1005 4235; x_wconf 88' lang='lat' dir='ltr'>cum</span> <span class='ocrx_word' id='word_1_394' title='bbox 1031 4179 1404 4236; x_wconf 75' lang='lat' dir='ltr'>sollicitudine</span> <span class='ocrx_word' id='word_1_395' title='bbox 1424 4179 1660 4251; x_wconf 83' lang='lat' dir='ltr'>quadam</span> 
     </span>
    </p>
   </div>
   <div class='ocr_carea' id='block_1_63' title="bbox 392 4267 1848 4339">
    <p class='ocr_par' dir='ltr' id='par_1_63' title="bbox 392 4267 1848 4339">
     <span class='ocr_line' id='line_1_63' title="bbox 392 4267 1848 4339; baseline 0 -16"><span class='ocrx_word' id='word_1_396' title='bbox 392 4267 619 4325; x_wconf 80' lang='lat' dir='ltr'>Dicendi</span> <span class='ocrx_word' id='word_1_397' title='bbox 640 4269 842 4324; x_wconf 84' lang='lat' dir='ltr'>seriem</span> <span class='ocrx_word' id='word_1_398' title='bbox 867 4283 1079 4339; x_wconf 85' lang='lat' dir='ltr'>semper</span> <span class='ocrx_word' id='word_1_399' title='bbox 1104 4272 1388 4324; x_wconf 81' lang='lat' dir='ltr'>metantur</span> <span class='ocrx_word' id='word_1_400' title='bbox 1417 4269 1485 4323; x_wconf 92' lang='lat' dir='ltr'>ab</span> <span class='ocrx_word' id='word_1_401' title='bbox 1516 4268 1707 4333; x_wconf 79' lang='lat' dir='ltr'>Adam,</span> <span class='ocrx_word' id='word_1_402' title='bbox 1741 4272 1848 4323; x_wconf 88' lang='lat' dir='ltr'>etc.</span> 
     </span>
    </p>
   </div>
   <div class='ocr_carea' id='block_1_64' title="bbox 324 4355 1971 4412">
    <p class='ocr_par' dir='ltr' id='par_1_64' title="bbox 324 4355 1971 4412">
     <span class='ocr_line' id='line_1_64' title="bbox 324 4355 1971 4412; baseline -0.001 0"><span class='ocrx_word' id='word_1_403' title='bbox 324 4357 410 4412; x_wconf 90' lang='lat' dir='ltr'>Ita</span> <span class='ocrx_word' id='word_1_404' title='bbox 447 4356 510 4412; x_wconf 92' lang='lat' dir='ltr'>in</span> <span class='ocrx_word' id='word_1_405' title='bbox 548 4355 916 4412; x_wconf 86' lang='lat' dir='ltr'>carminibus</span> <span class='ocrx_word' id='word_1_406' title='bbox 959 4356 1031 4411; x_wconf 91' lang='lat' dir='ltr'>de</span> <span class='ocrx_word' id='word_1_407' title='bbox 1080 4360 1265 4412; x_wconf 89' lang='lat' dir='ltr'>morte</span> <span class='ocrx_word' id='word_1_408' title='bbox 1314 4356 1613 4411; x_wconf 86' lang='lat' dir='ltr'>Matbildis</span> <span class='ocrx_word' id='word_1_409' title='bbox 1661 4356 1971 4411; x_wconf 82' lang='lat' dir='ltr'>abbatissae</span> 
     </span>
    </p>
   </div>
   <div class='ocr_carea' id='block_1_65' title="bbox 322 4442 1975 4517">
    <p class='ocr_par' dir='ltr' id='par_1_65' title="bbox 322 4442 1975 4517">
     <span class='ocr_line' id='line_1_65' title="bbox 322 4442 1975 4517; baseline -0.001 -16"><span class='ocrx_word' id='word_1_410' title='bbox 322 4443 744 4501; x_wconf 87' lang='lat' dir='ltr'>Condomensis</span> <span class='ocrx_word' id='word_1_411' title='bbox 774 4457 926 4499; x_wconf 89' lang='lat' dir='ltr'>anno</span> <span class='ocrx_word' id='word_1_412' title='bbox 957 4442 1099 4499; x_wconf 76' lang='grc'>4012</span> <span class='ocrx_word' id='word_1_413' title='bbox 1117 4443 1481 4515; x_wconf 88' lang='lat' dir='ltr'>compositis,</span> <span class='ocrx_word' id='word_1_414' title='bbox 1503 4447 1561 4499; x_wconf 92' lang='lat' dir='ltr'>et</span> <span class='ocrx_word' id='word_1_415' title='bbox 1583 4461 1617 4499; x_wconf 87' lang='lat' dir='ltr'>a</span> <span class='ocrx_word' id='word_1_416' title='bbox 1646 4461 1826 4517; x_wconf 85' lang='lat' dir='ltr'>supra</span> <span class='ocrx_word' id='word_1_417' title='bbox 1855 4443 1975 4499; x_wconf 88' lang='lat' dir='ltr'>lau-</span> 
     </span>
    </p>
   </div>
   <div class='ocr_carea' id='block_1_66' title="bbox 320 4530 1967 4603">
    <p class='ocr_par' dir='ltr' id='par_1_66' title="bbox 320 4530 1967 4603">
     <span class='ocr_line' id='line_1_66' title="bbox 320 4530 1967 4603; baseline 0.001 -15"><span class='ocrx_word' id='word_1_418' title='bbox 320 4531 457 4589; x_wconf 88' lang='lat' dir='ltr'>dato</span> <span class='ocrx_word' id='word_1_419' title='bbox 480 4530 817 4589; x_wconf 81' lang='lat' dir='ltr'>Mabillonio</span> <span class='ocrx_word' id='word_1_420' title='bbox 837 4535 997 4587; x_wconf 88' lang='lat' dir='ltr'>tomo</span> <span class='ocrx_word' id='word_1_421' title='bbox 1027 4530 1266 4603; x_wconf 88' lang='lat' dir='ltr'>quincto</span> <span class='ocrx_word' id='word_1_422' title='bbox 1296 4531 1506 4587; x_wconf 88' lang='lat' dir='ltr'>Annal.</span> <span class='ocrx_word' id='word_1_423' title='bbox 1540 4532 1967 4590; x_wconf 88' lang='lat' dir='ltr'>Benedictinor.</span> 
     </span>
    </p>
   </div>
   <div class='ocr_carea' id='block_1_67' title="bbox 320 4619 1496 4694">
    <p class='ocr_par' dir='ltr' id='par_1_67' title="bbox 320 4619 1496 4694">
     <span class='ocr_line' id='line_1_67' title="bbox 320 4619 1496 4694; baseline 0 -17"><span class='ocrx_word' id='word_1_424' title='bbox 320 4619 627 4694; x_wconf 84' lang='lat' dir='ltr'>evulgatis,</span> <span class='ocrx_word' id='word_1_425' title='bbox 658 4620 813 4677; x_wconf 91' lang='lat' dir='ltr'>idem</span> <span class='ocrx_word' id='word_1_426' title='bbox 846 4625 1165 4677; x_wconf 88' lang='lat' dir='ltr'>concentus</span> <span class='ocrx_word' id='word_1_427' title='bbox 1196 4620 1450 4677; x_wconf 88' lang='lat' dir='ltr'>occurrit</span> <span class='ocrx_word' id='word_1_428' title='bbox 1483 4637 1496 4677; x_wconf 88' lang='lat'><strong>:</strong></span> 
     </span>
    </p>
   </div>
   <div class='ocr_carea' id='block_1_68' title="bbox 321 4710 1709 4783">
    <p class='ocr_par' dir='ltr' id='par_1_68' title="bbox 321 4710 1709 4783">
     <span class='ocr_line' id='line_1_68' title="bbox 321 4710 1709 4783; baseline 0.001 -17"><span class='ocrx_word' id='word_1_429' title='bbox 321 4710 383 4767; x_wconf 88' lang='lat' dir='ltr'>Si</span> <span class='ocrx_word' id='word_1_430' title='bbox 409 4711 668 4783; x_wconf 64' lang='lat' dir='ltr'>lacrymw</span> <span class='ocrx_word' id='word_1_431' title='bbox 693 4710 951 4783; x_wconf 85' lang='lat' dir='ltr'>cuiquam</span> <span class='ocrx_word' id='word_1_432' title='bbox 969 4710 1204 4766; x_wconf 68' lang='lat' dir='ltr'>caelestia</span> <span class='ocrx_word' id='word_1_433' title='bbox 1233 4725 1405 4779; x_wconf 83' lang='lat' dir='ltr'>regna</span> <span class='ocrx_word' id='word_1_434' title='bbox 1428 4718 1709 4781; x_wconf 86' lang='lat' dir='ltr'>pararent,</span> 
     </span>
    </p>
   </div>
   <div class='ocr_carea' id='block_1_69' title="bbox 321 4798 1966 4874">
    <p class='ocr_par' dir='ltr' id='par_1_69' title="bbox 321 4798 1966 4874">
     <span class='ocr_line' id='line_1_69' title="bbox 321 4798 1966 4874; baseline -0.001 -17"><span class='ocrx_word' id='word_1_435' title='bbox 321 4800 645 4873; x_wconf 76' lang='lat' dir='ltr'>Defunctum</span> <span class='ocrx_word' id='word_1_436' title='bbox 663 4815 990 4874; x_wconf 81' lang='lat' dir='ltr'>quemquam</span> <span class='ocrx_word' id='word_1_437' title='bbox 1016 4798 1066 4854; x_wconf 89' lang='lat' dir='ltr'>si</span> <span class='ocrx_word' id='word_1_438' title='bbox 1083 4799 1338 4855; x_wconf 87' lang='lat' dir='ltr'>carmina</span> <span class='ocrx_word' id='word_1_439' title='bbox 1357 4802 1542 4855; x_wconf 89' lang='lat' dir='ltr'>nostra</span> <span class='ocrx_word' id='word_1_440' title='bbox 1553 4800 1834 4871; x_wconf 83' lang='lat' dir='ltr'>juvarent,</span> <span class='ocrx_word' id='word_1_441' title='bbox 1860 4803 1966 4855; x_wconf 85' lang='lat' dir='ltr'>etc.</span> 
     </span>
    </p>
   </div>
   <div class='ocr_carea' id='block_1_70' title="bbox 2087 3734 3758 3794">
    <p class='ocr_par' dir='ltr' id='par_1_70' title="bbox 2087 3734 3758 3794">
     <span class='ocr_line' id='line_1_70' title="bbox 2087 3734 3758 3794; baseline 0.001 -2"><span class='ocrx_word' id='word_1_442' title='bbox 2087 3736 2310 3793; x_wconf 90' lang='lat' dir='ltr'>Floruit</span> <span class='ocrx_word' id='word_1_443' title='bbox 2328 3738 2530 3794; x_wconf 88' lang='lat' dir='ltr'>eodem</span> <span class='ocrx_word' id='word_1_444' title='bbox 2553 3735 2763 3792; x_wconf 69' lang='lat' dir='ltr'>saeculo</span> <span class='ocrx_word' id='word_1_445' title='bbox 2781 3735 2993 3792; x_wconf 87' lang='lat' dir='ltr'>Christi</span> <span class='ocrx_word' id='word_1_446' title='bbox 3016 3734 3323 3792; x_wconf 90' lang='lat' dir='ltr'>undecimo</span> <span class='ocrx_word' id='word_1_447' title='bbox 3353 3735 3578 3794; x_wconf 85' lang='lat' dir='ltr'>Gualdo</span> <span class='ocrx_word' id='word_1_448' title='bbox 3607 3741 3758 3794; x_wconf 86' lang='lat' dir='ltr'>Cor-</span> 
     </span>
    </p>
   </div>
   <div class='ocr_carea' id='block_1_71' title="bbox 2081 3823 3755 3897">
    <p class='ocr_par' dir='ltr' id='par_1_71' title="bbox 2081 3823 3755 3897">
     <span class='ocr_line' id='line_1_71' title="bbox 2081 3823 3755 3897; baseline 0.001 -16"><span class='ocrx_word' id='word_1_449' title='bbox 2081 3825 2337 3881; x_wconf 87' lang='lat' dir='ltr'>beiensis</span> <span class='ocrx_word' id='word_1_450' title='bbox 2386 3825 2737 3893; x_wconf 89' lang='lat' dir='ltr'>monachus,</span> <span class='ocrx_word' id='word_1_451' title='bbox 2789 3823 2892 3897; x_wconf 87' lang='lat' dir='ltr'>qui</span> <span class='ocrx_word' id='word_1_452' title='bbox 2953 3824 3149 3881; x_wconf 91' lang='lat' dir='ltr'>Vitam</span> <span class='ocrx_word' id='word_1_453' title='bbox 3203 3824 3392 3881; x_wconf 90' lang='lat' dir='ltr'>sancti</span> <span class='ocrx_word' id='word_1_454' title='bbox 3437 3825 3755 3883; x_wconf 79' lang='lat' dir='ltr'>Anseharii</span> 
     </span>
    </p>
   </div>
   <div class='ocr_carea' id='block_1_72' title="bbox 2081 3912 3754 3987">
    <p class='ocr_par' dir='ltr' id='par_1_72' title="bbox 2081 3912 3754 3987">
     <span class='ocr_line' id='line_1_72' title="bbox 2081 3912 3754 3987; baseline 0.001 -17"><span class='ocrx_word' id='word_1_455' title='bbox 2081 3915 2339 3987; x_wconf 88' lang='lat' dir='ltr'>episcopi</span> <span class='ocrx_word' id='word_1_456' title='bbox 2369 3913 2934 3986; x_wconf 88' lang='lat' dir='ltr'>Hammaburgensis</span> <span class='ocrx_word' id='word_1_457' title='bbox 2955 3916 3144 3969; x_wconf 90' lang='lat' dir='ltr'>metro</span> <span class='ocrx_word' id='word_1_458' title='bbox 3176 3913 3494 3980; x_wconf 83' lang='lat' dir='ltr'>contexuit,</span> <span class='ocrx_word' id='word_1_459' title='bbox 3525 3912 3754 3972; x_wconf 83' lang='lat' dir='ltr'>editam</span> 
     </span>
    </p>
   </div>
   <div class='ocr_carea' id='block_1_73' title="bbox 2081 4001 3749 4075">
    <p class='ocr_par' dir='ltr' id='par_1_73' title="bbox 2081 4001 3749 4075">
     <span class='ocr_line' id='line_1_73' title="bbox 2081 4001 3749 4075; baseline 0.001 -17"><span class='ocrx_word' id='word_1_460' title='bbox 2081 4020 2115 4058; x_wconf 90' lang='lat' dir='ltr'>a</span> <span class='ocrx_word' id='word_1_461' title='bbox 2145 4002 2471 4058; x_wconf 90' lang='lat' dir='ltr'>Lambecio.</span> <span class='ocrx_word' id='word_1_462' title='bbox 2504 4006 2561 4058; x_wconf 92' lang='lat' dir='ltr'>Is</span> <span class='ocrx_word' id='word_1_463' title='bbox 2593 4001 2653 4057; x_wconf 94' lang='lat' dir='ltr'>in</span> <span class='ocrx_word' id='word_1_464' title='bbox 2681 4001 3022 4075; x_wconf 76' lang='lat' dir='ltr'>praefatione</span> <span class='ocrx_word' id='word_1_465' title='bbox 3061 4001 3205 4058; x_wconf 88' lang='lat' dir='ltr'>lusit</span> <span class='ocrx_word' id='word_1_466' title='bbox 3242 4001 3511 4059; x_wconf 86' lang='lat' dir='ltr'>versibus</span> <span class='ocrx_word' id='word_1_467' title='bbox 3541 4004 3749 4060; x_wconf 87' lang='lat' dir='ltr'>eadem</span> 
     </span>
    </p>
   </div>
   <div class='ocr_carea' id='block_1_74' title="bbox 2082 4091 3495 4148">
    <p class='ocr_par' dir='ltr' id='par_1_74' title="bbox 2082 4091 3495 4148">
     <span class='ocr_line' id='line_1_74' title="bbox 2082 4091 3495 4148; baseline 0.001 -2"><span class='ocrx_word' id='word_1_468' title='bbox 2082 4091 2244 4147; x_wconf 79' lang='lat' dir='ltr'>finali</span> <span class='ocrx_word' id='word_1_469' title='bbox 2267 4091 2652 4148; x_wconf 89' lang='lat' dir='ltr'>consonantia</span> <span class='ocrx_word' id='word_1_470' title='bbox 2683 4091 3000 4148; x_wconf 89' lang='lat' dir='ltr'>distinctis.</span> <span class='ocrx_word' id='word_1_471' title='bbox 3024 4091 3109 4147; x_wconf 89' lang='lat' dir='ltr'>En</span> <span class='ocrx_word' id='word_1_472' title='bbox 3142 4092 3447 4147; x_wconf 85' lang='lat' dir='ltr'>exordium</span> <span class='ocrx_word' id='word_1_473' title='bbox 3481 4109 3495 4148; x_wconf 90' lang='lat'><strong>:</strong></span> 
     </span>
    </p>
   </div>
   <div class='ocr_carea' id='block_1_75' title="bbox 2152 4179 3595 4252">
    <p class='ocr_par' dir='ltr' id='par_1_75' title="bbox 2152 4179 3595 4252">
     <span class='ocr_line' id='line_1_75' title="bbox 2152 4179 3595 4252; baseline 0 -17"><span class='ocrx_word' id='word_1_474' title='bbox 2152 4180 2318 4235; x_wconf 84' lang='lat' dir='ltr'>Dulce</span> <span class='ocrx_word' id='word_1_475' title='bbox 2345 4182 2478 4248; x_wconf 88' lang='lat' dir='ltr'>tuis,</span> <span class='ocrx_word' id='word_1_476' title='bbox 2512 4179 2751 4251; x_wconf 84' lang='lat' dir='ltr'>Alberte,</span> <span class='ocrx_word' id='word_1_477' title='bbox 2780 4180 2963 4249; x_wconf 88' lang='lat' dir='ltr'>decus,</span> <span class='ocrx_word' id='word_1_478' title='bbox 2987 4179 3159 4251; x_wconf 87' lang='lat' dir='ltr'>jubar</span> <span class='ocrx_word' id='word_1_479' title='bbox 3188 4181 3595 4252; x_wconf 84' lang='lat' dir='ltr'>ignivaporum,</span> 
     </span>
    </p>
   </div>
   <div class='ocr_carea' id='block_1_76' title="bbox 2151 4268 3403 4341">
    <p class='ocr_par' dir='ltr' id='par_1_76' title="bbox 2151 4268 3403 4341">
     <span class='ocr_line' id='line_1_76' title="bbox 2151 4268 3403 4341; baseline -0.002 -15"><span class='ocrx_word' id='word_1_480' title='bbox 2151 4270 2410 4326; x_wconf 51' lang='lat' dir='ltr'>Ecclesia</span> <span class='ocrx_word' id='word_1_481' title='bbox 2441 4270 2633 4336; x_wconf 87' lang='lat' dir='ltr'>turris,</span> <span class='ocrx_word' id='word_1_482' title='bbox 2666 4271 2825 4341; x_wconf 85' lang='lat' dir='ltr'>regni</span> <span class='ocrx_word' id='word_1_483' title='bbox 2843 4268 3095 4324; x_wconf 85' lang='lat' dir='ltr'>diadema</span> <span class='ocrx_word' id='word_1_484' title='bbox 3125 4268 3403 4337; x_wconf 84' lang='lat' dir='ltr'>decorum,</span> 
     </span>
    </p>
   </div>
   <div class='ocr_carea' id='block_1_77' title="bbox 2156 4357 3523 4429">
    <p class='ocr_par' dir='ltr' id='par_1_77' title="bbox 2156 4357 3523 4429">
     <span class='ocr_line' id='line_1_77' title="bbox 2156 4357 3523 4429; baseline -0.001 -15"><span class='ocrx_word' id='word_1_485' title='bbox 2156 4358 2340 4414; x_wconf 85' lang='lat' dir='ltr'>Gloria</span> <span class='ocrx_word' id='word_1_486' title='bbox 2364 4359 2713 4429; x_wconf 77' lang='lat' dir='ltr'>pontiﬁcum,</span> <span class='ocrx_word' id='word_1_487' title='bbox 2735 4373 2925 4429; x_wconf 85' lang='lat' dir='ltr'>regum</span> <span class='ocrx_word' id='word_1_488' title='bbox 2953 4357 3267 4413; x_wconf 80' lang='lat' dir='ltr'>venerabile</span> <span class='ocrx_word' id='word_1_489' title='bbox 3295 4373 3523 4426; x_wconf 87' lang='lat' dir='ltr'>numen,</span> 
     </span>
    </p>
   </div>
   <div class='ocr_carea' id='block_1_78' title="bbox 2155 4445 3706 4515">
    <p class='ocr_par' dir='ltr' id='par_1_78' title="bbox 2155 4445 3706 4515">
     <span class='ocr_line' id='line_1_78' title="bbox 2155 4445 3706 4515; baseline -0.001 -13"><span class='ocrx_word' id='word_1_490' title='bbox 2155 4446 2304 4515; x_wconf 85' lang='lat' dir='ltr'>Quod</span> <span class='ocrx_word' id='word_1_491' title='bbox 2335 4446 2442 4502; x_wconf 83' lang='lat' dir='ltr'>tibi</span> <span class='ocrx_word' id='word_1_492' title='bbox 2467 4451 2642 4502; x_wconf 88' lang='lat' dir='ltr'>mater</span> <span class='ocrx_word' id='word_1_493' title='bbox 2670 4448 2780 4502; x_wconf 86' lang='lat' dir='ltr'>init</span> <span class='ocrx_word' id='word_1_494' title='bbox 2812 4445 3055 4514; x_wconf 86' lang='lat' dir='ltr'>Corbeia,</span> <span class='ocrx_word' id='word_1_495' title='bbox 3088 4461 3240 4502; x_wconf 87' lang='lat' dir='ltr'>sume</span> <span class='ocrx_word' id='word_1_496' title='bbox 3259 4446 3532 4501; x_wconf 84' lang='lat' dir='ltr'>volumen.</span> <span class='ocrx_word' id='word_1_497' title='bbox 3559 4448 3677 4502; x_wconf 90' lang='lat' dir='ltr'>etc.</span> <span class='ocrx_word' id='word_1_498' title='bbox 3702 4450 3706 4454; x_wconf 83' lang='grc'><em>’</em></span> 
     </span>
    </p>
   </div>
   <div class='ocr_carea' id='block_1_79' title="bbox 2079 4533 3749 4607">
    <p class='ocr_par' dir='ltr' id='par_1_79' title="bbox 2079 4533 3749 4607">
     <span class='ocr_line' id='line_1_79' title="bbox 2079 4533 3749 4607; baseline 0.001 -19"><span class='ocrx_word' id='word_1_499' title='bbox 2079 4534 2226 4591; x_wconf 89' lang='lat' dir='ltr'>Vide</span> <span class='ocrx_word' id='word_1_500' title='bbox 2259 4535 2434 4591; x_wconf 88' lang='lat' dir='ltr'>etiam</span> <span class='ocrx_word' id='word_1_501' title='bbox 2465 4534 2829 4607; x_wconf 88' lang='lat' dir='ltr'>epitaphium</span> <span class='ocrx_word' id='word_1_502' title='bbox 2864 4533 3019 4590; x_wconf 88' lang='lat' dir='ltr'>beati</span> <span class='ocrx_word' id='word_1_503' title='bbox 3048 4533 3374 4601; x_wconf 83' lang='lat' dir='ltr'>Lanfranci,</span> <span class='ocrx_word' id='word_1_504' title='bbox 3419 4533 3749 4607; x_wconf 85' lang='lat' dir='ltr'>archiepis-</span> 
     </span>
    </p>
   </div>
   <div class='ocr_carea' id='block_1_80' title="bbox 2082 4621 3747 4696">
    <p class='ocr_par' dir='ltr' id='par_1_80' title="bbox 2082 4621 3747 4696">
     <span class='ocr_line' id='line_1_80' title="bbox 2082 4621 3747 4696; baseline -0.001 -16"><span class='ocrx_word' id='word_1_505' title='bbox 2082 4623 2210 4696; x_wconf 91' lang='lat' dir='ltr'>copi</span> <span class='ocrx_word' id='word_1_506' title='bbox 2237 4623 2675 4679; x_wconf 89' lang='lat' dir='ltr'>Cantuariensis</span> <span class='ocrx_word' id='word_1_507' title='bbox 2706 4621 3094 4689; x_wconf 85' lang='lat' dir='ltr'>celeberrimi,</span> <span class='ocrx_word' id='word_1_508' title='bbox 3144 4639 3179 4678; x_wconf 92' lang='lat' dir='ltr'>a</span> <span class='ocrx_word' id='word_1_509' title='bbox 3228 4627 3430 4679; x_wconf 91' lang='lat' dir='ltr'>sancto</span> <span class='ocrx_word' id='word_1_510' title='bbox 3469 4622 3747 4679; x_wconf 86' lang='lat' dir='ltr'>Anselmo</span> 
     </span>
    </p>
   </div>
   <div class='ocr_carea' id='block_1_81' title="bbox 2082 4710 3751 4784">
    <p class='ocr_par' dir='ltr' id='par_1_81' title="bbox 2082 4710 3751 4784">
     <span class='ocr_line' id='line_1_81' title="bbox 2082 4710 3751 4784; baseline 0 -18"><span class='ocrx_word' id='word_1_511' title='bbox 2082 4711 2286 4767; x_wconf 90' lang='lat' dir='ltr'>itidem</span> <span class='ocrx_word' id='word_1_512' title='bbox 2316 4710 2754 4784; x_wconf 87' lang='lat' dir='ltr'>archiepiscopo</span> <span class='ocrx_word' id='word_1_513' title='bbox 2786 4710 3016 4767; x_wconf 90' lang='lat' dir='ltr'>circiter</span> <span class='ocrx_word' id='word_1_514' title='bbox 3045 4726 3266 4767; x_wconf 87' lang='lat' dir='ltr'>annum</span> <span class='ocrx_word' id='word_1_515' title='bbox 3296 4711 3437 4768; x_wconf 65' lang='lat'>{089</span> <span class='ocrx_word' id='word_1_516' title='bbox 3460 4710 3751 4784; x_wconf 84' lang='lat' dir='ltr'>composi-</span> 
     </span>
    </p>
   </div>
   <div class='ocr_carea' id='block_1_82' title="bbox 2080 4799 2880 4871">
    <p class='ocr_par' dir='ltr' id='par_1_82' title="bbox 2080 4799 2880 4871">
     <span class='ocr_line' id='line_1_82' title="bbox 2080 4799 2880 4871; baseline 0.001 -16"><span class='ocrx_word' id='word_1_517' title='bbox 2080 4802 2231 4855; x_wconf 89' lang='lat' dir='ltr'>tum.</span> <span class='ocrx_word' id='word_1_518' title='bbox 2256 4800 2338 4855; x_wconf 89' lang='lat' dir='ltr'>En</span> <span class='ocrx_word' id='word_1_519' title='bbox 2372 4799 2594 4871; x_wconf 89' lang='lat' dir='ltr'>primos</span> <span class='ocrx_word' id='word_1_520' title='bbox 2626 4815 2831 4855; x_wconf 86' lang='lat' dir='ltr'>versus</span> <span class='ocrx_word' id='word_1_521' title='bbox 2866 4817 2880 4856; x_wconf 89' lang='lat'><strong>:</strong></span> 
     </span>
    </p>
   </div>
   <div class='ocr_carea' id='block_1_83' title="bbox 764 4923 2561 4988">
    <p class='ocr_par' dir='ltr' id='par_1_83' title="bbox 764 4923 2561 4988">
     <span class='ocr_line' id='line_1_83' title="bbox 764 4923 2561 4988; baseline -0.001 -2"><span class='ocrx_word' id='word_1_522' title='bbox 764 4924 1364 4987; x_wconf 83' lang='lat' dir='ltr'>ARCHIEPISCOPI</span> <span class='ocrx_word' id='word_1_523' title='bbox 1410 4926 1568 4986; x_wconf 89' lang='lat' dir='ltr'>NON</span> <span class='ocrx_word' id='word_1_524' title='bbox 1612 4926 1957 4988; x_wconf 81' lang='lat' dir='ltr'>DIVITIAS</span> <span class='ocrx_word' id='word_1_525' title='bbox 2001 4926 2151 4987; x_wconf 85' lang='lat' dir='ltr'>NEC</span> <span class='ocrx_word' id='word_1_526' title='bbox 2196 4923 2561 4986; x_wconf 81' lang='lat' dir='ltr'><strong>HONORES</strong></span> 
     </span>
    </p>
   </div>
   <div class='ocr_carea' id='block_1_84' title="bbox 764 5012 2838 5086">
    <p class='ocr_par' dir='ltr' id='par_1_84' title="bbox 764 5012 2838 5086">
     <span class='ocr_line' id='line_1_84' title="bbox 764 5012 2838 5086; baseline -0.001 -11"><span class='ocrx_word' id='word_1_527' title='bbox 764 5012 1281 5075; x_wconf 83' lang='lat' dir='ltr'>LANFRANCVS</span> <span class='ocrx_word' id='word_1_528' title='bbox 1327 5013 1610 5086; x_wconf 87' lang='lat' dir='ltr'>SVBIIT,</span> <span class='ocrx_word' id='word_1_529' title='bbox 1656 5014 1805 5076; x_wconf 85' lang='lat' dir='ltr'>SED</span> <span class='ocrx_word' id='word_1_530' title='bbox 1849 5014 2098 5076; x_wconf 82' lang='lat' dir='ltr'><strong>CVRAS</strong></span> <span class='ocrx_word' id='word_1_531' title='bbox 2145 5014 2409 5085; x_wconf 85' lang='lat' dir='ltr'><strong>ATQVE</strong></span> <span class='ocrx_word' id='word_1_532' title='bbox 2454 5012 2838 5075; x_wconf 82' lang='lat' dir='ltr'>LABORES.</span> 
     </span>
    </p>
   </div>
   <div class='ocr_carea' id='block_1_85' title="bbox 766 5101 2448 5175">
    <p class='ocr_par' dir='ltr' id='par_1_85' title="bbox 766 5101 2448 5175">
     <span class='ocr_line' id='line_1_85' title="bbox 766 5101 2448 5175; baseline -0.001 -12"><span class='ocrx_word' id='word_1_533' title='bbox 766 5102 1025 5163; x_wconf 89' lang='lat' dir='ltr'><strong>NATVS</strong></span> <span class='ocrx_word' id='word_1_534' title='bbox 1071 5103 1149 5163; x_wconf 89' lang='lat' dir='ltr'><strong>IN</strong></span> <span class='ocrx_word' id='word_1_535' title='bbox 1193 5102 1475 5175; x_wconf 86' lang='lat' dir='ltr'>ITALIA,</span> <span class='ocrx_word' id='word_1_536' title='bbox 1523 5101 1888 5163; x_wconf 84' lang='lat' dir='ltr'>PAPIENSI</span> <span class='ocrx_word' id='word_1_537' title='bbox 1932 5103 2034 5162; x_wconf 85' lang='lat' dir='ltr'>DE</span> <span class='ocrx_word' id='word_1_538' title='bbox 2082 5101 2448 5173; x_wconf 80' lang='lat' dir='ltr'>REGIONE,</span> 
     </span>
    </p>
   </div>
   <div class='ocr_carea' id='block_1_86' title="bbox 765 5189 2771 5264">
    <p class='ocr_par' dir='ltr' id='par_1_86' title="bbox 765 5189 2771 5264">
     <span class='ocr_line' id='line_1_86' title="bbox 765 5189 2771 5264; baseline -0.002 -10"><span class='ocrx_word' id='word_1_539' title='bbox 765 5190 1069 5254; x_wconf 87' lang='lat' dir='ltr'>CIVIBVS</span> <span class='ocrx_word' id='word_1_540' title='bbox 1113 5190 1503 5264; x_wconf 83' lang='lat' dir='ltr'>EGREGIIS,</span> <span class='ocrx_word' id='word_1_541' title='bbox 1550 5191 1652 5250; x_wconf 88' lang='lat' dir='ltr'>ET</span> <span class='ocrx_word' id='word_1_542' title='bbox 1698 5191 2062 5253; x_wconf 82' lang='lat' dir='ltr'><strong>HONESTA</strong></span> <span class='ocrx_word' id='word_1_543' title='bbox 2104 5189 2602 5263; x_wconf 83' lang='lat' dir='ltr'>CONDITIONE,</span> <span class='ocrx_word' id='word_1_544' title='bbox 2649 5193 2771 5250; x_wconf 87' lang='lat' dir='ltr'>etc.</span> 
     </span>
    </p>
   </div>
   <div class='ocr_carea' id='block_1_87' title="bbox 326 5332 3746 5411">
    <p class='ocr_par' dir='ltr' id='par_1_87' title="bbox 326 5332 3746 5411">
     <span class='ocr_line' id='line_1_87' title="bbox 326 5332 3746 5411; baseline -0.001 -18"><span class='ocrx_word' id='word_1_545' title='bbox 326 5336 649 5408; x_wconf 79' lang='lat' dir='ltr'>Rhythmos</span> <span class='ocrx_word' id='word_1_546' title='bbox 677 5354 912 5411; x_wconf 90' lang='lat' dir='ltr'>quoque</span> <span class='ocrx_word' id='word_1_547' title='bbox 942 5337 1096 5395; x_wconf 90' lang='lat' dir='ltr'>Petri</span> <span class='ocrx_word' id='word_1_548' title='bbox 1117 5337 1346 5394; x_wconf 89' lang='lat' dir='ltr'>abbatis</span> <span class='ocrx_word' id='word_1_549' title='bbox 1366 5336 1767 5393; x_wconf 87' lang='lat' dir='ltr'>Cluniacensis</span> <span class='ocrx_word' id='word_1_550' title='bbox 1789 5340 2052 5411; x_wconf 82' lang='lat' dir='ltr'>nuper&#39;D</span> <span class='ocrx_word' id='word_1_551' title='bbox 2153 5342 2361 5395; x_wconf 86' lang='lat' dir='ltr'>Lumen</span> <span class='ocrx_word' id='word_1_552' title='bbox 2397 5338 2612 5393; x_wconf 87' lang='lat' dir='ltr'>clarum</span> <span class='ocrx_word' id='word_1_553' title='bbox 2642 5368 2665 5379; x_wconf 94' lang='lat'>-</span> <span class='ocrx_word' id='word_1_554' title='bbox 2697 5337 3052 5394; x_wconf 85' lang='lat' dir='ltr'>tenebrarum</span> <span class='ocrx_word' id='word_1_555' title='bbox 3080 5365 3104 5380; x_wconf 90' lang='lat'><strong>-</strong></span> <span class='ocrx_word' id='word_1_556' title='bbox 3134 5334 3354 5393; x_wconf 86' lang='lat' dir='ltr'>sedibus</span> <span class='ocrx_word' id='word_1_557' title='bbox 3386 5332 3746 5407; x_wconf 81' lang='lat' dir='ltr'>resplenduit,</span> 
     </span>
    </p>
   </div>
   <div class='ocr_carea' id='block_1_88' title="bbox 326 5426 1973 5485">
    <p class='ocr_par' dir='ltr' id='par_1_88' title="bbox 326 5426 1973 5485">
     <span class='ocr_line' id='line_1_88' title="bbox 326 5426 1973 5485; baseline 0.001 -4"><span class='ocrx_word' id='word_1_558' title='bbox 326 5429 677 5482; x_wconf 90' lang='lat' dir='ltr'>memoratos</span> <span class='ocrx_word' id='word_1_559' title='bbox 704 5426 852 5482; x_wconf 88' lang='lat' dir='ltr'>vide.</span> <span class='ocrx_word' id='word_1_560' title='bbox 886 5427 1043 5484; x_wconf 87' lang='lat' dir='ltr'>Inter</span> <span class='ocrx_word' id='word_1_561' title='bbox 1071 5430 1308 5485; x_wconf 79' lang='lat' dir='ltr'>caeteros</span> <span class='ocrx_word' id='word_1_562' title='bbox 1339 5443 1531 5483; x_wconf 91' lang='lat' dir='ltr'>unum</span> <span class='ocrx_word' id='word_1_563' title='bbox 1579 5441 1973 5485; x_wconf 85' lang='lat' dir='ltr'>commemoro</span> 
     </span>
    </p>
   </div>
   <div class='ocr_carea' id='block_1_89' title="bbox 397 5514 1745 5590">
    <p class='ocr_par' dir='ltr' id='par_1_89' title="bbox 397 5514 1745 5590">
     <span class='ocr_line' id='line_1_89' title="bbox 397 5514 1745 5590; baseline 0.003 -22"><span class='ocrx_word' id='word_1_564' title='bbox 397 5514 470 5568; x_wconf 88' lang='lat' dir='ltr'>De</span> <span class='ocrx_word' id='word_1_565' title='bbox 500 5515 890 5571; x_wconf 80' lang='lat' dir='ltr'>resurrectione</span> <span class='ocrx_word' id='word_1_566' title='bbox 916 5516 1155 5586; x_wconf 86' lang='lat' dir='ltr'>Domini,</span> <span class='ocrx_word' id='word_1_567' title='bbox 1180 5515 1240 5572; x_wconf 93' lang='lat' dir='ltr'>in</span> <span class='ocrx_word' id='word_1_568' title='bbox 1258 5531 1373 5590; x_wconf 90' lang='lat' dir='ltr'>quo</span> <span class='ocrx_word' id='word_1_569' title='bbox 1406 5514 1466 5571; x_wconf 88' lang='lat' dir='ltr'>hi</span> <span class='ocrx_word' id='word_1_570' title='bbox 1495 5531 1697 5573; x_wconf 88' lang='lat' dir='ltr'>versus</span> <span class='ocrx_word' id='word_1_571' title='bbox 1734 5531 1745 5572; x_wconf 92' lang='lat'>:</span> 
     </span>
    </p>
   </div>
   <div class='ocr_carea' id='block_1_90' title="bbox 2153 5425 3563 5498">
    <p class='ocr_par' dir='ltr' id='par_1_90' title="bbox 2153 5425 3563 5498">
     <span class='ocr_line' id='line_1_90' title="bbox 2153 5425 3563 5498; baseline -0.002 -16"><span class='ocrx_word' id='word_1_572' title='bbox 2153 5428 2294 5482; x_wconf 90' lang='lat' dir='ltr'>Dum</span> <span class='ocrx_word' id='word_1_573' title='bbox 2320 5427 2535 5483; x_wconf 85' lang='lat' dir='ltr'>salvare</span> <span class='ocrx_word' id='word_1_574' title='bbox 2566 5457 2588 5466; x_wconf 92' lang='lat'><em>-</em></span> <span class='ocrx_word' id='word_1_575' title='bbox 2626 5441 2873 5484; x_wconf 88' lang='lat' dir='ltr'>recreare</span> <span class='ocrx_word' id='word_1_576' title='bbox 2901 5457 2927 5468; x_wconf 96' lang='lat'><strong>-</strong></span> <span class='ocrx_word' id='word_1_577' title='bbox 2953 5425 3094 5498; x_wconf 85' lang='lat' dir='ltr'>quod</span> <span class='ocrx_word' id='word_1_578' title='bbox 3113 5428 3317 5483; x_wconf 83' lang='lat' dir='ltr'>creavit</span> <span class='ocrx_word' id='word_1_579' title='bbox 3344 5425 3518 5483; x_wconf 77' lang='lat' dir='ltr'>voluit</span> <span class='ocrx_word' id='word_1_580' title='bbox 3543 5442 3563 5479; x_wconf 91' lang='lat'><strong><em>:</em></strong></span> 
     </span>
    </p>
   </div>
   <div class='ocr_carea' id='block_1_91' title="bbox 2156 5514 3669 5587">
    <p class='ocr_par' dir='ltr' id='par_1_91' title="bbox 2156 5514 3669 5587">
     <span class='ocr_line' id='line_1_91' title="bbox 2156 5514 3669 5587; baseline -0.001 -17"><span class='ocrx_word' id='word_1_581' title='bbox 2156 5516 2294 5570; x_wconf 87' lang='lat' dir='ltr'>Hinc</span> <span class='ocrx_word' id='word_1_582' title='bbox 2317 5518 2561 5573; x_wconf 82' lang='lat' dir='ltr'>Greater.</span> <span class='ocrx_word' id='word_1_583' title='bbox 2599 5545 2622 5557; x_wconf 94' lang='lat'><strong>-</strong></span> <span class='ocrx_word' id='word_1_584' title='bbox 2654 5532 2724 5570; x_wconf 86' lang='lat' dir='ltr'>ne</span> <span class='ocrx_word' id='word_1_585' title='bbox 2735 5524 2984 5587; x_wconf 85' lang='lat' dir='ltr'>peccator</span> <span class='ocrx_word' id='word_1_586' title='bbox 3014 5546 3036 5558; x_wconf 93' lang='lat'><strong>-</strong></span> <span class='ocrx_word' id='word_1_587' title='bbox 3066 5518 3392 5579; x_wconf 85' lang='lat' dir='ltr'>moreretur,</span> <span class='ocrx_word' id='word_1_588' title='bbox 3411 5514 3669 5581; x_wconf 85' lang='lat' dir='ltr'>moritur,</span> 
     </span>
    </p>
   </div>
  </div>
