3984 6166
170 318 302 383 793

318 449 487 528 Cujus
512 441 849 513 morte-noua
873 450 1151 512 sorte-vita
1176 452 1335 511 nobis
1361 452 1560 521 oritur,
1582 455 1692 510 etc.

90 594 113 602 _
176 543 282 601 Est
309 542 393 600 ibi
422 547 482 600 et
509 542 663 601 alius
694 543 1005 619 rhythmus
1034 542 1249 601 similis
1278 545 1341 600 in
1369 543 1626 599 honorem
1642 542 1827 598 Matris

172 633 545 703 Domini,suh
572 632 809 690 nomine
831 647 1016 708 prosae
1044 631 1395 692 editus.Haec
1425 635 1621 689 autem
1658 631 1825 687 circi-

172 725 269 779 ter
293 738 520 791 annum
548 722 766 780 Christi
794 723 937 780 4430
963 722 1183 796 scripta
1210 722 1389 779 fuere.
1437 721 1522 778 Ita
1570 720 1825 778 Joannes

168 810 506 870 Severanns
532 811 595 869 in
625 811 774 870 libro
802 811 1071 871 Memoriae
1098 828 1250 870 sacro
1274 811 1335 868 di
1358 811 1823 884 Roma,pag.3it,

167 899 620 975 inscriptionem
648 901 823 960 refert
851 918 1006 958 anno
1035 900 1198 971 4128,
1232 900 1486 974 positam
1513 898 1725 956 Joanni
1755 900 1827 955 de

170 988 385 1048 Crema
406 990 691 1049 cardinali
722 991 782 1047 in
813 989 981 1048 titulo
1012 990 1213 1048 Sancti
1241 987 1623 1063 Chrysogoni,
1656 988 1828 1061 cujus

172 1094 313 1147 ecce
340 1079 518 1138 verba
550 1097 564 1136 :

465 1187 509 1244 Ο
548 1187 737 1244 BONE
776 1186 1157 1243 SALVATOR

462 1258 770 1317 NOSTRJE
806 1258 1104 1316 SALVTIS
1139 1256 1462 1325 AMATOR,

464 1329 605 1387 FILI
642 1330 946 1386 CHRISTE
986 1329 1123 1394 DEI,

464 1400 695 1458 PARCE
736 1400 1175 1458 REDEMPTOR
1213 1400 1301 1467 EI,

166 1526 245 1586 Et
273 1525 431 1601 apud
455 1526 756 1585 Canisium
783 1525 1089 1599 Antiquar.
1124 1525 1375 1583 Lection.
1409 1527 1552 1582 tom.
1578 1523 1654 1581 III
1677 1526 1825 1597 part.

1494 317 1858 382 narrum
1897 316 2281 418 versans.

3466 316 3589 382 ’794

1854 456 1910 527 Α
1937 468 1998 519 n,
2030 452 2248 511 novies.
2281 450 2578 524 editionis,
2612 452 2876 514 carmina
2902 451 3182 532 leguntur
3228 455 3446 517 Metelli
3475 461 3584 518 Te-

1935 541 2264 617 gerseensis
2294 543 2588 613 monachi,
2623 544 2723 617 qui
2757 562 2911 603 anno
2941 546 3153 605 saltem
3184 546 3326 607 1160
3364 547 3582 619 ﬂoruit,

1935 629 2047 688 hoc
2071 634 2179 701 est,
2213 635 2347 689 ante
2378 632 2653 701 Leonem,
2699 633 2824 692 sive
2870 635 3153 693 Leonium
3202 636 3453 695 Gallum.
3504 636 3585 693 ibi

1938 719 2271 793 Rhythmici
2297 737 2500 778 versus
2532 722 2882 796 complures.
2911 724 3131 782 Paucos
3156 725 3335 782 audi:

2042 809 2365 866 Laudabunt
2395 811 2499 866 alii
2526 812 2741 868 clarum
2766 829 2936 885 genus
2963 832 2983 870 :
3013 831 3078 871 ac
3103 816 3249 872 mihi
3270 817 3393 873 lene

2188 898 2395 955 Christi
2410 901 2612 972 jugum
2640 901 2733 957 dat
2764 904 2928 958 verba
2959 902 3250 961 Camenae.

2044 987 2293 1061 Sydereae
2314 990 2520 1060 patriae
2545 991 2687 1046 cives
2717 992 2936 1047 abolere
2961 992 3230 1059 studebat,

2187 1078 2293 1132 Per
2315 1092 2446 1149 quos
2468 1094 2662 1150 pacem
2689 1081 2851 1136 rebus
2878 1081 3127 1138 habebat.

2052 1165 2268 1223 Vivebat
2291 1167 2535 1223 scintilla
2566 1175 2767 1236 tamen,
2799 1170 3038 1241 frigente
3057 1171 3273 1243 favilla,

2192 1255 2423 1312 Tandem
2448 1260 2597 1313 mota
2612 1259 2812 1330 procul
2838 1260 3006 1315 micat
3035 1260 3158 1325 illa,
3190 1263 3299 1316 etc.

1942 1345 2055 1402 Sed
2088 1343 2259 1419 longe
2305 1348 2437 1402 ante
2480 1345 2602 1402 haec
2650 1351 2915 1420 tempora
2962 1348 3272 1423 compositi
3320 1347 3590 1407 videntur

1940 1450 2059 1490 non
2089 1432 2392 1492 absimiles
2421 1435 2538 1493 duo
2568 1437 2899 1511 versus,qui
2924 1437 3135 1512 Capuae
3159 1437 3352 1496 adhuc
3380 1436 3586 1512 legum-

1940 1526 2040 1579 tur
2072 1541 2085 1579 :

602 1669 743 1727 HOC
782 1669 943 1726 PIVS
980 1669 1355 1737 ANTISTES,
1395 1667 1608 1727 CLERI
1646 1667 1814 1732 LVX,
1856 1664 2048 1722 ΟΤΤο
2089 1665 2422 1736 PARAVIT,

600 1758 1099 1824 ECCLESI/EQVE
1133 1760 1391 1831 PATER,
1432 1758 1587 1830 RES,
1627 1756 1873 1814 MORES
1909 1755 2442 1813 AMPLIFICAVIT.

156 1901 232 1960 Si
263 1902 569 1960 referenda
597 1902 900 1976 inscriptio
927 1906 1017 1960 est
1044 1903 1117 1959 ad
1157 1902 1429 1958 Ottonem
1482 1900 1827 1973 Capuanum
1856 1898 1905 1962 B
1932 1896 2658 1957 Annalib.Benedictin.ad
2690 1917 2912 1957 annum
2933 1901 3040 1957 707
3066 1902 3129 1958 in
3159 1902 3328 1960 theca
3347 1906 3586 1977 argento

163 1991 540 2065 episcopum,
572 2007 747 2065 quem
779 1991 887 2048 sub
919 1992 1095 2048 tinem
1136 1989 1334 2046 saeculi
1374 1989 1513 2045 noni
1560 1987 1828 2045 ﬂoruisse

84 2115 95 2122 -
165 2079 480 2155 Ughellius
501 2080 1015 2154 opinatur,iterum
1027 2080 1433 2137 conﬁrmatam
1450 2076 1613 2133 vides
1630 2075 1832 2148 hujus-

170 2170 338 2228 modi
360 2186 641 2228 versuum
670 2168 1104 2243 antiquitatem.
1123 2168 1209 2225 Ita
1230 2165 1567 2223 Mabillonio
1596 2168 1746 2222 teste
1768 2164 1828 2219 in

1939 1989 2206 2042 contecta
2236 1986 2338 2042 ubi
2369 1987 2657 2045 collocatas
2694 1988 2967 2046 videntur
3011 2008 3165 2047 anno
3214 1991 3428 2049 Christi
3483 1992 3590 2050 946

1938 2073 2198 2148 reliquiae
2229 2076 2415 2134 sancti
2444 2075 2659 2134 Hidulﬂ
2691 2078 2969 2152 episcopi,
2999 2079 3057 2135 hi
3077 2095 3283 2137 versus
3312 2079 3587 2154 legeban-

1938 2167 2037 2220 tur
2069 2180 2082 2219 :

605 2300 908 2370 QVORVM
947 2300 1245 2360 MVNERE
1287 2300 1435 2358 SVM
1476 2299 1643 2356 TALI
1682 2298 2035 2355 VESTITVS
2076 2297 2362 2355 HONORE

603 2392 804 2450 DIGNI
842 2389 1280 2449 REDDANTVR
1322 2389 1565 2447 DIVINO
1604 2386 1892 2446 SEMPER
1928 2386 2201 2444 AMORE.

166 2536 264 2595 Ita
291 2535 353 2592 in
370 2536 486 2592 {ine
515 2534 782 2593 Chronici
813 2534 1185 2592 Centulensis
1206 2534 1359 2607 apud
1390 2531 1738 2590 Dacherium
1766 2530 1827 2587 in

164 2620 484 2700 Spicilegio
514 2624 875 2699 Hariulphus
923 2625 1053 2697 ejus
1102 2622 1369 2681 Historia:
1417 2626 1638 2688 auctor,
1673 2636 1827 2677 anno

168 2715 318 2774 1088
344 2731 581 2772 carmen
608 2713 938 2787 subjunxit,
969 2714 1141 2786 cujus
1167 2729 1267 2769 eos
1298 2712 1520 2786 primos
1570 2714 1828 2768 tantum-
1934 2747 1940 2770 τ

168 2804 363 2863 modo
382 2821 592 2863 versus
626 2821 640 2862 :

320 2912 441 2969 Toto
468 2911 626 2971 corde
652 2927 770 2969 meo
800 2918 870 2981 te,
903 2910 1129 2968 Centula
1147 2917 1345 2978 mater,
1378 2909 1582 2973 amavi,

320 3001 567 3058 Traditus
597 3018 632 3058 a
654 3018 848 3075 puero,
884 3016 1005 3056 mea
1033 2999 1133 3056 sub
1167 3006 1218 3055 te
1248 2998 1387 3055 colla
1417 2998 1605 3069 tigavi,
1640 2999 1749 3051 etc.

168 3115 411 3191 Reliqui
439 3117 644 3175 eodem
672 3133 881 3199 vocum
914 3118 1184 3173 contextu
1215 3112 1555 3186 procedunt.
1573 3110 1825 3168 Consule

168 3205 377 3277 etiam,
403 3207 452 3264 si
484 3206 664 3276 lubet,
692 3204 1059 3264 Wilielmum
1092 3200 1701 3269 Malmesburiensem,
1722 3200 1823 3273 qui

170 3311 414 3353 carnem
442 3296 660 3370 profert
686 3295 747 3351 in
777 3292 1123 3350 {Ethelstani
1146 3291 1301 3366 regis
1319 3289 1603 3348 honorem
1624 3288 1820 3345 condi-

2507 2533 2681 2590 Duxit
2710 2550 2870 2607 vagos

2505 2623 2588 2680 Ad
2614 2640 2856 2696 praesepe
2882 2626 3124 2694 Domini,
3158 2628 3268 2683 etc.

1937 2762 2219 2820 Eumdem
2235 2768 2583 2821 concentum
2598 2782 2806 2823 vocum
2819 2772 3034 2825 eceterae
3048 2768 3298 2844 strophae
3311 2768 3585 2828 reddunt.

1933 2850 2063 2907 Alia
2095 2856 2475 2910 monumenta
2484 2858 2743 2912 veterum
2757 2857 3020 2928 ejusdem
3033 2858 3267 2932 generis
3287 2864 3588 2933 praetereo,

1936 2940 2201 2998 dicturus
2230 2943 2466 3015 tandem
2500 2961 2593 3013 me
2625 2945 2715 3001 vix
2743 2947 2981 3020 assequi
3006 2965 3181 3021 posse
3211 2962 3316 3007 cur
3345 2948 3460 3007 Leo
3479 2950 3587 3006 Pa-

1935 3029 2790 3111 risiensis.poeta,qui.circiter
2819 3052 3040 3092 annum
3061 3036 3275 3094 Christi
3315 3038 3456 3094 1190
3484 3039 3588 3095 ﬂo-

1888 3146 1894 3153 -
1934 3117 2126 3175 ruisse
2155 3118 2656 3187 dicitur,Leoninos
2674 3139 2877 3179 versus
2903 3125 3262 3199 excogitasse
3291 3126 3589 3196 credatur,

1935 3207 2168 3281 quando
2188 3212 2274 3265 tot
2287 3208 2457 3282 longe
2479 3209 2839 3284 antiquiores
2850 3211 3139 3271 habemus
3155 3213 3256 3287 qui
3276 3212 3589 3287 rhythmos

1933 3299 1989 3353 et
2018 3300 2202 3354 metra
2232 3297 2540 3356 condidere
2568 3301 2773 3356 eodem
2802 3301 2931 3374 ipso
2962 3318 3353 3359 consonarum
3373 3318 3583 3359 vocum

172 3383 507 3459 tum,longe
535 3389 708 3443 antea
736 3400 915 3458 quam
947 3387 1057 3438 Leo
1086 3372 1435 3438 Parisiensis
1465 3381 1820 3436 nasceretur.
1854 3387 1897 3455 α
1936 3384 2182 3442 artificio
2211 3401 2278 3441 ac
2306 3385 2548 3443 tinnitu.
2581 3388 2746 3445 Certe
2797 3372 2844 3444 εί
2874 3390 3166 3447 sententia
3211 3389 3590 3464 Papebrochii

170 3472 345 3533 Illius
366 3474 667 3548 specimen
692 3473 905 3531 habeto
940 3490 953 3528 :

284 3584 453 3653 Regia
474 3583 762 3656 progenies
779 3580 1043 3654 produxit
1072 3576 1253 3635 nobile
1280 3579 1526 3641 stemma,

284 3670 423 3727 Cum
447 3673 685 3729 tenebris
710 3671 912 3728 nostris
940 3669 1133 3725 illuxit
1158 3665 1442 3739 splendida
1459 3679 1693 3736 gemma,
1713 3667 1823 3720 etc.

243 3794 391 3856 Vide
417 3795 594 3853 etiam
625 3793 979 3851 Radevicum
1010 3791 1183 3857 lib.n,
1211 3790 1402 3862 cap.2,
1433 3787 1516 3844 De
1535 3786 1822 3844 Gest.Fri-

172 3884 356 3943 dorici
387 3886 431 3955 Ι,
464 3884 551 3941 uti
582 3887 641 3940 et
669 3880 904 3940 Henrici
931 3875 1461 3936 Huntindoniensis
1491 3875 1707 3932 Histor.
1739 3876 1827 3931 Li-

171 3974 349 4049 brum
380 3973 674 4046 quintum,
704 3974 766 4028 et
794 3968 1066 4028 Scholam
1095 3967 1609 4033 Salernitanam,et
1639 3964 1823 4021 Gode-

174 4061 397 4120 fridutn
424 4058 936 4128 Viterbiensem,et
965 4070 1201 4112 carmen
1230 4071 1265 4109 a
1293 4069 1386 4109 me
1407 4051 1740 4125 evulgatum
1762 4049 1824 4106 in

173 4146 461 4208 Chronico
490 4146 880 4215 Casauriensi,
912 4148 1063 4218 part.
1088 4161 1129 4200 ιι
1156 4142 1301 4199 tomi
1334 4141 1384 4198 Il
1405 4142 1536 4197 Rer.
1572 4138 1822 4208 ltalicar,

172 4255 310 4314 pag.
337 4239 473 4308 785,
500 4237 587 4295 uti
616 4240 674 4294 et
700 4233 1098 4310 praefationem
1130 4230 1316 4289 cl.viri
1345 4228 1563 4286 P.Pezii
1594 4228 1653 4284 in
1683 4227 1828 4285 The-

176 4345 333 4386 saur.
366 4324 932 4385 Anecdotorum.Sed
964 4324 1022 4379 in
1053 4321 1263 4395 primis
1290 4318 1477 4375 recole
1498 4334 1625 4390 quae
1655 4321 1826 4375 antea

174 4416 391 4492 protuli
418 4432 450 4472 e
479 4414 879 4473 vetustissimo
925 4409 1350 4484 Antiphonario
1399 4405 1821 4474 Benchorensi;

174 4504 322 4563 nihil
368 4504 527 4562 enim
575 4502 658 4561 ibi
702 4502 1070 4560 desideratur
1100 4499 1171 4555 ad
1207 4496 1470 4554 Leoninae
1520 4493 1823 4551 cantilenae

173 4591 816 4652 metrumabsolutum.
847 4589 1279 4662 Antiquitatum
1318 4586 1560 4658 insuper
1592 4583 1824 4641 artificii

172 4683 355 4756 hujus
379 4682 554 4756 longe
583 4681 1079 4755 majorem,quam
1110 4676 1281 4750 vulgo
1313 4671 1824 4743 credatur,conﬁr-

174 4771 362 4841 mebit
388 4771 644 4845 hyninus
675 4765 1323 4836 Hartmanni,monachi
1353 4760 1823 4833 San-Gallensis,
1853 4756 1901 4823 D

174 4865 336 4920 tomo
356 4856 555 4919 XXVII
584 4857 926 4918 Bibliothec.
958 4857 1359 4929 Patrum,pag.
1389 4850 1656 4910 517.Jam
1674 4866 1823 4925 prae-

173 4949 294 5008 dixi
327 4951 596 5011 ﬂoruisse
624 4946 794 5005 illum
826 4962 979 5003 anno
1006 4947 1131 5001 870.

780 5080 967 5138 Tribus
994 5079 1188 5150 signis,

850 5171 955 5227 Deo
974 5166 1179 5239 dignis,

850 5260 975 5315 Dies
1004 5258 1111 5313 ista
1138 5255 1358 5312 colitur.

781 5349 906 5404 Tria
933 5348 1095 5421 signa

852 5434 1036 5492 Laude
1063 5431 1252 5505 digna,

851 5523 1026 5581 Coetus
1055 5522 1146 5579 hic
1168 5521 1536 5594 persequitur.

779 5614 951 5673 Stella
980 5613 1157 5684 Magos

1933 3475 2481 3548 discedendum,qui
2511 3476 2584 3533 ad
2617 3477 2772 3534 diem
2804 3496 2897 3535 nx
2928 3479 3064 3535 Maii
3094 3480 3153 3536 in
3182 3479 3318 3537 Vita
3369 3482 3583 3537 sanctae

1912 3562 2305 3635 ,Pudentiance
2334 3567 2391 3619 et
2416 3563 2689 3622 Praxedis
2718 3582 2925 3625 versus
2945 3567 3304 3641 rhythmicos
3326 3568 3386 3625 in
3409 3568 3588 3626 eccle-

1933 3650 2023 3707 sia
2039 3655 2260 3708 Sanctae
2282 3651 2658 3711 Pudentianze
2677 3655 2865 3729 rejicit
2885 3658 2957 3714 ad
2975 3660 3240 3733 tempora
3261 3658 3584 3716 Innocentii

1933 3739 1984 3797 Il
2015 3757 2199 3814 papae,
2232 3740 2462 3799 circiter
2488 3760 2713 3801 annum
2742 3745 2903 3813 4430,
2933 3746 3086 3804 hanc
3134 3747 3419 3806 rationem
3452 3748 3588 3805 sub-

1923 3826 2138 3901 jiciens
2193 3847 2206 3885 :
2260 3828 2397 3887 Nam
2426 3834 2795 3891 Leoninorum
2848 3852 3106 3893 versuum
3153 3839 3380 3893 initium
3427 3852 3585 3894 nemo

1932 3916 2181 3975 eruditus
2208 3920 2398 3990 fecerit
2425 3923 2621 3979 saeculo
2650 3940 2730 3978 xu
2759 3926 3064 3999 antiquius.
3096 3923 3226 3981 Alia
3255 3923 3362 3981 erit
3390 3923 3450 3980 in
3482 3938 3584 3997 po-

1932 4009 2177 4078 sterum,
2210 4010 2277 4063 ut
2304 4008 2529 4081 opinor,
2562 4010 2928 4069 eruditorum
2960 4012 3182 4086 opinio.

2003 4096 2190 4168 Atque
2219 4096 2341 4152 haec
2370 4096 2441 4153 de
2468 4097 2802 4169 rhythmica
2829 4104 3093 4157 veterum
3119 4098 3475 4174 poesi.Nunc
3507 4101 3584 4158 ad

1933 4183 2219 4257 originem
2244 4201 2482 4258 pocseos
2502 4185 2715 4243 Italicae
2735 4187 2995 4262 vulgaris
3019 4205 3113 4245 me
3140 4188 3584 4246 converto.Nul-

1930 4272 2026 4329 lus
2055 4273 2364 4330 dubitandi
2395 4274 2559 4332 locus
2611 4280 2701 4332 est
2750 4277 2893 4351 quin
2944 4278 3136 4351 poesis
3176 4295 3211 4334 a
3250 4277 3584 4352 vulgarium

1932 4361 2271 4436 linguarum
2300 4364 2488 4437 poetis
2501 4364 3159 4435 adhibita,nativitatem
3178 4384 3349 4425 suam
3374 4367 3587 4425 debeat

1931 4451 2305 4524 antiquorum
2318 4453 2886 4528 rhythmicae.Neque
2897 4457 3328 4530 enimvulgares
3342 4455 3581 4531 linguae,

1932 4537 2132 4596 Italica
2176 4540 2461 4609 videlicet,
2513 4543 2757 4614 Gallica,
2788 4545 3121 4618 Hispanica,
3154 4551 3288 4616 et‘c.,
3333 4546 3393 4602 in
3443 4562 3581 4601 con-

1930 4629 2196 4686 texendis
2228 4631 2495 4688 versibus
2524 4636 2789 4706 spectant
2818 4633 2998 4692 ullam
3021 4634 3382 4709 syllabarum
3403 4651 3583 4708 quan-

1928 4717 2181 4787 titatem,
2214 4717 2334 4775 sive
2365 4721 2700 4792 prosodiam
2732 4740 2746 4779 :
2780 4725 2937 4796 quod
2969 4724 3042 4780 ab
3074 4724 3334 4797 antiquis
3366 4723 3580 4781 Grecis

1932 4809 1988 4862 et
2011 4807 2228 4863 Latinis
2255 4808 2477 4865 factum
2502 4811 2687 4867 est.Et
2716 4811 2985 4884 quamvis
3016 4810 3216 4869 Italica
3240 4810 3444 4885 lingua
3463 4811 3583 4868 duo

1931 4895 2240 4953 verborum
2271 4913 2486 4971 genera
2509 4900 2796 4972 praeferat,
2830 4901 3028 4959 brevia
3059 4916 3269 4973 nempe
3298 4903 3358 4956 et
3383 4898 3580 4973 longa,

1932 4988 2188 5041 attamen
2216 4985 2336 5043 haec
2365 5003 2574 5045 vocum
2593 4990 2891 5063 quantitas
2908 4990 2968 5046 in
2987 4986 3327 5063 penultimis
3346 4990 3580 5051 tantum

1932 5070 2172 5147 syllabis
2201 5074 2380 5144 sistit,
2414 5076 2462 5132 si
2488 5078 2663 5134 verba
2691 5078 2811 5136 sint
2834 5077 3155 5153 trisyllaba,
3188 5081 3324 5145 etc.;
3347 5092 3413 5132 ac
3442 5091 3581 5149 prm-

1930 5165 2089 5219 terea
2118 5162 2281 5220 nulla
2306 5164 2518 5223 harum
2546 5167 2809 5225 brevium
2841 5171 2943 5226 aut
2969 5167 3278 5242 longarum
3310 5164 3457 5222 ratio
3482 5164 3582 5223 ha-

1931 5251 2124 5318 betur,
2184 5252 2298 5309 nisi
2347 5259 2636 5327 quantum
2679 5257 2873 5330 exigat
2915 5272 3125 5314 vocum
3175 5250 3476 5313 collocatio
3506 5253 3580 5311 ad

1932 5339 2262 5398 uberiorem
2293 5344 2528 5401 aurium
2557 5344 2915 5418 voluptatem
2945 5346 3005 5402 in
3041 5362 3215 5403 versu
3262 5344 3577 5403 audiendo.

1932 5427 2342 5489 Recentiorum
2372 5448 2509 5507 ergo
2539 5433 2801 5491 carmina
2830 5434 2976 5492 nihil
3007 5433 3165 5493 aliud
3213 5437 3355 5493 sunt
3399 5438 3579 5508 quam

1932 5516 2216 5591 rhythmi;
2264 5524 2322 5578 et
2368 5523 2867 5596 quemadmodum
2919 5524 3159 5598 plurimi
3203 5540 3274 5583 ex
3319 5522 3580 5596 antiquis

1931 5606 2224 5681 rhythmis
2236 5626 2549 5672 numerum
2562 5615 2970 5673 tantummodo
2983 5614 3201 5689 pedum
3213 5626 3319 5675 seu
3330 5611 3582 5688 syllaba-
