  <div class='ocr_page' id='page_1' title='image "/cluster/home/n/w/nwhite01/storage/ocr_20150623/151/hvd.32044054760095/404.png"; bbox 0 0 3982 6172; ppageno 0'>
   <div class='ocr_carea' id='block_1_1' title="bbox 200 350 336 411">
    <p class='ocr_par' dir='ltr' id='par_1_1' title="bbox 200 350 336 411">
     <span class='ocr_line' id='line_1_1' title="bbox 200 350 336 411; baseline -0.007 0"><span class='ocrx_word' id='word_1_1' title='bbox 200 350 336 411; x_wconf 78' lang='grc'>’⁵19⁸7</span> 
     </span>
    </p>
   </div>
   <div class='ocr_carea' id='block_1_2' title="bbox 1523 350 2307 419">
    <p class='ocr_par' dir='ltr' id='par_1_2' title="bbox 1523 350 2307 419">
     <span class='ocr_line' id='line_1_2' title="bbox 1523 350 2307 419; baseline 0 -4"><span class='ocrx_word' id='word_1_2' title='bbox 1523 350 1790 417; x_wconf 77' lang='lat' dir='ltr'>RHYTH</span> <span class='ocrx_word' id='word_1_3' title='bbox 1800 351 1885 418; x_wconf 86' lang='lat' dir='ltr'>Ml</span> <span class='ocrx_word' id='word_1_4' title='bbox 1926 351 2307 419; x_wconf 78' lang='lat' dir='ltr'>VETERES.</span> 
     </span>
    </p>
   </div>
   <div class='ocr_carea' id='block_1_3' title="bbox 3502 350 3621 414">
    <p class='ocr_par' dir='ltr' id='par_1_3' title="bbox 3502 350 3621 414">
     <span class='ocr_line' id='line_1_3' title="bbox 3502 350 3621 414; baseline 0.008 -1"><span class='ocrx_word' id='word_1_5' title='bbox 3502 350 3621 414; x_wconf 85' lang='lat'>798</span> 
     </span>
    </p>
   </div>
   <div class='ocr_carea' id='block_1_4' title="bbox 170 448 3618 566">
    <p class='ocr_par' dir='ltr' id='par_1_4' title="bbox 170 448 3618 566">
     <span class='ocr_line' id='line_1_4' title="bbox 170 448 3618 566; baseline 0.002 -28"><span class='ocrx_word' id='word_1_6' title='bbox 170 480 523 557; x_wconf 78' lang='lat' dir='ltr'>_rhythmico</span> <span class='ocrx_word' id='word_1_7' title='bbox 550 488 766 540; x_wconf 78' lang='lat' dir='ltr'>tantum</span> <span class='ocrx_word' id='word_1_8' title='bbox 788 448 1033 542; x_wconf 72' lang='lat' dir='ltr'>carinine</span> <span class='ocrx_word' id='word_1_9' title='bbox 1063 482 1145 542; x_wconf 79' lang='lat' dir='ltr'>uti</span> <span class='ocrx_word' id='word_1_10' title='bbox 1172 482 1355 544; x_wconf 80' lang='lat' dir='ltr'>solitos</span> <span class='ocrx_word' id='word_1_11' title='bbox 1374 490 1697 560; x_wconf 81' lang='lat' dir='ltr'>accepimus.</span> <span class='ocrx_word' id='word_1_12' title='bbox 1732 488 1863 544; x_wconf 82' lang='lat' dir='ltr'>Haec</span> <span class='ocrx_word' id='word_1_13' title='bbox 1892 498 1948 566; x_wconf 74' lang='grc' dir='ltr'><strong>Α</strong></span> <span class='ocrx_word' id='word_1_14' title='bbox 1976 486 2275 561; x_wconf 80' lang='lat' dir='ltr'>scripserit</span> <span class='ocrx_word' id='word_1_15' title='bbox 2302 502 2371 544; x_wconf 85' lang='lat' dir='ltr'>ex</span> <span class='ocrx_word' id='word_1_16' title='bbox 2399 486 2587 562; x_wconf 79' lang='lat' dir='ltr'>ipsius</span> <span class='ocrx_word' id='word_1_17' title='bbox 2606 483 2809 546; x_wconf 91' lang='lat' dir='ltr'>Dantis</span> <span class='ocrx_word' id='word_1_18' title='bbox 2830 484 3002 546; x_wconf 90' lang='lat' dir='ltr'>verbo</span> <span class='ocrx_word' id='word_1_19' title='bbox 3034 505 3048 546; x_wconf 90' lang='lat'><strong>:</strong></span> <span class='ocrx_word' id='word_1_20' title='bbox 3081 484 3477 562; x_wconf 81' lang='lat' dir='ltr'>Rhythmorum</span> <span class='ocrx_word' id='word_1_21' title='bbox 3500 489 3618 546; x_wconf 83' lang='lat' dir='ltr'>vul-</span> 
     </span>
    </p>
   </div>
   <div class='ocr_carea' id='block_1_5' title="bbox 195 571 1858 648">
    <p class='ocr_par' dir='ltr' id='par_1_5' title="bbox 195 571 1858 648">
     <span class='ocr_line' id='line_1_5' title="bbox 195 571 1858 648; baseline 0.003 -19"><span class='ocrx_word' id='word_1_22' title='bbox 195 571 527 648; x_wconf 84' lang='lat' dir='ltr'>Petrarcha</span> <span class='ocrx_word' id='word_1_23' title='bbox 573 573 800 629; x_wconf 77' lang='lat' dir='ltr'>circiter</span> <span class='ocrx_word' id='word_1_24' title='bbox 842 591 1062 631; x_wconf 90' lang='lat' dir='ltr'>annum</span> <span class='ocrx_word' id='word_1_25' title='bbox 1094 575 1309 632; x_wconf 79' lang='lat' dir='ltr'>Christi</span> <span class='ocrx_word' id='word_1_26' title='bbox 1349 578 1482 633; x_wconf 87' lang='grc'>1360</span> <span class='ocrx_word' id='word_1_27' title='bbox 1510 579 1805 634; x_wconf 81' lang='lat' dir='ltr'>scribebat</span> <span class='ocrx_word' id='word_1_28' title='bbox 1845 594 1858 633; x_wconf 91' lang='lat'><strong>:</strong></span> 
     </span>
    </p>
   </div>
   <div class='ocr_carea' id='block_1_6' title="bbox 201 663 1859 735">
    <p class='ocr_par' dir='ltr' id='par_1_6' title="bbox 201 663 1859 735">
     <span class='ocr_line' id='line_1_6' title="bbox 201 663 1859 735; baseline 0.002 -17"><span class='ocrx_word' id='word_1_29' title='bbox 201 679 345 735; x_wconf 76' lang='lat' dir='ltr'>quae</span> <span class='ocrx_word' id='word_1_30' title='bbox 374 663 663 719; x_wconf 87' lang='lat' dir='ltr'>Ludovico</span> <span class='ocrx_word' id='word_1_31' title='bbox 684 663 1030 720; x_wconf 86' lang='lat' dir='ltr'>Caslelvetro</span> <span class='ocrx_word' id='word_1_32' title='bbox 1051 665 1367 721; x_wconf 76' lang='lat' dir='ltr'>Mutinensi</span> <span class='ocrx_word' id='word_1_33' title='bbox 1389 665 1447 721; x_wconf 91' lang='lat' dir='ltr'>in</span> <span class='ocrx_word' id='word_1_34' title='bbox 1467 666 1859 722; x_wconf 90' lang='lat' dir='ltr'>Additament.</span> 
     </span>
    </p>
   </div>
   <div class='ocr_carea' id='block_1_7' title="bbox 199 750 1860 825">
    <p class='ocr_par' dir='ltr' id='par_1_7' title="bbox 199 750 1860 825">
     <span class='ocr_line' id='line_1_7' title="bbox 199 750 1860 825; baseline 0.002 -18"><span class='ocrx_word' id='word_1_35' title='bbox 199 752 285 807; x_wconf 78' lang='lat' dir='ltr'>ad</span> <span class='ocrx_word' id='word_1_36' title='bbox 319 750 421 808; x_wconf 91' lang='lat' dir='ltr'>lib.</span> <span class='ocrx_word' id='word_1_37' title='bbox 453 752 713 824; x_wconf 91' lang='lat' dir='ltr'>primum</span> <span class='ocrx_word' id='word_1_38' title='bbox 744 752 1121 809; x_wconf 89' lang='lat' dir='ltr'>Pros.Bembi</span> <span class='ocrx_word' id='word_1_39' title='bbox 1143 754 1271 825; x_wconf 88' lang='lat' dir='ltr'>jam</span> <span class='ocrx_word' id='word_1_40' title='bbox 1304 754 1405 810; x_wconf 90' lang='lat' dir='ltr'>diu</span> <span class='ocrx_word' id='word_1_41' title='bbox 1434 755 1860 825; x_wconf 86' lang='lat' dir='ltr'>animadversa,</span> 
     </span>
    </p>
   </div>
   <div class='ocr_carea' id='block_1_8' title="bbox 199 840 1863 916">
    <p class='ocr_par' dir='ltr' id='par_1_8' title="bbox 199 840 1863 916">
     <span class='ocr_line' id='line_1_8' title="bbox 199 840 1863 916; baseline 0.001 -19"><span class='ocrx_word' id='word_1_42' title='bbox 199 844 655 913; x_wconf 82' lang='lat' dir='ltr'>persuaserunt,</span> <span class='ocrx_word' id='word_1_43' title='bbox 674 840 967 897; x_wconf 90' lang='lat' dir='ltr'>immerito</span> <span class='ocrx_word' id='word_1_44' title='bbox 1000 842 1213 898; x_wconf 91' lang='lat' dir='ltr'>obtruli</span> <span class='ocrx_word' id='word_1_45' title='bbox 1245 843 1630 900; x_wconf 72' lang='lat' dir='ltr'>Provinciales</span> <span class='ocrx_word' id='word_1_46' title='bbox 1664 850 1863 916; x_wconf 85' lang='lat' dir='ltr'>poetas</span> 
     </span>
    </p>
   </div>
   <div class='ocr_carea' id='block_1_9' title="bbox 196 930 1864 1004">
    <p class='ocr_par' dir='ltr' id='par_1_9' title="bbox 196 930 1864 1004">
     <span class='ocr_line' id='line_1_9' title="bbox 196 930 1864 1004; baseline 0.002 -19"><span class='ocrx_word' id='word_1_47' title='bbox 196 932 498 1003; x_wconf 86' lang='lat' dir='ltr'>tanquam</span> <span class='ocrx_word' id='word_1_48' title='bbox 530 934 802 1002; x_wconf 85' lang='lat' dir='ltr'>parentes</span> <span class='ocrx_word' id='word_1_49' title='bbox 828 936 930 985; x_wconf 91' lang='lat' dir='ltr'>aut</span> <span class='ocrx_word' id='word_1_50' title='bbox 952 930 1267 1002; x_wconf 80' lang='lat' dir='ltr'>magistros</span> <span class='ocrx_word' id='word_1_51' title='bbox 1293 932 1505 987; x_wconf 82' lang='lat' dir='ltr'>Italicae</span> <span class='ocrx_word' id='word_1_52' title='bbox 1528 934 1864 1004; x_wconf 87' lang='lat' dir='ltr'>poescos.Et</span> 
     </span>
    </p>
   </div>
   <div class='ocr_carea' id='block_1_10' title="bbox 201 1018 1864 1092">
    <p class='ocr_par' dir='ltr' id='par_1_10' title="bbox 201 1018 1864 1092">
     <span class='ocr_line' id='line_1_10' title="bbox 201 1018 1864 1092; baseline 0.001 -17"><span class='ocrx_word' id='word_1_53' title='bbox 201 1034 280 1075; x_wconf 77' lang='lat' dir='ltr'>ea</span> <span class='ocrx_word' id='word_1_54' title='bbox 311 1019 549 1090; x_wconf 85' lang='lat' dir='ltr'>quidem</span> <span class='ocrx_word' id='word_1_55' title='bbox 580 1018 690 1073; x_wconf 85' lang='lat' dir='ltr'>sibi</span> <span class='ocrx_word' id='word_1_56' title='bbox 723 1018 996 1090; x_wconf 89' lang='lat' dir='ltr'>opposuit</span> <span class='ocrx_word' id='word_1_57' title='bbox 1021 1020 1514 1089; x_wconf 85' lang='lat' dir='ltr'>Crescimbenius;</span> <span class='ocrx_word' id='word_1_58' title='bbox 1548 1021 1650 1076; x_wconf 91' lang='lat' dir='ltr'>sed</span> <span class='ocrx_word' id='word_1_59' title='bbox 1685 1037 1864 1092; x_wconf 88' lang='lat' dir='ltr'>quan-</span> 
     </span>
    </p>
   </div>
   <div class='ocr_carea' id='block_1_11' title="bbox 196 1105 1860 1177">
    <p class='ocr_par' dir='ltr' id='par_1_11' title="bbox 196 1105 1860 1177">
     <span class='ocr_line' id='line_1_11' title="bbox 196 1105 1860 1177; baseline 0.001 -16"><span class='ocrx_word' id='word_1_60' title='bbox 196 1108 300 1163; x_wconf 85' lang='lat' dir='ltr'>vis</span> <span class='ocrx_word' id='word_1_61' title='bbox 331 1105 520 1163; x_wconf 91' lang='lat' dir='ltr'>multa</span> <span class='ocrx_word' id='word_1_62' title='bbox 547 1111 976 1164; x_wconf 80' lang='lat' dir='ltr'>commentatus</span> <span class='ocrx_word' id='word_1_63' title='bbox 1009 1108 1200 1177; x_wconf 89' lang='lat' dir='ltr'>fuerit,</span> <span class='ocrx_word' id='word_1_64' title='bbox 1230 1110 1449 1164; x_wconf 88' lang='lat' dir='ltr'>nemini</span> <span class='ocrx_word' id='word_1_65' title='bbox 1471 1109 1754 1165; x_wconf 81' lang='lat' dir='ltr'>hactenus</span> <span class='ocrx_word' id='word_1_66' title='bbox 1779 1110 1860 1163; x_wconf 92' lang='lat' dir='ltr'>vi-</span> 
     </span>
    </p>
   </div>
   <div class='ocr_carea' id='block_1_12' title="bbox 200 1194 1859 1253">
    <p class='ocr_par' dir='ltr' id='par_1_12' title="bbox 200 1194 1859 1253">
     <span class='ocr_line' id='line_1_12' title="bbox 200 1194 1859 1253; baseline 0 -2"><span class='ocrx_word' id='word_1_67' title='bbox 200 1195 424 1251; x_wconf 88' lang='lat' dir='ltr'>deatur</span> <span class='ocrx_word' id='word_1_68' title='bbox 451 1194 756 1252; x_wconf 85' lang='lat' dir='ltr'>debilitata</span> <span class='ocrx_word' id='word_1_69' title='bbox 785 1197 999 1252; x_wconf 87' lang='lat' dir='ltr'>nedum</span> <span class='ocrx_word' id='word_1_70' title='bbox 1035 1198 1305 1253; x_wconf 82' lang='lat' dir='ltr'>confossa</span> <span class='ocrx_word' id='word_1_71' title='bbox 1350 1197 1681 1253; x_wconf 87' lang='lat' dir='ltr'>Castelvetri</span> <span class='ocrx_word' id='word_1_72' title='bbox 1730 1213 1859 1253; x_wconf 88' lang='lat' dir='ltr'>sen-</span> 
     </span>
    </p>
   </div>
   <div class='ocr_carea' id='block_1_13' title="bbox 200 1283 1865 1359">
    <p class='ocr_par' dir='ltr' id='par_1_13' title="bbox 200 1283 1865 1359">
     <span class='ocr_line' id='line_1_13' title="bbox 200 1283 1865 1359; baseline 0.001 -20"><span class='ocrx_word' id='word_1_73' title='bbox 200 1283 571 1346; x_wconf 86' lang='lat' dir='ltr'>tentia.Nam</span> <span class='ocrx_word' id='word_1_74' title='bbox 604 1284 757 1356; x_wconf 90' lang='lat' dir='ltr'>quod</span> <span class='ocrx_word' id='word_1_75' title='bbox 784 1283 945 1339; x_wconf 84' lang='lat' dir='ltr'>nulla</span> <span class='ocrx_word' id='word_1_76' title='bbox 964 1284 1295 1341; x_wconf 88' lang='lat' dir='ltr'>Siculorum</span> <span class='ocrx_word' id='word_1_77' title='bbox 1318 1286 1579 1341; x_wconf 89' lang='lat' dir='ltr'>carmina</span> <span class='ocrx_word' id='word_1_78' title='bbox 1597 1285 1865 1359; x_wconf 82' lang='lat' dir='ltr'>vulgaria</span> 
     </span>
    </p>
   </div>
   <div class='ocr_carea' id='block_1_14' title="bbox 199 1372 1861 1447">
    <p class='ocr_par' dir='ltr' id='par_1_14' title="bbox 199 1372 1861 1447">
     <span class='ocr_line' id='line_1_14' title="bbox 199 1372 1861 1447; baseline 0.001 -18"><span class='ocrx_word' id='word_1_79' title='bbox 199 1372 539 1429; x_wconf 75' lang='lat' dir='ltr'>habeamus</span> <span class='ocrx_word' id='word_1_80' title='bbox 587 1375 721 1428; x_wconf 88' lang='lat' dir='ltr'>ante</span> <span class='ocrx_word' id='word_1_81' title='bbox 772 1390 991 1430; x_wconf 89' lang='lat' dir='ltr'>annum</span> <span class='ocrx_word' id='word_1_82' title='bbox 1038 1375 1176 1429; x_wconf 78' lang='lat'><strong>1200</strong></span> <span class='ocrx_word' id='word_1_83' title='bbox 1218 1374 1455 1446; x_wconf 87' lang='lat' dir='ltr'>scripta,</span> <span class='ocrx_word' id='word_1_84' title='bbox 1489 1392 1861 1447; x_wconf 84' lang='lat' dir='ltr'>nequaquam</span> 
     </span>
    </p>
   </div>
   <div class='ocr_carea' id='block_1_15' title="bbox 198 1460 1861 1537">
    <p class='ocr_par' dir='ltr' id='par_1_15' title="bbox 198 1460 1861 1537">
     <span class='ocr_line' id='line_1_15' title="bbox 198 1460 1861 1537; baseline 0.002 -20"><span class='ocrx_word' id='word_1_85' title='bbox 198 1460 585 1518; x_wconf 86' lang='lat' dir='ltr'>inferendum</span> <span class='ocrx_word' id='word_1_86' title='bbox 607 1465 698 1519; x_wconf 86' lang='lat' dir='ltr'>est</span> <span class='ocrx_word' id='word_1_87' title='bbox 716 1462 878 1518; x_wconf 82' lang='lat' dir='ltr'>nulla</span> <span class='ocrx_word' id='word_1_88' title='bbox 898 1479 1100 1535; x_wconf 86' lang='lat' dir='ltr'>reapse</span> <span class='ocrx_word' id='word_1_89' title='bbox 1130 1464 1454 1537; x_wconf 89' lang='lat' dir='ltr'>composita</span> <span class='ocrx_word' id='word_1_90' title='bbox 1474 1468 1609 1520; x_wconf 84' lang='lat' dir='ltr'>ante</span> <span class='ocrx_word' id='word_1_91' title='bbox 1639 1481 1861 1520; x_wconf 90' lang='lat' dir='ltr'>annum</span> 
     </span>
    </p>
   </div>
   <div class='ocr_carea' id='block_1_16' title="bbox 196 1548 1864 1626">
    <p class='ocr_par' dir='ltr' id='par_1_16' title="bbox 196 1548 1864 1626">
     <span class='ocr_line' id='line_1_16' title="bbox 196 1548 1864 1626; baseline 0.002 -21"><span class='ocrx_word' id='word_1_92' title='bbox 196 1548 384 1605; x_wconf 87' lang='lat' dir='ltr'>illum</span> <span class='ocrx_word' id='word_1_93' title='bbox 413 1550 618 1607; x_wconf 86' lang='lat' dir='ltr'>fuisse.</span> <span class='ocrx_word' id='word_1_94' title='bbox 652 1553 802 1617; x_wconf 88' lang='lat' dir='ltr'>Quot</span> <span class='ocrx_word' id='word_1_95' title='bbox 829 1552 987 1607; x_wconf 89' lang='lat' dir='ltr'>enim</span> <span class='ocrx_word' id='word_1_96' title='bbox 1015 1557 1071 1608; x_wconf 89' lang='lat' dir='ltr'>et</span> <span class='ocrx_word' id='word_1_97' title='bbox 1101 1558 1323 1624; x_wconf 89' lang='lat' dir='ltr'>quanta</span> <span class='ocrx_word' id='word_1_98' title='bbox 1370 1552 1538 1609; x_wconf 90' lang='lat' dir='ltr'>nobis</span> <span class='ocrx_word' id='word_1_99' title='bbox 1585 1554 1864 1626; x_wconf 88' lang='lat' dir='ltr'>eripuerit</span> 
     </span>
    </p>
   </div>
   <div class='ocr_carea' id='block_1_17' title="bbox 196 1638 1862 1713">
    <p class='ocr_par' dir='ltr' id='par_1_17' title="bbox 196 1638 1862 1713">
     <span class='ocr_line' id='line_1_17' title="bbox 196 1638 1862 1713; baseline 0.002 -18"><span class='ocrx_word' id='word_1_100' title='bbox 196 1638 525 1712; x_wconf 78' lang='lat' dir='ltr'>tempus,is</span> <span class='ocrx_word' id='word_1_101' title='bbox 554 1644 782 1696; x_wconf 89' lang='lat' dir='ltr'>tantum</span> <span class='ocrx_word' id='word_1_102' title='bbox 818 1640 1047 1712; x_wconf 79' lang='lat' dir='ltr'>ignorat</span> <span class='ocrx_word' id='word_1_103' title='bbox 1075 1641 1174 1712; x_wconf 88' lang='lat' dir='ltr'>qui</span> <span class='ocrx_word' id='word_1_104' title='bbox 1198 1641 1413 1713; x_wconf 85' lang='lat' dir='ltr'>hospes</span> <span class='ocrx_word' id='word_1_105' title='bbox 1444 1641 1503 1696; x_wconf 91' lang='lat' dir='ltr'>in</span> <span class='ocrx_word' id='word_1_106' title='bbox 1536 1641 1862 1698; x_wconf 88' lang='lat' dir='ltr'>eruditione</span> 
     </span>
    </p>
   </div>
   <div class='ocr_carea' id='block_1_18' title="bbox 198 1729 1861 1803">
    <p class='ocr_par' dir='ltr' id='par_1_18' title="bbox 198 1729 1861 1803">
     <span class='ocr_line' id='line_1_18' title="bbox 198 1729 1861 1803; baseline 0.001 -20"><span class='ocrx_word' id='word_1_107' title='bbox 198 1742 456 1802; x_wconf 86' lang='lat' dir='ltr'>prorsus</span> <span class='ocrx_word' id='word_1_108' title='bbox 485 1734 594 1794; x_wconf 89' lang='lat' dir='ltr'>est,</span> <span class='ocrx_word' id='word_1_109' title='bbox 626 1732 691 1784; x_wconf 89' lang='lat' dir='ltr'>ut</span> <span class='ocrx_word' id='word_1_110' title='bbox 719 1729 1006 1793; x_wconf 88' lang='lat' dir='ltr'>omittam,</span> <span class='ocrx_word' id='word_1_111' title='bbox 1040 1729 1209 1801; x_wconf 88' lang='lat' dir='ltr'>plura</span> <span class='ocrx_word' id='word_1_112' title='bbox 1240 1730 1407 1786; x_wconf 87' lang='lat' dir='ltr'>condi</span> <span class='ocrx_word' id='word_1_113' title='bbox 1444 1731 1702 1803; x_wconf 85' lang='lat' dir='ltr'>potuisse</span> <span class='ocrx_word' id='word_1_114' title='bbox 1735 1748 1861 1802; x_wconf 73' lang='lat' dir='ltr'>qua:</span> 
     </span>
    </p>
   </div>
   <div class='ocr_carea' id='block_1_19' title="bbox 198 1815 1324 1893">
    <p class='ocr_par' dir='ltr' id='par_1_19' title="bbox 198 1815 1324 1893">
     <span class='ocr_line' id='line_1_19' title="bbox 198 1815 1324 1893; baseline 0 -20"><span class='ocrx_word' id='word_1_115' title='bbox 198 1815 425 1873; x_wconf 84' lang='lat' dir='ltr'>litteris</span> <span class='ocrx_word' id='word_1_116' title='bbox 454 1817 696 1873; x_wconf 88' lang='lat' dir='ltr'>minime</span> <span class='ocrx_word' id='word_1_117' title='bbox 722 1818 938 1875; x_wconf 85' lang='lat' dir='ltr'>fuerint</span> <span class='ocrx_word' id='word_1_118' title='bbox 961 1819 1324 1893; x_wconf 85' lang='lat' dir='ltr'>consignata.</span> 
     </span>
    </p>
   </div>
   <div class='ocr_carea' id='block_1_20' title="bbox 278 1904 1860 1981">
    <p class='ocr_par' dir='ltr' id='par_1_20' title="bbox 278 1904 1860 1981">
     <span class='ocr_line' id='line_1_20' title="bbox 278 1904 1860 1981; baseline 0.001 -18"><span class='ocrx_word' id='word_1_119' title='bbox 278 1904 828 1978; x_wconf 78' lang='lat' dir='ltr'>Perspectissimum</span> <span class='ocrx_word' id='word_1_120' title='bbox 882 1924 1013 1962; x_wconf 90' lang='lat' dir='ltr'>vero</span> <span class='ocrx_word' id='word_1_121' title='bbox 1062 1908 1376 1963; x_wconf 84' lang='lat' dir='ltr'>Patrarcha</span> <span class='ocrx_word' id='word_1_122' title='bbox 1406 1908 1629 1979; x_wconf 85' lang='lat' dir='ltr'>habuit,</span> <span class='ocrx_word' id='word_1_123' title='bbox 1666 1912 1860 1981; x_wconf 85' lang='lat' dir='ltr'>utpote</span> 
     </span>
    </p>
   </div>
   <div class='ocr_carea' id='block_1_21' title="bbox 200 1994 1862 2069">
    <p class='ocr_par' dir='ltr' id='par_1_21' title="bbox 200 1994 1862 2069">
     <span class='ocr_line' id='line_1_21' title="bbox 200 1994 1862 2069; baseline 0.001 -19"><span class='ocrx_word' id='word_1_124' title='bbox 200 2010 316 2068; x_wconf 88' lang='lat' dir='ltr'>per</span> <span class='ocrx_word' id='word_1_125' title='bbox 347 2011 532 2050; x_wconf 87' lang='lat' dir='ltr'>annos</span> <span class='ocrx_word' id='word_1_126' title='bbox 564 1994 894 2066; x_wconf 88' lang='lat' dir='ltr'>complures</span> <span class='ocrx_word' id='word_1_127' title='bbox 944 1995 1002 2050; x_wconf 89' lang='lat' dir='ltr'>in</span> <span class='ocrx_word' id='word_1_128' title='bbox 1056 1995 1353 2052; x_wconf 90' lang='lat' dir='ltr'>Provincia</span> <span class='ocrx_word' id='word_1_129' title='bbox 1402 2001 1686 2064; x_wconf 80' lang='lat' dir='ltr'>versatus,</span> <span class='ocrx_word' id='word_1_130' title='bbox 1719 2000 1862 2069; x_wconf 87' lang='lat' dir='ltr'>quot</span> 
     </span>
    </p>
   </div>
   <div class='ocr_carea' id='block_1_22' title="bbox 197 2082 1856 2157">
    <p class='ocr_par' dir='ltr' id='par_1_22' title="bbox 197 2082 1856 2157">
     <span class='ocr_line' id='line_1_22' title="bbox 197 2082 1856 2157; baseline 0.002 -19"><span class='ocrx_word' id='word_1_131' title='bbox 197 2088 412 2155; x_wconf 85' lang='lat' dir='ltr'>poetas</span> <span class='ocrx_word' id='word_1_132' title='bbox 443 2099 511 2139; x_wconf 89' lang='lat' dir='ltr'>ea</span> <span class='ocrx_word' id='word_1_133' title='bbox 540 2084 699 2156; x_wconf 86' lang='lat' dir='ltr'>regio</span> <span class='ocrx_word' id='word_1_134' title='bbox 722 2082 1196 2157; x_wconf 86' lang='lat' dir='ltr'>tulerat,quoque</span> <span class='ocrx_word' id='word_1_135' title='bbox 1229 2090 1488 2157; x_wconf 89' lang='lat' dir='ltr'>tempore</span> <span class='ocrx_word' id='word_1_136' title='bbox 1522 2086 1559 2142; x_wconf 89' lang='lat' dir='ltr'>ii</span> <span class='ocrx_word' id='word_1_137' title='bbox 1594 2086 1856 2142; x_wconf 87' lang='lat' dir='ltr'>ﬂoruere.</span> 
     </span>
    </p>
   </div>
   <div class='ocr_carea' id='block_1_23' title="bbox 198 2170 1862 2239">
    <p class='ocr_par' dir='ltr' id='par_1_23' title="bbox 198 2170 1862 2239">
     <span class='ocr_line' id='line_1_23' title="bbox 198 2170 1862 2239; baseline 0.002 -13"><span class='ocrx_word' id='word_1_138' title='bbox 198 2170 407 2238; x_wconf 79' lang='lat' dir='ltr'>Nihilo</span> <span class='ocrx_word' id='word_1_139' title='bbox 437 2174 631 2228; x_wconf 87' lang='lat' dir='ltr'>tamen</span> <span class='ocrx_word' id='word_1_140' title='bbox 662 2173 995 2239; x_wconf 89' lang='lat' dir='ltr'>secius,non</span> <span class='ocrx_word' id='word_1_141' title='bbox 1023 2175 1095 2230; x_wconf 91' lang='lat' dir='ltr'>ab</span> <span class='ocrx_word' id='word_1_142' title='bbox 1126 2173 1197 2230; x_wconf 93' lang='lat' dir='ltr'>iis</span> <span class='ocrx_word' id='word_1_143' title='bbox 1227 2174 1453 2233; x_wconf 89' lang='lat' dir='ltr'>Siculos</span> <span class='ocrx_word' id='word_1_144' title='bbox 1480 2174 1754 2230; x_wconf 86' lang='lat' dir='ltr'>didicisse</span> <span class='ocrx_word' id='word_1_145' title='bbox 1776 2193 1862 2230; x_wconf 83' lang='lat' dir='ltr'>ar-</span> 
     </span>
    </p>
   </div>
   <div class='ocr_carea' id='block_1_24' title="bbox 197 2260 1862 2335">
    <p class='ocr_par' dir='ltr' id='par_1_24' title="bbox 197 2260 1862 2335">
     <span class='ocr_line' id='line_1_24' title="bbox 197 2260 1862 2335; baseline 0.001 -18"><span class='ocrx_word' id='word_1_146' title='bbox 197 2262 328 2317; x_wconf 79' lang='lat' dir='ltr'>tem</span> <span class='ocrx_word' id='word_1_147' title='bbox 360 2260 769 2334; x_wconf 83' lang='lat' dir='ltr'>rhythmorum</span> <span class='ocrx_word' id='word_1_148' title='bbox 820 2262 1045 2329; x_wconf 85' lang='lat' dir='ltr'>scribit,</span> <span class='ocrx_word' id='word_1_149' title='bbox 1080 2263 1177 2318; x_wconf 83' lang='lat' dir='ltr'>sed</span> <span class='ocrx_word' id='word_1_150' title='bbox 1230 2263 1424 2335; x_wconf 90' lang='lat' dir='ltr'>potius</span> <span class='ocrx_word' id='word_1_151' title='bbox 1474 2280 1509 2318; x_wconf 89' lang='lat' dir='ltr'>a</span> <span class='ocrx_word' id='word_1_152' title='bbox 1554 2263 1773 2319; x_wconf 86' lang='lat' dir='ltr'>Latinis</span> <span class='ocrx_word' id='word_1_153' title='bbox 1807 2268 1862 2319; x_wconf 92' lang='lat' dir='ltr'>et</span> 
     </span>
    </p>
   </div>
   <div class='ocr_carea' id='block_1_25' title="bbox 198 2348 1862 2427">
    <p class='ocr_par' dir='ltr' id='par_1_25' title="bbox 198 2348 1862 2427">
     <span class='ocr_line' id='line_1_25' title="bbox 198 2348 1862 2427; baseline 0.002 -23"><span class='ocrx_word' id='word_1_154' title='bbox 198 2348 448 2418; x_wconf 66' lang='lat' dir='ltr'>Grecis,</span> <span class='ocrx_word' id='word_1_155' title='bbox 477 2350 635 2427; x_wconf 84' lang='lat' dir='ltr'>apud</span> <span class='ocrx_word' id='word_1_156' title='bbox 683 2366 931 2421; x_wconf 89' lang='lat' dir='ltr'>quorum</span> <span class='ocrx_word' id='word_1_157' title='bbox 983 2351 1189 2417; x_wconf 74' lang='lat' dir='ltr'>vulgus</span> <span class='ocrx_word' id='word_1_158' title='bbox 1232 2352 1290 2407; x_wconf 89' lang='lat' dir='ltr'>in</span> <span class='ocrx_word' id='word_1_159' title='bbox 1339 2368 1451 2407; x_wconf 90' lang='lat' dir='ltr'>usu</span> <span class='ocrx_word' id='word_1_160' title='bbox 1501 2351 1638 2407; x_wconf 91' lang='lat' dir='ltr'>olim</span> <span class='ocrx_word' id='word_1_161' title='bbox 1682 2354 1862 2408; x_wconf 85' lang='lat' dir='ltr'>fuisse</span> 
     </span>
    </p>
   </div>
   <div class='ocr_carea' id='block_1_26' title="bbox 198 2436 1861 2512">
    <p class='ocr_par' dir='ltr' id='par_1_26' title="bbox 198 2436 1861 2512">
     <span class='ocr_line' id='line_1_26' title="bbox 198 2436 1861 2512; baseline 0.002 -19"><span class='ocrx_word' id='word_1_162' title='bbox 198 2436 540 2511; x_wconf 81' lang='lat' dir='ltr'>Rhytbmos</span> <span class='ocrx_word' id='word_1_163' title='bbox 569 2437 695 2511; x_wconf 89' lang='lat' dir='ltr'>ipse</span> <span class='ocrx_word' id='word_1_164' title='bbox 729 2438 1038 2495; x_wconf 90' lang='lat' dir='ltr'>Petrarcha</span> <span class='ocrx_word' id='word_1_165' title='bbox 1067 2445 1386 2512; x_wconf 90' lang='lat' dir='ltr'>acceperat.</span> <span class='ocrx_word' id='word_1_166' title='bbox 1412 2441 1528 2496; x_wconf 85' lang='lat' dir='ltr'>Cur</span> <span class='ocrx_word' id='word_1_167' title='bbox 1557 2458 1663 2496; x_wconf 87' lang='lat' dir='ltr'>nos</span> <span class='ocrx_word' id='word_1_168' title='bbox 1704 2444 1861 2497; x_wconf 73' lang='lat' dir='ltr'>afﬁr-</span> 
     </span>
    </p>
   </div>
   <div class='ocr_carea' id='block_1_27' title="bbox 199 2526 1859 2602">
    <p class='ocr_par' dir='ltr' id='par_1_27' title="bbox 199 2526 1859 2602">
     <span class='ocr_line' id='line_1_27' title="bbox 199 2526 1859 2602; baseline 0.004 -22"><span class='ocrx_word' id='word_1_169' title='bbox 199 2526 627 2599; x_wconf 88' lang='lat' dir='ltr'>memus,quod</span> <span class='ocrx_word' id='word_1_170' title='bbox 652 2526 702 2582; x_wconf 90' lang='lat' dir='ltr'>is</span> <span class='ocrx_word' id='word_1_171' title='bbox 727 2526 896 2600; x_wconf 82' lang='lat' dir='ltr'>longe</span> <span class='ocrx_word' id='word_1_172' title='bbox 928 2527 1163 2601; x_wconf 86' lang='lat' dir='ltr'>propior</span> <span class='ocrx_word' id='word_1_173' title='bbox 1184 2528 1628 2585; x_wconf 81' lang='lat' dir='ltr'>Provincialium</span> <span class='ocrx_word' id='word_1_174' title='bbox 1652 2531 1859 2602; x_wconf 83' lang='lat' dir='ltr'>poetis,</span> 
     </span>
    </p>
   </div>
   <div class='ocr_carea' id='block_1_28' title="bbox 195 2613 1862 2691">
    <p class='ocr_par' dir='ltr' id='par_1_28' title="bbox 195 2613 1862 2691">
     <span class='ocr_line' id='line_1_28' title="bbox 195 2613 1862 2691; baseline 0.002 -21"><span class='ocrx_word' id='word_1_175' title='bbox 195 2617 259 2670; x_wconf 86' lang='lat' dir='ltr'>et</span> <span class='ocrx_word' id='word_1_176' title='bbox 289 2614 449 2671; x_wconf 86' lang='lat' dir='ltr'>inter</span> <span class='ocrx_word' id='word_1_177' title='bbox 463 2613 879 2687; x_wconf 71' lang='lat' dir='ltr'>patresltalicze</span> <span class='ocrx_word' id='word_1_178' title='bbox 902 2632 1143 2689; x_wconf 86' lang='lat' dir='ltr'>poeseos</span> <span class='ocrx_word' id='word_1_179' title='bbox 1175 2619 1862 2691; x_wconf 86' lang='lat' dir='ltr'>nu1neratus,ignoravit?</span> 
     </span>
    </p>
   </div>
   <div class='ocr_carea' id='block_1_29' title="bbox 195 2703 1862 2776">
    <p class='ocr_par' dir='ltr' id='par_1_29' title="bbox 195 2703 1862 2776">
     <span class='ocr_line' id='line_1_29' title="bbox 195 2703 1862 2776; baseline 0.002 -17"><span class='ocrx_word' id='word_1_180' title='bbox 195 2704 282 2759; x_wconf 83' lang='lat' dir='ltr'><strong>Ac</strong></span> <span class='ocrx_word' id='word_1_181' title='bbox 297 2703 593 2776; x_wconf 55' lang='lat' dir='ltr'>praecipue</span> <span class='ocrx_word' id='word_1_182' title='bbox 609 2720 745 2760; x_wconf 90' lang='lat' dir='ltr'>cum</span> <span class='ocrx_word' id='word_1_183' title='bbox 764 2704 1413 2762; x_wconf 84' lang='lat' dir='ltr'>LeonardusArretinus</span> <span class='ocrx_word' id='word_1_184' title='bbox 1438 2706 1493 2762; x_wconf 91' lang='lat' dir='ltr'>in</span> <span class='ocrx_word' id='word_1_185' title='bbox 1507 2706 1638 2763; x_wconf 82' lang='lat' dir='ltr'>Vita</span> <span class='ocrx_word' id='word_1_186' title='bbox 1659 2707 1862 2763; x_wconf 86' lang='lat' dir='ltr'>Dantis</span> 
     </span>
    </p>
   </div>
   <div class='ocr_carea' id='block_1_30' title="bbox 1970 577 3621 649">
    <p class='ocr_par' dir='ltr' id='par_1_30' title="bbox 1970 577 3621 649">
     <span class='ocr_line' id='line_1_30' title="bbox 1970 577 3621 649; baseline 0.002 -17"><span class='ocrx_word' id='word_1_187' title='bbox 1970 580 2192 649; x_wconf 85' lang='lat' dir='ltr'>garium</span> <span class='ocrx_word' id='word_1_188' title='bbox 2248 578 2565 634; x_wconf 82' lang='lat' dir='ltr'>Italicorum</span> <span class='ocrx_word' id='word_1_189' title='bbox 2620 582 2805 634; x_wconf 86' lang='lat' dir='ltr'>artem</span> <span class='ocrx_word' id='word_1_190' title='bbox 2861 577 3088 635; x_wconf 85' lang='lat' dir='ltr'>circiter</span> <span class='ocrx_word' id='word_1_191' title='bbox 3141 596 3328 635; x_wconf 90' lang='lat' dir='ltr'>annos</span> <span class='ocrx_word' id='word_1_192' title='bbox 3384 583 3621 636; x_wconf 89' lang='lat' dir='ltr'>centum</span> 
     </span>
    </p>
   </div>
   <div class='ocr_carea' id='block_1_31' title="bbox 1974 665 3620 740">
    <p class='ocr_par' dir='ltr' id='par_1_31' title="bbox 1974 665 3620 740">
     <span class='ocr_line' id='line_1_31' title="bbox 1974 665 3620 740; baseline 0.004 -21"><span class='ocrx_word' id='word_1_193' title='bbox 1974 665 2400 739; x_wconf 80' lang='lat' dir='ltr'>quinquaginta</span> <span class='ocrx_word' id='word_1_194' title='bbox 2421 671 2554 722; x_wconf 89' lang='lat' dir='ltr'>ante</span> <span class='ocrx_word' id='word_1_195' title='bbox 2574 667 2848 722; x_wconf 89' lang='lat' dir='ltr'>eumdem</span> <span class='ocrx_word' id='word_1_196' title='bbox 2871 666 3187 739; x_wconf 86' lang='lat' dir='ltr'>Aligerium</span> <span class='ocrx_word' id='word_1_197' title='bbox 3213 668 3498 740; x_wconf 83' lang='lat' dir='ltr'>originem</span> <span class='ocrx_word' id='word_1_198' title='bbox 3521 668 3620 725; x_wconf 85' lang='lat' dir='ltr'>ha-</span> 
     </span>
    </p>
   </div>
   <div class='ocr_carea' id='block_1_32' title="bbox 1974 753 3619 830">
    <p class='ocr_par' dir='ltr' id='par_1_32' title="bbox 1974 753 3619 830">
     <span class='ocr_line' id='line_1_32' title="bbox 1974 753 3619 830; baseline 0.002 -22"><span class='ocrx_word' id='word_1_199' title='bbox 1974 753 2433 825; x_wconf 84' lang='lat' dir='ltr'>buisse.Epocha</span> <span class='ocrx_word' id='word_1_200' title='bbox 2454 756 2567 809; x_wconf 87' lang='lat' dir='ltr'>ista</span> <span class='ocrx_word' id='word_1_201' title='bbox 2589 755 2650 809; x_wconf 92' lang='lat' dir='ltr'>in</span> <span class='ocrx_word' id='word_1_202' title='bbox 2671 771 2769 811; x_wconf 89' lang='lat' dir='ltr'>eos</span> <span class='ocrx_word' id='word_1_203' title='bbox 2792 755 2952 827; x_wconf 88' lang='lat' dir='ltr'>ipsos</span> <span class='ocrx_word' id='word_1_204' title='bbox 2973 772 3159 812; x_wconf 89' lang='lat' dir='ltr'>annos</span> <span class='ocrx_word' id='word_1_205' title='bbox 3180 758 3468 828; x_wconf 89' lang='lat' dir='ltr'>convenit,</span> <span class='ocrx_word' id='word_1_206' title='bbox 3489 758 3619 830; x_wconf 88' lang='lat' dir='ltr'>qui-</span> 
     </span>
    </p>
   </div>
   <div class='ocr_carea' id='block_1_33' title="bbox 1973 835 3623 917">
    <p class='ocr_par' dir='ltr' id='par_1_33' title="bbox 1973 835 3623 917">
     <span class='ocr_line' id='line_1_33' title="bbox 1973 835 3623 917; baseline 0.004 -20"><span class='ocrx_word' id='word_1_207' title='bbox 1973 842 2086 897; x_wconf 90' lang='lat' dir='ltr'>bus</span> <span class='ocrx_word' id='word_1_208' title='bbox 2107 849 2162 897; x_wconf 84' lang='lat' dir='ltr'>et</span> <span class='ocrx_word' id='word_1_209' title='bbox 2182 843 2629 899; x_wconf 84' lang='lat' dir='ltr'>Provincialium</span> <span class='ocrx_word' id='word_1_210' title='bbox 2656 848 2963 916; x_wconf 90' lang='lat' dir='ltr'>poetarum</span> <span class='ocrx_word' id='word_1_211' title='bbox 2978 835 3151 917; x_wconf 84' lang='lat' dir='ltr'>primi</span> <span class='ocrx_word' id='word_1_212' title='bbox 3167 845 3623 913; x_wconf 84' lang='lat' dir='ltr'>ﬂoruere.Quid?</span> 
     </span>
    </p>
   </div>
   <div class='ocr_carea' id='block_1_34' title="bbox 1973 931 3620 1005">
    <p class='ocr_par' dir='ltr' id='par_1_34' title="bbox 1973 931 3620 1005">
     <span class='ocr_line' id='line_1_34' title="bbox 1973 931 3620 1005; baseline 0.004 -20"><span class='ocrx_word' id='word_1_213' title='bbox 1973 931 2126 1002; x_wconf 91' lang='lat' dir='ltr'>quod</span> <span class='ocrx_word' id='word_1_214' title='bbox 2160 935 2217 986; x_wconf 91' lang='lat' dir='ltr'>et</span> <span class='ocrx_word' id='word_1_215' title='bbox 2247 931 2462 987; x_wconf 86' lang='lat' dir='ltr'>ibidem</span> <span class='ocrx_word' id='word_1_216' title='bbox 2496 932 2967 987; x_wconf 81' lang='lat' dir='ltr'>Crescimbenius</span> <span class='ocrx_word' id='word_1_217' title='bbox 2995 937 3210 1005; x_wconf 64' lang='lat' dir='ltr'>partu,</span> <span class='ocrx_word' id='word_1_218' title='bbox 3234 933 3368 988; x_wconf 89' lang='lat' dir='ltr'>libri</span> <span class='ocrx_word' id='word_1_219' title='bbox 3393 952 3433 990; x_wconf 82' lang='grc' dir='ltr'>ιι</span> <span class='ocrx_word' id='word_1_220' title='bbox 3452 936 3620 992; x_wconf 86' lang='lat' dir='ltr'>Gom-</span> 
     </span>
    </p>
   </div>
   <div class='ocr_carea' id='block_1_35' title="bbox 1974 1021 3621 1095">
    <p class='ocr_par' dir='ltr' id='par_1_35' title="bbox 1974 1021 3621 1095">
     <span class='ocr_line' id='line_1_35' title="bbox 1974 1021 3621 1095; baseline 0.003 -20"><span class='ocrx_word' id='word_1_221' title='bbox 1974 1025 2220 1076; x_wconf 84' lang='lat' dir='ltr'>mentar.</span> <span class='ocrx_word' id='word_1_222' title='bbox 2254 1025 2457 1075; x_wconf 91' lang='lat' dir='ltr'>auctor</span> <span class='ocrx_word' id='word_1_223' title='bbox 2484 1024 2594 1091; x_wconf 89' lang='lat' dir='ltr'>est,</span> <span class='ocrx_word' id='word_1_224' title='bbox 2628 1021 2853 1076; x_wconf 74' lang='lat' dir='ltr'>Tusciae</span> <span class='ocrx_word' id='word_1_225' title='bbox 2884 1038 2999 1076; x_wconf 91' lang='lat' dir='ltr'>non</span> <span class='ocrx_word' id='word_1_226' title='bbox 3048 1022 3305 1078; x_wconf 80' lang='lat' dir='ltr'>defuisse</span> <span class='ocrx_word' id='word_1_227' title='bbox 3344 1023 3621 1095; x_wconf 75' lang='lat' dir='ltr'>vulgares</span> 
     </span>
    </p>
   </div>
   <div class='ocr_carea' id='block_1_36' title="bbox 1974 1109 3621 1181">
    <p class='ocr_par' dir='ltr' id='par_1_36' title="bbox 1974 1109 3621 1181">
     <span class='ocr_line' id='line_1_36' title="bbox 1974 1109 3621 1181; baseline 0.003 -17"><span class='ocrx_word' id='word_1_228' title='bbox 1974 1112 2172 1181; x_wconf 87' lang='lat' dir='ltr'>poetas</span> <span class='ocrx_word' id='word_1_229' title='bbox 2205 1126 2357 1164; x_wconf 89' lang='lat' dir='ltr'>anno</span> <span class='ocrx_word' id='word_1_230' title='bbox 2389 1109 2563 1164; x_wconf 88' lang='lat' dir='ltr'>etiam</span> <span class='ocrx_word' id='word_1_231' title='bbox 2614 1109 2771 1165; x_wconf 78' lang='lat'><strong>1200.</strong></span> <span class='ocrx_word' id='word_1_232' title='bbox 2823 1109 2967 1165; x_wconf 90' lang='lat' dir='ltr'>Cum</span> <span class='ocrx_word' id='word_1_233' title='bbox 3007 1126 3140 1166; x_wconf 88' lang='lat' dir='ltr'>vero</span> <span class='ocrx_word' id='word_1_234' title='bbox 3190 1111 3467 1181; x_wconf 88' lang='lat' dir='ltr'>Etruscis,</span> <span class='ocrx_word' id='word_1_235' title='bbox 3520 1113 3621 1170; x_wconf 87' lang='lat' dir='ltr'>Pe-</span> 
     </span>
    </p>
   </div>
   <div class='ocr_carea' id='block_1_37' title="bbox 1974 1196 3620 1273">
    <p class='ocr_par' dir='ltr' id='par_1_37' title="bbox 1974 1196 3620 1273">
     <span class='ocr_line' id='line_1_37' title="bbox 1974 1196 3620 1273; baseline 0.004 -22"><span class='ocrx_word' id='word_1_236' title='bbox 1974 1198 2204 1252; x_wconf 87' lang='lat' dir='ltr'>trarcba</span> <span class='ocrx_word' id='word_1_237' title='bbox 2230 1202 2395 1263; x_wconf 88' lang='lat' dir='ltr'>teste,</span> <span class='ocrx_word' id='word_1_238' title='bbox 2432 1196 2759 1269; x_wconf 66' lang='lat' dir='ltr'>praaiverint</span> <span class='ocrx_word' id='word_1_239' title='bbox 2780 1196 3277 1270; x_wconf 70' lang='lat' dir='ltr'>Siculi,reliquum</span> <span class='ocrx_word' id='word_1_240' title='bbox 3309 1204 3399 1255; x_wconf 88' lang='lat' dir='ltr'>est</span> <span class='ocrx_word' id='word_1_241' title='bbox 3418 1204 3484 1256; x_wconf 90' lang='lat' dir='ltr'>ut</span> <span class='ocrx_word' id='word_1_242' title='bbox 3504 1217 3620 1273; x_wconf 88' lang='lat' dir='ltr'>quo</span> 
     </span>
    </p>
   </div>
   <div class='ocr_carea' id='block_1_38' title="bbox 1974 1285 3619 1360">
    <p class='ocr_par' dir='ltr' id='par_1_38' title="bbox 1974 1285 3619 1360">
     <span class='ocr_line' id='line_1_38' title="bbox 1974 1285 3619 1360; baseline 0.004 -21"><span class='ocrx_word' id='word_1_243' title='bbox 1974 1289 2233 1357; x_wconf 90' lang='lat' dir='ltr'>tempore</span> <span class='ocrx_word' id='word_1_244' title='bbox 2283 1285 2731 1342; x_wconf 85' lang='lat' dir='ltr'>Provincialium</span> <span class='ocrx_word' id='word_1_245' title='bbox 2764 1286 2957 1358; x_wconf 88' lang='lat' dir='ltr'>poesis</span> <span class='ocrx_word' id='word_1_246' title='bbox 3006 1286 3255 1360; x_wconf 79' lang='lat' dir='ltr'>vigebat,</span> <span class='ocrx_word' id='word_1_247' title='bbox 3290 1287 3619 1346; x_wconf 87' lang='lat' dir='ltr'>Siculorum</span> 
     </span>
    </p>
   </div>
   <div class='ocr_carea' id='block_1_39' title="bbox 1973 1374 3621 1448">
    <p class='ocr_par' dir='ltr' id='par_1_39' title="bbox 1973 1374 3621 1448">
     <span class='ocr_line' id='line_1_39' title="bbox 1973 1374 3621 1448; baseline 0.004 -19"><span class='ocrx_word' id='word_1_248' title='bbox 1973 1389 2205 1447; x_wconf 90' lang='lat' dir='ltr'>quoque</span> <span class='ocrx_word' id='word_1_249' title='bbox 2254 1376 2447 1446; x_wconf 81' lang='lat' dir='ltr'>poesis</span> <span class='ocrx_word' id='word_1_250' title='bbox 2491 1374 2707 1430; x_wconf 87' lang='lat' dir='ltr'>usitata</span> <span class='ocrx_word' id='word_1_251' title='bbox 2754 1375 2908 1447; x_wconf 89' lang='lat' dir='ltr'>apud</span> <span class='ocrx_word' id='word_1_252' title='bbox 2956 1375 3224 1448; x_wconf 90' lang='lat' dir='ltr'>vulgares</span> <span class='ocrx_word' id='word_1_253' title='bbox 3262 1378 3438 1433; x_wconf 81' lang='lat' dir='ltr'>fuerit</span> <span class='ocrx_word' id='word_1_254' title='bbox 3488 1395 3501 1433; x_wconf 88' lang='lat'><strong>:</strong></span> <span class='ocrx_word' id='word_1_255' title='bbox 3555 1396 3621 1436; x_wconf 89' lang='lat' dir='ltr'>ac</span> 
     </span>
    </p>
   </div>
   <div class='ocr_carea' id='block_1_40' title="bbox 1973 1463 3659 1536">
    <p class='ocr_par' dir='ltr' id='par_1_40' title="bbox 1973 1463 3659 1536">
     <span class='ocr_line' id='line_1_40' title="bbox 1973 1463 3659 1536; baseline 0.004 -19"><span class='ocrx_word' id='word_1_256' title='bbox 1973 1463 2212 1534; x_wconf 86' lang='lat' dir='ltr'>proinde</span> <span class='ocrx_word' id='word_1_257' title='bbox 2239 1463 2478 1520; x_wconf 86' lang='lat' dir='ltr'>veritate</span> <span class='ocrx_word' id='word_1_258' title='bbox 2508 1463 2633 1529; x_wconf 89' lang='lat' dir='ltr'>niti,</span> <span class='ocrx_word' id='word_1_259' title='bbox 2668 1466 2823 1536; x_wconf 90' lang='lat' dir='ltr'>quod</span> <span class='ocrx_word' id='word_1_260' title='bbox 2872 1464 3182 1520; x_wconf 86' lang='lat' dir='ltr'>Petrarcha</span> <span class='ocrx_word' id='word_1_261' title='bbox 3228 1465 3326 1532; x_wconf 86' lang='lat' dir='ltr'>ait,</span> <span class='ocrx_word' id='word_1_262' title='bbox 3358 1466 3623 1524; x_wconf 88' lang='lat' dir='ltr'>videlicet</span> <span class='ocrx_word' id='word_1_263' title='bbox 3652 1504 3659 1509; x_wconf 88' lang='lat'><strong><em>-</em></strong></span> 
     </span>
    </p>
   </div>
   <div class='ocr_carea' id='block_1_41' title="bbox 1972 1552 3623 1625">
    <p class='ocr_par' dir='ltr' id='par_1_41' title="bbox 1972 1552 3623 1625">
     <span class='ocr_line' id='line_1_41' title="bbox 1972 1552 3623 1625; baseline 0.004 -19"><span class='ocrx_word' id='word_1_264' title='bbox 1972 1552 2382 1625; x_wconf 84' lang='lat' dir='ltr'>rhythmorum</span> <span class='ocrx_word' id='word_1_265' title='bbox 2416 1556 2599 1609; x_wconf 86' lang='lat' dir='ltr'>artem</span> <span class='ocrx_word' id='word_1_266' title='bbox 2645 1553 2791 1625; x_wconf 82' lang='lat' dir='ltr'>apud</span> <span class='ocrx_word' id='word_1_267' title='bbox 2839 1553 3051 1610; x_wconf 80' lang='lat' dir='ltr'>Siculos</span> <span class='ocrx_word' id='word_1_268' title='bbox 3105 1570 3213 1609; x_wconf 86' lang='lat' dir='ltr'>non</span> <span class='ocrx_word' id='word_1_269' title='bbox 3258 1555 3447 1611; x_wconf 82' lang='lat' dir='ltr'>multis</span> <span class='ocrx_word' id='word_1_270' title='bbox 3495 1559 3623 1613; x_wconf 75' lang='lat' dir='ltr'>ante</span> 
     </span>
    </p>
   </div>
   <div class='ocr_carea' id='block_1_42' title="bbox 1970 1640 3621 1716">
    <p class='ocr_par' dir='ltr' id='par_1_42' title="bbox 1970 1640 3621 1716">
     <span class='ocr_line' id='line_1_42' title="bbox 1970 1640 3621 1716; baseline 0.002 -20"><span class='ocrx_word' id='word_1_271' title='bbox 1970 1642 2451 1711; x_wconf 43' lang='lat' dir='ltr'>sweuliﬂduobus</span> <span class='ocrx_word' id='word_1_272' title='bbox 2481 1640 2966 1709; x_wconf 78' lang='lat' dir='ltr'>saltem)renatam</span> <span class='ocrx_word' id='word_1_273' title='bbox 2993 1643 3185 1713; x_wconf 78' lang='lat' dir='ltr'>fuisse.</span> <span class='ocrx_word' id='word_1_274' title='bbox 3218 1643 3415 1715; x_wconf 87' lang='lat' dir='ltr'>Neque</span> <span class='ocrx_word' id='word_1_275' title='bbox 3466 1644 3621 1716; x_wconf 86' lang='lat' dir='ltr'>inju-</span> 
     </span>
    </p>
   </div>
   <div class='ocr_carea' id='block_1_43' title="bbox 1973 1728 3622 1803">
    <p class='ocr_par' dir='ltr' id='par_1_43' title="bbox 1973 1728 3622 1803">
     <span class='ocr_line' id='line_1_43' title="bbox 1973 1728 3622 1803; baseline 0.003 -19"><span class='ocrx_word' id='word_1_276' title='bbox 1973 1730 2059 1784; x_wconf 85' lang='lat' dir='ltr'>ria</span> <span class='ocrx_word' id='word_1_277' title='bbox 2091 1730 2290 1785; x_wconf 87' lang='lat' dir='ltr'>subdit</span> <span class='ocrx_word' id='word_1_278' title='bbox 2319 1728 2434 1795; x_wconf 89' lang='lat' dir='ltr'>ille,</span> <span class='ocrx_word' id='word_1_279' title='bbox 2468 1729 2696 1785; x_wconf 90' lang='lat' dir='ltr'>Siculos</span> <span class='ocrx_word' id='word_1_280' title='bbox 2744 1745 2774 1784; x_wconf 91' lang='lat' dir='ltr'>e</span> <span class='ocrx_word' id='word_1_281' title='bbox 2822 1728 3032 1784; x_wconf 75' lang='lat' dir='ltr'>Graecis</span> <span class='ocrx_word' id='word_1_282' title='bbox 3084 1732 3259 1803; x_wconf 89' lang='lat' dir='ltr'>atque</span> <span class='ocrx_word' id='word_1_283' title='bbox 3302 1730 3524 1789; x_wconf 90' lang='lat' dir='ltr'>Latinis</span> <span class='ocrx_word' id='word_1_284' title='bbox 3561 1732 3622 1789; x_wconf 89' lang='lat' dir='ltr'>in</span> 
     </span>
    </p>
   </div>
   <div class='ocr_carea' id='block_1_44' title="bbox 1973 1817 3625 1892">
    <p class='ocr_par' dir='ltr' id='par_1_44' title="bbox 1973 1817 3625 1892">
     <span class='ocr_line' id='line_1_44' title="bbox 1973 1817 3625 1892; baseline 0.003 -20"><span class='ocrx_word' id='word_1_285' title='bbox 1973 1835 2158 1892; x_wconf 87' lang='lat' dir='ltr'>genus</span> <span class='ocrx_word' id='word_1_286' title='bbox 2189 1835 2430 1890; x_wconf 90' lang='lat' dir='ltr'>poeseos</span> <span class='ocrx_word' id='word_1_287' title='bbox 2461 1817 2755 1884; x_wconf 88' lang='lat' dir='ltr'>didicisse,</span> <span class='ocrx_word' id='word_1_288' title='bbox 2782 1833 2915 1872; x_wconf 91' lang='lat' dir='ltr'>cum</span> <span class='ocrx_word' id='word_1_289' title='bbox 2945 1820 3118 1873; x_wconf 88' lang='lat' dir='ltr'>antea</span> <span class='ocrx_word' id='word_1_290' title='bbox 3147 1818 3625 1891; x_wconf 83' lang='lat' dir='ltr'>conspexerimus</span> 
     </span>
    </p>
   </div>
   <div class='ocr_carea' id='block_1_45' title="bbox 1972 1905 3623 1984">
    <p class='ocr_par' dir='ltr' id='par_1_45' title="bbox 1972 1905 3623 1984">
     <span class='ocr_line' id='line_1_45' title="bbox 1972 1905 3623 1984; baseline 0.002 -21"><span class='ocrx_word' id='word_1_291' title='bbox 1972 1907 2290 1964; x_wconf 84' lang='lat' dir='ltr'>familiares</span> <span class='ocrx_word' id='word_1_292' title='bbox 2322 1906 2501 1963; x_wconf 86' lang='lat' dir='ltr'>fuisse</span> <span class='ocrx_word' id='word_1_293' title='bbox 2533 1923 2667 1962; x_wconf 89' lang='lat' dir='ltr'>cum</span> <span class='ocrx_word' id='word_1_294' title='bbox 2699 1905 2914 1962; x_wconf 66' lang='lat' dir='ltr'>Graacis</span> <span class='ocrx_word' id='word_1_295' title='bbox 2974 1910 3102 1961; x_wconf 89' lang='lat' dir='ltr'>tum</span> <span class='ocrx_word' id='word_1_296' title='bbox 3158 1906 3377 1963; x_wconf 89' lang='lat' dir='ltr'>Latinis</span> <span class='ocrx_word' id='word_1_297' title='bbox 3423 1909 3623 1984; x_wconf 77' lang='lat' dir='ltr'>rhyth-</span> 
     </span>
    </p>
   </div>
   <div class='ocr_carea' id='block_1_46' title="bbox 1973 2000 3623 2069">
    <p class='ocr_par' dir='ltr' id='par_1_46' title="bbox 1973 2000 3623 2069">
     <span class='ocr_line' id='line_1_46' title="bbox 1973 2000 3623 2069; baseline 0.002 -17"><span class='ocrx_word' id='word_1_298' title='bbox 1973 2014 2123 2065; x_wconf 67' lang='grc'>11108,</span> <span class='ocrx_word' id='word_1_299' title='bbox 2177 2015 2243 2053; x_wconf 87' lang='lat' dir='ltr'>ac</span> <span class='ocrx_word' id='word_1_300' title='bbox 2315 2000 2591 2069; x_wconf 63' lang='lat' dir='ltr'>praetcrea</span> <span class='ocrx_word' id='word_1_301' title='bbox 2647 2012 2853 2052; x_wconf 75' lang='lat' dir='ltr'><strong>VOCUID</strong></span> <span class='ocrx_word' id='word_1_302' title='bbox 2932 2013 3365 2053; x_wconf 90' lang='lat' dir='ltr'>consonaruum</span> <span class='ocrx_word' id='word_1_303' title='bbox 3424 2016 3623 2067; x_wconf 79' lang='lat' dir='ltr'>usum,</span> 
     </span>
    </p>
   </div>
   <div class='ocr_carea' id='block_1_47' title="bbox 1973 2087 3627 2160">
    <p class='ocr_par' dir='ltr' id='par_1_47' title="bbox 1973 2087 3627 2160">
     <span class='ocr_line' id='line_1_47' title="bbox 1973 2087 3627 2160; baseline 0.002 -20"><span class='ocrx_word' id='word_1_304' title='bbox 1973 2102 2121 2158; x_wconf 88' lang='lat' dir='ltr'>quas</span> <span class='ocrx_word' id='word_1_305' title='bbox 2175 2102 2331 2140; x_wconf 91' lang='lat' dir='ltr'>nunc</span> <span class='ocrx_word' id='word_1_306' title='bbox 2387 2087 2527 2141; x_wconf 80' lang='lat' dir='ltr'>rime</span> <span class='ocrx_word' id='word_1_307' title='bbox 2574 2101 3010 2156; x_wconf 89' lang='lat' dir='ltr'>nuncupamus,</span> <span class='ocrx_word' id='word_1_308' title='bbox 3078 2101 3205 2140; x_wconf 90' lang='lat' dir='ltr'>sera</span> <span class='ocrx_word' id='word_1_309' title='bbox 3278 2087 3627 2160; x_wconf 83' lang='lat' dir='ltr'>antiquitate</span> 
     </span>
    </p>
   </div>
   <div class='ocr_carea' id='block_1_48' title="bbox 1973 2171 3625 2246">
    <p class='ocr_par' dir='ltr' id='par_1_48' title="bbox 1973 2171 3625 2246">
     <span class='ocr_line' id='line_1_48' title="bbox 1973 2171 3625 2246; baseline 0.003 -16"><span class='ocrx_word' id='word_1_310' title='bbox 1973 2174 2568 2246; x_wconf 88' lang='lat' dir='ltr'>commendari.Apud</span> <span class='ocrx_word' id='word_1_311' title='bbox 2595 2173 2756 2246; x_wconf 91' lang='lat' dir='ltr'>ipsos</span> <span class='ocrx_word' id='word_1_312' title='bbox 2784 2171 3249 2241; x_wconf 67' lang='lat' dir='ltr'>Siculos,saeculo</span> <span class='ocrx_word' id='word_1_313' title='bbox 3281 2174 3625 2236; x_wconf 87' lang='lat' dir='ltr'>duodecimo</span> 
     </span>
    </p>
   </div>
   <div class='ocr_carea' id='block_1_49' title="bbox 1973 2261 3625 2336">
    <p class='ocr_par' dir='ltr' id='par_1_49' title="bbox 1973 2261 3625 2336">
     <span class='ocr_line' id='line_1_49' title="bbox 1973 2261 3625 2336; baseline 0.003 -19"><span class='ocrx_word' id='word_1_314' title='bbox 1973 2262 2333 2327; x_wconf 87' lang='lat' dir='ltr'>decurrente,</span> <span class='ocrx_word' id='word_1_315' title='bbox 2367 2262 2659 2333; x_wconf 80' lang='lat' dir='ltr'>ejusmodi</span> <span class='ocrx_word' id='word_1_316' title='bbox 2689 2277 2895 2317; x_wconf 89' lang='lat' dir='ltr'>versus</span> <span class='ocrx_word' id='word_1_317' title='bbox 2943 2278 2977 2317; x_wconf 90' lang='lat' dir='ltr'>a</span> <span class='ocrx_word' id='word_1_318' title='bbox 3026 2261 3249 2319; x_wconf 89' lang='lat' dir='ltr'>Latinis</span> <span class='ocrx_word' id='word_1_319' title='bbox 3299 2264 3486 2336; x_wconf 91' lang='lat' dir='ltr'>poetis</span> <span class='ocrx_word' id='word_1_320' title='bbox 3529 2281 3625 2322; x_wconf 84' lang='lat' dir='ltr'>ex-</span> 
     </span>
    </p>
   </div>
   <div class='ocr_carea' id='block_1_50' title="bbox 1973 2349 3625 2429">
    <p class='ocr_par' dir='ltr' id='par_1_50' title="bbox 1973 2349 3625 2429">
     <span class='ocr_line' id='line_1_50' title="bbox 1973 2349 3625 2429; baseline 0.002 -22"><span class='ocrx_word' id='word_1_321' title='bbox 1973 2352 2182 2415; x_wconf 85' lang='lat' dir='ltr'>cultos.</span> <span class='ocrx_word' id='word_1_322' title='bbox 2221 2352 2421 2423; x_wconf 82' lang='lat' dir='ltr'>paucis</span> <span class='ocrx_word' id='word_1_323' title='bbox 2471 2350 2792 2407; x_wconf 87' lang='lat' dir='ltr'>ostendam.</span> <span class='ocrx_word' id='word_1_324' title='bbox 2832 2349 3076 2422; x_wconf 82' lang='lat' dir='ltr'>Rogerio</span> <span class='ocrx_word' id='word_1_325' title='bbox 3109 2350 3128 2405; x_wconf 92' lang='lat' dir='ltr'>l</span> <span class='ocrx_word' id='word_1_326' title='bbox 3166 2350 3378 2427; x_wconf 81' lang='lat' dir='ltr'>inclyte</span> <span class='ocrx_word' id='word_1_327' title='bbox 3417 2353 3625 2429; x_wconf 64' lang='lat' dir='ltr'>Sicilia</span> 
     </span>
    </p>
   </div>
   <div class='ocr_carea' id='block_1_51' title="bbox 1973 2438 3625 2511">
    <p class='ocr_par' dir='ltr' id='par_1_51' title="bbox 1973 2438 3625 2511">
     <span class='ocr_line' id='line_1_51' title="bbox 1973 2438 3625 2511; baseline 0.001 -13"><span class='ocrx_word' id='word_1_328' title='bbox 1973 2448 2030 2499; x_wconf 90' lang='lat' dir='ltr'>et</span> <span class='ocrx_word' id='word_1_329' title='bbox 2059 2440 2334 2496; x_wconf 78' lang='lat' dir='ltr'>Calabriae</span> <span class='ocrx_word' id='word_1_330' title='bbox 2365 2438 2587 2505; x_wconf 89' lang='lat' dir='ltr'>comiti,</span> <span class='ocrx_word' id='word_1_331' title='bbox 2615 2438 2715 2511; x_wconf 91' lang='lat' dir='ltr'>qui</span> <span class='ocrx_word' id='word_1_332' title='bbox 2747 2456 2899 2495; x_wconf 89' lang='lat' dir='ltr'>anno</span> <span class='ocrx_word' id='word_1_333' title='bbox 2932 2438 3064 2495; x_wconf 77' lang='lat'><strong>1101</strong></span> <span class='ocrx_word' id='word_1_334' title='bbox 3100 2443 3321 2495; x_wconf 64' lang='lat' dir='ltr'>natura;</span> <span class='ocrx_word' id='word_1_335' title='bbox 3361 2441 3625 2500; x_wconf 88' lang='lat' dir='ltr'>debitum</span> 
     </span>
    </p>
   </div>
   <div class='ocr_carea' id='block_1_52' title="bbox 1974 2527 3627 2604">
    <p class='ocr_par' dir='ltr' id='par_1_52' title="bbox 1974 2527 3627 2604">
     <span class='ocr_line' id='line_1_52' title="bbox 1974 2527 3627 2604; baseline 0.001 -18"><span class='ocrx_word' id='word_1_336' title='bbox 1974 2530 2166 2597; x_wconf 89' lang='lat' dir='ltr'>solvit,</span> <span class='ocrx_word' id='word_1_337' title='bbox 2198 2529 2467 2585; x_wconf 81' lang='lat' dir='ltr'>tumulus</span> <span class='ocrx_word' id='word_1_338' title='bbox 2497 2527 2606 2583; x_wconf 86' lang='lat' dir='ltr'>hac</span> <span class='ocrx_word' id='word_1_339' title='bbox 2636 2527 2952 2601; x_wconf 79' lang='lat' dir='ltr'>epigraphe</span> <span class='ocrx_word' id='word_1_340' title='bbox 2981 2532 3225 2585; x_wconf 89' lang='lat' dir='ltr'>ornatus</span> <span class='ocrx_word' id='word_1_341' title='bbox 3256 2528 3436 2586; x_wconf 87' lang='lat' dir='ltr'>Mileti</span> <span class='ocrx_word' id='word_1_342' title='bbox 3468 2533 3627 2604; x_wconf 89' lang='lat' dir='ltr'>posi-</span> 
     </span>
    </p>
   </div>
   <div class='ocr_carea' id='block_1_53' title="bbox 1974 2614 3623 2691">
    <p class='ocr_par' dir='ltr' id='par_1_53' title="bbox 1974 2614 3623 2691">
     <span class='ocr_line' id='line_1_53' title="bbox 1974 2614 3623 2691; baseline -0.002 -17"><span class='ocrx_word' id='word_1_343' title='bbox 1974 2623 2069 2674; x_wconf 90' lang='lat' dir='ltr'>tus</span> <span class='ocrx_word' id='word_1_344' title='bbox 2102 2619 2228 2685; x_wconf 87' lang='lat' dir='ltr'>fuit,</span> <span class='ocrx_word' id='word_1_345' title='bbox 2263 2616 2492 2674; x_wconf 73' lang='lat' dir='ltr'>Boccho</span> <span class='ocrx_word' id='word_1_346' title='bbox 2523 2616 2684 2672; x_wconf 90' lang='lat' dir='ltr'>Pirro</span> <span class='ocrx_word' id='word_1_347' title='bbox 2715 2618 2861 2671; x_wconf 83' lang='lat' dir='ltr'>teste</span> <span class='ocrx_word' id='word_1_348' title='bbox 2896 2614 2953 2670; x_wconf 89' lang='lat' dir='ltr'>in</span> <span class='ocrx_word' id='word_1_349' title='bbox 2985 2615 3333 2690; x_wconf 84' lang='lat' dir='ltr'>Chronolog.</span> <span class='ocrx_word' id='word_1_350' title='bbox 3370 2633 3489 2691; x_wconf 89' lang='lat' dir='ltr'>reg.</span> <span class='ocrx_word' id='word_1_351' title='bbox 3536 2619 3623 2676; x_wconf 88' lang='lat' dir='ltr'>Si-</span> 
     </span>
    </p>
   </div>
   <div class='ocr_carea' id='block_1_54' title="bbox 1976 2706 2160 2763">
    <p class='ocr_par' dir='ltr' id='par_1_54' title="bbox 1976 2706 2160 2763">
     <span class='ocr_line' id='line_1_54' title="bbox 1976 2706 2160 2763; baseline 0.005 -1"><span class='ocrx_word' id='word_1_352' title='bbox 1976 2706 2120 2762; x_wconf 72' lang='lat' dir='ltr'>cilize</span> <span class='ocrx_word' id='word_1_353' title='bbox 2148 2725 2160 2763; x_wconf 91' lang='lat'>:</span> 
     </span>
    </p>
   </div>
   <div class='ocr_carea' id='block_1_55' title="bbox 742 2828 2605 2902">
    <p class='ocr_par' dir='ltr' id='par_1_55' title="bbox 742 2828 2605 2902">
     <span class='ocr_line' id='line_1_55' title="bbox 742 2828 2605 2902; baseline 0.001 -18"><span class='ocrx_word' id='word_1_354' title='bbox 742 2828 1094 2894; x_wconf 86' lang='lat' dir='ltr'>LINQVENS</span> <span class='ocrx_word' id='word_1_355' title='bbox 1131 2829 1527 2902; x_wconf 84' lang='lat' dir='ltr'><strong>TERRENAS,</strong></span> <span class='ocrx_word' id='word_1_356' title='bbox 1568 2831 1924 2888; x_wconf 79' lang='lat' dir='ltr'><strong>MIGRAVIT</strong></span> <span class='ocrx_word' id='word_1_357' title='bbox 1964 2830 2102 2885; x_wconf 84' lang='lat' dir='ltr'><strong>DVX</strong></span> <span class='ocrx_word' id='word_1_358' title='bbox 2139 2830 2233 2885; x_wconf 88' lang='lat' dir='ltr'>AD</span> <span class='ocrx_word' id='word_1_359' title='bbox 2271 2829 2605 2885; x_wconf 83' lang='lat' dir='ltr'><strong>AMOENAS</strong></span> 
     </span>
    </p>
   </div>
   <div class='ocr_carea' id='block_1_56' title="bbox 742 2917 2596 2989">
    <p class='ocr_par' dir='ltr' id='par_1_56' title="bbox 742 2917 2596 2989">
     <span class='ocr_line' id='line_1_56' title="bbox 742 2917 2596 2989; baseline -0.001 -15"><span class='ocrx_word' id='word_1_360' title='bbox 742 2917 1099 2975; x_wconf 80' lang='lat' dir='ltr'>ROGERIVS</span> <span class='ocrx_word' id='word_1_361' title='bbox 1140 2919 1381 2989; x_wconf 86' lang='lat' dir='ltr'>SEDES,</span> <span class='ocrx_word' id='word_1_362' title='bbox 1422 2921 1577 2976; x_wconf 88' lang='lat' dir='ltr'>NAM</span> <span class='ocrx_word' id='word_1_363' title='bbox 1617 2921 1777 2977; x_wconf 85' lang='lat' dir='ltr'><strong>COEI</strong></span> <span class='ocrx_word' id='word_1_364' title='bbox 1816 2920 2126 2977; x_wconf 85' lang='lat' dir='ltr'><strong>DETINET</strong></span> <span class='ocrx_word' id='word_1_365' title='bbox 2166 2919 2386 2975; x_wconf 65' lang='lat' dir='ltr'>fEDES.</span> <span class='ocrx_word' id='word_1_366' title='bbox 2593 2944 2596 2946; x_wconf 51' lang='grc' dir='ltr'><strong>ν</strong></span> 
     </span>
    </p>
   </div>
   <div class='ocr_carea' id='block_1_57' title="bbox 193 3056 3626 3133">
    <p class='ocr_par' dir='ltr' id='par_1_57' title="bbox 193 3056 3626 3133">
     <span class='ocr_line' id='line_1_57' title="bbox 193 3056 3626 3133; baseline 0.001 -18"><span class='ocrx_word' id='word_1_367' title='bbox 193 3056 316 3115; x_wconf 89' lang='lat' dir='ltr'>Par</span> <span class='ocrx_word' id='word_1_368' title='bbox 344 3060 436 3114; x_wconf 85' lang='lat' dir='ltr'>est</span> <span class='ocrx_word' id='word_1_369' title='bbox 482 3058 845 3130; x_wconf 88' lang='lat' dir='ltr'>epitaphium</span> <span class='ocrx_word' id='word_1_370' title='bbox 898 3059 1181 3133; x_wconf 83' lang='lat' dir='ltr'>Raynaldi</span> <span class='ocrx_word' id='word_1_371' title='bbox 1231 3061 1481 3124; x_wconf 90' lang='lat' dir='ltr'>comitis,</span> <span class='ocrx_word' id='word_1_372' title='bbox 1516 3078 1669 3117; x_wconf 90' lang='lat' dir='ltr'>anno</span> <span class='ocrx_word' id='word_1_373' title='bbox 1724 3063 1863 3117; x_wconf 85' lang='lat'><strong>1126</strong></span> <span class='ocrx_word' id='word_1_374' title='bbox 1893 3063 1936 3130; x_wconf 74' lang='grc' dir='ltr'>α</span> <span class='ocrx_word' id='word_1_375' title='bbox 1970 3061 2185 3119; x_wconf 85' lang='lat' dir='ltr'>Notitia</span> <span class='ocrx_word' id='word_1_376' title='bbox 2213 3061 2521 3116; x_wconf 81' lang='lat' dir='ltr'>Catanens.</span> <span class='ocrx_word' id='word_1_377' title='bbox 2555 3058 2944 3117; x_wconf 71' lang='lat' dir='ltr'>EcclesiaeJta</span> <span class='ocrx_word' id='word_1_378' title='bbox 2975 3057 3269 3114; x_wconf 90' lang='lat' dir='ltr'>Guilielmi</span> <span class='ocrx_word' id='word_1_379' title='bbox 3300 3058 3323 3114; x_wconf 93' lang='grc' dir='ltr'><strong>Ι</strong></span> <span class='ocrx_word' id='word_1_380' title='bbox 3352 3060 3507 3133; x_wconf 90' lang='lat' dir='ltr'>regis</span> <span class='ocrx_word' id='word_1_381' title='bbox 3538 3077 3626 3118; x_wconf 87' lang='lat' dir='ltr'>se-</span> 
     </span>
    </p>
   </div>
   <div class='ocr_carea' id='block_1_58' title="bbox 196 3146 1865 3220">
    <p class='ocr_par' dir='ltr' id='par_1_58' title="bbox 196 3146 1865 3220">
     <span class='ocr_line' id='line_1_58' title="bbox 196 3146 1865 3220; baseline 0.002 -18"><span class='ocrx_word' id='word_1_382' title='bbox 196 3146 387 3203; x_wconf 85' lang='lat' dir='ltr'>rebus</span> <span class='ocrx_word' id='word_1_383' title='bbox 419 3146 697 3203; x_wconf 87' lang='lat' dir='ltr'>humanis</span> <span class='ocrx_word' id='word_1_384' title='bbox 727 3151 1002 3220; x_wconf 80' lang='lat' dir='ltr'>exempti,</span> <span class='ocrx_word' id='word_1_385' title='bbox 1036 3149 1190 3219; x_wconf 90' lang='lat' dir='ltr'>apud</span> <span class='ocrx_word' id='word_1_386' title='bbox 1246 3151 1517 3205; x_wconf 88' lang='lat' dir='ltr'>eumdem</span> <span class='ocrx_word' id='word_1_387' title='bbox 1566 3150 1765 3205; x_wconf 90' lang='lat' dir='ltr'>Pirum</span> <span class='ocrx_word' id='word_1_388' title='bbox 1805 3149 1865 3205; x_wconf 91' lang='lat' dir='ltr'>in</span> 
     </span>
    </p>
   </div>
   <div class='ocr_carea' id='block_1_59' title="bbox 1976 3145 3412 3222">
    <p class='ocr_par' dir='ltr' id='par_1_59' title="bbox 1976 3145 3412 3222">
     <span class='ocr_line' id='line_1_59' title="bbox 1976 3145 3412 3222; baseline -0.002 -17"><span class='ocrx_word' id='word_1_389' title='bbox 1976 3149 2201 3222; x_wconf 90' lang='lat' dir='ltr'>pulcro,</span> <span class='ocrx_word' id='word_1_390' title='bbox 2234 3165 2387 3205; x_wconf 91' lang='lat' dir='ltr'>anno</span> <span class='ocrx_word' id='word_1_391' title='bbox 2418 3149 2558 3204; x_wconf 81' lang='lat'><strong>11&#39;10</strong></span> <span class='ocrx_word' id='word_1_392' title='bbox 2589 3146 2889 3218; x_wconf 86' lang='lat' dir='ltr'>inscriptio</span> <span class='ocrx_word' id='word_1_393' title='bbox 2912 3145 3035 3201; x_wconf 63' lang='lat' dir='ltr'>haec</span> <span class='ocrx_word' id='word_1_394' title='bbox 3066 3145 3251 3201; x_wconf 91' lang='lat' dir='ltr'>incisa</span> <span class='ocrx_word' id='word_1_395' title='bbox 3279 3152 3367 3202; x_wconf 88' lang='lat' dir='ltr'>est</span> <span class='ocrx_word' id='word_1_396' title='bbox 3399 3164 3412 3202; x_wconf 85' lang='lat'><strong>:</strong></span> 
     </span>
    </p>
   </div>
   <div class='ocr_carea' id='block_1_60' title="bbox 741 3270 2605 3338">
    <p class='ocr_par' dir='ltr' id='par_1_60' title="bbox 741 3270 2605 3338">
     <span class='ocr_line' id='line_1_60' title="bbox 741 3270 2605 3338; baseline -0.002 -11"><span class='ocrx_word' id='word_1_397' title='bbox 741 3272 860 3327; x_wconf 88' lang='lat' dir='ltr'>HIC</span> <span class='ocrx_word' id='word_1_398' title='bbox 897 3272 1043 3327; x_wconf 82' lang='lat' dir='ltr'><strong>TVA</strong></span> <span class='ocrx_word' id='word_1_399' title='bbox 1084 3272 1351 3329; x_wconf 80' lang='lat' dir='ltr'><strong>ROGERI</strong></span> <span class='ocrx_word' id='word_1_400' title='bbox 1392 3274 1542 3329; x_wconf 84' lang='lat' dir='ltr'><strong>DVX</strong></span> <span class='ocrx_word' id='word_1_401' title='bbox 1582 3273 1931 3338; x_wconf 77' lang='lat' dir='ltr'>QVONDAM</span> <span class='ocrx_word' id='word_1_402' title='bbox 1970 3272 2312 3328; x_wconf 81' lang='lat' dir='ltr'>TEMPORE</span> <span class='ocrx_word' id='word_1_403' title='bbox 2355 3270 2605 3325; x_wconf 81' lang='lat' dir='ltr'>PATRIS</span> 
     </span>
    </p>
   </div>
   <div class='ocr_carea' id='block_1_61' title="bbox 740 3358 2720 3429">
    <p class='ocr_par' dir='ltr' id='par_1_61' title="bbox 740 3358 2720 3429">
     <span class='ocr_line' id='line_1_61' title="bbox 740 3358 2720 3429; baseline -0.001 -13"><span class='ocrx_word' id='word_1_404' title='bbox 740 3360 915 3425; x_wconf 86' lang='lat' dir='ltr'><strong>OSSA</strong></span> <span class='ocrx_word' id='word_1_405' title='bbox 952 3362 1187 3417; x_wconf 87' lang='lat' dir='ltr'>TENET</span> <span class='ocrx_word' id='word_1_406' title='bbox 1227 3363 1541 3429; x_wconf 82' lang='lat' dir='ltr'>TVMLVS,</span> <span class='ocrx_word' id='word_1_407' title='bbox 1584 3362 1888 3419; x_wconf 89' lang='lat' dir='ltr'>TVMVLO</span> <span class='ocrx_word' id='word_1_408' title='bbox 1927 3360 2396 3418; x_wconf 83' lang='lat' dir='ltr'>CONTERMINA</span> <span class='ocrx_word' id='word_1_409' title='bbox 2434 3358 2720 3425; x_wconf 78' lang='lat' dir='ltr'>MATRIS,</span> 
     </span>
    </p>
   </div>
   <div class='ocr_carea' id='block_1_62' title="bbox 662 3448 2570 3518">
    <p class='ocr_par' dir='ltr' id='par_1_62' title="bbox 662 3448 2570 3518">
     <span class='ocr_line' id='line_1_62' title="bbox 662 3448 2570 3518; baseline 0.004 -22"><span class='ocrx_word' id='word_1_410' title='bbox 662 3488 673 3495; x_wconf 91' lang='lat'>.</span> <span class='ocrx_word' id='word_1_411' title='bbox 740 3448 1090 3507; x_wconf 85' lang='lat' dir='ltr'>VNDECIES</span> <span class='ocrx_word' id='word_1_412' title='bbox 1129 3451 1421 3508; x_wconf 86' lang='lat' dir='ltr'>CENTVM</span> <span class='ocrx_word' id='word_1_413' title='bbox 1459 3453 1708 3509; x_wconf 88' lang='lat' dir='ltr'><strong>DECIES</strong></span> <span class='ocrx_word' id='word_1_414' title='bbox 1752 3452 1907 3518; x_wconf 86' lang='lat' dir='ltr'><strong>SEX,</strong></span> <span class='ocrx_word' id='word_1_415' title='bbox 1947 3451 2056 3507; x_wconf 90' lang='lat' dir='ltr'><strong>BIS</strong></span> <span class='ocrx_word' id='word_1_416' title='bbox 2096 3449 2318 3505; x_wconf 83' lang='lat' dir='ltr'>MAGIS</span> <span class='ocrx_word' id='word_1_417' title='bbox 2357 3448 2570 3514; x_wconf 86' lang='lat' dir='ltr'><strong>ANNO,</strong></span> 
     </span>
    </p>
   </div>
   <div class='ocr_carea' id='block_1_63' title="bbox 740 3535 3037 3605">
    <p class='ocr_par' dir='ltr' id='par_1_63' title="bbox 740 3535 3037 3605">
     <span class='ocr_line' id='line_1_63' title="bbox 740 3535 3037 3605; baseline -0 -13"><span class='ocrx_word' id='word_1_418' title='bbox 740 3537 1062 3594; x_wconf 81' lang='lat' dir='ltr'>MIGRANS</span> <span class='ocrx_word' id='word_1_419' title='bbox 1098 3539 1278 3595; x_wconf 85' lang='lat' dir='ltr'>POS&#39;I‘</span> <span class='ocrx_word' id='word_1_420' title='bbox 1315 3540 1687 3596; x_wconf 79' lang='lat' dir='ltr'>CHRISTVM</span> <span class='ocrx_word' id='word_1_421' title='bbox 1726 3540 1982 3596; x_wconf 87' lang='lat' dir='ltr'><strong>NATVM</strong></span> <span class='ocrx_word' id='word_1_422' title='bbox 2023 3539 2161 3593; x_wconf 82' lang='lat' dir='ltr'>SVB</span> <span class='ocrx_word' id='word_1_423' title='bbox 2201 3537 2486 3593; x_wconf 79' lang='lat' dir='ltr'>HERODE</span> <span class='ocrx_word' id='word_1_424' title='bbox 2526 3535 2887 3605; x_wconf 84' lang='lat' dir='ltr'><strong>TVRANNO,</strong></span> <span class='ocrx_word' id='word_1_425' title='bbox 2930 3539 3037 3591; x_wconf 87' lang='lat' dir='ltr'>etc.</span> 
     </span>
    </p>
   </div>
   <div class='ocr_carea' id='block_1_64' title="bbox 194 3671 3524 3765">
    <p class='ocr_par' dir='ltr' id='par_1_64' title="bbox 194 3671 3524 3765">
     <span class='ocr_line' id='line_1_64' title="bbox 194 3671 3524 3765; baseline 0 -29"><span class='ocrx_word' id='word_1_426' title='bbox 194 3677 433 3752; x_wconf 80' lang='lat' dir='ltr'>Reliqui</span> <span class='ocrx_word' id='word_1_427' title='bbox 460 3671 665 3737; x_wconf 67' lang='lat' dir='ltr'>versus</span> <span class='ocrx_word' id='word_1_428' title='bbox 697 3682 900 3738; x_wconf 87' lang='lat' dir='ltr'>eodem</span> <span class='ocrx_word' id='word_1_429' title='bbox 935 3683 1207 3756; x_wconf 71' lang='lat' dir='ltr'>rhythmo</span> <span class='ocrx_word' id='word_1_430' title='bbox 1254 3686 1597 3757; x_wconf 90' lang='lat' dir='ltr'>procedunt.</span> <span class='ocrx_word' id='word_1_431' title='bbox 1630 3684 1853 3765; x_wconf 77' lang='lat' dir='ltr'>Similis</span> <span class='ocrx_word' id='word_1_432' title='bbox 1877 3688 1967 3740; x_wconf 88' lang='lat' dir='ltr'>est</span> <span class='ocrx_word' id='word_1_433' title='bbox 1996 3683 2301 3755; x_wconf 87' lang='lat' dir='ltr'>inscriptio</span> <span class='ocrx_word' id='word_1_434' title='bbox 2334 3698 2487 3738; x_wconf 88' lang='lat' dir='ltr'>anno</span> <span class='ocrx_word' id='word_1_435' title='bbox 2520 3682 2657 3736; x_wconf 85' lang='lat'><strong>1183</strong></span> <span class='ocrx_word' id='word_1_436' title='bbox 2690 3680 2879 3753; x_wconf 86' lang='lat' dir='ltr'>posita</span> <span class='ocrx_word' id='word_1_437' title='bbox 2910 3679 3233 3754; x_wconf 67' lang='lat' dir='ltr'>Margaritaa</span> <span class='ocrx_word' id='word_1_438' title='bbox 3266 3680 3476 3754; x_wconf 68' lang='lat' dir='ltr'>regina:</span> <span class='ocrx_word' id='word_1_439' title='bbox 3511 3698 3524 3737; x_wconf 92' lang='lat'><strong>:</strong></span> 
     </span>
    </p>
   </div>
   <div class='ocr_carea' id='block_1_65' title="bbox 736 3806 2371 3873">
    <p class='ocr_par' dir='ltr' id='par_1_65' title="bbox 736 3806 2371 3873">
     <span class='ocr_line' id='line_1_65' title="bbox 736 3806 2371 3873; baseline 0.001 -12"><span class='ocrx_word' id='word_1_440' title='bbox 736 3806 854 3862; x_wconf 83' lang='lat' dir='ltr'>HIC</span> <span class='ocrx_word' id='word_1_441' title='bbox 894 3806 1161 3862; x_wconf 75' lang='lat' dir='ltr'>REGINA</span> <span class='ocrx_word' id='word_1_442' title='bbox 1198 3808 1406 3865; x_wconf 82' lang='lat' dir='ltr'>JACES</span> <span class='ocrx_word' id='word_1_443' title='bbox 1448 3809 1846 3865; x_wconf 82' lang='lat' dir='ltr'>REGALIBVS</span> <span class='ocrx_word' id='word_1_444' title='bbox 1885 3807 2099 3864; x_wconf 85' lang='lat' dir='ltr'><strong>EDITA</strong></span> <span class='ocrx_word' id='word_1_445' title='bbox 2137 3807 2371 3873; x_wconf 87' lang='lat' dir='ltr'><strong>CVNIS,</strong></span> 
     </span>
    </p>
   </div>
   <div class='ocr_carea' id='block_1_66' title="bbox 739 3894 2622 3962">
    <p class='ocr_par' dir='ltr' id='par_1_66' title="bbox 739 3894 2622 3962">
     <span class='ocr_line' id='line_1_66' title="bbox 739 3894 2622 3962; baseline -0.001 -12"><span class='ocrx_word' id='word_1_446' title='bbox 739 3895 1182 3962; x_wconf 80' lang='lat' dir='ltr'><strong>MARGARITA,</strong></span> <span class='ocrx_word' id='word_1_447' title='bbox 1225 3898 1366 3953; x_wconf 87' lang='lat' dir='ltr'>TIBI</span> <span class='ocrx_word' id='word_1_448' title='bbox 1407 3898 1655 3953; x_wconf 85' lang='lat' dir='ltr'><strong>NOMEN</strong></span> <span class='ocrx_word' id='word_1_449' title='bbox 1695 3897 1885 3961; x_wconf 84' lang='lat' dir='ltr'><strong>QVOD</strong></span> <span class='ocrx_word' id='word_1_450' title='bbox 1923 3896 2244 3953; x_wconf 83' lang='lat' dir='ltr'>MORIBVS</span> <span class='ocrx_word' id='word_1_451' title='bbox 2284 3894 2470 3961; x_wconf 86' lang='lat' dir='ltr'><strong>VNIS,</strong></span> <span class='ocrx_word' id='word_1_452' title='bbox 2512 3898 2622 3949; x_wconf 81' lang='lat' dir='ltr'>etc.</span> 
     </span>
    </p>
   </div>
   <div class='ocr_carea' id='block_1_67' title="bbox 195 4012 1849 4092">
    <p class='ocr_par' dir='ltr' id='par_1_67' title="bbox 195 4012 1849 4092">
     <span class='ocr_line' id='line_1_67' title="bbox 195 4012 1849 4092; baseline 0.003 -22"><span class='ocrx_word' id='word_1_453' title='bbox 195 4012 355 4071; x_wconf 86' lang='lat' dir='ltr'>Nihil</span> <span class='ocrx_word' id='word_1_454' title='bbox 384 4031 523 4089; x_wconf 90' lang='lat' dir='ltr'>ergo</span> <span class='ocrx_word' id='word_1_455' title='bbox 554 4033 702 4088; x_wconf 86' lang='lat' dir='ltr'>opus</span> <span class='ocrx_word' id='word_1_456' title='bbox 732 4019 843 4073; x_wconf 89' lang='lat' dir='ltr'>fuit</span> <span class='ocrx_word' id='word_1_457' title='bbox 873 4019 1085 4075; x_wconf 88' lang='lat' dir='ltr'>Siculis</span> <span class='ocrx_word' id='word_1_458' title='bbox 1108 4018 1556 4076; x_wconf 86' lang='lat' dir='ltr'>Provincialium</span> <span class='ocrx_word' id='word_1_459' title='bbox 1588 4020 1849 4092; x_wconf 88' lang='lat' dir='ltr'>discipli-</span> 
     </span>
    </p>
   </div>
   <div class='ocr_carea' id='block_1_68' title="bbox 197 4104 1852 4180">
    <p class='ocr_par' dir='ltr' id='par_1_68' title="bbox 197 4104 1852 4180">
     <span class='ocr_line' id='line_1_68' title="bbox 197 4104 1852 4180; baseline 0.005 -22"><span class='ocrx_word' id='word_1_460' title='bbox 197 4119 285 4158; x_wconf 67' lang='lat' dir='ltr'>nas</span> <span class='ocrx_word' id='word_1_461' title='bbox 314 4119 445 4160; x_wconf 85' lang='lat' dir='ltr'>sese</span> <span class='ocrx_word' id='word_1_462' title='bbox 472 4104 722 4170; x_wconf 85' lang='lat' dir='ltr'>tradere,</span> <span class='ocrx_word' id='word_1_463' title='bbox 756 4110 821 4161; x_wconf 89' lang='lat' dir='ltr'>ut</span> <span class='ocrx_word' id='word_1_464' title='bbox 852 4112 1034 4163; x_wconf 89' lang='lat' dir='ltr'>artem</span> <span class='ocrx_word' id='word_1_465' title='bbox 1068 4109 1411 4164; x_wconf 83' lang='lat' dir='ltr'>contexendi</span> <span class='ocrx_word' id='word_1_466' title='bbox 1448 4126 1652 4166; x_wconf 86' lang='lat' dir='ltr'>versus</span> <span class='ocrx_word' id='word_1_467' title='bbox 1690 4118 1852 4180; x_wconf 82' lang='grc' dir='ltr'>όμοιο-</span> 
     </span>
    </p>
   </div>
   <div class='ocr_carea' id='block_1_69' title="bbox 196 4194 887 4257">
    <p class='ocr_par' dir='ltr' id='par_1_69' title="bbox 196 4194 887 4257">
     <span class='ocr_line' id='line_1_69' title="bbox 196 4194 887 4257; baseline 0.003 -10"><span class='ocrx_word' id='word_1_468' title='bbox 196 4199 453 4257; x_wconf 73' lang='grc' dir='ltr'>τελίυτους</span> <span class='ocrx_word' id='word_1_469' title='bbox 485 4194 887 4251; x_wconf 76' lang='lat' dir='ltr'>edocerentur.</span> 
     </span>
    </p>
   </div>
   <div class='ocr_carea' id='block_1_70' title="bbox 264 4282 1853 4353">
    <p class='ocr_par' dir='ltr' id='par_1_70' title="bbox 264 4282 1853 4353">
     <span class='ocr_line' id='line_1_70' title="bbox 264 4282 1853 4353; baseline 0.005 -17"><span class='ocrx_word' id='word_1_470' title='bbox 264 4283 455 4353; x_wconf 86' lang='lat' dir='ltr'>Atque</span> <span class='ocrx_word' id='word_1_471' title='bbox 477 4282 573 4338; x_wconf 90' lang='lat' dir='ltr'>hic</span> <span class='ocrx_word' id='word_1_472' title='bbox 604 4284 935 4341; x_wconf 90' lang='lat' dir='ltr'>addendum</span> <span class='ocrx_word' id='word_1_473' title='bbox 965 4291 1053 4343; x_wconf 89' lang='lat' dir='ltr'>est</span> <span class='ocrx_word' id='word_1_474' title='bbox 1087 4302 1201 4342; x_wconf 87' lang='lat' dir='ltr'>non</span> <span class='ocrx_word' id='word_1_475' title='bbox 1236 4286 1470 4342; x_wconf 83' lang='lat' dir='ltr'>Latinos</span> <span class='ocrx_word' id='word_1_476' title='bbox 1517 4291 1748 4342; x_wconf 87' lang='lat' dir='ltr'>tantum</span> <span class='ocrx_word' id='word_1_477' title='bbox 1797 4293 1853 4344; x_wconf 94' lang='lat' dir='ltr'>et</span> 
     </span>
    </p>
   </div>
   <div class='ocr_carea' id='block_1_71' title="bbox 199 4368 1851 4447">
    <p class='ocr_par' dir='ltr' id='par_1_71' title="bbox 199 4368 1851 4447">
     <span class='ocr_line' id='line_1_71' title="bbox 199 4368 1851 4447; baseline 0.004 -23"><span class='ocrx_word' id='word_1_478' title='bbox 199 4368 428 4425; x_wconf 66' lang='lat' dir='ltr'>Grecos</span> <span class='ocrx_word' id='word_1_479' title='bbox 452 4370 769 4443; x_wconf 77' lang='lat' dir='ltr'>rhythmici</span> <span class='ocrx_word' id='word_1_480' title='bbox 822 4375 1101 4430; x_wconf 89' lang='lat' dir='ltr'>carminis</span> <span class='ocrx_word' id='word_1_481' title='bbox 1148 4374 1415 4446; x_wconf 89' lang='lat' dir='ltr'>exempla</span> <span class='ocrx_word' id='word_1_482' title='bbox 1464 4374 1675 4430; x_wconf 87' lang='lat' dir='ltr'>Siculis</span> <span class='ocrx_word' id='word_1_483' title='bbox 1707 4393 1851 4447; x_wconf 84' lang='lat' dir='ltr'>prae-</span> 
     </span>
    </p>
   </div>
   <div class='ocr_carea' id='block_1_72' title="bbox 198 4455 1852 4530">
    <p class='ocr_par' dir='ltr' id='par_1_72' title="bbox 198 4455 1852 4530">
     <span class='ocr_line' id='line_1_72' title="bbox 198 4455 1852 4530; baseline 0.005 -20"><span class='ocrx_word' id='word_1_484' title='bbox 198 4455 417 4525; x_wconf 87' lang='lat' dir='ltr'>buisse,</span> <span class='ocrx_word' id='word_1_485' title='bbox 451 4463 516 4514; x_wconf 89' lang='lat' dir='ltr'>ut</span> <span class='ocrx_word' id='word_1_486' title='bbox 544 4459 856 4517; x_wconf 89' lang='lat' dir='ltr'>Petrarcha</span> <span class='ocrx_word' id='word_1_487' title='bbox 886 4464 1112 4520; x_wconf 89' lang='lat' dir='ltr'>erudite</span> <span class='ocrx_word' id='word_1_488' title='bbox 1136 4463 1674 4530; x_wconf 84' lang='lat' dir='ltr'>animadvertit,sed</span> <span class='ocrx_word' id='word_1_489' title='bbox 1707 4462 1852 4519; x_wconf 88' lang='lat' dir='ltr'>alios</span> 
     </span>
    </p>
   </div>
   <div class='ocr_carea' id='block_1_73' title="bbox 200 4547 1847 4623">
    <p class='ocr_par' dir='ltr' id='par_1_73' title="bbox 200 4547 1847 4623">
     <span class='ocr_line' id='line_1_73' title="bbox 200 4547 1847 4623; baseline 0.004 -23"><span class='ocrx_word' id='word_1_490' title='bbox 200 4560 431 4617; x_wconf 88' lang='lat' dir='ltr'>quoque</span> <span class='ocrx_word' id='word_1_491' title='bbox 456 4547 703 4619; x_wconf 87' lang='lat' dir='ltr'>populos</span> <span class='ocrx_word' id='word_1_492' title='bbox 728 4549 789 4604; x_wconf 90' lang='lat' dir='ltr'>in</span> <span class='ocrx_word' id='word_1_493' title='bbox 818 4550 927 4605; x_wconf 90' lang='lat' dir='ltr'>hac</span> <span class='ocrx_word' id='word_1_494' title='bbox 957 4556 1079 4606; x_wconf 88' lang='lat' dir='ltr'>arte</span> <span class='ocrx_word' id='word_1_495' title='bbox 1108 4553 1299 4607; x_wconf 88' lang='lat' dir='ltr'>eidem</span> <span class='ocrx_word' id='word_1_496' title='bbox 1329 4556 1385 4608; x_wconf 88' lang='lat' dir='ltr'>et</span> <span class='ocrx_word' id='word_1_497' title='bbox 1415 4551 1657 4623; x_wconf 89' lang='lat' dir='ltr'>reliquis</span> <span class='ocrx_word' id='word_1_498' title='bbox 1688 4552 1847 4607; x_wconf 86' lang='lat' dir='ltr'>Italis</span> 
     </span>
    </p>
   </div>
   <div class='ocr_carea' id='block_1_74' title="bbox 196 4632 1846 4710">
    <p class='ocr_par' dir='ltr' id='par_1_74' title="bbox 196 4632 1846 4710">
     <span class='ocr_line' id='line_1_74' title="bbox 196 4632 1846 4710; baseline 0.005 -22"><span class='ocrx_word' id='word_1_499' title='bbox 196 4632 380 4690; x_wconf 80' lang='lat' dir='ltr'>facem</span> <span class='ocrx_word' id='word_1_500' title='bbox 406 4635 744 4694; x_wconf 89' lang='lat' dir='ltr'>ministrare</span> <span class='ocrx_word' id='word_1_501' title='bbox 772 4639 1054 4710; x_wconf 88' lang='lat' dir='ltr'>potuisse.</span> <span class='ocrx_word' id='word_1_502' title='bbox 1089 4641 1234 4696; x_wconf 88' lang='lat' dir='ltr'>Nam</span> <span class='ocrx_word' id='word_1_503' title='bbox 1284 4640 1439 4695; x_wconf 89' lang='lat' dir='ltr'>ultra</span> <span class='ocrx_word' id='word_1_504' title='bbox 1487 4640 1603 4695; x_wconf 90' lang='lat' dir='ltr'>duo</span> <span class='ocrx_word' id='word_1_505' title='bbox 1634 4640 1846 4697; x_wconf 72' lang='lat' dir='ltr'>saecula</span> 
     </span>
    </p>
   </div>
   <div class='ocr_carea' id='block_1_75' title="bbox 199 4722 1842 4800">
    <p class='ocr_par' dir='ltr' id='par_1_75' title="bbox 199 4722 1842 4800">
     <span class='ocr_line' id='line_1_75' title="bbox 199 4722 1842 4800; baseline 0.004 -23"><span class='ocrx_word' id='word_1_506' title='bbox 199 4722 310 4777; x_wconf 83' lang='lat' dir='ltr'>sub</span> <span class='ocrx_word' id='word_1_507' title='bbox 340 4722 761 4781; x_wconf 91' lang='lat' dir='ltr'>Saracenorum</span> <span class='ocrx_word' id='word_1_508' title='bbox 791 4728 1048 4782; x_wconf 86' lang='lat' dir='ltr'>Arabum</span> <span class='ocrx_word' id='word_1_509' title='bbox 1075 4729 1218 4800; x_wconf 87' lang='lat' dir='ltr'>jugo</span> <span class='ocrx_word' id='word_1_510' title='bbox 1266 4728 1463 4783; x_wconf 89' lang='lat' dir='ltr'>Sicilia</span> <span class='ocrx_word' id='word_1_511' title='bbox 1512 4728 1735 4800; x_wconf 89' lang='lat' dir='ltr'>gemuit</span> <span class='ocrx_word' id='word_1_512' title='bbox 1772 4729 1842 4784; x_wconf 90' lang='lat' dir='ltr'>ad</span> 
     </span>
    </p>
   </div>
   <div class='ocr_carea' id='block_1_76' title="bbox 197 4815 1840 4888">
    <p class='ocr_par' dir='ltr' id='par_1_76' title="bbox 197 4815 1840 4888">
     <span class='ocr_line' id='line_1_76' title="bbox 197 4815 1840 4888; baseline 0.005 -25"><span class='ocrx_word' id='word_1_513' title='bbox 197 4825 413 4865; x_wconf 87' lang='lat' dir='ltr'>annum</span> <span class='ocrx_word' id='word_1_514' title='bbox 445 4827 635 4883; x_wconf 91' lang='lat' dir='ltr'>usque</span> <span class='ocrx_word' id='word_1_515' title='bbox 682 4815 840 4881; x_wconf 84' lang='lat'><strong>1060,</strong></span> <span class='ocrx_word' id='word_1_516' title='bbox 875 4830 991 4886; x_wconf 92' lang='lat' dir='ltr'>quo</span> <span class='ocrx_word' id='word_1_517' title='bbox 1044 4815 1313 4872; x_wconf 88' lang='lat' dir='ltr'>Messana</span> <span class='ocrx_word' id='word_1_518' title='bbox 1357 4816 1442 4872; x_wconf 91' lang='lat' dir='ltr'>eis</span> <span class='ocrx_word' id='word_1_519' title='bbox 1490 4821 1688 4888; x_wconf 90' lang='lat' dir='ltr'>erepta</span> <span class='ocrx_word' id='word_1_520' title='bbox 1732 4822 1840 4872; x_wconf 89' lang='lat' dir='ltr'>est.</span> 
     </span>
    </p>
   </div>
   <div class='ocr_carea' id='block_1_77' title="bbox 196 4897 1846 4976">
    <p class='ocr_par' dir='ltr' id='par_1_77' title="bbox 196 4897 1846 4976">
     <span class='ocr_line' id='line_1_77' title="bbox 196 4897 1846 4976; baseline 0.006 -26"><span class='ocrx_word' id='word_1_521' title='bbox 196 4897 358 4951; x_wconf 84' lang='lat' dir='ltr'>Anno</span> <span class='ocrx_word' id='word_1_522' title='bbox 386 4902 583 4953; x_wconf 88' lang='lat' dir='ltr'>autem</span> <span class='ocrx_word' id='word_1_523' title='bbox 600 4899 733 4955; x_wconf 81' lang='lat'><strong>1091</strong></span> <span class='ocrx_word' id='word_1_524' title='bbox 751 4901 979 4974; x_wconf 89' lang='lat' dir='ltr'>integra</span> <span class='ocrx_word' id='word_1_525' title='bbox 992 4901 1185 4958; x_wconf 89' lang='lat' dir='ltr'>insula</span> <span class='ocrx_word' id='word_1_526' title='bbox 1198 4904 1256 4958; x_wconf 89' lang='lat' dir='ltr'>in</span> <span class='ocrx_word' id='word_1_527' title='bbox 1270 4903 1624 4976; x_wconf 89' lang='lat' dir='ltr'>principium</span> <span class='ocrx_word' id='word_1_528' title='bbox 1639 4904 1846 4960; x_wconf 81' lang='lat' dir='ltr'>North-</span> 
     </span>
    </p>
   </div>
   <div class='ocr_carea' id='block_1_78' title="bbox 198 4986 1843 5063">
    <p class='ocr_par' dir='ltr' id='par_1_78' title="bbox 198 4986 1843 5063">
     <span class='ocr_line' id='line_1_78' title="bbox 198 4986 1843 5063; baseline 0.007 -24"><span class='ocrx_word' id='word_1_529' title='bbox 198 5000 544 5041; x_wconf 87' lang='lat' dir='ltr'>mannorum</span> <span class='ocrx_word' id='word_1_530' title='bbox 575 4986 855 5045; x_wconf 87' lang='lat' dir='ltr'>ditionem</span> <span class='ocrx_word' id='word_1_531' title='bbox 890 4992 1245 5063; x_wconf 89' lang='lat' dir='ltr'>venit.Atqui</span> <span class='ocrx_word' id='word_1_532' title='bbox 1268 4996 1490 5048; x_wconf 91' lang='lat' dir='ltr'>certum</span> <span class='ocrx_word' id='word_1_533' title='bbox 1512 4997 1602 5049; x_wconf 88' lang='lat' dir='ltr'>est</span> <span class='ocrx_word' id='word_1_534' title='bbox 1622 4994 1843 5050; x_wconf 89' lang='lat' dir='ltr'>Arabes</span> 
     </span>
    </p>
   </div>
   <div class='ocr_carea' id='block_1_79' title="bbox 200 5072 1841 5153">
    <p class='ocr_par' dir='ltr' id='par_1_79' title="bbox 200 5072 1841 5153">
     <span class='ocr_line' id='line_1_79' title="bbox 200 5072 1841 5153; baseline 0.006 -25"><span class='ocrx_word' id='word_1_535' title='bbox 200 5088 429 5146; x_wconf 89' lang='lat' dir='ltr'>quoque</span> <span class='ocrx_word' id='word_1_536' title='bbox 455 5072 775 5133; x_wconf 87' lang='lat' dir='ltr'>delectatos</span> <span class='ocrx_word' id='word_1_537' title='bbox 797 5079 1146 5152; x_wconf 83' lang='lat' dir='ltr'>rhythmicis</span> <span class='ocrx_word' id='word_1_538' title='bbox 1171 5080 1612 5153; x_wconf 85' lang='lat' dir='ltr'>versibus,quos</span> <span class='ocrx_word' id='word_1_539' title='bbox 1634 5081 1693 5138; x_wconf 91' lang='lat' dir='ltr'>in</span> <span class='ocrx_word' id='word_1_540' title='bbox 1717 5099 1841 5138; x_wconf 89' lang='lat' dir='ltr'>mo-</span> 
     </span>
    </p>
   </div>
   <div class='ocr_carea' id='block_1_80' title="bbox 202 5166 1837 5227">
    <p class='ocr_par' dir='ltr' id='par_1_80' title="bbox 202 5166 1837 5227">
     <span class='ocr_line' id='line_1_80' title="bbox 202 5166 1837 5227; baseline 0.007 -11"><span class='ocrx_word' id='word_1_541' title='bbox 202 5176 318 5217; x_wconf 84' lang='lat' dir='ltr'>rem</span> <span class='ocrx_word' id='word_1_542' title='bbox 345 5166 683 5222; x_wconf 84' lang='lat' dir='ltr'>nostrorum</span> <span class='ocrx_word' id='word_1_543' title='bbox 713 5170 1172 5226; x_wconf 82' lang='lat' dir='ltr'>consonantibus</span> <span class='ocrx_word' id='word_1_544' title='bbox 1200 5169 1391 5226; x_wconf 79' lang='lat' dir='ltr'>verbis</span> <span class='ocrx_word' id='word_1_545' title='bbox 1420 5170 1837 5227; x_wconf 88' lang='lat' dir='ltr'>terminabant.</span> 
     </span>
    </p>
   </div>
   <div class='ocr_carea' id='block_1_81' title="bbox 202 5248 1841 5330">
    <p class='ocr_par' dir='ltr' id='par_1_81' title="bbox 202 5248 1841 5330">
     <span class='ocr_line' id='line_1_81' title="bbox 202 5248 1841 5330; baseline 0.007 -26"><span class='ocrx_word' id='word_1_546' title='bbox 202 5248 344 5305; x_wconf 84' lang='lat' dir='ltr'>Sunt</span> <span class='ocrx_word' id='word_1_547' title='bbox 371 5253 527 5324; x_wconf 86' lang='lat' dir='ltr'>apud</span> <span class='ocrx_word' id='word_1_548' title='bbox 558 5258 657 5312; x_wconf 81' lang='lat' dir='ltr'>e&#39;os</span> <span class='ocrx_word' id='word_1_549' title='bbox 701 5256 1118 5330; x_wconf 83' lang='lat' dir='ltr'>antiquissima</span> <span class='ocrx_word' id='word_1_550' title='bbox 1166 5258 1428 5313; x_wconf 70' lang='lat' dir='ltr'>carmina</span> <span class='ocrx_word' id='word_1_551' title='bbox 1474 5275 1600 5330; x_wconf 73' lang='lat' dir='ltr'>quae</span> <span class='ocrx_word' id='word_1_552' title='bbox 1650 5260 1841 5316; x_wconf 83' lang='lat' dir='ltr'>adhuc</span> 
     </span>
    </p>
   </div>
   <div class='ocr_carea' id='block_1_82' title="bbox 204 5335 1839 5420">
    <p class='ocr_par' dir='ltr' id='par_1_82' title="bbox 204 5335 1839 5420">
     <span class='ocr_line' id='line_1_82' title="bbox 204 5335 1839 5420; baseline 0.008 -29"><span class='ocrx_word' id='word_1_553' title='bbox 204 5335 368 5393; x_wconf 83' lang='lat' dir='ltr'>ﬁdem</span> <span class='ocrx_word' id='word_1_554' title='bbox 400 5341 483 5396; x_wconf 89' lang='lat' dir='ltr'>rei</span> <span class='ocrx_word' id='word_1_555' title='bbox 513 5341 940 5418; x_wconf 87' lang='lat' dir='ltr'>faciunt.ldque</span> <span class='ocrx_word' id='word_1_556' title='bbox 967 5347 1051 5402; x_wconf 86' lang='lat' dir='ltr'>vel</span> <span class='ocrx_word' id='word_1_557' title='bbox 1076 5346 1262 5419; x_wconf 90' lang='lat' dir='ltr'>ipsius</span> <span class='ocrx_word' id='word_1_558' title='bbox 1282 5346 1596 5402; x_wconf 89' lang='lat' dir='ltr'>Maumetis</span> <span class='ocrx_word' id='word_1_559' title='bbox 1618 5351 1839 5420; x_wconf 87' lang='lat' dir='ltr'>tempo-</span> 
     </span>
    </p>
   </div>
   <div class='ocr_carea' id='block_1_83' title="bbox 204 5424 1843 5504">
    <p class='ocr_par' dir='ltr' id='par_1_83' title="bbox 204 5424 1843 5504">
     <span class='ocr_line' id='line_1_83' title="bbox 204 5424 1843 5504; baseline 0.007 -23"><span class='ocrx_word' id='word_1_560' title='bbox 204 5424 356 5483; x_wconf 87' lang='lat' dir='ltr'>ribus</span> <span class='ocrx_word' id='word_1_561' title='bbox 385 5428 672 5488; x_wconf 84' lang='lat' dir='ltr'>familiare</span> <span class='ocrx_word' id='word_1_562' title='bbox 699 5434 981 5504; x_wconf 88' lang='lat' dir='ltr'>fuit;nam</span> <span class='ocrx_word' id='word_1_563' title='bbox 1014 5439 1260 5492; x_wconf 87' lang='lat' dir='ltr'>testante</span> <span class='ocrx_word' id='word_1_564' title='bbox 1290 5435 1604 5492; x_wconf 90' lang='lat' dir='ltr'>Marraccio</span> <span class='ocrx_word' id='word_1_565' title='bbox 1630 5435 1687 5491; x_wconf 90' lang='lat' dir='ltr'>in</span> <span class='ocrx_word' id='word_1_566' title='bbox 1711 5436 1843 5493; x_wconf 90' lang='lat' dir='ltr'>Pro-</span> 
     </span>
    </p>
   </div>
   <div class='ocr_carea' id='block_1_84' title="bbox 206 5514 1843 5596">
    <p class='ocr_par' dir='ltr' id='par_1_84' title="bbox 206 5514 1843 5596">
     <span class='ocr_line' id='line_1_84' title="bbox 206 5514 1843 5596; baseline 0.009 -26"><span class='ocrx_word' id='word_1_567' title='bbox 206 5514 417 5586; x_wconf 88' lang='lat' dir='ltr'>dromo,</span> <span class='ocrx_word' id='word_1_568' title='bbox 451 5519 550 5575; x_wconf 92' lang='lat' dir='ltr'>ubi</span> <span class='ocrx_word' id='word_1_569' title='bbox 583 5520 654 5576; x_wconf 90' lang='lat' dir='ltr'>de</span> <span class='ocrx_word' id='word_1_570' title='bbox 684 5521 967 5580; x_wconf 82' lang='lat' dir='ltr'>Alcorano</span> <span class='ocrx_word' id='word_1_571' title='bbox 1022 5524 1162 5596; x_wconf 81' lang='lat' dir='ltr'>agit,</span> <span class='ocrx_word' id='word_1_572' title='bbox 1213 5541 1338 5596; x_wconf 91' lang='lat' dir='ltr'>cap.</span> <span class='ocrx_word' id='word_1_573' title='bbox 1370 5527 1425 5589; x_wconf 88' lang='lat'>2,</span> <span class='ocrx_word' id='word_1_574' title='bbox 1470 5524 1633 5596; x_wconf 88' lang='lat' dir='ltr'>impii</span> <span class='ocrx_word' id='word_1_575' title='bbox 1685 5525 1843 5584; x_wconf 88' lang='lat' dir='ltr'>illius</span> 
     </span>
    </p>
   </div>
   <div class='ocr_carea' id='block_1_85' title="bbox 204 5602 1838 5686">
    <p class='ocr_par' dir='ltr' id='par_1_85' title="bbox 204 5602 1838 5686">
     <span class='ocr_line' id='line_1_85' title="bbox 204 5602 1838 5686; baseline 0.007 -28"><span class='ocrx_word' id='word_1_576' title='bbox 204 5602 323 5660; x_wconf 90' lang='lat' dir='ltr'>libri</span> <span class='ocrx_word' id='word_1_577' title='bbox 375 5606 562 5681; x_wconf 90' lang='lat' dir='ltr'>signa,</span> <span class='ocrx_word' id='word_1_578' title='bbox 622 5609 741 5666; x_wconf 86' lang='lat' dir='ltr'>sive</span> <span class='ocrx_word' id='word_1_579' title='bbox 789 5612 1083 5681; x_wconf 84' lang='lat' dir='ltr'>versiculi,</span> <span class='ocrx_word' id='word_1_580' title='bbox 1121 5615 1176 5668; x_wconf 84' lang='lat' dir='ltr'>in</span> <span class='ocrx_word' id='word_1_581' title='bbox 1208 5613 1523 5684; x_wconf 81' lang='lat' dir='ltr'>rhythmum</span> <span class='ocrx_word' id='word_1_582' title='bbox 1560 5614 1838 5686; x_wconf 83' lang='lat' dir='ltr'>desinunt,</span> 
     </span>
    </p>
   </div>
   <div class='ocr_carea' id='block_1_86' title="bbox 1961 4015 3622 4093">
    <p class='ocr_par' dir='ltr' id='par_1_86' title="bbox 1961 4015 3622 4093">
     <span class='ocr_line' id='line_1_86' title="bbox 1961 4015 3622 4093; baseline -0.005 -16"><span class='ocrx_word' id='word_1_583' title='bbox 1961 4023 2056 4093; x_wconf 87' lang='lat' dir='ltr'>qui</span> <span class='ocrx_word' id='word_1_584' title='bbox 2101 4023 2158 4075; x_wconf 80' lang='lat' dir='ltr'>ut</span> <span class='ocrx_word' id='word_1_585' title='bbox 2199 4020 2509 4091; x_wconf 83' lang='lat' dir='ltr'>plurimum</span> <span class='ocrx_word' id='word_1_586' title='bbox 2556 4033 2858 4073; x_wconf 74' lang='lat' dir='ltr'>consonans</span> <span class='ocrx_word' id='word_1_587' title='bbox 2906 4024 3005 4083; x_wconf 82' lang='lat' dir='ltr'>est,</span> <span class='ocrx_word' id='word_1_588' title='bbox 3040 4016 3213 4071; x_wconf 78' lang='lat' dir='ltr'>vocali</span> <span class='ocrx_word' id='word_1_589' title='bbox 3250 4015 3468 4086; x_wconf 69' lang='lat' dir='ltr'>affecta,</span> <span class='ocrx_word' id='word_1_590' title='bbox 3497 4030 3622 4070; x_wconf 86' lang='lat' dir='ltr'>cum</span> 
     </span>
    </p>
   </div>
   <div class='ocr_carea' id='block_1_87' title="bbox 1960 4103 3616 4177">
    <p class='ocr_par' dir='ltr' id='par_1_87' title="bbox 1960 4103 3616 4177">
     <span class='ocr_line' id='line_1_87' title="bbox 1960 4103 3616 4177; baseline -0.004 -13"><span class='ocrx_word' id='word_1_591' title='bbox 1960 4125 2075 4164; x_wconf 84' lang='lat' dir='ltr'>una</span> <span class='ocrx_word' id='word_1_592' title='bbox 2093 4108 2354 4163; x_wconf 75' lang='lat' dir='ltr'>extribus</span> <span class='ocrx_word' id='word_1_593' title='bbox 2398 4107 2795 4177; x_wconf 79' lang='lat' dir='ltr'>quiescentibus</span> <span class='ocrx_word' id='word_1_594' title='bbox 2834 4103 3195 4176; x_wconf 68' lang='lat' dir='ltr'>praecedente,</span> <span class='ocrx_word' id='word_1_595' title='bbox 3229 4111 3288 4159; x_wconf 82' lang='lat' dir='ltr'>ut</span> <span class='ocrx_word' id='word_1_596' title='bbox 3334 4119 3465 4168; x_wconf 81' lang='lat' dir='ltr'>una,</span> <span class='ocrx_word' id='word_1_597' title='bbox 3499 4103 3616 4170; x_wconf 82' lang='lat' dir='ltr'>ina,</span> 
     </span>
    </p>
   </div>
   <div class='ocr_carea' id='block_1_88' title="bbox 1960 4189 3619 4266">
    <p class='ocr_par' dir='ltr' id='par_1_88' title="bbox 1960 4189 3619 4266">
     <span class='ocr_line' id='line_1_88' title="bbox 1960 4189 3619 4266; baseline -0.004 -14"><span class='ocrx_word' id='word_1_598' title='bbox 1960 4194 2409 4266; x_wconf 89' lang='lat' dir='ltr'>ano,etc.Usque</span> <span class='ocrx_word' id='word_1_599' title='bbox 2442 4193 2585 4250; x_wconf 92' lang='lat' dir='ltr'>adeo</span> <span class='ocrx_word' id='word_1_600' title='bbox 2618 4193 2674 4248; x_wconf 92' lang='lat' dir='ltr'>id</span> <span class='ocrx_word' id='word_1_601' title='bbox 2708 4195 2932 4248; x_wconf 91' lang='lat' dir='ltr'>certum</span> <span class='ocrx_word' id='word_1_602' title='bbox 2977 4195 3088 4259; x_wconf 88' lang='lat' dir='ltr'>est,</span> <span class='ocrx_word' id='word_1_603' title='bbox 3120 4196 3185 4248; x_wconf 87' lang='lat' dir='ltr'>ut</span> <span class='ocrx_word' id='word_1_604' title='bbox 3232 4189 3619 4248; x_wconf 86' lang='lat' dir='ltr'>eruditissimi</span> 
     </span>
    </p>
   </div>
   <div class='ocr_carea' id='block_1_89' title="bbox 1962 4273 3617 4356">
    <p class='ocr_par' dir='ltr' id='par_1_89' title="bbox 1962 4273 3617 4356">
     <span class='ocr_line' id='line_1_89' title="bbox 1962 4273 3617 4356; baseline -0.004 -15"><span class='ocrx_word' id='word_1_605' title='bbox 1962 4285 2153 4341; x_wconf 85' lang='lat' dir='ltr'>Huetii</span> <span class='ocrx_word' id='word_1_606' title='bbox 2190 4284 2248 4338; x_wconf 89' lang='lat' dir='ltr'>in</span> <span class='ocrx_word' id='word_1_607' title='bbox 2282 4282 2414 4338; x_wconf 91' lang='lat' dir='ltr'>libr.</span> <span class='ocrx_word' id='word_1_608' title='bbox 2451 4283 2531 4339; x_wconf 89' lang='lat' dir='ltr'><strong>De</strong></span> <span class='ocrx_word' id='word_1_609' title='bbox 2561 4273 2770 4356; x_wconf 82' lang='lat' dir='ltr'>Origin.</span> <span class='ocrx_word' id='word_1_610' title='bbox 2804 4280 3051 4337; x_wconf 79' lang='lat' dir='ltr'>fabuler.</span> <span class='ocrx_word' id='word_1_611' title='bbox 3096 4282 3447 4336; x_wconf 79' lang='lat' dir='ltr'>Romanens.</span> <span class='ocrx_word' id='word_1_612' title='bbox 3484 4295 3617 4335; x_wconf 87' lang='lat' dir='ltr'>sen-</span> 
     </span>
    </p>
   </div>
   <div class='ocr_carea' id='block_1_90' title="bbox 1960 4371 3618 4443">
    <p class='ocr_par' dir='ltr' id='par_1_90' title="bbox 1960 4371 3618 4443">
     <span class='ocr_line' id='line_1_90' title="bbox 1960 4371 3618 4443; baseline -0.004 -14"><span class='ocrx_word' id='word_1_613' title='bbox 1960 4374 2143 4429; x_wconf 81' lang='lat' dir='ltr'>tentia</span> <span class='ocrx_word' id='word_1_614' title='bbox 2176 4372 2369 4439; x_wconf 90' lang='lat' dir='ltr'>fucrit,</span> <span class='ocrx_word' id='word_1_615' title='bbox 2404 4388 2499 4428; x_wconf 88' lang='lat' dir='ltr'>nos</span> <span class='ocrx_word' id='word_1_616' title='bbox 2525 4372 2596 4428; x_wconf 88' lang='lat' dir='ltr'>ab</span> <span class='ocrx_word' id='word_1_617' title='bbox 2625 4372 2868 4427; x_wconf 83' lang='lat' dir='ltr'>Arabum</span> <span class='ocrx_word' id='word_1_618' title='bbox 2890 4372 3092 4443; x_wconf 79' lang='lat' dir='ltr'>papula</span> <span class='ocrx_word' id='word_1_619' title='bbox 3132 4371 3418 4442; x_wconf 77' lang='lat' dir='ltr'>accepisse‘</span> <span class='ocrx_word' id='word_1_620' title='bbox 3444 4375 3618 4424; x_wconf 77' lang='lat' dir='ltr'>artem</span> 
     </span>
    </p>
   </div>
   <div class='ocr_carea' id='block_1_91' title="bbox 1961 4459 3615 4534">
    <p class='ocr_par' dir='ltr' id='par_1_91' title="bbox 1961 4459 3615 4534">
     <span class='ocr_line' id='line_1_91' title="bbox 1961 4459 3615 4534; baseline -0.002 -17"><span class='ocrx_word' id='word_1_621' title='bbox 1961 4461 2458 4534; x_wconf 56' lang='lat' dir='ltr'>rhythmandimoc</span> <span class='ocrx_word' id='word_1_622' title='bbox 2489 4464 2596 4528; x_wconf 89' lang='lat' dir='ltr'>est,</span> <span class='ocrx_word' id='word_1_623' title='bbox 2616 4459 3066 4517; x_wconf 87' lang='lat' dir='ltr'>consonantium</span> <span class='ocrx_word' id='word_1_624' title='bbox 3096 4459 3406 4516; x_wconf 60' lang='lat' dir='ltr'>verborum</span> <span class='ocrx_word' id='word_1_625' title='bbox 3439 4474 3615 4513; x_wconf 87' lang='lat' dir='ltr'>usum</span> 
     </span>
    </p>
   </div>
   <div class='ocr_carea' id='block_1_92' title="bbox 1961 4544 3614 4620">
    <p class='ocr_par' dir='ltr' id='par_1_92' title="bbox 1961 4544 3614 4620">
     <span class='ocr_line' id='line_1_92' title="bbox 1961 4544 3614 4620; baseline -0.002 -17"><span class='ocrx_word' id='word_1_626' title='bbox 1961 4547 2022 4603; x_wconf 91' lang='lat' dir='ltr'>in</span> <span class='ocrx_word' id='word_1_627' title='bbox 2052 4549 2415 4615; x_wconf 86' lang='lat' dir='ltr'>versibus,ex</span> <span class='ocrx_word' id='word_1_628' title='bbox 2437 4564 2551 4620; x_wconf 91' lang='lat' dir='ltr'>quo</span> <span class='ocrx_word' id='word_1_629' title='bbox 2572 4547 2841 4604; x_wconf 90' lang='lat' dir='ltr'>videlicet</span> <span class='ocrx_word' id='word_1_630' title='bbox 2863 4548 3116 4604; x_wconf 82' lang='lat' dir='ltr'>nefanda</span> <span class='ocrx_word' id='word_1_631' title='bbox 3145 4563 3289 4619; x_wconf 88' lang='lat' dir='ltr'>gens</span> <span class='ocrx_word' id='word_1_632' title='bbox 3311 4544 3614 4602; x_wconf 89' lang='lat' dir='ltr'>meliorem</span> 
     </span>
    </p>
   </div>
   <div class='ocr_carea' id='block_1_93' title="bbox 1963 4634 3614 4709">
    <p class='ocr_par' dir='ltr' id='par_1_93' title="bbox 1963 4634 3614 4709">
     <span class='ocr_line' id='line_1_93' title="bbox 1963 4634 3614 4709; baseline -0.001 -17"><span class='ocrx_word' id='word_1_633' title='bbox 1963 4636 2254 4709; x_wconf 82' lang='lat' dir='ltr'>Hispaniae</span> <span class='ocrx_word' id='word_1_634' title='bbox 2289 4641 2512 4708; x_wconf 88' lang='lat' dir='ltr'>partem</span> <span class='ocrx_word' id='word_1_635' title='bbox 2557 4637 2703 4709; x_wconf 87' lang='lat' dir='ltr'>jugo</span> <span class='ocrx_word' id='word_1_636' title='bbox 2752 4650 2858 4693; x_wconf 89' lang='lat' dir='ltr'>suo</span> <span class='ocrx_word' id='word_1_637' title='bbox 2909 4652 3172 4708; x_wconf 89' lang='lat' dir='ltr'>premere</span> <span class='ocrx_word' id='word_1_638' title='bbox 3203 4634 3377 4707; x_wconf 63' lang='lat' dir='ltr'>erepit</span> <span class='ocrx_word' id='word_1_639' title='bbox 3407 4652 3419 4689; x_wconf 89' lang='lat'>:</span> <span class='ocrx_word' id='word_1_640' title='bbox 3456 4635 3614 4707; x_wconf 92' lang='lat' dir='ltr'>quod</span> 
     </span>
    </p>
   </div>
   <div class='ocr_carea' id='block_1_94' title="bbox 1953 4723 3611 4797">
    <p class='ocr_par' dir='ltr' id='par_1_94' title="bbox 1953 4723 3611 4797">
     <span class='ocr_line' id='line_1_94' title="bbox 1953 4723 3611 4797; baseline -0.002 -16"><span class='ocrx_word' id='word_1_641' title='bbox 1953 4725 2191 4781; x_wconf 88' lang='lat' dir='ltr'>ineunte</span> <span class='ocrx_word' id='word_1_642' title='bbox 2222 4723 2433 4780; x_wconf 76' lang='lat' dir='ltr'>saeculo</span> <span class='ocrx_word' id='word_1_643' title='bbox 2462 4727 2661 4779; x_wconf 90' lang='lat' dir='ltr'>octavo</span> <span class='ocrx_word' id='word_1_644' title='bbox 2692 4725 2960 4797; x_wconf 82' lang='lat' dir='ltr'>contigit.</span> <span class='ocrx_word' id='word_1_645' title='bbox 2994 4725 3207 4780; x_wconf 90' lang='lat' dir='ltr'>Eadem</span> <span class='ocrx_word' id='word_1_646' title='bbox 3236 4739 3472 4795; x_wconf 88' lang='lat' dir='ltr'>quoque</span> <span class='ocrx_word' id='word_1_647' title='bbox 3505 4739 3611 4778; x_wconf 73' lang='lat' dir='ltr'>saa-</span> 
     </span>
    </p>
   </div>
   <div class='ocr_carea' id='block_1_95' title="bbox 1948 4809 3603 4883">
    <p class='ocr_par' dir='ltr' id='par_1_95' title="bbox 1948 4809 3603 4883">
     <span class='ocr_line' id='line_1_95' title="bbox 1948 4809 3603 4883; baseline -0.005 -12"><span class='ocrx_word' id='word_1_648' title='bbox 1948 4815 2077 4871; x_wconf 90' lang='lat' dir='ltr'>culo</span> <span class='ocrx_word' id='word_1_649' title='bbox 2108 4830 2258 4870; x_wconf 91' lang='lat' dir='ltr'>nono</span> <span class='ocrx_word' id='word_1_650' title='bbox 2290 4812 2489 4868; x_wconf 90' lang='lat' dir='ltr'>sedem</span> <span class='ocrx_word' id='word_1_651' title='bbox 2512 4811 2635 4867; x_wconf 76' lang='lat' dir='ltr'>fixit</span> <span class='ocrx_word' id='word_1_652' title='bbox 2658 4812 2717 4866; x_wconf 85' lang='lat' dir='ltr'>in</span> <span class='ocrx_word' id='word_1_653' title='bbox 2740 4810 2935 4866; x_wconf 85' lang='lat' dir='ltr'>Sicilia</span> <span class='ocrx_word' id='word_1_654' title='bbox 2956 4815 3130 4883; x_wconf 87' lang='lat' dir='ltr'>atque</span> <span class='ocrx_word' id='word_1_655' title='bbox 3179 4809 3462 4866; x_wconf 88' lang='lat' dir='ltr'>Calabria.</span> <span class='ocrx_word' id='word_1_656' title='bbox 3505 4809 3603 4863; x_wconf 88' lang='lat' dir='ltr'>ln-</span> 
     </span>
    </p>
   </div>
   <div class='ocr_carea' id='block_1_96' title="bbox 1953 4896 3605 4970">
    <p class='ocr_par' dir='ltr' id='par_1_96' title="bbox 1953 4896 3605 4970">
     <span class='ocr_line' id='line_1_96' title="bbox 1953 4896 3605 4970; baseline -0.006 -10"><span class='ocrx_word' id='word_1_657' title='bbox 1953 4920 2200 4959; x_wconf 90' lang='lat' dir='ltr'>numera</span> <span class='ocrx_word' id='word_1_658' title='bbox 2227 4902 2344 4957; x_wconf 78' lang='lat' dir='ltr'>dixi</span> <span class='ocrx_word' id='word_1_659' title='bbox 2378 4900 2569 4956; x_wconf 90' lang='lat' dir='ltr'>adhuc</span> <span class='ocrx_word' id='word_1_660' title='bbox 2613 4900 2862 4955; x_wconf 77' lang='lat' dir='ltr'>existere</span> <span class='ocrx_word' id='word_1_661' title='bbox 2890 4898 3145 4955; x_wconf 72' lang='lat' dir='ltr'>Arabica:</span> <span class='ocrx_word' id='word_1_662' title='bbox 3181 4897 3373 4970; x_wconf 86' lang='lat' dir='ltr'>gentis</span> <span class='ocrx_word' id='word_1_663' title='bbox 3395 4896 3605 4952; x_wconf 84' lang='lat' dir='ltr'>carmi-</span> 
     </span>
    </p>
   </div>
   <div class='ocr_carea' id='block_1_97' title="bbox 1953 4985 3609 5062">
    <p class='ocr_par' dir='ltr' id='par_1_97' title="bbox 1953 4985 3609 5062">
     <span class='ocr_line' id='line_1_97' title="bbox 1953 4985 3609 5062; baseline -0.004 -15"><span class='ocrx_word' id='word_1_664' title='bbox 1953 5008 2061 5060; x_wconf 89' lang='lat' dir='ltr'>na;</span> <span class='ocrx_word' id='word_1_665' title='bbox 2094 4991 2269 5062; x_wconf 89' lang='lat' dir='ltr'>idque</span> <span class='ocrx_word' id='word_1_666' title='bbox 2299 4988 2475 5044; x_wconf 88' lang='lat' dir='ltr'>etiam</span> <span class='ocrx_word' id='word_1_667' title='bbox 2507 4986 2874 5044; x_wconf 90' lang='lat' dir='ltr'>Derbelotius</span> <span class='ocrx_word' id='word_1_668' title='bbox 2904 5005 3008 5043; x_wconf 88' lang='lat' dir='ltr'>nos</span> <span class='ocrx_word' id='word_1_669' title='bbox 3040 4985 3386 5042; x_wconf 85' lang='lat' dir='ltr'>docuit.1mo</span> <span class='ocrx_word' id='word_1_670' title='bbox 3418 4985 3609 5057; x_wconf 89' lang='lat' dir='ltr'>Span-</span> 
     </span>
    </p>
   </div>
   <div class='ocr_carea' id='block_1_98' title="bbox 1954 5074 3606 5150">
    <p class='ocr_par' dir='ltr' id='par_1_98' title="bbox 1954 5074 3606 5150">
     <span class='ocr_line' id='line_1_98' title="bbox 1954 5074 3606 5150; baseline -0.006 -12"><span class='ocrx_word' id='word_1_671' title='bbox 1954 5081 2186 5138; x_wconf 86' lang='lat' dir='ltr'>hemius</span> <span class='ocrx_word' id='word_1_672' title='bbox 2200 5082 2402 5136; x_wconf 88' lang='lat' dir='ltr'>auctor</span> <span class='ocrx_word' id='word_1_673' title='bbox 2416 5080 2504 5134; x_wconf 90' lang='lat' dir='ltr'>est</span> <span class='ocrx_word' id='word_1_674' title='bbox 2523 5076 2707 5150; x_wconf 85' lang='lat' dir='ltr'>poetis</span> <span class='ocrx_word' id='word_1_675' title='bbox 2730 5074 2847 5133; x_wconf 89' lang='lat' dir='ltr'>illis</span> <span class='ocrx_word' id='word_1_676' title='bbox 2870 5093 2984 5132; x_wconf 88' lang='lat' dir='ltr'>non</span> <span class='ocrx_word' id='word_1_677' title='bbox 3010 5074 3342 5131; x_wconf 88' lang='lat' dir='ltr'>inventione</span> <span class='ocrx_word' id='word_1_678' title='bbox 3354 5076 3606 5140; x_wconf 88' lang='lat' dir='ltr'>tantum,</span> 
     </span>
    </p>
   </div>
   <div class='ocr_carea' id='block_1_99' title="bbox 1953 5158 3609 5239">
    <p class='ocr_par' dir='ltr' id='par_1_99' title="bbox 1953 5158 3609 5239">
     <span class='ocr_line' id='line_1_99' title="bbox 1953 5158 3609 5239; baseline -0.005 -12"><span class='ocrx_word' id='word_1_679' title='bbox 1953 5171 2054 5227; x_wconf 89' lang='lat' dir='ltr'>sed</span> <span class='ocrx_word' id='word_1_680' title='bbox 2086 5175 2142 5225; x_wconf 89' lang='lat' dir='ltr'>ot</span> <span class='ocrx_word' id='word_1_681' title='bbox 2171 5184 2413 5224; x_wconf 89' lang='lat' dir='ltr'>numero</span> <span class='ocrx_word' id='word_1_682' title='bbox 2445 5168 2781 5239; x_wconf 80' lang='lat' dir='ltr'>poematum</span> <span class='ocrx_word' id='word_1_683' title='bbox 2816 5182 2881 5221; x_wconf 91' lang='lat' dir='ltr'>ac</span> <span class='ocrx_word' id='word_1_684' title='bbox 2911 5180 3184 5221; x_wconf 84' lang='lat' dir='ltr'>versuum</span> <span class='ocrx_word' id='word_1_685' title='bbox 3218 5161 3386 5235; x_wconf 87' lang='lat' dir='ltr'>copia</span> <span class='ocrx_word' id='word_1_686' title='bbox 3415 5162 3488 5219; x_wconf 88' lang='lat' dir='ltr'>ab</span> <span class='ocrx_word' id='word_1_687' title='bbox 3520 5158 3609 5219; x_wconf 82' lang='lat' dir='ltr'>eis</span> 
     </span>
    </p>
   </div>
   <div class='ocr_carea' id='block_1_100' title="bbox 1952 5250 3609 5332">
    <p class='ocr_par' dir='ltr' id='par_1_100' title="bbox 1952 5250 3609 5332">
     <span class='ocr_line' id='line_1_100' title="bbox 1952 5250 3609 5332; baseline -0.005 -16"><span class='ocrx_word' id='word_1_688' title='bbox 1952 5255 2658 5332; x_wconf 84' lang='lat' dir='ltr'>scriptorum,quemlibct</span> <span class='ocrx_word' id='word_1_689' title='bbox 2689 5253 2869 5310; x_wconf 89' lang='lat' dir='ltr'>alium</span> <span class='ocrx_word' id='word_1_690' title='bbox 2900 5253 3181 5327; x_wconf 87' lang='lat' dir='ltr'>pepulum</span> <span class='ocrx_word' id='word_1_691' title='bbox 3205 5250 3377 5324; x_wconf 85' lang='lat' dir='ltr'>longe</span> <span class='ocrx_word' id='word_1_692' title='bbox 3407 5268 3609 5309; x_wconf 88' lang='lat' dir='ltr'>conce-</span> 
     </span>
    </p>
   </div>
   <div class='ocr_carea' id='block_1_101' title="bbox 1951 5339 3609 5419">
    <p class='ocr_par' dir='ltr' id='par_1_101' title="bbox 1951 5339 3609 5419">
     <span class='ocr_line' id='line_1_101' title="bbox 1951 5339 3609 5419; baseline -0.005 -14"><span class='ocrx_word' id='word_1_693' title='bbox 1951 5350 2108 5405; x_wconf 89' lang='lat' dir='ltr'>dere.</span> <span class='ocrx_word' id='word_1_694' title='bbox 2143 5349 2212 5403; x_wconf 87' lang='lat' dir='ltr'>Et</span> <span class='ocrx_word' id='word_1_695' title='bbox 2239 5345 2491 5419; x_wconf 85' lang='lat' dir='ltr'>profecto</span> <span class='ocrx_word' id='word_1_696' title='bbox 2525 5342 2669 5399; x_wconf 86' lang='lat' dir='ltr'>mihi</span> <span class='ocrx_word' id='word_1_697' title='bbox 2701 5359 2984 5416; x_wconf 81' lang='lat' dir='ltr'>perquam</span> <span class='ocrx_word' id='word_1_698' title='bbox 3014 5339 3329 5398; x_wconf 88' lang='lat' dir='ltr'>verisimile</span> <span class='ocrx_word' id='word_1_699' title='bbox 3376 5342 3609 5397; x_wconf 89' lang='lat' dir='ltr'>videtur</span> 
     </span>
    </p>
   </div>
   <div class='ocr_carea' id='block_1_102' title="bbox 1951 5430 3605 5510">
    <p class='ocr_par' dir='ltr' id='par_1_102' title="bbox 1951 5430 3605 5510">
     <span class='ocr_line' id='line_1_102' title="bbox 1951 5430 3605 5510; baseline -0.004 -17"><span class='ocrx_word' id='word_1_700' title='bbox 1951 5455 2057 5494; x_wconf 89' lang='lat' dir='ltr'>nos</span> <span class='ocrx_word' id='word_1_701' title='bbox 2092 5453 2264 5510; x_wconf 83' lang='lat' dir='ltr'>posse</span> <span class='ocrx_word' id='word_1_702' title='bbox 2295 5451 2410 5490; x_wconf 93' lang='lat' dir='ltr'>non</span> <span class='ocrx_word' id='word_1_703' title='bbox 2441 5436 2656 5489; x_wconf 89' lang='lat' dir='ltr'>temere</span> <span class='ocrx_word' id='word_1_704' title='bbox 2703 5432 3002 5488; x_wconf 89' lang='lat' dir='ltr'>Abrabum</span> <span class='ocrx_word' id='word_1_705' title='bbox 3051 5430 3266 5505; x_wconf 86' lang='lat' dir='ltr'>populo</span> <span class='ocrx_word' id='word_1_706' title='bbox 3304 5432 3605 5503; x_wconf 85' lang='lat' dir='ltr'>acceptam</span> 
     </span>
    </p>
   </div>
   <div class='ocr_carea' id='block_1_103' title="bbox 1951 5520 3677 5594">
    <p class='ocr_par' dir='ltr' id='par_1_103' title="bbox 1951 5520 3677 5594">
     <span class='ocr_line' id='line_1_103' title="bbox 1951 5520 3677 5594; baseline -0.005 -12"><span class='ocrx_word' id='word_1_707' title='bbox 1951 5528 2166 5584; x_wconf 89' lang='lat' dir='ltr'>referre</span> <span class='ocrx_word' id='word_1_708' title='bbox 2200 5527 2383 5581; x_wconf 91' lang='lat' dir='ltr'>artem</span> <span class='ocrx_word' id='word_1_709' title='bbox 2406 5521 2944 5594; x_wconf 85' lang='lat' dir='ltr'>rhythmicam,sive</span> <span class='ocrx_word' id='word_1_710' title='bbox 2966 5539 3138 5578; x_wconf 86' lang='lat' dir='ltr'>usum</span> <span class='ocrx_word' id='word_1_711' title='bbox 3153 5520 3604 5578; x_wconf 89' lang='lat' dir='ltr'>consonantium</span> <span class='ocrx_word' id='word_1_712' title='bbox 3674 5548 3677 5551; x_wconf 95' lang='lat'><strong><em>-</em></strong></span> 
     </span>
    </p>
   </div>
   <div class='ocr_carea' id='block_1_104' title="bbox 1950 5610 3606 5683">
    <p class='ocr_par' dir='ltr' id='par_1_104' title="bbox 1950 5610 3606 5683">
     <span class='ocr_line' id='line_1_104' title="bbox 1950 5610 3606 5683; baseline -0.005 -10"><span class='ocrx_word' id='word_1_713' title='bbox 1950 5634 2162 5673; x_wconf 88' lang='lat' dir='ltr'>vocum</span> <span class='ocrx_word' id='word_1_714' title='bbox 2194 5614 2254 5669; x_wconf 89' lang='lat' dir='ltr'>in</span> <span class='ocrx_word' id='word_1_715' title='bbox 2286 5613 2399 5669; x_wconf 83' lang='lat' dir='ltr'>ﬁne</span> <span class='ocrx_word' id='word_1_716' title='bbox 2437 5628 2737 5683; x_wconf 84' lang='lat' dir='ltr'>versuum,</span> <span class='ocrx_word' id='word_1_717' title='bbox 2773 5612 3007 5683; x_wconf 87' lang='lat' dir='ltr'>quando</span> <span class='ocrx_word' id='word_1_718' title='bbox 3054 5610 3265 5669; x_wconf 84' lang='lat' dir='ltr'>eruditi</span> <span class='ocrx_word' id='word_1_719' title='bbox 3314 5612 3606 5668; x_wconf 89' lang='lat' dir='ltr'>testantur</span> 
     </span>
    </p>
   </div>
  </div>
