3984 6166
403 330 522 394 799

1141 327 1332 393 SEO.
1379 328 1461 393 XI
1504 327 1733 392 AUCT.
1780 325 2099 389 INCERTI
2143 323 2334 388 ΑΝΝῙ
2376 323 2477 389 ΕΤ
2523 323 2818 388 SCPIPT.
2870 330 3094 384 ’AAEEII.

3743 321 3873 386 800

405 460 892 538 antiquissimum
921 479 1049 522 esse
1079 464 1232 536 apud
1263 478 1390 520 eam
1415 465 1652 536 gentem
1668 457 2048 535 rhythmandi
2077 461 2133 530 Α
2161 457 2377 534 populo
2407 458 2663 516 ediscere
2689 458 2864 516 etiam
2887 457 3054 516 licuit
3081 454 3559 531 Siculis,quando
3583 472 3872 514 consen-

405 571 651 624 morem,
686 570 863 627 quem
890 553 1080 610 adhuc
1113 552 1384 620 retinent,
1414 556 1472 608 et
1500 551 1723 608 celebre
1769 550 1880 607 fuit
1908 549 2048 606 olim

406 661 610 701 eorum
637 659 849 699 nomen
867 661 896 698 e
914 643 1240 698 litterarum
1271 641 1881 714 studiis,multumque
1903 655 2056 696 com-

407 732 608 790 mercii
639 732 723 788 eis
752 735 876 788 erat
905 748 1038 786 cum
1068 730 1387 803 Europaeis,
1421 747 1486 786 ac
1529 730 1816 803 praecipue
1871 729 2052 784 Italis.

406 813 693 880 Fortassis
724 824 780 876 et
810 820 880 876 ab
913 821 996 875 eis
1028 820 1361 892 accepimus
1392 821 1581 875 varias
1622 836 1900 875 versuum
1941 820 2053 874 for-

407 929 555 978 mas,
591 927 738 982 quas
768 908 1046 965 describit
1075 909 1359 982 Agapitus
1389 927 1422 964 a
1450 908 1610 964 Valle
1660 908 2054 964 Flemmarum

405 998 593 1057 ordin.
627 997 834 1054 Minor.
869 998 927 1052 in
959 996 1156 1054 libello
1205 999 1285 1054 De
1333 1003 1454 1055 arte
1505 996 1747 1052 metrica
1773 997 2050 1052 Arabum.

403 1089 617 1145 Praeter
644 1086 802 1158 alios.
831 1087 960 1158 ejus
991 1086 1182 1159 gentis
1206 1086 1388 1142 libros
1409 1085 1468 1142 in
1493 1085 1645 1141 hanc
1665 1102 1786 1141 rem
1811 1084 2055 1141 celebris

401 1181 488 1234 cst
549 1179 833 1241 tractatus
881 1175 1058 1232 Bader
1139 1175 1329 1231 Aldini
1384 1175 1723 1231 Damaniani
1784 1175 2056 1246 principis

396 1269 682 1338 poetarum
711 1265 867 1336 apud
889 1264 1238 1337 Arabes,qui
1261 1269 1526 1319 accurate
1547 1263 1619 1318 de
1640 1280 1750 1319 usu
1775 1263 2055 1335 rhythmo-

401 1373 528 1411 rum
556 1353 1087 1427 scripsit.Antiquis
1120 1369 1253 1409 vero
1286 1351 1515 1410 saeculis
1537 1355 1670 1425 post
1695 1353 1967 1407 abactum
1987 1369 2056 1407 ex

402 1442 572 1500 Italia
599 1445 933 1499 Graecorum
960 1441 1296 1515 imperium,
1323 1442 1582 1497 Arabum
1608 1441 1874 1497 doctrina
1898 1445 2054 1497 tanto

403 1531 562 1588 Italis
591 1531 652 1586 in
684 1531 902 1587 honore
933 1531 1064 1600 fuit,
1089 1536 1154 1587 ut
1183 1531 1221 1585 ii
1253 1529 1542 1604 praecipue
1573 1529 1899 1586 litterarum
1932 1546 2055 1585 ma-

401 1620 572 1694 gistri
605 1623 1012 1689 censerentur;
1046 1619 1201 1692 quod
1227 1625 1283 1675 et
1303 1620 1886 1676 commemorandum
1910 1618 2054 1674 mihi

403 1698 514 1765 erit
538 1709 692 1764 intra
710 1709 772 1763 in
793 1707 1215 1764 Dissertatione
1244 1726 1374 1763 xuv
1391 1708 1456 1764 de
1478 1709 1788 1764 litterarum
1807 1711 2050 1779 fortuna.

402 1797 569 1853 Addo
601 1814 717 1853 non
751 1797 934 1852 levem
967 1797 1136 1852 nobis
1159 1797 1499 1868 suspicandi
1524 1813 1763 1853 causam
1785 1796 2052 1870 praeberi,

401 1885 620 1943 Arabes
652 1902 686 1941 a
714 1885 1112 1941 vetustissimo
1145 1883 1358 1958 pOpulo
1379 1885 1622 1942 Judaico
1645 1885 2051 1958 rhythmorum

404 1978 589 2032 artem
619 1979 678 2031 et
708 1991 882 2030 usum
915 1974 1149 2030 edoctos
1176 1973 1575 2046 tuisse.Supra
1595 1973 1852 2030 vidimus
1875 1974 2052 2030 dicte-

403 2065 558 2121 rium
591 2062 907 2120 mulierum
940 2063 1311 2119 Hebraearum
1343 2063 1403 2118 in
1434 2063 1570 2120 Saul
1595 2079 1776 2120 causa
1803 2063 2058 2120 victoriae

404 2172 438 2210 a
465 2153 644 2210 David
677 2152 890 2210 relatae.
926 2151 1010 2209 Ibi
1041 2151 1425 2208 consonantia
1451 2169 1681 2208 vocum.
1733 2151 1850 2208 Hac
1894 2152 1965 2208 de
1998 2168 2056 2208 re

402 2243 725 2317 disputatio
757 2242 1018 2314 proxime
1047 2241 1356 2313 praeteritis
1387 2241 1558 2298 annis
1578 2242 1764 2314 viguit
1785 2241 1936 2298 inter
1955 2241 2056 2296 do-

401 2332 738 2390 ctissimum
760 2331 952 2387 virum
981 2329 1242 2386 Blasium
1273 2329 1630 2398 Garofolum,
1651 2347 1718 2386 ac
1749 2329 1894 2386 alios
1924 2346 2055 2385 eru-

403 2421 576 2479 ditos.
615 2421 778 2489 Quod
828 2420 981 2488 novi,
1011 2419 1378 2493 Augustinus
1425 2419 1791 2492 Eugubinus,
1842 2417 2056 2474 Meibo-

406 2511 921 2579 mius,Ludovicus
951 2507 1242 2582 Capellus,
1276 2508 1554 2577 Clericus,
1588 2507 1854 2577 Huetius,
1879 2512 1934 2564 et
1962 2505 2058 2562 alii

405 2599 902 2668 sensere,Judaeos
919 2599 992 2654 ab
1011 2596 1440 2668 antiquissimis
1462 2595 1690 2652 saeculis
1711 2600 2058 2653 concentum

410 2689 568 2744 hunc
595 2688 909 2744 verborum
944 2701 1260 2758 usurpasse
1279 2685 1340 2741 in
1363 2685 1485 2741 suis
1509 2684 2060 2759 carminibus,hym-

411 2776 527 2842 nis,
561 2779 617 2831 et
648 2775 912 2831 canticis.
971 2774 1159 2840 Quid?
1218 2775 1370 2845 quod
1431 2774 1844 2830 Fourmontius
1885 2775 1950 2830 V.
1984 2775 2054 2830 cl.

407 2863 648 2921 Parisiis
679 2880 832 2919 anno
863 2863 1004 2924 471ιι
1036 2862 1506 2919 dissertationem
1538 2863 1724 2919 edidit
1754 2863 1814 2919 in
1855 2865 2057 2920 eadem

408 2953 554 3010 urbe
578 2952 734 3026 typis
753 2951 1106 3025 impressam
1128 2951 1350 3008 tom.VI
1371 2951 1651 3009 Mdmoires
1672 2953 1737 3008 de
1767 2952 2056 3010 l’Academ.

412 3041 502 3098 des
559 3043 931 3114 lnscriptions.
996 3041 1080 3097 Ibi
1135 3056 1266 3113 pag.
1336 3041 1434 3096 160
1491 3039 1678 3096 multa
1735 3041 2060 3097 eruditione

408 3129 746 3197 ostendit,in
776 3129 1018 3203 poeticis
1049 3128 1216 3186 libris
1247 3129 1472 3185 Veteris
1501 3122 1860 3186 Testamenti
1901 3131 2057 3201 ejus-

2165 549 2275 606 tire
2307 547 2586 616 nolimus,
2611 549 2684 604 ab
2714 547 2960 605 Arabica
2983 551 3153 622 gente
3175 565 3273 605 eos
3299 547 3597 620 accepisse
3629 545 3874 620 vulga-

2166 639 2321 694 rium
2353 638 2682 694 carminum
2714 635 3358 710 artem.Rhytbmorum
3393 637 3668 710 profecto
3721 635 3870 692 vul-

2165 729 2287 802 gari
2320 727 2911 801 lingua'conditorum
2935 728 3089 800 apud
3111 731 3313 800 gentes
3337 724 3868 800 septentrionales

2166 816 2461 889 antiquior
2482 820 2571 872 est
2598 833 2742 873 usus
2768 833 2946 888 quam
2971 815 3422 872 Provincialium
3441 820 3496 872 et
3517 813 3862 872 Italorum.

2166 905 2495 962 Ostendunt
2546 905 2819 961 Germani
2868 904 3180 979 Evangelia
3229 905 3502 976 rhythmis
3543 906 3866 961 Theotiscis

2165 1010 2196 1049 e
2225 992 2425 1050 Latino
2458 993 2686 1050 reddita
2729 1009 2831 1066 per
2881 993 3175 1050 Otfridum
3206 991 3565 1051 monachum
3597 993 3862 1050 circiter

2165 1100 2386 1139 annum
2435 1083 2569 1152 880;
2623 1099 2750 1155 quae
2807 1083 3032 1139 cantica
3078 1083 3352 1140 brevibus
3400 1081 3727 1140 versiculis
3791 1081 3856 1139 in

2163 1189 2332 1229 voces
2361 1177 2750 1229 consonantes
2773 1171 3181 1229 desinentibus
3207 1171 3643 1228 constant.A1ia
3691 1188 3852 1244 quo-

2165 1279 2276 1334 que
2307 1261 2573 1332 ejusdem
2619 1261 2851 1334 generis
2897 1264 3168 1334 poemata
3214 1261 3310 1316 ille
3356 1259 3653 1334 procudit,
3713 1277 3852 1334 quae

2166 1351 2357 1406 adhuc
2388 1367 2530 1407 mss.
2565 1354 2869 1406 servantur
2923 1350 2982 1405 in
3038 1348 3465 1423 antiquissimis
3518 1349 3854 1406 codicibus

2164 1438 2434 1495 Caesareae
2479 1438 2950 1494 Vindobonensis
3007 1437 3372 1495 bibliothecae
3405 1455 3472 1495 ac
3503 1437 3850 1504 Vaticana,

2165 1528 2282 1584 imo
2313 1528 2467 1600 typis
2499 1528 2677 1584 etiam
2707 1527 2884 1585 aeneis
2935 1545 2969 1584 a
3024 1527 3248 1584 Joanne
3295 1526 3580 1584 Schiltero
3613 1527 3851 1584 tradita

2165 1621 2451 1690 prostant.
2483 1618 2632 1674 Sunt
2661 1621 2716 1673 et
2745 1616 2861 1674 alia
2887 1617 3042 1690 apud
3071 1615 3284 1684 Danos,
3317 1617 3535 1674 Succos
3558 1619 3844 1685 caeteros-

2164 1722 2278 1778 que
2311 1706 2632 1763 Germanos
2662 1707 2791 1778 ejus
2821 1705 3051 1780 generis
3081 1705 3486 1762 vetustissima
3533 1705 3842 1763 carmina.

2163 1795 2449 1867 Georgius
2480 1794 2682 1851 itidem
2715 1794 3200 1862 Hickesius,inter
3227 1794 3539 1851 Britannos
3575 1811 3838 1852 summa

2162 1884 2252 1938 vir
2280 1883 2648 1951 eruditionis,
2681 1882 2741 1938 in
2772 1883 3055 1939 Thesaur.
3091 1881 3343 1955 linguar.
3378 1887 3556 1938 veter.
3589 1888 3836 1957 septen-

2164 1971 2397 2030 trional.
2432 1989 2772 2046 quanquam
2804 1972 3040 2039 scribat,
3059 1971 3118 2027 in
3151 1971 3586 2044 antiquissimis
3609 1970 3838 2046 Anglo-

2165 2063 2461 2118 Saxonum
2492 2060 3194 2134 pseudo-rhythmos,hoc
3224 2064 3316 2117 est
3339 2061 3388 2117 te
3417 2062 3841 2131 rime,minime

2166 2150 2408 2224 reperiri
2462 2169 2475 2206 :
2535 2155 2792 2207 attamen
2843 2167 2971 2222 cap.
3025 2152 3092 2204 24
3154 2149 3561 2206 Grammaticas
3609 2149 3838 2222 Anglo—

2167 2241 2375 2296 Saxon.
2407 2240 2732 2312 specimina
2763 2240 2928 2296 aﬂ‘ert
2959 2239 3311 2309 carminum,
3344 2256 3474 2312 quas
3505 2238 3636 2312 ipse
3667 2242 3837 2296 semi-

2168 2329 2439 2385 Saxonica
2460 2328 2838 2401 appellat,ubi
2861 2329 3122 2385 similiter
3149 2329 3345 2384 cadens
3366 2327 3837 2401 occurrit,quale

2168 2418 2227 2473 in
2246 2419 2415 2474 nobis
2439 2419 2496 2473 in
2519 2419 2634 2474 ﬁne
2651 2433 2926 2474 versuum
2949 2416 3566 2490 usurpatur.Usserius
3589 2433 3836 2490 quoque

2168 2524 2292 2580 cap.
2330 2509 2418 2575 17,
2453 2523 2584 2580 pag.
2620 2508 2742 2575 450,
2775 2507 3120 2580 Antiquitat.
3171 2507 3435 2563 Britann.
3485 2505 3722 2574 eccles.,
3766 2522 3838 2564 ex

2166 2596 2298 2651 Vita
2326 2595 2481 2652 beati
2512 2595 2676 2652 Albei
2708 2595 2830 2652 haec
2863 2595 3030 2652 affert
3057 2613 3069 2651 :
3103 2595 3232 2652 Inde
3255 2599 3475 2652 sanctus
3515 2597 3834 2664 Patricius,

2169 2685 2575 2758 archipontifex
2620 2689 2670 2741 et
2724 2689 2989 2757 patronus
3038 2688 3204 2742 totius
3253 2687 3556 2755 Hiberniae,
3611 2702 3834 2744 versum

2167 2784 2474 2849 sequentem
2517 2776 2725 2832 Scotica
2778 2776 2994 2846 lingua,
3026 2777 3188 2849 quasi
3233 2775 3502 2848 quoddam
3539 2776 3834 2831 oraculum

2171 2867 2306 2934 legis
2335 2867 2572 2937 vigorem
2603 2864 2826 2931 habens,
2859 2867 3120 2920 cantavit.
3155 2867 3324 2934 Quem
3353 2881 3570 2922 versum
3596 2865 3833 2937 familia

2170 2955 2356 3010 Sancti
2393 2953 2548 3010 Albei
2577 2962 2627 3010 et
2651 2955 2874 3027 familia
2911 2955 3102 3010 Sancti
3130 2955 3357 3010 Declani
3401 2955 3700 3010 notuerunt
3723 2971 3831 3026 pro

2165 3059 2220 3099 sc
2256 3044 2340 3100 vel
2371 3044 2797 3116 rhythmice,seu
2826 3045 3048 3100 metrice
3080 3047 3142 3100 in
3172 3045 3427 3100 Latin-um
3456 3051 3820 3112 verteremus;

2167 3132 2261 3188 sed
2287 3133 2516 3205 majoris
2544 3133 2886 3188 auctoritatis
2914 3134 2968 3188 ei
2995 3131 3360 3190 concilianda?
3407 3135 3608 3204 gratia,
3661 3133 3836 3189 illum

409 3220 566 3278 modi
597 3224 943 3276 concentum
978 3219 1036 3275 in
1072 3219 1184 3275 ﬁne
1212 3235 1487 3276 versuum
1520 3220 2057 3276 occurrere.Exem-
2089 3205 2133 3274 C
2165 3223 2391 3294 proprio
2421 3229 2472 3278 et
2497 3224 2755 3293 genuino,
2803 3237 2906 3292 quo
2952 3224 3372 3294 pronuntiatum
3393 3230 3444 3278 et
3470 3224 3831 3294 compositum

407 3308 520 3381 plis
544 3325 740 3380 parco.

479 3400 614 3464 Quae
675 3397 774 3454 ubi
831 3401 1164 3453 statuamus
1209 3397 1335 3468 jam
1394 3400 1554 3470 patet
1604 3396 2055 3454 consonantium

406 3503 616 3544 vocum
648 3503 824 3543 usum
855 3486 914 3542 in
943 3486 1419 3558 versibus,supra
1448 3503 1626 3560 quam
1656 3485 1831 3560 vulgo
1861 3487 2057 3543 creda-

407 3580 525 3643 tur,
552 3575 723 3648 longe
753 3575 1234 3647 antiquissimum
1267 3579 1623 3647 esse,utpote
1654 3575 1755 3648 qui
1787 3575 2059 3632 aJudaeis

408 3665 466 3720 in
497 3666 672 3736 Syros
702 3667 759 3718 et
787 3663 1006 3720 Arabes
1038 3663 1276 3719 ﬂuxisse
1305 3663 1552 3720 videtur.
1585 3665 1800 3721 Deinde
1831 3682 1897 3722 ex
1917 3667 2056 3722 Ara-

409 3753 553 3809 bum
584 3754 753 3824 gente
781 3751 899 3807 veri
930 3752 1159 3807 videtur
1189 3750 1381 3808 simile
1413 3752 1572 3825 ipsos
1603 3754 1930 3810 Occidentis
1953 3771 2059 3828 po-

409 3841 579 3916 pulos
610 3844 795 3897 artem
827 3841 978 3896 hanc
1009 3840 1305 3910 didicisse,
1337 3841 1448 3897 nisi
1477 3843 1742 3899 eamdem
1774 3861 1808 3901 a
1829 3843 2060 3917 populis

411 3928 965 4002 septentrionalibus
996 3933 1167 3985 antea
1197 3929 1527 3986 didicerint.
1563 3932 1708 3988 Nam
1739 3936 1798 3988 et
1827 3933 1897 3988 ad
1931 3932 2061 3988 illos

408 4020 467 4074 in
489 4018 660 4076 hisee
692 4018 1114 4092 investigandis
1137 4018 1336 4074 oculos
1366 4023 1776 4078 convertemus
1809 4025 2058 4094 oportet.

409 4108 573 4165 Certe
604 4112 736 4181 post
764 4109 984 4164 Arabes
1005 4107 1320 4181 imperium
1343 4107 1550 4164 Siciliae
1576 4110 1872 4182 arripuere
1889 4111 2064 4167 comi-

410 4202 518 4267 tes,
549 4197 729 4254 duces
760 4214 826 4254 ac
859 4213 1023 4270 reges
1073 4197 1459 4254 Northmanni
1521 4216 1534 4253 :
1581 4215 1725 4271 gens
1773 4216 1982 4274 nempe
2032 4218 2067 4257 a

411 4285 602 4359 gelido
635 4286 1037 4357 Septentrione
1067 4285 1206 4341 olim
1237 4285 1296 4340 in
1330 4285 1601 4354 Galliam,
1635 4305 1699 4342 ac
1729 4289 1969 4345 demum
2003 4290 2064 4345 in

413 4375 682 4447 Magnam
701 4373 1357 4447 Britanniam,Apuliam
1383 4378 1557 4446 atque
1577 4375 1834 4433 Siciliam
1857 4379 2063 4449 effusa,

415 4463 809 4519 dominatione
837 4463 911 4518 iis
943 4463 1004 4518 in
1038 4462 1179 4518 locis
1211 4461 1528 4519 fortissime
1558 4465 1948 4522 constabilita.
1979 4468 2062 4523 Ad

2165 3316 2243 3368 est
2273 3329 2306 3366 a
2333 3313 2517 3366 sancto
2546 3312 2812 3377 Patricio,
2842 3309 3123 3376 idiomatc,
3151 3327 3252 3382 pro
3281 3311 3548 3381 dignitate
3589 3313 3831 3383 profere-

2165 3415 2289 3456 mus
2317 3401 2379 3456 in
2408 3399 2757 3455 mediumJta
2786 3399 2988 3456 Scotice
3019 3401 3244 3456 canitur
3273 3401 3373 3456 ille
3399 3416 3581 3456 versus
3612 3419 3631 3457 :

2309 3489 2464 3544 Ailbe
2491 3490 2663 3556 umal,
2697 3490 2888 3545 Patrio
2910 3491 3152 3558 Muman,
3178 3507 3266 3546 mo
3289 3489 3425 3561 gach
3450 3489 3577 3544 ναίὴ

2315 3579 2544 3634 Theclan
2574 3579 2762 3634 Patrio
2790 3578 3072 3645 Nandeisi,
3105 3596 3176 3650 ag
3205 3579 3424 3635 theclan
3452 3595 3517 3650 go
3549 3578 3706 3634 brath

2169 3667 2254 3723 Ad
2286 3666 2407 3722 haec
2437 3665 2817 3724 Mabillonius
2846 3672 2990 3724 tom.
3027 3667 3103 3724 III
3128 3667 3338 3723 Annal.
3372 3667 3822 3737 Benedictinor.,

2170 3773 2303 3830 pag.
2353 3758 2480 3824 684,
2529 3756 2798 3830 producit
2845 3756 3186 3829 rhythmum
3246 3755 3565 3812 Teutonica
3624 3755 3826 3830 lingua

2171 3844 2588 3915 confectum,in
2622 3862 2736 3918 quo
2765 3846 3039 3902 eumdem
3066 3863 3275 3903 vocum
3309 3850 3659 3904 concentum
3677 3846 3828 3903 inve-

2170 3935 2321 3990 nies.
2355 3935 2484 3990 Haec
2511 3933 2787 4006 profecto,
2818 3933 2975 3991 ultra
3015 3951 3195 4007 quam
3227 3934 3398 3991 multi
3429 3934 3548 3992 sint
3577 3934 3822 4008 opinati,

2172 4023 2584 4096 rhythmorum
2604 4022 2936 4096 vulgarium
2960 4023 3371 4096 antiquitatem
3394 4023 3608 4096 oppido
3635 4039 3818 4096 seram

2171 4112 2677 4168 evincunt.Franci
2707 4113 2842 4186 ipsi,
2874 4117 3188 4185 antequam
3221 4111 3666 4170 Provincialium
3693 4129 3819 4185 poe-

2172 4205 2367 4258 tarum
2399 4201 2690 4258 celebrata
2726 4202 2934 4259 cohors
2963 4207 3284 4277 emergeret
3313 4202 3607 4274 ejusmodi
3628 4217 3820 4259 versus

2173 4289 2550 4347 elucubrasse
2579 4290 2866 4348 videntur.
2901 4291 3132 4348 Bulaus
3186 4293 3245 4347 in
3298 4291 3511 4348 Histor.
3563 4291 3815 4347 Univers.

2175 4379 2540 4436 Paris.refert
2569 4379 2935 4452 epitaphium
2965 4380 3202 4437 Gallicis
3231 4380 3526 4453 rhythmis
3550 4379 3816 4436 Frodoar-

2175 4469 2248 4524 do
2281 4469 2550 4526 Remensi
2585 4469 2865 4525 historico
2898 4470 3177 4540 positum,
3203 4469 3302 4542 qui
3335 4483 3488 4525 anno
3515 4468 3623 4524 965
3651 4468 3814 4525 linem

414 4568 636 4644 annum
657 4567 846 4624 usque
861 4551 1546 4644 ipgtNorthmannorum
1579 4569 1783 4644 regum
1803 4555 2064 4626 potentia
2093 4579 2140 4644 Β
2169 4557 2401 4614 vivendi
2431 4558 2586 4614 fecit.
2619 4558 2774 4614 Duos
2815 4562 3046 4614 tantum
3096 4574 3298 4615 versus
3347 4557 3636 4615 delibatos
3681 4557 3807 4613 inde

414 4657 482 4697 ac
531 4640 701 4696 sedes
748 4642 902 4713 apud
953 4640 1181 4698 Siculos
1220 4641 1571 4714 perduravit.
1607 4643 1692 4699 Ab
1723 4643 1833 4700 hoc
1863 4649 2060 4703 autem
2093 4640 2130 4644 “
2171 4646 2391 4718 accipe.

1167 4783 1436 4848 VEQVIT
1474 4785 1702 4842 CASTE
1743 4785 1991 4858 CLERC,
2035 4789 2175 4845 BON
2215 4787 2460 4855 MOINE,
2502 4787 2820 4844 MEILLEV
2858 4774 3062 4857 ABBE,

1375 4873 1468 4930 ET
1509 4873 1834 4932 D’AGAPIT
1874 4877 1964 4931 LY
2004 4878 2281 4936 ROMAIN
2324 4878 2461 4934 er
2508 4864 2738 4948 AVBE,‘
2763 4881 2870 4934 etc.

415 5000 576 5056 Idem
636 4996 1008 5054 Mabillonius
1057 4997 1115 5052 in
1167 5001 1290 5054 Act.
1350 4999 1612 5056 Sanctor.
1677 5001 2066 5072 Benedictin.,

416 5087 638 5146 Saecula
668 5104 722 5156 v,
757 5087 864 5144 hos
893 5104 1097 5143 versus
1128 5104 1239 5144 non
1270 5089 1424 5160 longe
1455 5090 1522 5144 ab
1571 5089 1684 5146 illis
1734 5092 2066 5163 temporibus

414 5181 642 5250 scriptos
669 5181 728 5235 et
755 5177 881 5250 ipse
911 5176 1248 5233 arbitratur.
1281 5178 1447 5249 Apud
1499 5195 1597 5235 eos
1652 5180 1730 5235 sit
1781 5180 1945 5236 ﬁdes.
1982 5181 2066 5235 En

419 5283 555 5339 ergo
572 5266 726 5324 unde
749 5267 988 5323 alteram
1012 5283 1276 5322 normam
1294 5265 1627 5339 vulgarium
1657 5267 2066 5341 rhythmorum

419 5355 654 5412 haurire
683 5355 978 5428 potuerint
1005 5355 1202 5424 Siculi,
1233 5373 1304 5412 ex
1341 5355 1763 5414 Northmannis
1805 5357 2071 5414 videlicet

416 5441 622 5500 Sicilia
653 5443 764 5514 ipsi
815 5444 1262 5518 imperantibus,
1304 5449 1406 5501 aut
1452 5463 1520 5502 ex
1567 5445 1698 5503 aliis
1747 5446 2068 5503 Germaniae

419 5530 675 5605 populis,
709 5535 1023 5607 antequam
1056 5539 1235 5607 poeta
1267 5535 1326 5591 in
1357 5535 1656 5593 Provincia
1684 5536 1904 5592 famam
1946 5535 2069 5592 suis

421 5620 783 5680 carminibus
831 5623 943 5680 sibi
992 5629 1335 5696 quaererent.
1387 5626 1743 5685 Francorum
1774 5629 1970 5684 autem
2003 5642 2069 5682 ac

2178 5002 2780 5070 Germanorum,adde
2793 5005 2850 5059 et
2866 5001 3278 5058 Britannorum
3293 5015 3484 5057 mores
3498 4998 3810 5072 etlinguam

2177 5090 2568 5148 Northmanni
2589 5091 2769 5164 probe
2794 5091 3164 5160 edocti,hunc
3185 5090 3364 5147 etiam
3389 5093 3632 5162 possess
3651 5105 3809 5146 nsum

2178 5180 2237 5235 in
2287 5179 2546 5236 Siciliam
2597 5178 2886 5236 invexisse
2965 5197 3080 5236 non
3145 5179 3439 5235 immerito
3497 5177 3805 5234 credantur.

2179 5271 2544 5342 Quantopere
2573 5285 2706 5324 vero
2735 5269 3025 5340 ejusmodi
3049 5267 3345 5342 rhythmis
3365 5265 3680 5324 oblectatus
3697 5267 3806 5324 liue-

2178 5357 2255 5413 rit
2285 5357 2516 5414 circiter
2542 5373 2764 5414 annum
2797 5357 3014 5414 Christi
3047 5358 3153 5414 HO
3182 5356 3514 5414 Gaut'redus
3557 5353 3804 5412 Malater-

2179 5464 2264 5515 ra,
2317 5446 2504 5520 patria
2543 5447 2962 5516 Nortmannus,
3007 5447 3110 5504 sed
3161 5448 3372 5504 nouiter
3397 5449 3614 5518 factus.
3666 5447 3803 5503 Sicu-

2179 5538 2286 5604 lus,
2319 5554 2500 5609 supra
2529 5537 2717 5593 innui.
3569 5552 3572 5554 ‘
