3982 6172
143 268 263 331 SOI

1464 270 1828 339 RHYTHMI
1876 275 2263 339 VETERES.

3466 273 3585 336 802

217 403 306 459 Ad
329 401 661 477 vulgarium
680 401 1014 462 Italicorum
1034 405 1363 464 carminum
1385 408 1633 465 formam
1657 410 1811 482 quod
1840 412 1893 480 Α
1924 414 2227 483 propterea
2258 411 2514 467 evadunt
2558 404 3008 483 dodecasyllabi,
3061 405 3328 479 ejusdem
3378 410 3576 464 tamen

145 493 380 561 attinet,
400 509 483 551 ne
511 493 663 552 hanc
681 495 920 568 quidem
951 512 1190 553 necesse
1220 496 1331 553 fuit
1361 502 1427 555 ut
1449 497 1629 554 Siculi
1654 503 1816 555 caete-

141 583 321 657 rique
350 581 536 639 Italici
568 601 604 640 a
630 584 1096 643 Provincialibus
1134 587 1323 660 poetis
1381 591 1813 645 mutuarentur.

142 672 623 730 Crescimbenius
667 672 767 730 lib.
818 675 1008 748 primo
1051 674 1265 733 Histor.
1316 676 1539 751 vulgar.
1574 694 1816 751 poeseos

144 761 471 837 scripserat
506 779 519 817 :
550 763 673 832 Egli
702 765 730 817 ὲ
777 765 970 820 chiara
1017 781 1163 835 cosa,
1224 766 1324 821 ohe
1380 765 1818 823 l’e-ndecasillabo

145 852 374 924 volgare
402 868 573 908 venne
600 853 660 908 in
690 853 852 909 Italia
883 854 1029 912 delia
1062 860 1358 912 Provenm.
1400 858 1619 912 Verum
1668 855 1815 928 ipse,

146 958 214 997 re
247 940 589 1015 diligentius
621 942 907 1015 inspecta,
939 944 1014 1000 ab
1054 944 1344 1016 ejusmodi
1394 944 1667 1018 opinione
1697 945 1817 1001 dis-

147 1030 335 1087 cessit
364 1031 424 1087 in
455 1034 847 1093 Commentar.
880 1032 984 1089 lib.
1018 1033 1230 1107 primo,
1271 1052 1399 1108 cap.
1456 1033 1682 1107 quinto,
1714 1033 1817 1089 ubi

148 1118 374 1176 diserte
402 1119 619 1176 fatetur
646 1137 710 1176 se
730 1137 963 1194 quoque
994 1138 1309 1195 agnoscere
1331 1122 1666 1179 Italicorum
1696 1138 1818 1178 ver-

150 1226 261 1266 sus
292 1225 364 1265 ex
389 1207 716 1265 imitatione
773 1210 1116 1267 Latinorum
1175 1212 1517 1284 processise.
1562 1211 1626 1267 Id
1680 1227 1815 1268 vero

153 1300 299 1355 ante
324 1295 493 1352 illum
524 1296 750 1352 erudite
781 1298 1091 1355 adnotarat
1119 1302 1318 1356 noster
1340 1298 1731 1355 Castelvetrus
1761 1303 1818 1354 et

149 1386 415 1443 Jacobus
443 1385 777 1443 Mazzonius
807 1386 908 1444 lib.
943 1405 1003 1455 ιι,
1037 1405 1165 1460 cap.
1196 1389 1285 1456 33,
1315 1388 1374 1442 in
1424 1388 1665 1462 Apolog.
1708 1388 1818 1444 Co-

153 1475 339 1531 mced.
373 1474 599 1531 Dantis.
630 1476 793 1531 Addo
840 1492 946 1550 ego
978 1494 1092 1532 non
1125 1495 1153 1531 e
1182 1478 1382 1534 metris
1432 1482 1659 1533 tantum
1689 1495 1816 1550 per-

156 1563 447 1637 fectisque
470 1564 811 1621 Latinorum
832 1565 1097 1622 versibus
1115 1566 1362 1645 derivari
1384 1566 1644 1640 potuisse
1668 1566 1819 1622 Itali-

157 1670 367 1711 corum
394 1653 664 1724 formam,
701 1654 801 1709 sed
835 1654 1010 1711 etiam
1033 1654 1431 1728 exincomptis
1458 1656 1818 1729 rudibusque

1925 500 2207 572 temporis
2237 503 2411 573 atque
2469 499 2963 572 hendecasyllabi,
2994 497 3289 554 sdmccioli
3319 495 3514 554 Italice
3548 514 3583 553 a

1928 588 2098 645 nobis
2130 588 2403 661 appellati
2439 590 2713 662 (quorum
2746 589 3049 645 inventum
3080 586 3275 644 nescio
3306 603 3411 643 cur
3439 587 3584 643 Var-

1928 677 2097 734 chius
2122 678 2181 733 in
2203 677 2528 735 Herculano
2552 678 2822 735 tribuerit
2837 675 3580 749 Sannazario),eorumdem

1924 783 2200 823 versuum
2233 766 2528 841 specimen
2561 783 2631 824 ex
2655 766 2845 841 ipsius
2865 765 3177 824 Walafridi
3209 764 3572 823 carminibus

1928 873 2097 914 ΘΧΘΙὈ
2125 873 2137 913 ε

2139 992 2365 1062 Legistis
2394 991 2647 1047 meminit
2673 998 2853 1047 vestra
2879 992 3152 1060 sagacitas

2140 1082 2206 1136 At
2234 1081 2421 1136 multis
2450 1075 2656 1151 egomet
2684 1080 2934 1135 sordibus
2962 1080 3191 1145 obsitus,

2141 1170 2351 1226 Donari
2380 1170 2599 1225 veniam
2621 1168 2778 1225 credo
2806 1169 3105 1237 sagaciter,
3132 1170 3241 1222 etc.

1927 1300 2078 1358 Sane
2110 1300 2169 1356 in
2201 1300 2361 1357 hisce
2391 1300 2768 1373 antiquorum
2799 1296 3306 1372 hendecasyllabis
3337 1314 3468 1355 raro
3490 1298 3590 1354 de-

1925 1390 2297 1464 prendendas
2327 1389 2763 1446 collocationem
2786 1392 3134 1446 accentuum
3166 1388 3443 1461 (posature
3486 1402 3592 1442 nos

1938 1478 2213 1547 dicimus)
2235 1479 2292 1533 in
2316 1478 2579 1535 versibus
2602 1478 2819 1534 Italicis
2836 1478 3066 1534 facilem
3080 1482 3252 1550 atque
3273 1478 3588 1550 patentem.

1927 1569 2195 1623 Attamen
2226 1584 2360 1622 cum
2392 1567 2567 1640 primi
2592 1572 2769 1640 poeta:
2792 1566 3063 1640 vulgares
3083 1565 3349 1623 versibus
3370 1581 3584 1638 pauca-

1928 1674 2059 1712 rum
2091 1655 2448 1729 syllabarum
2478 1656 2766 1728 praecipue
2789 1672 3025 1728 operam
3044 1656 3273 1725 darent,
3304 1671 3372 1711 ac
3394 1659 3595 1726 postea

159 1752 370 1799 eorUm
391 1742 844 1816 rhythmis.Jam
864 1761 1043 1817 supra
1069 1744 1383 1814 ostendi,et
1403 1744 1564 1803 nullo
1587 1746 1818 1820 negotio
1848 1787 1897 1853 Β
1926 1763 2161 1827 versum
2192 1745 2605 1818 conquirerent
2634 1745 2727 1801 cui
2758 1744 2982 1817 aliquid
3016 1744 3348 1817 majestatis
3370 1760 3439 1799 ex
3466 1742 3597 1818 plu-

160 1831 524 1889 luculentius
582 1832 887 1889 ostendere
947 1850 1154 1890 rursus
1211 1851 1466 1906 possem,
1516 1834 1820 1909 rhythmos

162 1922 408 1979 Latinos
430 1922 615 1979 fuisse
636 1923 995 1995 compositos
1018 1923 1449 1997 tetrasyllabos,
1478 1924 1826 1997 pentasylla-

163 2012 295 2080 bos,
317 2015 454 2081 etc.,
477 2027 694 2084 eosque
719 2009 893 2084 longe
923 2016 1059 2069 ante
1082 2016 1346 2085 tempora
1368 2017 1669 2085 poetarum
1695 2013 1827 2069 Pro-

161 2099 529 2157 vincialium.
548 2101 676 2157 Sed
699 2101 826 2173 jam
858 2100 1003 2157 satis
1034 2118 1326 2174 superque
1347 2101 1693 2157 Dissertatio
1715 2102 1828 2158 ista

166 2188 441 2246 excrevit.
474 2189 662 2254 Quare
709 2206 895 2245 unum
953 2206 1295 2263 persequar,
1342 2207 1579 2247 versum
1619 2190 1828 2248 videli-

164 2282 257 2335 cet
284 2277 987 2353 hendecasyllabum,quo
1016 2280 1393 2352 potissimum
1419 2279 1617 2336 Italica
1636 2280 1828 2353 poesis

166 2368 514 2436 delectatur,
548 2371 935 2441 praeterquam
968 2369 1122 2440 quod
1158 2369 1311 2442 apud
1331 2372 1559 2426 Graecos
1591 2374 1649 2427 et
1676 2370 1828 2426 Lati-

168 2474 278 2513 nos
328 2457 603 2527 occurrit,
652 2474 686 2513 a
735 2457 1177 2532 rhytmepaaiis
1229 2461 1405 2515 etiam
1456 2477 1522 2516 ac
1573 2460 1829 2516 metricis

168 2545 363 2619 poetis
390 2545 689 2603 excultum
742 2545 945 2615 fuisse,
1006 2548 1146 2602 dum
1209 2547 1514 2604 barbarica
1569 2552 1834 2621 tempora

172 2636 442 2691 fluerent.
476 2633 634 2691 Inter
667 2634 852 2691 Goera
878 2623 1190 2692 Walafridi
1212 2636 1537 2704 Strabonis,
1562 2638 1731 2707 cujus
1746 2640 1833 2693 est

170 2723 333 2779 fama
362 2722 608 2780 celebris
641 2724 792 2780 inter
833 2724 1147 2797 scriptorcs
1180 2724 1378 2781 saeculi
1410 2726 1569 2793 noni,
1622 2725 1835 2798 legitur

175 2812 446 2885 ejusdem
468 2811 566 2884 pia
584 2813 787 2882 oratio,
808 2828 839 2868 e
860 2829 975 2884 quo
999 2812 1313 2869 nonnullos
1334 2830 1539 2870 versus
1552 2814 1796 2886 decerpo
1818 2832 1831 2869 :

398 2920 438 2976 0
466 2934 655 2975 rerum
682 2919 848 2976 Sator
875 2923 1121 2976 omnium
1145 2920 1440 2988 tremende,

397 3009 536 3064 Dum
559 3026 749 3081 poenas
778 3011 955 3065 crucis
987 3011 1244 3066 innocens
1276 3010 1434 3065 luisti
1452 3030 1472 3076 ;

394 3097 456 3152 In
485 3114 589 3168 quo
618 3098 702 3152 nil
732 3099 848 3153 nisi
877 3099 1115 3170 repperis
1142 3100 1386 3166 ruinam,
1420 3103 1530 3153 etc.

172 3215 237 3269 in
266 3212 363 3268 his
389 3229 508 3270 non
538 3217 772 3269 tantum
800 3214 1005 3286 pedes,
1036 3213 1137 3269 sed
1170 3217 1227 3269 et
1285 3230 1597 3270 numerum
1649 3213 1829 3270 habes

172 3298 651 3375 hendecasyllabi
684 3301 865 3358 Italici
900 3319 912 3357 :
949 3302 1103 3375 quod
1137 3306 1193 3358 et
1223 3302 1507 3376 contingit
1541 3303 1600 3359 in
1651 3303 1829 3359 Hora-

174 3391 340 3449 tiano
370 3389 472 3447 illo
503 3409 517 3447 :

391 3502 523 3556 Jam
549 3499 685 3554 satis
714 3500 879 3554 terris
898 3499 1065 3569 nivis,
1098 3501 1262 3569 atque
1288 3497 1442 3564 dirae,
1471 3502 1580 3554 etc.

175 3615 248 3670 Et
276 3613 560 3687 quoniam
591 3613 784 3687 poesis
811 3617 1013 3670 nostra
1059 3631 1165 3687 pro
1215 3614 1489 3688 spondaeo
1538 3613 1833 3687 dactylum

179 3701 460 3759 adhibere
480 3706 671 3775 potest
692 3701 751 3757 in
776 3703 889 3759 fine
910 3702 1012 3775 huj
1023 3703 1255 3760 usmodi
1274 3702 1674 3775 versuum,qui
1699 3707 1836 3759 tunc

1287 3892 1316 3912 ο

1861 3157 1904 3223 C

1934 1836 2088 1892 rium
2120 1834 2478 1909 syllabarum
2500 1852 2675 1892 cursu
2695 1834 3013 1903 accederet,
3045 1832 3276 1890 nullum
3305 1831 3581 1906 aptiorem

1933 1926 2201 1982 invenere
2233 1941 2411 1997 quam
2442 1922 3015 1995 hendecasyllabum,
3034 1923 3154 1979 sive
3183 1922 3235 1978 is
3265 1938 3334 1978 ex
3364 1920 3593 1979 duobus

1934 2014 2296 2071 brevioribus
2326 2013 2591 2070 versibus
2621 2014 2927 2081 conﬂetur,
2960 2011 3081 2069 sive
3111 2010 3224 2068 alio
3246 2010 3452 2068 ordine
3469 2026 3597 2066 coa-

1935 2103 2117 2159 lescat
2145 2121 2157 2171 ;
2198 2102 2359 2159 illius
2392 2105 2589 2158 autem
2620 2101 2956 2174 exemplum
2989 2101 3144 2173 apud
3176 2098 3594 2173 rhythmorum

1937 2190 2249 2264 scriptores
2278 2191 2514 2247 obvium
2546 2189 2822 2247 habuere.
2853 2191 3041 2260 Atque
3070 2188 3166 2244 hic
3197 2184 3416 2260 publici
3439 2185 3595 2257 juris

1939 2281 2158 2336 factum
2191 2279 2316 2337 volo
2365 2278 2707 2352 rhythmum
2765 2277 3050 2335 hactenus
3097 2276 3226 2333 luce
3275 2277 3593 2342 carentem,

1939 2370 2109 2441 cujus
2142 2369 2499 2425 mentionem
2554 2367 2660 2425 feci
2691 2366 2751 2423 in
2799 2365 3215 2423 Dissertatione
3245 2383 3262 2420 ι
3290 2364 3355 2421 de
3383 2362 3595 2420 exteris

1937 2459 2206 2531 gentibus.
2240 2459 2389 2514 Eum
2419 2456 2703 2529 descripsi
2750 2473 2856 2529 ego
2887 2472 2917 2512 e
2941 2454 3340 2512 vetustissimo
3399 2451 3597 2510 codice

1941 2565 2054 2604 ms.
2088 2547 2327 2620 capituli
2357 2546 2774 2603 canonicorum
2807 2544 3253 2601 Mutinensium.
3286 2542 3438 2598 Tum
3463 2557 3593 2613 qua:

1941 2637 2295 2711 praecedunt,
2326 2639 2454 2692 tum
2500 2634 2820 2707 antiquitas
2868 2632 3104 2701 codicis,
3140 2631 3284 2688 satis
3334 2630 3597 2686 indicant

1942 2727 2140 2798 ipsum
2162 2725 2344 2781 fuisse
2364 2723 2754 2796 compositum
2773 2723 2883 2778 sub
2904 2722 3141 2777 initium
3163 2718 3359 2777 seaculi
3381 2718 3597 2776 decimi

1944 2832 1977 2871 a
2001 2813 2229 2870 Christo
2261 2817 2436 2869 nato:
2470 2829 2585 2884 quo
2614 2816 2897 2884 tempore,
2931 2813 2995 2865 ut
3026 2810 3104 2865 ibi
3133 2808 3406 2882 praefatus
3436 2823 3594 2873 sum,

1946 2902 2204 2975 Hungari
2236 2906 2319 2957 tot
2351 2901 2770 2973 impressiones
2819 2900 2876 2954 in
2911 2899 3159 2965 Italiam,
3192 2902 3249 2953 et
3291 2895 3597 2969 presertim

1945 2991 2006 3047 in
2060 2991 2419 3047 Mutinenses
2472 2989 2677 3045 fecere.
2702 2986 3139 3060 Dodecasyllabi
3189 2990 3329 3042 sunt
3368 3001 3596 3053 versus,

1947 3080 2072 3147 sed,
2088 3078 2370 3150 temporis
2388 3078 2609 3133 ratione
2623 3079 2895 3149 computa
2904 3080 2979 3143 ta,
2989 3091 3157 3147 pares
3169 3071 3601 3145 hendecasylla-

1943 3169 2054 3225 bis.
2089 3168 2242 3223 Inter
2273 3167 2434 3239 ipsos
2464 3169 2658 3221 autem
2691 3164 2976 3238 quosdam
3007 3163 3223 3218 sentias
3251 3162 3331 3217 ita
3364 3164 3595 3217 contex-

1939 3262 2051 3323 tos,
2086 3262 2149 3312 ut
2178 3254 2528 3311 familiarem
2557 3255 2615 3310 in
2637 3252 2710 3309 iis
2734 3256 3024 3308 texturam
3051 3268 3116 3306 ac
3138 3267 3350 3306 sonum
3373 3252 3599 3305 nostro-

1941 3363 2072 3402 rum
2103 3361 2381 3402 versuum
2414 3342 2842 3416 deprehendas.
2872 3341 2955 3397 Ad
2990 3340 3112 3395 haec
3143 3338 3360 3411 singuli
3390 3352 3598 3393 versus

1942 3434 2164 3507 aliquid
2198 3431 2437 3489 Leonini
2466 3432 2805 3504 praferunt,
2837 3446 2973 3485 cum
3003 3430 3063 3484 in
3096 3444 3273 3484 unam
3306 3427 3599 3484 eamdem-

1942 3541 2057 3597 que
2086 3522 2340 3580 vocalem
2374 3538 2440 3578 ac
2470 3521 2596 3595 pari
2626 3524 2910 3576 concentu
2933 3518 3229 3576 desinant.
3254 3517 3341 3573 Tu
3372 3514 3601 3588 experi-

1944 3616 2212 3670 mentum
2245 3611 2440 3667 facito.

1555 4013 2248 4110 RHYTHMUS

769 4220 1083 4285 Canendus
1112 4220 1396 4283 militibus
1425 4221 1777 4284 Mutinensis
1804 4218 1975 4282 urbis
2001 4217 2336 4282 custodibus
2365 4216 2606 4279 circiter
2633 4233 2854 4277 annum
2882 4214 3028 4276 925.

472 4486 517 4542 Ο
546 4490 619 4542 tu-
638 4486 739 4559 qui
772 4503 969 4544 servas
1000 4486 1181 4544 armis
1211 4487 1324 4544 ista
1354 4485 1587 4557 mmnia,

399 4573 529 4629 Noli
559 4574 832 4647 dormire,
866 4591 1094 4645 moneo,
1128 4576 1228 4633 sed
1260 4575 1450 4649 vigila.

401 4661 553 4719 Dum
585 4663 796 4720 Hector
833 4663 974 4738 vigil
1032 4664 1253 4719 exstitit
1282 4666 1340 4720 in
1373 4666 1566 4737 Troja,

400 4751 527 4807 Non
557 4768 687 4808 eam
719 4751 871 4823 cepit
900 4750 1271 4807 fraudulenta
1301 4752 1533 4808 Graecia.

403 4839 599 4897 Prima
628 4840 825 4912 quiete
855 4840 1182 4896 dormiente
1213 4841 1407 4911 Troja,

401 4928 637 4985 Laxavit
664 4930 847 4985 Sinon
879 4928 1053 4985 fallax
1084 4927 1338 4985 claustra
1366 4929 1606 5001 perfida.

406 5017 515 5073 Per
544 5018 745 5075 funem
775 5018 942 5091 lapsa
970 5018 1258 5075 occultata
1288 5019 1525 5091 agmina

405 5105 695 5165 Invadunt
722 5107 929 5163 urbem
956 5110 1015 5164 et
1034 5106 1357 5163 incendunt
1385 5106 1666 5181 Pergama

405 5194 582 5269 Vigili
601 5212 739 5252 voce
770 5196 893 5252 avis
924 5212 1097 5253 anser
1123 5195 1375 5251 candida

406 5284 650 5357 Fugavit
676 5283 875 5349 Gallos
897 5301 971 5345 ex
999 5300 1129 5341 arce
1157 5284 1473 5353 Romulea;

407 5372 516 5430 Pro
547 5389 666 5445 qua
690 5373 904 5431 virtute
933 5374 1083 5431 facta
1112 5377 1202 5430 est
1228 5377 1522 5446 argentea,

406 5460 477 5517 Et
506 5478 540 5520 a
566 5462 848 5521 Romanis
878 5463 1121 5521 adorata
1150 5466 1217 5519 ut
1243 5462 1372 5519 dea.

409 5550 525 5615 Nos
556 5552 868 5614 adoremus
897 5552 1053 5612 celsa
1082 5551 1295 5612 Christi
1326 5551 1593 5627 numina,

1872 4493 1919 4557 D

2166 4486 2255 4543 Illi
2287 4502 2501 4542 canora
2528 4484 2737 4541 demus
2768 4484 2968 4538 nostra
2990 4475 3204 4551 jubila.

2160 4574 2325 4630 Illius
2358 4590 2573 4646 magna
2601 4571 2693 4628 ﬁsi
2723 4571 2833 4627 sub
2863 4567 3150 4635 custodia,

2159 4664 2288 4718 Haec
2318 4661 2628 4734 vigilantes
2650 4659 2977 4730 jubilemus
3008 4655 3290 4713 carmina.

2234 4751 2459 4817 Divina,
2491 4747 2694 4804 mundi
2726 4763 2825 4802 rex
2854 4745 3102 4811 Christe,
3133 4739 3402 4798 custodia

2162 4840 2284 4895 Sub
2316 4843 2417 4894 tua
2448 4854 2613 4893 serva
2641 4836 2763 4891 htec
2793 4838 2985 4890 castra
3013 4830 3230 4904 vigilia.

2162 4929 2247 4983 Tu
2281 4944 2487 4982 murus
2520 4926 2638 4981 tuis
2670 4923 2753 4980 sic
2782 4918 3277 4993 inexpugnabilis,

2164 5016 2258 5071 Sic
2289 5012 2544 5069 inimicis
2574 5011 2762 5068 hostis
2792 5015 2856 5066 tu
2887 5004 3191 5065 terribilis.

2163 5105 2244 5160 Te
2272 5101 2571 5175 vigilante,
2606 5100 2769 5157 nulla
2798 5104 2965 5156 nocet
2994 5095 3187 5163 fortia,

2070 5234 2092 5259 τ,
2164 5192 2273 5259 Qui
2304 5195 2514 5247 cuncta
2544 5191 2713 5264 fugas
2744 5186 2947 5263 procul
2979 5201 3146 5244 arma
3176 5178 3406 5238 bellica.

2164 5282 2252 5337 Tu
2282 5280 2452 5353 cinge
2478 5280 2599 5336 haec
2630 5282 2846 5347 nostra,
2882 5274 3127 5342 Christe,
3160 5267 3510 5335 munimina,

2163 5370 2488 5427 Defendens
2519 5386 2587 5426 ea
2617 5373 2718 5425 tua
2748 5366 2880 5423 forti
2913 5365 3137 5430 lancea,

2164 5461 2378 5517 Sancta
2409 5458 2612 5528 Maria,
2646 5458 2829 5514 Mater
2856 5450 3069 5512 Chris'ti
3102 5447 3431 5526 splendida.

2169 5548 2301 5611 Hec
2334 5564 2469 5610 cum
2499 5549 2743 5619 Joanne,
2776 5545 3119 5616 Theotocos,
3152 5540 3443 5624 impetra:
3504 5558 3510 5571 ’
