3982 6172
441 228 565 301 803
1175 226 1365 291 SJEC.
1410 226 1493 291 XI
1534 226 1763 291 AUCT.
1807 222 2129 289 INCEBTI
2172 224 2362 288 ANNI
2406 226 2508 287 ET
2554 218 2852 290 SGRIPT'
2898 234 3126 284 ’AAEEII.
3735 228 3860 292 804

656 360 915 425 Quorum
946 358 1041 418 hic
1074 365 1279 418 sancta
1305 377 1650 417 veneramur
1678 359 1941 434 pignora,
2116 360 2170 427 Α
2200 364 2358 416 stum
2371 360 2617 433 ejusque
2634 360 2947 433 conjugem
2961 359 3328 432 rejiciunt,ut
3342 360 3861 434 exErchemperto,

655 451 727 507 Et
756 450 970 523 quibus
1000 451 1111 507 ista
1140 455 1278 507 sunt
1307 455 1534 506 sacrata
1554 450 1799 505 numina
1820 450 1919 520 (4).
2201 466 2267 505 ex
2306 449 2632 506 Annalibus
2683 449 3035 505 Bertinianis
3068 452 3125 504 et
3153 467 3220 504 ex
3250 451 3553 523 Anonymo
3594 449 3867 507 Salerni-

655 540 779 605 Quo
808 540 957 596 duce
985 539 1189 595 victrix
1218 544 1307 594 est
1336 539 1392 593 in
1428 536 1578 594 bello
1610 539 1865 607 dextera,
2200 543 2359 604 tano,
2392 555 2425 593 a
2455 555 2548 593 me
2577 538 2733 594 edito
2781 541 2930 610 part.
2962 540 3005 593 if
3044 537 3187 593 tomi
3220 537 3270 593 II
3310 538 3440 594 Ber.
3495 538 3868 605 Italicarum,

655 631 725 685 Et
755 629 880 685 sine
910 627 1037 699 ipso
1070 627 1216 682 nihil
1247 626 1676 698 valentjacula.
2199 625 2507 682 sudlucere
2540 631 2751 698 potest.
2783 627 2853 682 Et
2881 643 3078 681 revera
3107 643 3244 682 cum
3275 626 3548 699 Adelgiso
3580 626 3729 683 nihil
3761 628 3870 683 in-

724 717 909 773 Fortis
932 718 1232 788 juventus,
1258 715 1445 773 virtus
1470 716 1662 773 audax
1688 715 1922 783 bellica,
2197 719 2421 771 tentare
2451 719 2656 771 contra
2686 714 2959 770 Ludovici
2990 714 3171 771 vitam
3221 714 3457 771 animus
3517 715 3716 783 fuerit,
3751 718 3869 772 sed

657 811 862 861 Vestra
892 821 995 878 per
1024 821 1224 860 muros
1254 805 1573 861 audiantur
1600 806 1864 863 carmina
2196 805 2464 861 timorem
2498 804 2905 860 tantummodo
2936 820 3002 859 ac
3028 804 3145 859 vim
3176 803 3227 860 ei
3250 802 3482 872 inferre,
3515 808 3582 860 ut
3609 820 3679 861 ex
3709 805 3868 861 urbe

650 896 719 951 Et
748 894 826 951 sit
856 894 914 948 in
948 893 1129 950 armis
1160 893 1383 950 alterna
1406 893 1622 967 vigilia,
2197 899 2253 948 et
2274 893 2509 966 regione
2541 893 2948 949 Beneventana
2973 894 3294 960 excederet,
3328 892 3656 966 excogitare
3676 891 3866 951 liceat

649 985 731 1040 Ne
762 984 924 1038 fraus
955 981 1189 1040 hostilis
1220 982 1340 1039 haec
1369 983 1604 1039 invadat
1634 983 1867 1038 mmnia.
2198 994 2311 1037 non
2344 982 2598 1039 defuisse
2628 980 2889 1054 aliquam
2911 982 3089 1053 justas
3110 981 3206 1037 ire
3236 998 3498 1052 causam,
3522 985 3624 1038 aut
3641 999 3862 1039 ansam

650 1070 911 1128 Resultet
931 1071 1073 1127 echo
1096 1087 1327 1127 comes:
1361 1072 1483 1138 Eia,
1515 1070 1709 1141 vigila.
2192 1070 2442 1143 principi
2476 1071 2900 1127 Beneventano.
2945 1072 3216 1126 Attamen
3257 1070 3345 1126 vir
3391 1087 3562 1128 nemo
3602 1071 3717 1127 fuit
3750 1067 3857 1145 qui

644 1162 754 1218 Per
776 1177 978 1217 muros
997 1160 1088 1216 eia
1117 1160 1273 1216 dicat
1301 1159 1443 1215 echo
1469 1178 1482 1217 :
1515 1159 1723 1233 Vigila.
2194 1176 2310 1215 non
2342 1159 2655 1225 horruerit,
2691 1159 2936 1216 audiens
2969 1163 3056 1216 tot
3084 1158 3415 1232 opprobriis
3444 1164 3757 1216 oneratum
3787 1178 3856 1217 ac

1225 1278 1295 1290 ——
2193 1247 2391 1304 dolose
2415 1252 2676 1320 captum,
2702 1253 2767 1303 ut
2788 1249 2943 1305 idem
2964 1247 3416 1320 Erchempertus
3441 1248 3859 1321 scribit,Augu-

504 1337 912 1397 Dissertationi
934 1336 1071 1393 huic
1096 1341 1453 1409 postremam
1488 1353 1730 1393 manum
1759 1337 2080 1410 imponam,
2196 1347 2337 1393 stum
2369 1339 2776 1393 sanctissimum
2807 1340 3013 1406 virum,
3050 1338 3373 1394 salvatorem
3418 1336 3630 1394 scilicet
3675 1340 3854 1394 Bene-

432 1429 752 1504 colophone
782 1426 978 1483 addito
1001 1443 1117 1482 non
1135 1425 1394 1499 vulgaris
1413 1426 1603 1498 pretii,
1624 1426 1898 1498 rhythmo
1920 1444 2082 1482 nem-
2190 1430 2437 1482 centenae
2465 1428 2779 1499 provinciae,
2813 1428 3106 1483 Beneventi
3134 1429 3288 1498 infra
3314 1429 3524 1484 mania
3571 1426 3857 1499 degentem

432 1537 503 1594 pe
528 1518 807 1577 historico
835 1515 1122 1588 evulgato.
1156 1531 1328 1587 quem
1374 1532 1442 1570 ex
1473 1516 1677 1571 eodem
1708 1515 1835 1585 ipso
1887 1516 2083 1571 codice
2192 1532 2256 1570 ac
2283 1532 2470 1572 secure
2490 1517 2868 1587 quiescentem.
2892 1515 3052 1570 Hanc
3070 1521 3265 1572 tamen
3287 1516 3663 1572 sanctitatem
3694 1516 3853 1571 infra

430 1607 831 1665 vetustissimo
880 1604 1119 1676 capituli
1175 1605 1588 1660 canonicorum
1634 1603 2085 1674 Veronensium,
2192 1604 2247 1659 in
2284 1605 2487 1660 eodem
2520 1604 2807 1659 Ludovico
2849 1603 3094 1659 minime
3123 1603 3391 1676 agnoscit
3444 1602 3716 1660 laudatus
3748 1604 3855 1660 Er-

432 1698 588 1752 unde
620 1695 767 1751 alter
795 1696 870 1749 De
919 1693 1175 1748 laudibus
1206 1693 1496 1747 Mediolani
1537 1693 1922 1786 depromptus
1972 1697 2082 1760 est,
2131 1693 2585 1795 Bchempertus.
2622 1696 2739 1747 lIoc
2769 1709 2905 1763 ergo
2965 1692 3191 1747 facinus
3222 1696 3424 1747 auctor
3473 1691 3734 1765 rhythmi
3766 1692 3850 1747 al-

430 1784 788 1855 descriptum
822 1782 891 1837 ad
926 1798 1019 1836 me
1049 1780 1208 1835 misit
1238 1798 1418 1853 supra
1457 1776 1730 1836 laudatus
1774 1781 2082 1836 Bartholo-
2131 1776 2485 1853 "phabetici
2518 1798 2621 1837 seu
2655 1780 3000 1849 abecedarii,
3036 1798 3189 1836 nunc
3210 1780 3542 1853 evulgandi,
3565 1781 3853 1838 describit

430 1891 612 1929 maius
640 1869 1052 1944 Campagnola,
1087 1868 1288 1924 multis
1306 1868 1493 1925 titulis
1521 1870 1592 1925 de
1622 1885 1714 1925 me
1735 1870 1882 1925 bene
1907 1870 2075 1925 meri-
2193 1870 2561 1942 synchronus
2581 1869 2867 1941 profecto,
2888 1874 2952 1924 ut
2982 1886 3074 1925 res
3099 1874 3156 1926 et
3184 1868 3441 1925 narratio
3464 1870 3592 1941 ipsa
3615 1870 3849 1940 suadet,

428 1966 544 2019 tus.
576 1946 742 2017 Anno
771 1958 983 2015 Christi
1013 1958 1110 2013 871
1158 1957 1385 2013 Italiam
1415 1962 1621 2026 totam,
1673 1958 1791 2013 imo
1838 1964 1895 2014 et
1942 1958 2074 2015 reli-
2185 1960 2285 2014 sed
2308 1958 2984 2014 simulsermonisLatini
3008 1958 3632 2031 imperitissimus.Ego
3654 1959 3853 2032 rhyth-

428 2068 612 2125 quum
629 2052 982 2107 Francorum
996 2046 1332 2119 imperium,
1347 2047 1643 2103 concussit
1662 2047 1964 2103 detestand
1977 2066 2073 2103 um
2184 2065 2347 2102 mum
2371 2046 2788 2119 ipsum,qualis
2808 2046 2868 2102 in
2892 2047 3212 2103 ms.codice
3229 2046 3849 2113 Veronensi‘habetur,

427 2140 656 2198 facinus
684 2135 941 2208 Aldegisi
974 2136 1253 2208 principis
1270 2136 1678 2204 Beneventani,
1712 2137 1811 2209 qui
1836 2137 2077 2193 Ludovi-
2184 2135 2631 2191 accuratissime
2661 2135 3041 2206 descriptum,
3078 2152 3150 2191 ne
3195 2152 3313 2191 una
3360 2135 3601 2208 quidem
3653 2134 3850 2191 littera

425 2246 562 2286 cum
586 2229 635 2284 ll
655 2230 1011 2300 Augustum,
1035 2242 1375 2298 quanquam
1397 2225 1797 2282 totbeneliciis
1830 2226 1888 2280 in
1914 2226 2075 2298 ipsos
2185 2226 2523 2290 immutata,
2557 2224 2757 2280 lectori
2788 2224 2997 2280 sistere
3044 2225 3295 2294 decrevi,
3345 2224 3645 2281 distinctis
3692 2226 3847 2281 dun-

424 2319 858 2374 Bcneventanos
880 2313 1427 2382 collatisillustrem,
1454 2318 1656 2387 utpote
1678 2314 1777 2387 qui
1808 2319 2073 2371 Sarrace-
2185 2318 2341 2370 taxat
2372 2313 2658 2381 versibus,
2693 2313 2751 2368 in
2786 2331 2895 2369 ms.
2931 2313 3280 2384 indiscretis,
3305 2316 3371 2368 ut
3397 2312 3507 2368 hoc
3527 2330 3705 2369 onere
3734 2312 3851 2369 cla-

425 2408 567 2464 nicaa
594 2405 784 2479 gentis
814 2420 1035 2460 cornua
1092 2403 1359 2476 fregerat,
1393 2403 1639 2475 ejusque
1696 2404 1958 2459 acinaces
2001 2420 2070 2458 ex
2185 2402 2487 2458 rissimum
2519 2401 2916 2457 marchionem
2949 2401 3243 2457 Maﬂ'eium
3275 2401 3481 2457 levem.
3515 2402 3624 2457 Sed
3660 2405 3720 2457 et
3748 2400 3851 2458 ille

426 2513 628 2553 eorum
650 2494 857 2568 jugulo
889 2496 1191 2560 averterat,
1226 2509 1408 2547 ausus
1463 2497 1551 2547 est
1603 2491 1887 2547 seditione
1917 2509 2069 2546 com-
2184 2491 2277 2547 hic
2308 2492 2483 2547 etiam
2519 2490 2792 2563 inspiciat
2822 2489 2996 2545 velim
3028 2495 3171 2562 quot
3200 2490 3519 2559 erroribus,
3577 2491 3849 2546 abundet

426 2591 586 2641 mota
614 2581 1121 2654 comprehendere,
1155 2584 1211 2634 et
1238 2579 1295 2633 in
1324 2580 1649 2634 custodiam
1674 2580 2077 2635 tradere.Sunt
2187 2580 2505 2635 frustulum
2537 2580 2692 2635 istud
2726 2579 3114 2651 antiquitatis,
3162 2580 3374 2651 partim
3419 2580 3667 2648 auctori,
3716 2597 3850 2653 par-

427 2672 527 2743 qui
559 2670 857 2726 hominem
880 2673 1177 2732 excusant,
1201 2667 1549 2739 culpamque
1572 2668 1629 2722 in
1665 2668 1858 2739 ipsum
1882 2671 2077 2741 Augu-
2184 2669 2320 2735 cim,
2352 2674 2580 2723 vetusto
2606 2668 2843 2723 librario
2875 2668 3224 2723 tribuendis.

499 2796 575 2865 (4)
603 2796 689 2850 An
727 2794 931 2849 mamiu
948 2796 974 2845 .9

1793 3025 2482 3119 BHYTHMUS

428 3231 516 3294 De
563 3225 863 3290 Ludovico
914 3222 981 3284 ΙΙ
1037 3223 1395 3303 imperatore
1451 3240 1562 3302 per
1616 3219 1926 3281 Adelclzim
1954 3268 1968 3295 ,
2012 3242 2113 3282 seu
2148 3221 2514 3303 (Adelgisum
2538 3268 2552 3295 ,
2616 3210 2943 3284 Bene—venti
2983 3223 3315 3303 principem
3344 3269 3358 3295 ,
3417 3229 3589 3302 capto
3612 3231 3633 3293 ‘,
3675 3239 3846 3281 com-

1657 3303 1885 3382 positus
1930 3320 2087 3363 anno
2134 3302 2247 3364 871
2302 3312 2410 3364 aut
2452 3305 2593 3363 8'12.

816 3542 1046 3611 Audite,
1079 3555 1284 3596 omnes
1315 3538 1459 3595 fines
1487 3542 1676 3605 terrae,
1711 3538 1787 3610 (5)
1821 3555 2015 3594 errore
2040 3555 2174 3595 cum
2203 3539 2463 3609 tristitia,

958 3627 1136 3693 Quale
1167 3625 1360 3683 scelus
1391 3627 1515 3682 fuid
1544 3628 1765 3683 factum
1797 3627 2118 3685 Benevento
2148 3629 2373 3686 civitas.

960 3715 1327 3772 Lhuduicum
1360 3716 1854 3787 comprenderunt
1883 3722 2107 3784 sancto,
2140 3718 2236 3788 pio
2266 3721 2528 3792 Augusto
2558 3720 2656 3789 (6).

816 3804 1201 3865 Beneventani
1233 3819 1295 3858 se
1325 3804 1663 3859 adunarunt
1692 3805 1764 3860 ad
1796 3822 1981 3861 unum
2012 3806 2345 3862 consilium.

957 3891 1246 3949 Adalferio
1279 3892 1353 3963 (7)
1384 3889 1752 3964 loquebatur,
1786 3895 1844 3948 et
1871 3893 2142 3950 dicebant
2167 3894 2412 3968 principi
2439 3914 2451 3950 :

959 3985 1018 4039 Si
1045 3999 1143 4038 nos
1164 3997 1289 4038 eum
1319 3983 1503 4037 vivum
1531 3982 1860 4051 dimitemus,
1902 3991 2043 4041 certe
2070 3999 2168 4040 nos
2192 3985 2516 4055 peribimus.

854 4075 1007 4131 Ceius
1036 4072 1111 4143 (8)
1142 4086 1407 4141 magnum
1428 4073 1772 4143 praeparavit
1800 4074 1859 4126 in
1890 4074 2052 4127 istam
2076 4075 2415 4144 provintiam
2437 4092 2455 4127 :

959 4163 1203 4229 Regnum
1236 4158 1312 4228 (9)
1337 4162 1586 4214 nostrum
1616 4161 1774 4215 nobis
1805 4160 1948 4215 tollit
1978 4178 1996 4214 :
2022 4176 2119 4215 nos
2148 4162 2306 4215 habet
2329 4178 2427 4233 pro
2459 4162 2719 4217 nihilum.

954 4250 1145 4306 Plures
1174 4247 1285 4317 (10)
1315 4246 1465 4301 mala
1490 4246 1646 4302 nobis
1671 4249 1822 4318 fecit.
1856 4249 2077 4302 Rectum
2105 4251 2204 4313 est,
2236 4256 2294 4304 ul
2325 4250 2541 4306 moriad
2568 4253 2702 4323 (ιι).
2782 4314 2785 4315 ν

849 4338 1254 4411 Dcposuerunt
1282 4338 1482 4389 sancto
1505 4334 1618 4404 (l2)
1649 4335 1743 4405 pio
1769 4336 1839 4391 de
1870 4353 1977 4392 suo
2008 4336 2224 4393 Palatio
2251 4356 2264 4405 ;

954 4423 1240 4481 Adelferio
1270 4421 1439 4476 illum
1471 4422 1720 4478 ducebat
1748 4441 1935 4496 usque
1965 4425 2036 4481 ad
2065 4426 2387 4482 Pretorium
2423 4445 2435 4482 :

954 4514 1057 4569 Ille
1085 4528 1216 4568 vero
1248 4510 1435 4583 gaude
1465 4510 1576 4581 (13)
1607 4511 1797 4567 visum
1829 4517 2109 4585 tanquam
2141 4514 2213 4569 ad
2247 4515 2600 4570 martirium.

848 4605 1124 4672 Exierunt
1158 4601 1268 4671 (14)
1301 4598 1451 4654 Sado
1483 4603 1541 4654 et
1570 4598 1823 4656 Saducto
1852 4602 1967 4673 (15)
1996 4601 2331 4658 inoviabant
2363 4603 2626 4674 imperio.

957 4693 1026 4747 Et
1054 4691 1178 4763 ipse
1203 4692 1401 4746 sancte
1433 4687 1567 4760 pius
1598 4689 1913 4761 incipiebat
1944 4690 2133 4747 dicere
2167 4709 2179 4746 :

516 4854 573 4963 5)
606 4849 941 4963 Legendum
972 4843 1383 4925 putojiorrqre.

516 4928 550 4963 Α
602 4923 659 4963 Ri
713 4921 920 4963 ρσίιπις
949 4914 1159 4963 Mamm
1186 4927 1356 4963 armo]
1391 4909 1713 4963 parendum
1745 4914 1853 4963 est.
1887 4911 2072 4963 Auau-

2256 4842 2356 4911 12)
2386 4841 2494 4896 Pro
2524 4843 2769 4896 sanctum
2790 4812 2973 4910 pium,
3007 4841 3065 4895 id
3094 4843 3187 4896 est
3225 4839 3575 4923 Ludovicum
3622 4838 3828 4963 Augu-

2256 4929 2360 4963 im.
2385 4927 2558 4963 ouem
2584 4916 2641 4963 et
2654 4909 3104 4963 Erchemnertus
3119 4916 3521 4963 sanctissimum
3550 4909 3723 4963 annel
3752 4914 3828 4963 at.

516 4855 552 4908 5
606 4854 681 4908 Le
725 4854 941 4907 endum
972 4854 1110 4917 puto
1142 4854 1383 4897 horrore.
2091 4854 2133 4880 υ
2243 4854 2356 4911 (l2)
2386 4854 2494 4896 Pro
2524 4854 2769 4896 sanctum
2797 4857 2973 4910 pium,
3007 4854 3065 4895 ια
3094 4854 3187 4896 est
3225 4854 3575 4896 Ludokum
3622 4854 3829 4963 augu-

493 4854 573 4999 i6i
602 4868 920 4999 Sileamus
949 4912 1160 4999 Mercii
1186 4909 1723 4999 ausimausim.
1745 4914 1853 4999 θειυ
1887 4911 2072 4999 Aeae-
2182 4917 2558 4999 εειξει).ε,9υεῖω
2584 4909 3521 4999 θιεςίξδβιξξρεξνιυεεαηειίδείτηαητ
3550 4909 3723 4982 αρρθι
3752 4914 3832 4964 αι·

417 4979 923 5055 stioscriben'dum
953 4986 1081 5044 erit.
1114 4984 1223 5040 Sed
1244 4984 1330 5055 iis
1361 4979 1589 5053 legibus
1635 4985 1857 5037 veteres
1887 4979 2072 5054 rigide
2249 4979 2558 5055 (ιδῃιῇοιιςθ,
2582 4981 2829 5055 ρααάςηξ
2856 4979 2990 5038 ίο-αι,

419 5052 899 5127 ἑὲνοῢειτίῑιχίεεθ
928 5058 1172 5115 minime
1202 5054 1491 5134 videntur.
1627 5122 1667 5134 ﬁ
1896 5126 1905 5134 Δ
1948 5052 1965 5054 ’
1999 5123 2009 5134 ⁸
2250 5055 2361 5123 (14)
2393 5052 2552 5134 S_ado,
2579 5069 2691 5134 seu
2722 5052 2955 5134 Sadoan,
2989 5052 3550 5134 sugdanuprinc‘eps.
3586 5054 3837 5134 sax-5mg-

554 5140 570 5360 ξ

511 5122 575 5207 ὴ
601 5136 933 5207 Adalferius,
966 5144 1119 5207 unus
1149 5143 1181 5207 _e
1224 5122 1577 5198 primatibus
1627 5122 2064 5179 Beneventanis.
2179 5122 2387 5179 norum
2418 5128 2558 5207 tunc
2579 5124 2887 5207 Beneventi
2910 5122 3457 5207 .captivus..“Narrat'
3476 5122 3654 5207 etiam
3682 5124 3837 5203 Ano-

514 5193 570 5272 8)
605 5209 710 5263 Pro
737 5193 933 5272 scelus,
971 5206 1035 5256 ut
1056 5193 1266 5272 puto.'_
1508 5267 1518 5272 Α
1571 5265 1580 5272 .
1962 5265 1992 5272 Α
2178 5213 2389 5266 nymus
2418 5194 2820 5272 Salernitanus
2871 5193 3012 5267 ejus
3038 5195 3284 5253 consilio
3326 5196 3399 5251 ad
3444 5195 3551 5250 hoc
3602 5193 3838 5250 facinus

514 5264 570 5338 9)
599 5278 742 5333 Vide
771 5264 1022 5332 Annales
1053 5264 1439 5332 Bertinianos,
1469 5267 1527 5321 et
1553 5265 1924 5336 Anonymum
1958 5265 2069 5320 Sa-
2177 5264 2351 5322 neum
2382 5282 2510 5338 esse
2538 5264 2898 5338 Adelgisum.

421 5334 787 5407 lernitatum.
1727 5334 1739 5336 ⁷
2247 5338 2359 5409 (15)
2385 5337 2613 5409 Saduclo
2644 5334 2982 5409 in'ouiabant.
3012 5336 3181 5401 Quid.
3203 5337 3294 5393 hic
3325 5334 3833 5409 scribendum_sit,

518 5420 607 5486 10)
636 5419 848 5483 Plures,
883 5414 1073 5473 scribe
1097 5412 1284 5486 plura.
1434 5477 1472 5486 ﬁ
1511 5474 1521 5486 .
1600 5474 1612 5486 .
1699 5474 1710 5486 .
1856 5476 1867 5486 .
2176 5405 2382 5486 majori
2412 5409 2528 5486 otio
2559 5407 2886 5486 fruentibus
2917 5409 3301 5468 divinandum
3334 5408 3621 5484 relinquo.
3671 5405 3835 5466 Num

518 5421 586 5476 10
636 5420 848 5483 Plures,
883 5420 1073 5473 scribe
1097 5420 1284 5485 plura.
2176 5425 2382 5479 major]
2412 5420 2528 5465 ouo
2559 5420 2870 5464 ι-ιοῃεηῖωυε

494 5420 608 5575 illi
639 5488 701 5552 Id
725 5493 813 5550 est
837 5488 1061 5558 morial,
1094 5498 1229 5545 cum
1259 5480 1413 5538 bona
1434 5474 1714 5537 Prisciani
1740 5476 1925 5540 venia.
2174 5481 2271 5560 qui
2298 5480 2591 5543 obviabant
2621 5481 2870 5562 imperio.
