3984 6166
120 232 265 300 805

1454 232 1817 302 RHYTHMI
1860 232 2246 302 VETERES.

645 370 939 444 Tamquam
957 366 1028 428 ad
1057 371 1325 429 latronem
1351 371 1579 427 venistis
1605 386 1731 426 cum
1758 370 1961 442 gladiis
1991 378 2042 427 et
2070 371 2313 443 fustibus

502 460 627 517 Fuit
638 461 760 535 jam
784 477 1021 535 namque
1050 468 1281 534 tempus,
1312 477 1404 517 vos
1426 460 1685 517 allevavit
1711 459 1825 531 (16)
1855 462 1918 516 in
1944 460 2239 518 omnibus:

654 550 802 608 Modo
830 567 955 607 vero
982 552 1303 608 surrexistis
1332 549 1591 607 adversus
1618 565 1704 605 me
1727 549 2041 607 concilium.

644 639 830 696 Nescio
855 654 957 713 pro
981 639 1095 711 (Π)
1125 639 1259 711 quid
1283 654 1511 696 causam
1537 638 1705 694 vultis
1728 652 1817 694 me
1839 639 2097 695 occidere.

501 725 791 785 Generacio
813 727 1055 786 crudelis
1083 728 1198 800 (18)
1228 729 1354 785 veni
1382 726 1706 797 interﬁcere,

643 817 881 873 Ecclesia
909 833 1014 889 que
1039 819 1242 883 sanctis
1270 816 1368 873 Dei
1397 817 1555 872 venio
1582 816 1831 887 diligere,

650 904 935 977 Sanguine
962 907 1089 962 veni
1118 905 1418 973 vindicare,
1450 903 1596 977 quod
1621 921 1784 978 super
1814 908 2020 961 terram
2046 906 2202 976 [usus
2229 912 2324 961 est.

507 992 749 1052 Kalidus
772 992 890 1063 ille,
915 998 1191 1052 temtator
1213 994 1326 1067 (19)
1349 998 1543 1051 ratum
1574 993 1765 1066 adque
1796 993 2033 1050 nomine

654 1082 941 1140 Coronam
976 1082 1205 1156 imperii
1238 1082 1352 1139 sibi
1384 1082 1443 1138 in
1474 1086 1650 1155 caput
1671 1086 1848 1156 ponet
1875 1083 1989 1155 (20)
2019 1085 2079 1138 et
2108 1081 2336 1139 dicebat
2364 1082 2582 1157 populo
2608 1101 2622 1139 :

645 1173 776 1228 Ecce
802 1188 990 1229 sumus
1018 1173 1316 1244 imperator
1344 1188 1364 1226 :
1395 1187 1617 1243 possum
1647 1170 1759 1244 (21)
1792 1170 1939 1227 vobis
1967 1187 2169 1244 regere.

510 1260 651 1317 Leto
671 1259 869 1316 animo
897 1259 1150 1317 habebat
1181 1261 1295 1332 (22)
1325 1260 1397 1315 de
1426 1258 1528 1315 illo
1556 1275 1671 1332 quo
1703 1259 1933 1316 fecerat.

647 1352 693 1405 A
719 1349 1002 1405 Demonio
1032 1349 1147 1420 (23)
1178 1353 1438 1415 vexatur,
1471 1348 1542 1404 ad
1570 1352 1784 1404 terram
1816 1348 2127 1404 ceciderat.

645 1437 923 1494 Exierunt
956 1436 1151 1493 multo:
1184 1441 1391 1493 turmae
1420 1436 1614 1492 videre
1645 1435 1958 1491 mirabilia.

516 1525 765 1601 Magnus
796 1526 1078 1582 Dominus
1107 1526 1218 1598 (24)
1246 1526 1419 1581 Jesus
1449 1525 1715 1580 Christus
1746 1524 2023 1596 iudicavit
2044 1524 2360 1596 judicium.

657 1613 841 1670 Multa
871 1630 1015 1688 gens
1047 1629 1372 1688 pugnorum
1406 1613 1524 1669 exit
1548 1613 1606 1667 in
1638 1612 1751 1685 (25)
1783 1612 2070 1679 Calabria,

659 1704 848 1776 Super
876 1701 987 1775 (26)
1017 1701 1257 1758 Snlerno
1291 1705 1677 1776 pervenerunt
1705 1702 2004 1775 possidere
2032 1701 2271 1758 Civitas.

509 1791 780 1847 Juratum
811 1790 924 1863 (27)
946 1793 1004 1846 et
1033 1791 1106 1846 ad
1137 1794 1337 1847 sancte
1367 1788 1468 1847 Dei
1497 1789 1742 1862 reliquie

655 1883 786 1952 Ipse
812 1895 1058 1952 regnum
1087 1879 1542 1950 defendendum,
1574 1884 1630 1934 et
1660 1876 1844 1935 alium
1874 1877 2187 1951 requirere.

213 2032 336 2099 (16)
363 2030 472 2086 Pro
505 2030 759 2087 allevavi.
796 2029 1084 2086 Beneficia
1115 2029 1312 2084 innuit
1356 2027 1415 2084 in
1450 2030 1808 2085 Beneventa-

143 2100 674 2247 “idoliizgénua
704 2170 1010 2228 Tullianaa.
1044 2171 1245 2228 Scribe
1270 2187 1372 2244 pro
1404 2187 1509 2244 qua
1538 2187 1724 2226 causa.

220 2174 357 2317 ξω)
388 2242 531 2301 Veni
580 2243 757 2317 illurn
797 2242 1145 2317 interﬁcere,
1204 2241 1305 2314 qui
1352 2241 1468 2317 huc
1513 2242 1690 2317 venit,

1990 2030 2106 2101 (24)
2139 2029 2466 2085 Scriberem
2496 2030 2744 2098 domnus,
2779 2035 2846 2086 ut
2895 2047 3173 2087 mensura
3196 2030 3410 2101 prioris
3436 2048 3563 2088 ver-

1918 2099 2088 2175 siculi
2110 2100 2328 2175 rectius
2354 2102 2718 2175 procederet.
2733 2103 2845 2157 Sed
2860 2102 3016 2175 leges
3038 2099 3564 2175 syllabarumvideo

1919 2169 2407 2246 alibineglecta's.
2443 2171 2828 2229 Scribendum
2879 2169 3112 2246 quoque
3163 2173 3309 2235 foret
3347 2174 3566 2245 judicat

251 2241 358 2327 ιϐ)⁹
388 2241 531 2301 Veni
580 2243 769 2327 illuni
797 2242 1145 2327 interﬁcere,
1204 2241 1305 2314 qui
1352 2241 1468 2326 huc
1513 2242 1690 2324 venit,
1742 2246 1810 2327 ut
1904 2241 2208 2327 Ῐιιιζξεέςιηξ.

137 2313 430 2372 ecclesias
459 2319 697 2372 sanctas
727 2314 827 2370 Dei
861 2330 891 2369 e
920 2313 1347 2373 Saracenorum
1369 2313 1516 2385 jugo
1537 2313 1805 2385 eriperet.

140 2387 423 2459 Hostium
441 2390 680 2459 tuorum
702 2385 1075 2459 sanguinem.
1094 2386 1196 2458 qui
1219 2401 1397 2456 super
1408 2384 1808 2442 terram’fusus

140 2462 263 2527 est,
293 2457 427 2514 veni
458 2457 773 2513 vindicare.

223 2524 340 2601 (19)
372 2529 521 2601 Quis
541 2533 779 2601 tentato:-
808 2526 1137 2601 iste?_l‘§um
1164 2524 1497 2601 Adelgisus,
1547 2543 1625 2601 an
1672 2531 1804 2601 See-

141 2595 291 2669 dan,
321 2595 426 2656 aut
450 2599 600 2656 alius
631 2598 982 2672 quisquam?
1009 2597 1248 2672 Noctem
1274 2595 1494 2653 faciunt
1513 2598 1686 2654 verba
1705 2596 1806 2653 illa

139 2674 530 2744 ratum‘atque
558 2669 677 2744 [pro
732 2669 915 2741 atque]
942 2669 1183 2725 nomine.

244 2741 688 2826 ἕὶεῖνσλνοῆίιο.
873 2812 914 2826 ,η
1067 2810 1102 2826 ..
1154 2810 1188 2826 ..
1407 2812 1417 2822 .

242 2810 339 2882 21)
370 2810 575 2869 Latine
601 2812 805 2869 volens
833 2812 1037 2868 ell'erre
1065 2810 1329 2882 Italicum
1361 2812 1417 2866 vi
1440 2826 1600 2882 passo
1618 2826 1805 2882 regere

141 2881 481 2966 ignoravit,_
495 2901 569 2941 an
600 2882 749 2940 illud
782 2884 839 2939 vi
852 2881 1182 2944 accusativo
1206 2881 1583 2955 responderet
1605 2881 1802 2955 potius

142 2956 336 3029 (fuam
363 2956 577 3011 dativo.

152 3025 339 3153 l1:32)
371 3026 479 3083 Pro
533 3027 741 3096 abibat,
770 3028 835 3081 ut
860 3028 1022 3098 puto,
1048 3023 1216 3080 laetus
1234 3024 1304 3080 de
1325 3022 1448 3091 illo,
1473 3023 1628 3097 quod
1652 3022 1799 3080 fece-

152 3113 271 3154 rat.

225 3167 341 3241 (23)
361 3163 429 3241 Et
457 3167 551 3224 hic
580 3167 906 3241 incertum,_
924 3165 1175 3241 fueritne
1207 3165 1475 3222 Adelchis
1504 3164 1796 3238 princeps,

150 3237 512 3308 an'Seodan,
542 3242 784 3295 vexatus
813 3255 846 3293 a
874 3237 1181 3294 daemonio.

1988 2314 2104 2383 (25)
2138 2312 2246 2368 Pro
2277 2327 2307 2367 θ
2335 2311 2622 2368 Calabria.

1986 2388 2103 2455 (26)
2143 2384 2395 2438 Exeunte
2409 2400 2590 2455 supra
2612 2389 2933 2440 memorato
2954 2400 3108 2441 anno
3126 2385 3227 2440 871
3254 2383 3564 2443 Salernum

1915 2454 2221 2510 obsidione
2254 2454 2528 2526 pressum
2565 2458 2656 2510 est
2703 2472 2737 2510 a
2765 2455 3094 2525 Saracenis,
3120 2473 3323 2526 quam
3344 2457 3567 2514 solvere

1914 2526 2090 2581 demu
2100 2542 2155 2581 ω
2171 2525 2353 2598 coacti
2369 2528 2528 2598 sunt,
2539 2541 2810 2598 regresso
2822 2527 3100 2582 adversus
3112 2525 3247 2598 illos
3276 2527 3564 2585 Ludovico

1911 2598 2198 2665 Augusto.
2231 2595 2343 2667 Pro
2369 2595 2646 2667 possidere
2672 2597 2988 2654 scriberem
3018 2597 3277 2655 obsidere.

1929 2717 1959 2742 ,Α
1981 2668 2097 2742 (27)
2127 2666 2382 2742 Stropha
2411 2666 2536 2742 haec
2566 2672 2837 2742 spectans
2868 2669 2940 2742 ad
2962 2667 3244 2742 litteraml
3264 2685 3454 2742 supra,
3473 2670 3568 2742 de-

1912 2737 2225 2793 sideratur.
2257 2738 2463 2795 Nescio
2496 2755 2569 2794 an
2599 2737 2708 2795 suo
2746 2740 2872 2796 loco
2895 2739 2973 2796 sit
2989 2737 3371 2797 restituenda.
3394 2740 3565 2798 Vide-

1913 2813 2011 2882 tur
2021 2814 2219 2882 autem
2232 2808 2327 2865 hic
2338 2809 2510 2882 innui
2522 2815 2961 2867 sacramentum
2980 2826 3098 2882 quo
3116 2827 3245 2868 sese
3258 2811 3570 2868 obstrinxit

1913 2880 2261 2955 Ludovicus,
2292 2896 2348 2936 se
2375 2879 2680 2936 vindictam
2708 2881 2956 2955 aliquam
2983 2879 3052 2938 ex
3074 2882 3373 2950 calumnia,
3406 2899 3569 2955 quam

1911 2955 2049 3024 tunc
2090 2924 2422 3024 patiebatur,
2478 2924 2765 3024 nunquam
2790 2924 3274 3024 Ἵσὲαίιῖίῖιῖηίήᾘῐ

1914 3022 2467 3105 Begin‘oqueterum
2499 3022 2709 3105 manca
2737 3027 2828 3105 est
2857 3022 2976 3078 haec
3023 3022 3299 3105 stropha,‘
3330 3027 3402 3105 et.
3442 3022 3568 3079 alia;

1909 3092 2145 3166 integrae
2159 3094 2407 3166 fortasse
2419 3092 2831 3166 desiderantur
2851 3108 3070 3164 :neque
3082 3092 3238 3166 enim
3254 3093 3567 3166 rhythmus

1908 3180 2013 3237 per
2036 3162 2319 3236 reliquias
2352 3162 2649 3236 alphabeti
2678 3162 2906 3219 litteras
2938 3162 3331 3236 progreditur.

784 3522 1301 3617 CARMEN
1370 3522 1535 3616 DE
1598 3521 2071 3616 JOSEPH
2143 3520 2944 3616 PATRIABCHA

298 3726 516 3802 (Edidit
542 3731 610 3785 D.
642 3727 902 3797 Ouum,
935 3731 1266 3786 Documents
1295 3727 1497 3784 inedita
1515 3743 1660 3800 pour
1686 3725 2216 3854 sirmgzigsl’hisloire
2241 3725 2307 3782 de
2335 3724 2557 3796 l'ltalie,
2599 3730 2736 3795 ete.,
2767 3742 2824 3799 p.
2853 3725 2941 3796 46,
2973 3741 3043 3782 ex
3072 3723 3200 3781 cod.
3232 3723 3420 3781 Vatie.

1650 3955 2064 3972 ψ

225 4111 471 4186 Josepb,
500 4112 619 4170 Deo
648 4111 922 4170 amabilis

154 4200 316 4258 Patri
350 4199 543 4258 dulcis
572 4205 629 4259 et
659 4201 894 4271 habilis,

154 4290 307 4348 Puer
334 4290 588 4348 formose
610 4290 826 4348 indolis

158 4378 225 4436 Et
241 4380 429 4453 gratie
461 4379 806 4454 multiplicis
822 4379 907 4436 l...

222 4468 372 4525 Hinc
400 4467 516 4541 ipsi
544 4484 693 4526 nova
717 4468 949 4525 somnia

149 4555 268 4615 Celi
298 4557 649 4630 promebant
677 4558 892 4625 sidera,

149 4646 238 4702 Ad
258 4646 443 4704 futuri
470 4645 711 4714 indicia,

154 4733 274 4809 Ipsi
305 4734 477 4808 quasi
500 4734 859 4808 supplicia...

224 4821 493 4882 latemus
517 4827 609 4882 est
638 4823 901 4898 auspicio

1325 4112 1406 4168 Ae
1437 4111 1486 4169 si
1515 4108 1617 4169 Dei
1647 4109 1879 4185 negotio
1902 4128 1918 4179 ;

1329 4201 1642 4257 Fraternus
1671 4199 1816 4256 livor
1848 4197 2042 4256 invido

1327 4289 1586 4345 Advertit
1614 4289 1716 4345 sed
1747 4288 1857 4345 hoc
1880 4288 2077 4345 animo

1399 4377 1615 4450 Josepb
1647 4377 1805 4434 domi
1836 4377 2119 4455 residens,

1325 4465 1427 4523 Rei
1457 4464 1675 4538 private
1706 4466 2036 4539 providens,

1322 4554 1575 4612 Jubetur
1603 4569 1739 4610 mox
1766 4553 2016 4610 invisere

1324 4647 1619 4702 Cunctane
1649 4645 1857 4716 gerant
1882 4658 2222 4716 prospere...

2499 4107 2710 4166 Necem
2742 4107 2908 4173 ferte,
2939 4109 3005 4163 ut
3029 4108 3231 4179 pareat

2497 4199 2585 4253 An
2606 4195 2829 4271 juvarit
2858 4195 3014 4269 quod
3037 4194 3357 4252 somniat...
3388 4214 3419 4244 »

2660 4284 2905 4358 Culpam
2935 4283 3121 4341 vitant
3145 4281 3403 4351 sceleris,

2497 4376 2580 4432 Ne
2607 4374 2998 4432 criminentur
3026 4372 3354 4448 sanguinis,

2493 4465 2737 4536 Sumpto
2768 4463 2959 4536 pondo
2982 4461 3381 4532 nurnismatis,

2495 4551 2590 4608 Sic
2622 4550 2886 4607 vendunt
2914 4550 3319 4625 Agarenieis...

2671 4638 2941 4713 Sagardus
2969 4639 3068 4697 hoc
3094 4638 3369 4697 dictameu
3403 4637 3557 4715 fecit.

1397 4732 1511 4789 Nec
1540 4747 1707 4788 mora
1739 4749 1752 4788 :
1784 4734 1851 4787 ut
1878 4730 2247 4804 conspiciunt

1325 4846 1352 4875 ιι
1386 4822 1472 4880 En
1492 4820 1846 4892 Somniator,
1876 4820 2042 4879 aiunt
2073 4838 2092 4875 :
