  <div class='ocr_page' id='page_1' title='image "/cluster/home/n/w/nwhite01/storage/ocr_20150623/151/hvd.32044054760095/411.png"; bbox 0 0 3982 6172; ppageno 0'>
   <div class='ocr_carea' id='block_1_1' title="bbox 372 337 484 400">
    <p class='ocr_par' dir='ltr' id='par_1_1' title="bbox 372 337 484 400">
     <span class='ocr_line' id='line_1_1' title="bbox 372 337 484 400; baseline 0 -3"><span class='ocrx_word' id='word_1_1' title='bbox 372 337 484 400; x_wconf 76' lang='lat' dir='ltr'>8H</span> 
     </span>
    </p>
   </div>
   <div class='ocr_carea' id='block_1_2' title="bbox 1561 338 2592 407">
    <p class='ocr_par' dir='ltr' id='par_1_2' title="bbox 1561 338 2592 407">
     <span class='ocr_line' id='line_1_2' title="bbox 1561 338 2592 407; baseline -0.001 -4"><span class='ocrx_word' id='word_1_2' title='bbox 1561 340 1749 404; x_wconf 69' lang='lat' dir='ltr'>SEO.</span> <span class='ocrx_word' id='word_1_3' title='bbox 1794 338 1871 403; x_wconf 88' lang='lat' dir='ltr'>XI</span> <span class='ocrx_word' id='word_1_4' title='bbox 1921 338 2232 405; x_wconf 84' lang='lat' dir='ltr'>MONUM.</span> <span class='ocrx_word' id='word_1_5' title='bbox 2280 340 2592 407; x_wconf 82' lang='lat' dir='ltr'>LITURG.</span> 
     </span>
    </p>
   </div>
   <div class='ocr_carea' id='block_1_3' title="bbox 3649 336 3791 407">
    <p class='ocr_par' dir='ltr' id='par_1_3' title="bbox 3649 336 3791 407">
     <span class='ocr_line' id='line_1_3' title="bbox 3649 336 3791 407; baseline -0.021 0"><span class='ocrx_word' id='word_1_6' title='bbox 3649 336 3791 407; x_wconf 55' lang='grc' dir='ltr'>’ΝΞ</span> 
     </span>
    </p>
   </div>
   <div class='ocr_carea' id='block_1_4' title="bbox 372 472 3790 561">
    <p class='ocr_par' dir='ltr' id='par_1_4' title="bbox 372 472 3790 561">
     <span class='ocr_line' id='line_1_4' title="bbox 372 472 3790 561; baseline 0.003 -36"><span class='ocrx_word' id='word_1_7' title='bbox 372 472 590 543; x_wconf 87' lang='lat' dir='ltr'>pariter</span> <span class='ocrx_word' id='word_1_8' title='bbox 635 474 828 531; x_wconf 88' lang='lat' dir='ltr'>omnis</span> <span class='ocrx_word' id='word_1_9' title='bbox 879 476 1141 546; x_wconf 81' lang='lat' dir='ltr'>ecclesia,</span> <span class='ocrx_word' id='word_1_10' title='bbox 1210 482 1317 533; x_wconf 87' lang='lat' dir='ltr'>etc.</span> <span class='ocrx_word' id='word_1_11' title='bbox 1351 477 1557 532; x_wconf 90' lang='lat' dir='ltr'>—-Sed</span> <span class='ocrx_word' id='word_1_12' title='bbox 1628 494 1740 531; x_wconf 87' lang='lat' dir='ltr'>non</span> <span class='ocrx_word' id='word_1_13' title='bbox 1817 477 2015 532; x_wconf 88' lang='lat' dir='ltr'>minus</span> <span class='ocrx_word' id='word_1_14' title='bbox 2046 483 2100 547; x_wconf 77' lang='grc' dir='ltr'>Α</span> <span class='ocrx_word' id='word_1_15' title='bbox 2196 479 2250 532; x_wconf 85' lang='grc'><strong>5.</strong></span> <span class='ocrx_word' id='word_1_16' title='bbox 2291 478 2598 534; x_wconf 77' lang='lat' dir='ltr'>Fulserunt</span> <span class='ocrx_word' id='word_1_17' title='bbox 2646 478 2930 534; x_wconf 81' lang='lat' dir='ltr'>immania</span> <span class='ocrx_word' id='word_1_18' title='bbox 2975 481 3141 534; x_wconf 91' lang='lat' dir='ltr'>nocte</span> <span class='ocrx_word' id='word_1_19' title='bbox 3199 477 3391 561; x_wconf 75' lang='lat' dir='ltr'>modia</span> <span class='ocrx_word' id='word_1_20' title='bbox 3442 479 3790 551; x_wconf 78' lang='lat' dir='ltr'>pastoribus</span> 
     </span>
    </p>
   </div>
   <div class='ocr_carea' id='block_1_5' title="bbox 377 559 2379 638">
    <p class='ocr_par' dir='ltr' id='par_1_5' title="bbox 377 559 2379 638">
     <span class='ocr_line' id='line_1_5' title="bbox 377 559 2379 638; baseline 0.004 -25"><span class='ocrx_word' id='word_1_21' title='bbox 377 559 726 633; x_wconf 88' lang='lat' dir='ltr'>Radaspona</span> <span class='ocrx_word' id='word_1_22' title='bbox 756 564 926 621; x_wconf 89' lang='lat' dir='ltr'>beata</span> <span class='ocrx_word' id='word_1_23' title='bbox 955 582 1082 638; x_wconf 82' lang='lat' dir='ltr'>quae</span> <span class='ocrx_word' id='word_1_24' title='bbox 1115 570 1260 621; x_wconf 89' lang='lat' dir='ltr'>nutu</span> <span class='ocrx_word' id='word_1_25' title='bbox 1293 581 1507 637; x_wconf 88' lang='lat' dir='ltr'>supero</span> <span class='ocrx_word' id='word_1_26' title='bbox 1536 564 1829 622; x_wconf 87' lang='lat' dir='ltr'>translata</span> <span class='ocrx_word' id='word_1_27' title='bbox 1872 582 2028 621; x_wconf 89' lang='lat' dir='ltr'>nunc</span> <span class='ocrx_word' id='word_1_28' title='bbox 2135 566 2379 635; x_wconf 90' lang='lat' dir='ltr'>lumina,</span> 
     </span>
    </p>
   </div>
   <div class='ocr_carea' id='block_1_6' title="bbox 376 649 1093 721">
    <p class='ocr_par' dir='ltr' id='par_1_6' title="bbox 376 649 1093 721">
     <span class='ocr_line' id='line_1_6' title="bbox 376 649 1093 721; baseline 0.007 -17"><span class='ocrx_word' id='word_1_29' title='bbox 376 664 513 717; x_wconf 77' lang='lat' dir='ltr'>ossa</span> <span class='ocrx_word' id='word_1_30' title='bbox 541 649 715 706; x_wconf 83' lang='lat' dir='ltr'>habet</span> <span class='ocrx_word' id='word_1_31' title='bbox 734 653 958 721; x_wconf 88' lang='lat' dir='ltr'>eadem,</span> <span class='ocrx_word' id='word_1_32' title='bbox 982 658 1093 709; x_wconf 90' lang='lat' dir='ltr'>etc.</span> 
     </span>
    </p>
   </div>
   <div class='ocr_carea' id='block_1_7' title="bbox 800 740 1615 816">
    <p class='ocr_par' dir='ltr' id='par_1_7' title="bbox 800 740 1615 816">
     <span class='ocr_line' id='line_1_7' title="bbox 800 740 1615 816; baseline 0.005 -22"><span class='ocrx_word' id='word_1_33' title='bbox 800 740 943 797; x_wconf 87' lang='lat' dir='ltr'>XIII.</span> <span class='ocrx_word' id='word_1_34' title='bbox 969 744 1047 798; x_wconf 83' lang='lat' dir='ltr'>De</span> <span class='ocrx_word' id='word_1_35' title='bbox 1074 742 1326 815; x_wconf 86' lang='lat' dir='ltr'>S.jacobo</span> <span class='ocrx_word' id='word_1_36' title='bbox 1351 760 1440 816; x_wconf 85' lang='lat' dir='ltr'>ap.</span> <span class='ocrx_word' id='word_1_37' title='bbox 1472 743 1615 816; x_wconf 89' lang='lat' dir='ltr'>(Pr.)</span> 
     </span>
    </p>
   </div>
   <div class='ocr_carea' id='block_1_8' title="bbox 447 826 2022 905">
    <p class='ocr_par' dir='ltr' id='par_1_8' title="bbox 447 826 2022 905">
     <span class='ocr_line' id='line_1_8' title="bbox 447 826 2022 905; baseline 0.002 -22"><span class='ocrx_word' id='word_1_38' title='bbox 447 826 645 885; x_wconf 82' lang='lat' dir='ltr'>Gaude</span> <span class='ocrx_word' id='word_1_39' title='bbox 666 826 878 886; x_wconf 82' lang='lat' dir='ltr'>Christi</span> <span class='ocrx_word' id='word_1_40' title='bbox 901 847 1138 902; x_wconf 89' lang='lat' dir='ltr'>sponsa,</span> <span class='ocrx_word' id='word_1_41' title='bbox 1162 832 1323 905; x_wconf 88' lang='lat' dir='ltr'>virgo</span> <span class='ocrx_word' id='word_1_42' title='bbox 1349 836 1533 887; x_wconf 88' lang='lat' dir='ltr'>mater</span> <span class='ocrx_word' id='word_1_43' title='bbox 1579 831 1857 903; x_wconf 82' lang='lat' dir='ltr'>Ecclesia,</span> <span class='ocrx_word' id='word_1_44' title='bbox 1913 837 2022 888; x_wconf 91' lang='lat' dir='ltr'>etc.</span> 
     </span>
    </p>
   </div>
   <div class='ocr_carea' id='block_1_9' title="bbox 659 918 1727 979">
    <p class='ocr_par' dir='ltr' id='par_1_9' title="bbox 659 918 1727 979">
     <span class='ocr_line' id='line_1_9' title="bbox 659 918 1727 979; baseline 0.007 -8"><span class='ocrx_word' id='word_1_45' title='bbox 659 918 808 975; x_wconf 88' lang='lat' dir='ltr'>XIII.</span> <span class='ocrx_word' id='word_1_46' title='bbox 840 921 901 974; x_wconf 84' lang='lat' dir='ltr'>In</span> <span class='ocrx_word' id='word_1_47' title='bbox 929 924 1118 977; x_wconf 84' lang='lat' dir='ltr'>octava</span> <span class='ocrx_word' id='word_1_48' title='bbox 1148 923 1458 977; x_wconf 83' lang='lat' dir='ltr'>Nativitatis</span> <span class='ocrx_word' id='word_1_49' title='bbox 1487 924 1727 979; x_wconf 85' lang='lat' dir='ltr'>Domini.</span> 
     </span>
    </p>
   </div>
   <div class='ocr_carea' id='block_1_10' title="bbox 443 1006 2025 1084">
    <p class='ocr_par' dir='ltr' id='par_1_10' title="bbox 443 1006 2025 1084">
     <span class='ocr_line' id='line_1_10' title="bbox 443 1006 2025 1084; baseline 0.004 -24"><span class='ocrx_word' id='word_1_50' title='bbox 443 1006 661 1074; x_wconf 83' lang='lat' dir='ltr'>Gaude,</span> <span class='ocrx_word' id='word_1_51' title='bbox 694 1006 877 1064; x_wconf 87' lang='lat' dir='ltr'>Maria</span> <span class='ocrx_word' id='word_1_52' title='bbox 904 1009 1065 1084; x_wconf 87' lang='lat' dir='ltr'>virgo</span> <span class='ocrx_word' id='word_1_53' title='bbox 1099 1011 1199 1066; x_wconf 86' lang='lat' dir='ltr'>Dei</span> <span class='ocrx_word' id='word_1_54' title='bbox 1222 1011 1490 1084; x_wconf 85' lang='lat' dir='ltr'>genitrix,</span> <span class='ocrx_word' id='word_1_55' title='bbox 1534 1029 1662 1084; x_wconf 69' lang='lat' dir='ltr'>quae</span> <span class='ocrx_word' id='word_1_56' title='bbox 1717 1010 2025 1084; x_wconf 74' lang='lat' dir='ltr'>promissis</span> 
     </span>
    </p>
   </div>
   <div class='ocr_carea' id='block_1_11' title="bbox 377 1094 1525 1169">
    <p class='ocr_par' dir='ltr' id='par_1_11' title="bbox 377 1094 1525 1169">
     <span class='ocr_line' id='line_1_11' title="bbox 377 1094 1525 1169; baseline 0.005 -19"><span class='ocrx_word' id='word_1_57' title='bbox 377 1094 662 1165; x_wconf 82' lang='lat' dir='ltr'>Gabrielis</span> <span class='ocrx_word' id='word_1_58' title='bbox 692 1113 793 1169; x_wconf 86' lang='lat' dir='ltr'>spe</span> <span class='ocrx_word' id='word_1_59' title='bbox 824 1098 1031 1155; x_wconf 89' lang='lat' dir='ltr'>devota</span> <span class='ocrx_word' id='word_1_60' title='bbox 1061 1100 1382 1169; x_wconf 76' lang='lat' dir='ltr'>credidisti,</span> <span class='ocrx_word' id='word_1_61' title='bbox 1418 1105 1525 1156; x_wconf 90' lang='lat' dir='ltr'>etc.</span> 
     </span>
    </p>
   </div>
   <div class='ocr_carea' id='block_1_12' title="bbox 728 1186 1662 1262">
    <p class='ocr_par' dir='ltr' id='par_1_12' title="bbox 728 1186 1662 1262">
     <span class='ocr_line' id='line_1_12' title="bbox 728 1186 1662 1262; baseline 0.003 -20"><span class='ocrx_word' id='word_1_62' title='bbox 728 1186 869 1242; x_wconf 88' lang='lat' dir='ltr'>XIV.</span> <span class='ocrx_word' id='word_1_63' title='bbox 910 1190 973 1243; x_wconf 89' lang='lat' dir='ltr'>In</span> <span class='ocrx_word' id='word_1_64' title='bbox 1003 1198 1191 1245; x_wconf 78' lang='lat' dir='ltr'>octava</span> <span class='ocrx_word' id='word_1_65' title='bbox 1219 1191 1474 1245; x_wconf 86' lang='lat' dir='ltr'>Paschali</span> <span class='ocrx_word' id='word_1_66' title='bbox 1501 1190 1662 1262; x_wconf 88' lang='lat' dir='ltr'>(Pr.).</span> 
     </span>
    </p>
   </div>
   <div class='ocr_carea' id='block_1_13' title="bbox 352 1273 2024 1349">
    <p class='ocr_par' dir='ltr' id='par_1_13' title="bbox 352 1273 2024 1349">
     <span class='ocr_line' id='line_1_13' title="bbox 352 1273 2024 1349; baseline 0.004 -21"><span class='ocrx_word' id='word_1_67' title='bbox 352 1302 363 1309; x_wconf 92' lang='lat'><em>-</em></span> <span class='ocrx_word' id='word_1_68' title='bbox 404 1324 409 1328; x_wconf 92' lang='lat'>.</span> <span class='ocrx_word' id='word_1_69' title='bbox 446 1273 578 1330; x_wconf 66' lang='lat' dir='ltr'>Haec</span> <span class='ocrx_word' id='word_1_70' title='bbox 606 1278 697 1331; x_wconf 89' lang='lat' dir='ltr'>est</span> <span class='ocrx_word' id='word_1_71' title='bbox 727 1280 930 1333; x_wconf 89' lang='lat' dir='ltr'>sancta</span> <span class='ocrx_word' id='word_1_72' title='bbox 960 1276 1329 1335; x_wconf 80' lang='lat' dir='ltr'>sollemnitas</span> <span class='ocrx_word' id='word_1_73' title='bbox 1378 1279 1859 1349; x_wconf 87' lang='lat' dir='ltr'>sollemnitatum,</span> <span class='ocrx_word' id='word_1_74' title='bbox 1913 1282 2024 1334; x_wconf 91' lang='lat' dir='ltr'>etc.</span> 
     </span>
    </p>
   </div>
   <div class='ocr_carea' id='block_1_14' title="bbox 811 1365 1591 1424">
    <p class='ocr_par' dir='ltr' id='par_1_14' title="bbox 811 1365 1591 1424">
     <span class='ocr_line' id='line_1_14' title="bbox 811 1365 1591 1424; baseline 0.003 -4"><span class='ocrx_word' id='word_1_75' title='bbox 811 1365 929 1421; x_wconf 87' lang='lat' dir='ltr'>XV.</span> <span class='ocrx_word' id='word_1_76' title='bbox 961 1369 1121 1423; x_wconf 80' lang='lat' dir='ltr'>Feria</span> <span class='ocrx_word' id='word_1_77' title='bbox 1146 1372 1302 1424; x_wconf 70' lang='lat' dir='ltr'>sexta</span> <span class='ocrx_word' id='word_1_78' title='bbox 1333 1370 1391 1423; x_wconf 85' lang='lat' dir='ltr'>in</span> <span class='ocrx_word' id='word_1_79' title='bbox 1421 1369 1591 1423; x_wconf 82' lang='lat' dir='ltr'>Albis.</span> 
     </span>
    </p>
   </div>
   <div class='ocr_carea' id='block_1_15' title="bbox 400 1450 1738 1527">
    <p class='ocr_par' dir='ltr' id='par_1_15' title="bbox 400 1450 1738 1527">
     <span class='ocr_line' id='line_1_15' title="bbox 400 1450 1738 1527; baseline 0.004 -21"><span class='ocrx_word' id='word_1_80' title='bbox 400 1498 405 1501; x_wconf 52' lang='grc' dir='ltr'><strong>ς</strong></span> <span class='ocrx_word' id='word_1_81' title='bbox 445 1450 501 1508; x_wconf 90' lang='lat' dir='ltr'>Is</span> <span class='ocrx_word' id='word_1_82' title='bbox 530 1450 632 1524; x_wconf 84' lang='lat' dir='ltr'>qui</span> <span class='ocrx_word' id='word_1_83' title='bbox 664 1453 828 1525; x_wconf 92' lang='lat' dir='ltr'>prius</span> <span class='ocrx_word' id='word_1_84' title='bbox 858 1454 1128 1512; x_wconf 88' lang='lat' dir='ltr'>habitum</span> <span class='ocrx_word' id='word_1_85' title='bbox 1162 1457 1370 1514; x_wconf 87' lang='lat' dir='ltr'>mortis</span> <span class='ocrx_word' id='word_1_86' title='bbox 1402 1457 1609 1527; x_wconf 86' lang='lat' dir='ltr'>induit,</span> <span class='ocrx_word' id='word_1_87' title='bbox 1629 1461 1738 1513; x_wconf 88' lang='lat' dir='ltr'>etc.</span> 
     </span>
    </p>
   </div>
   <div class='ocr_carea' id='block_1_16' title="bbox 780 1543 1605 1619">
    <p class='ocr_par' dir='ltr' id='par_1_16' title="bbox 780 1543 1605 1619">
     <span class='ocr_line' id='line_1_16' title="bbox 780 1543 1605 1619; baseline 0.001 -19"><span class='ocrx_word' id='word_1_88' title='bbox 780 1543 921 1601; x_wconf 85' lang='lat' dir='ltr'>XVI.</span> <span class='ocrx_word' id='word_1_89' title='bbox 953 1547 1012 1600; x_wconf 83' lang='lat' dir='ltr'>In</span> <span class='ocrx_word' id='word_1_90' title='bbox 1044 1554 1231 1602; x_wconf 79' lang='lat' dir='ltr'>octava</span> <span class='ocrx_word' id='word_1_91' title='bbox 1260 1548 1605 1619; x_wconf 66' lang='lat' dir='ltr'>Epiphaniae.</span> 
     </span>
    </p>
   </div>
   <div class='ocr_carea' id='block_1_17' title="bbox 446 1634 1415 1704">
    <p class='ocr_par' dir='ltr' id='par_1_17' title="bbox 446 1634 1415 1704">
     <span class='ocr_line' id='line_1_17' title="bbox 446 1634 1415 1704; baseline -0.003 -10"><span class='ocrx_word' id='word_1_92' title='bbox 446 1640 562 1695; x_wconf 88' lang='lat' dir='ltr'>Iste</span> <span class='ocrx_word' id='word_1_93' title='bbox 590 1638 716 1694; x_wconf 83' lang='lat' dir='ltr'>dies</span> <span class='ocrx_word' id='word_1_94' title='bbox 749 1634 994 1692; x_wconf 81' lang='lat' dir='ltr'>celebris</span> <span class='ocrx_word' id='word_1_95' title='bbox 1027 1639 1274 1704; x_wconf 81' lang='lat' dir='ltr'>constat,</span> <span class='ocrx_word' id='word_1_96' title='bbox 1308 1642 1415 1692; x_wconf 86' lang='lat' dir='ltr'>etc.</span> 
     </span>
    </p>
   </div>
   <div class='ocr_carea' id='block_1_18' title="bbox 613 1726 1784 1797">
    <p class='ocr_par' dir='ltr' id='par_1_18' title="bbox 613 1726 1784 1797">
     <span class='ocr_line' id='line_1_18' title="bbox 613 1726 1784 1797; baseline -0.002 -16"><span class='ocrx_word' id='word_1_97' title='bbox 613 1726 781 1781; x_wconf 86' lang='lat' dir='ltr'>XVII.</span> <span class='ocrx_word' id='word_1_98' title='bbox 820 1726 1104 1781; x_wconf 84' lang='lat' dir='ltr'>Domim&#39;ca</span> <span class='ocrx_word' id='word_1_99' title='bbox 1127 1730 1245 1797; x_wconf 78' lang='lat' dir='ltr'>post</span> <span class='ocrx_word' id='word_1_100' title='bbox 1275 1731 1521 1781; x_wconf 77' lang='lat' dir='ltr'>octavam</span> <span class='ocrx_word' id='word_1_101' title='bbox 1544 1726 1784 1781; x_wconf 66' lang='lat' dir='ltr'>Paschrc.</span> 
     </span>
    </p>
   </div>
   <div class='ocr_carea' id='block_1_19' title="bbox 447 1813 2106 1916">
    <p class='ocr_par' dir='ltr' id='par_1_19' title="bbox 447 1813 2106 1916">
     <span class='ocr_line' id='line_1_19' title="bbox 447 1813 2106 1916; baseline -0.004 -43"><span class='ocrx_word' id='word_1_102' title='bbox 447 1815 718 1873; x_wconf 86' lang='lat' dir='ltr'>Judicem</span> <span class='ocrx_word' id='word_1_103' title='bbox 768 1831 875 1870; x_wconf 90' lang='lat' dir='ltr'>nos</span> <span class='ocrx_word' id='word_1_104' title='bbox 925 1813 1356 1886; x_wconf 88' lang='lat' dir='ltr'>inspicientcm,</span> <span class='ocrx_word' id='word_1_105' title='bbox 1428 1818 1629 1888; x_wconf 75' lang='lat' dir='ltr'>crypta</span> <span class='ocrx_word' id='word_1_106' title='bbox 1696 1814 1888 1871; x_wconf 82' lang='lat' dir='ltr'>cordis</span> <span class='ocrx_word' id='word_1_107' title='bbox 1953 1813 2106 1916; x_wconf 81' lang='lat' dir='ltr'>ri-B</span> 
     </span>
    </p>
   </div>
   <div class='ocr_carea' id='block_1_20' title="bbox 378 1907 801 1974">
    <p class='ocr_par' dir='ltr' id='par_1_20' title="bbox 378 1907 801 1974">
     <span class='ocr_line' id='line_1_20' title="bbox 378 1907 801 1974; baseline -0.014 -11"><span class='ocrx_word' id='word_1_108' title='bbox 378 1909 659 1974; x_wconf 87' lang='lat' dir='ltr'>mantem,</span> <span class='ocrx_word' id='word_1_109' title='bbox 694 1907 801 1959; x_wconf 91' lang='lat' dir='ltr'>etc.</span> 
     </span>
    </p>
   </div>
   <div class='ocr_carea' id='block_1_21' title="bbox 912 1990 1482 2050">
    <p class='ocr_par' dir='ltr' id='par_1_21' title="bbox 912 1990 1482 2050">
     <span class='ocr_line' id='line_1_21' title="bbox 912 1990 1482 2050; baseline 0 -4"><span class='ocrx_word' id='word_1_110' title='bbox 912 1990 1081 2047; x_wconf 82' lang='lat' dir='ltr'>XVIII</span> <span class='ocrx_word' id='word_1_111' title='bbox 1100 2034 1111 2046; x_wconf 94' lang='lat'>.</span> <span class='ocrx_word' id='word_1_112' title='bbox 1146 1992 1345 2047; x_wconf 70' lang='lat' dir='ltr'>Eadem</span> <span class='ocrx_word' id='word_1_113' title='bbox 1373 1993 1482 2050; x_wconf 79' lang='lat' dir='ltr'>die.</span> 
     </span>
    </p>
   </div>
   <div class='ocr_carea' id='block_1_22' title="bbox 451 2080 1807 2150">
    <p class='ocr_par' dir='ltr' id='par_1_22' title="bbox 451 2080 1807 2150">
     <span class='ocr_line' id='line_1_22' title="bbox 451 2080 1807 2150; baseline -0.001 -11"><span class='ocrx_word' id='word_1_114' title='bbox 451 2084 605 2139; x_wconf 68' lang='lat' dir='ltr'>Laeta</span> <span class='ocrx_word' id='word_1_115' title='bbox 633 2084 830 2138; x_wconf 87' lang='lat' dir='ltr'>mente</span> <span class='ocrx_word' id='word_1_116' title='bbox 858 2096 1141 2137; x_wconf 87' lang='lat' dir='ltr'>canamus</span> <span class='ocrx_word' id='word_1_117' title='bbox 1170 2080 1417 2138; x_wconf 91' lang='lat' dir='ltr'>Domino</span> <span class='ocrx_word' id='word_1_118' title='bbox 1448 2087 1667 2150; x_wconf 79' lang='lat' dir='ltr'>nostro,</span> <span class='ocrx_word' id='word_1_119' title='bbox 1698 2088 1807 2139; x_wconf 87' lang='lat' dir='ltr'>etc.</span> 
     </span>
    </p>
   </div>
   <div class='ocr_carea' id='block_1_23' title="bbox 410 2169 1491 2227">
    <p class='ocr_par' dir='ltr' id='par_1_23' title="bbox 410 2169 1491 2227">
     <span class='ocr_line' id='line_1_23' title="bbox 410 2169 1491 2227; baseline 0.003 -3"><span class='ocrx_word' id='word_1_120' title='bbox 410 2180 415 2184; x_wconf 89' lang='lat'>&#39;</span> <span class='ocrx_word' id='word_1_121' title='bbox 884 2169 1019 2226; x_wconf 87' lang='lat' dir='ltr'>XIX.</span> <span class='ocrx_word' id='word_1_122' title='bbox 1051 2171 1125 2227; x_wconf 81' lang='lat' dir='ltr'>De</span> <span class='ocrx_word' id='word_1_123' title='bbox 1151 2175 1211 2227; x_wconf 91' lang='lat' dir='ltr'>S.</span> <span class='ocrx_word' id='word_1_124' title='bbox 1245 2172 1491 2227; x_wconf 83' lang='lat' dir='ltr'>Nicolao.</span> 
     </span>
    </p>
   </div>
   <div class='ocr_carea' id='block_1_24' title="bbox 451 2257 2027 2333">
    <p class='ocr_par' dir='ltr' id='par_1_24' title="bbox 451 2257 2027 2333">
     <span class='ocr_line' id='line_1_24' title="bbox 451 2257 2027 2333; baseline -0.001 -18"><span class='ocrx_word' id='word_1_125' title='bbox 451 2259 647 2315; x_wconf 87' lang='lat' dir='ltr'>Laude</span> <span class='ocrx_word' id='word_1_126' title='bbox 678 2257 1177 2331; x_wconf 87' lang='lat' dir='ltr'>condignissimus</span> <span class='ocrx_word' id='word_1_127' title='bbox 1208 2259 1333 2315; x_wconf 90' lang='lat' dir='ltr'>dies</span> <span class='ocrx_word' id='word_1_128' title='bbox 1363 2275 1562 2315; x_wconf 89' lang='lat' dir='ltr'>annua</span> <span class='ocrx_word' id='word_1_129' title='bbox 1591 2259 1783 2315; x_wconf 82' lang='lat' dir='ltr'>reddit</span> <span class='ocrx_word' id='word_1_130' title='bbox 1812 2260 2027 2333; x_wconf 87' lang='lat' dir='ltr'>gaudia</span> 
     </span>
    </p>
   </div>
   <div class='ocr_carea' id='block_1_25' title="bbox 375 2348 1825 2423">
    <p class='ocr_par' dir='ltr' id='par_1_25' title="bbox 375 2348 1825 2423">
     <span class='ocr_line' id='line_1_25' title="bbox 375 2348 1825 2423; baseline -0.003 -18"><span class='ocrx_word' id='word_1_131' title='bbox 375 2348 705 2423; x_wconf 62' lang='lat' dir='ltr'>presentia,</span> <span class='ocrx_word' id='word_1_132' title='bbox 738 2352 846 2405; x_wconf 86' lang='lat' dir='ltr'>etc.</span> <span class='ocrx_word' id='word_1_133' title='bbox 1824 2348 1825 2351; x_wconf 67' lang='grc'><em>“</em></span> 
     </span>
    </p>
   </div>
   <div class='ocr_carea' id='block_1_26' title="bbox 799 2439 1648 2509">
    <p class='ocr_par' dir='ltr' id='par_1_26' title="bbox 799 2439 1648 2509">
     <span class='ocr_line' id='line_1_26' title="bbox 799 2439 1648 2509; baseline 0.004 -18"><span class='ocrx_word' id='word_1_134' title='bbox 799 2441 921 2493; x_wconf 81' lang='lat' dir='ltr'>XX.</span> <span class='ocrx_word' id='word_1_135' title='bbox 957 2439 1116 2493; x_wconf 80' lang='lat' dir='ltr'>Feria</span> <span class='ocrx_word' id='word_1_136' title='bbox 1147 2440 1343 2509; x_wconf 73' lang='lat' dir='ltr'>quinta</span> <span class='ocrx_word' id='word_1_137' title='bbox 1382 2441 1441 2493; x_wconf 86' lang='lat' dir='ltr'>in</span> <span class='ocrx_word' id='word_1_138' title='bbox 1473 2439 1648 2494; x_wconf 76' lang='lat' dir='ltr'>Albis.</span> 
     </span>
    </p>
   </div>
   <div class='ocr_carea' id='block_1_27' title="bbox 448 2526 2029 2601">
    <p class='ocr_par' dir='ltr' id='par_1_27' title="bbox 448 2526 2029 2601">
     <span class='ocr_line' id='line_1_27' title="bbox 448 2526 2029 2601; baseline -0.001 -18"><span class='ocrx_word' id='word_1_139' title='bbox 448 2528 677 2584; x_wconf 86' lang='lat' dir='ltr'>Laudes</span> <span class='ocrx_word' id='word_1_140' title='bbox 708 2526 956 2584; x_wconf 92' lang='lat' dir='ltr'>Domino</span> <span class='ocrx_word' id='word_1_141' title='bbox 988 2528 1255 2583; x_wconf 87' lang='lat' dir='ltr'>concinat</span> <span class='ocrx_word' id='word_1_142' title='bbox 1288 2527 1448 2584; x_wconf 86' lang='lat' dir='ltr'>orbis</span> <span class='ocrx_word' id='word_1_143' title='bbox 1484 2529 1700 2601; x_wconf 89' lang='lat' dir='ltr'>ubique</span> <span class='ocrx_word' id='word_1_144' title='bbox 1732 2531 1888 2584; x_wconf 92' lang='lat' dir='ltr'>totus</span> <span class='ocrx_word' id='word_1_145' title='bbox 1929 2527 2029 2600; x_wconf 90' lang='lat' dir='ltr'>qui</span> 
     </span>
    </p>
   </div>
   <div class='ocr_carea' id='block_1_28' title="bbox 385 2614 1162 2689">
    <p class='ocr_par' dir='ltr' id='par_1_28' title="bbox 385 2614 1162 2689">
     <span class='ocr_line' id='line_1_28' title="bbox 385 2614 1162 2689; baseline -0.003 -18"><span class='ocrx_word' id='word_1_146' title='bbox 385 2616 568 2689; x_wconf 83' lang='lat' dir='ltr'>gratis</span> <span class='ocrx_word' id='word_1_147' title='bbox 597 2620 687 2671; x_wconf 92' lang='lat' dir='ltr'>est</span> <span class='ocrx_word' id='word_1_148' title='bbox 716 2614 1019 2683; x_wconf 88' lang='lat' dir='ltr'>liberatus,</span> <span class='ocrx_word' id='word_1_149' title='bbox 1052 2620 1162 2671; x_wconf 87' lang='lat' dir='ltr'>etc.</span> 
     </span>
    </p>
   </div>
   <div class='ocr_carea' id='block_1_29' title="bbox 838 2701 1558 2761">
    <p class='ocr_par' dir='ltr' id='par_1_29' title="bbox 838 2701 1558 2761">
     <span class='ocr_line' id='line_1_29' title="bbox 838 2701 1558 2761; baseline 0.007 -5"><span class='ocrx_word' id='word_1_150' title='bbox 838 2701 977 2758; x_wconf 85' lang='lat' dir='ltr'>XXI.</span> <span class='ocrx_word' id='word_1_151' title='bbox 1011 2705 1084 2757; x_wconf 86' lang='lat' dir='ltr'>De</span> <span class='ocrx_word' id='word_1_152' title='bbox 1110 2704 1165 2759; x_wconf 88' lang='lat' dir='ltr'>S.</span> <span class='ocrx_word' id='word_1_153' title='bbox 1199 2705 1558 2761; x_wconf 84' lang='lat' dir='ltr'>Emmeramo.</span> 
     </span>
    </p>
   </div>
   <div class='ocr_carea' id='block_1_30' title="bbox 457 2790 2036 2851">
    <p class='ocr_par' dir='ltr' id='par_1_30' title="bbox 457 2790 2036 2851">
     <span class='ocr_line' id='line_1_30' title="bbox 457 2790 2036 2851; baseline 0.003 -5"><span class='ocrx_word' id='word_1_154' title='bbox 457 2791 685 2846; x_wconf 86' lang='lat' dir='ltr'>Laudes</span> <span class='ocrx_word' id='word_1_155' title='bbox 717 2790 965 2847; x_wconf 89' lang='lat' dir='ltr'>Domino</span> <span class='ocrx_word' id='word_1_156' title='bbox 997 2796 1198 2848; x_wconf 90' lang='lat' dir='ltr'>nostro</span> <span class='ocrx_word' id='word_1_157' title='bbox 1229 2794 1707 2849; x_wconf 88' lang='lat' dir='ltr'>nostraconcinat</span> <span class='ocrx_word' id='word_1_158' title='bbox 1729 2794 2036 2851; x_wconf 88' lang='lat' dir='ltr'>harmonia</span> 
     </span>
    </p>
   </div>
   <div class='ocr_carea' id='block_1_31' title="bbox 385 2877 1177 2950">
    <p class='ocr_par' dir='ltr' id='par_1_31' title="bbox 385 2877 1177 2950">
     <span class='ocr_line' id='line_1_31' title="bbox 385 2877 1177 2950; baseline 0 -17"><span class='ocrx_word' id='word_1_159' title='bbox 385 2895 451 2934; x_wconf 89' lang='lat' dir='ltr'>ac</span> <span class='ocrx_word' id='word_1_160' title='bbox 486 2877 671 2950; x_wconf 88' lang='lat' dir='ltr'>patris</span> <span class='ocrx_word' id='word_1_161' title='bbox 700 2877 1034 2946; x_wconf 85' lang='lat' dir='ltr'>venerandi,</span> <span class='ocrx_word' id='word_1_162' title='bbox 1070 2882 1177 2933; x_wconf 91' lang='lat' dir='ltr'>etc.</span> 
     </span>
    </p>
   </div>
   <div class='ocr_carea' id='block_1_32' title="bbox 619 2966 1802 3040">
    <p class='ocr_par' dir='ltr' id='par_1_32' title="bbox 619 2966 1802 3040">
     <span class='ocr_line' id='line_1_32' title="bbox 619 2966 1802 3040; baseline 0.006 -19"><span class='ocrx_word' id='word_1_163' title='bbox 619 2966 791 3023; x_wconf 87' lang='lat' dir='ltr'>XXII.</span> <span class='ocrx_word' id='word_1_164' title='bbox 822 2968 1109 3022; x_wconf 84' lang='lat' dir='ltr'>Dominica</span> <span class='ocrx_word' id='word_1_165' title='bbox 1134 2975 1257 3040; x_wconf 81' lang='lat' dir='ltr'>post</span> <span class='ocrx_word' id='word_1_166' title='bbox 1286 2972 1530 3025; x_wconf 81' lang='lat' dir='ltr'>octavam</span> <span class='ocrx_word' id='word_1_167' title='bbox 1555 2971 1802 3028; x_wconf 56' lang='lat' dir='ltr'>Pascha.</span> 
     </span>
    </p>
   </div>
   <div class='ocr_carea' id='block_1_33' title="bbox 456 3055 1514 3126">
    <p class='ocr_par' dir='ltr' id='par_1_33' title="bbox 456 3055 1514 3126">
     <span class='ocr_line' id='line_1_33' title="bbox 456 3055 1514 3126; baseline 0.003 -14"><span class='ocrx_word' id='word_1_168' title='bbox 456 3055 743 3112; x_wconf 74' lang='lat' dir='ltr'>Laustibi</span> <span class='ocrx_word' id='word_1_169' title='bbox 776 3055 870 3125; x_wconf 84' lang='lat' dir='ltr'>sit,</span> <span class='ocrx_word' id='word_1_170' title='bbox 904 3074 937 3112; x_wconf 91' lang='grc' dir='ltr'>ο</span> <span class='ocrx_word' id='word_1_171' title='bbox 968 3056 1155 3113; x_wconf 83' lang='lat' dir='ltr'>fidelis</span> <span class='ocrx_word' id='word_1_172' title='bbox 1188 3058 1365 3126; x_wconf 88' lang='lat' dir='ltr'>Deus,</span> <span class='ocrx_word' id='word_1_173' title='bbox 1400 3063 1514 3115; x_wconf 91' lang='lat' dir='ltr'>etc.</span> 
     </span>
    </p>
   </div>
   <div class='ocr_carea' id='block_1_34' title="bbox 843 3144 1560 3220">
    <p class='ocr_par' dir='ltr' id='par_1_34' title="bbox 843 3144 1560 3220">
     <span class='ocr_line' id='line_1_34' title="bbox 843 3144 1560 3220; baseline 0.004 -19"><span class='ocrx_word' id='word_1_174' title='bbox 843 3144 1029 3201; x_wconf 89' lang='lat' dir='ltr'>XXIII.</span> <span class='ocrx_word' id='word_1_175' title='bbox 1064 3148 1139 3202; x_wconf 82' lang='lat' dir='ltr'>De</span> <span class='ocrx_word' id='word_1_176' title='bbox 1163 3163 1271 3202; x_wconf 83' lang='lat' dir='ltr'>uno</span> <span class='ocrx_word' id='word_1_177' title='bbox 1298 3151 1560 3220; x_wconf 81' lang='lat' dir='ltr'>martyre.</span> 
     </span>
    </p>
   </div>
   <div class='ocr_carea' id='block_1_35' title="bbox 2202 656 3790 733">
    <p class='ocr_par' dir='ltr' id='par_1_35' title="bbox 2202 656 3790 733">
     <span class='ocr_line' id='line_1_35' title="bbox 2202 656 3790 733; baseline 0.003 -23"><span class='ocrx_word' id='word_1_178' title='bbox 2202 658 2255 711; x_wconf 91' lang='lat'>6.</span> <span class='ocrx_word' id='word_1_179' title='bbox 2290 656 2441 711; x_wconf 91' lang='lat' dir='ltr'>Dum</span> <span class='ocrx_word' id='word_1_180' title='bbox 2468 657 2663 714; x_wconf 85' lang='lat' dir='ltr'>fovent</span> <span class='ocrx_word' id='word_1_181' title='bbox 2694 674 2802 713; x_wconf 89' lang='lat' dir='ltr'>sua</span> <span class='ocrx_word' id='word_1_182' title='bbox 2832 673 3044 730; x_wconf 86' lang='lat' dir='ltr'>pecora</span> <span class='ocrx_word' id='word_1_183' title='bbox 3079 656 3276 715; x_wconf 89' lang='lat' dir='ltr'>subito</span> <span class='ocrx_word' id='word_1_184' title='bbox 3335 656 3533 714; x_wconf 91' lang='lat' dir='ltr'>divina</span> <span class='ocrx_word' id='word_1_185' title='bbox 3577 658 3790 733; x_wconf 65' lang='lat' dir='ltr'>praeci-</span> 
     </span>
    </p>
   </div>
   <div class='ocr_carea' id='block_1_36' title="bbox 2134 744 2589 817">
    <p class='ocr_par' dir='ltr' id='par_1_36' title="bbox 2134 744 2589 817">
     <span class='ocr_line' id='line_1_36' title="bbox 2134 744 2589 817; baseline 0.011 -20"><span class='ocrx_word' id='word_1_186' title='bbox 2134 744 2305 817; x_wconf 88' lang='lat' dir='ltr'>piunt</span> <span class='ocrx_word' id='word_1_187' title='bbox 2333 745 2589 802; x_wconf 89' lang='lat' dir='ltr'>monita:</span> 
     </span>
    </p>
   </div>
   <div class='ocr_carea' id='block_1_37' title="bbox 2204 833 3788 909">
    <p class='ocr_par' dir='ltr' id='par_1_37' title="bbox 2204 833 3788 909">
     <span class='ocr_line' id='line_1_37' title="bbox 2204 833 3788 909; baseline 0.003 -22"><span class='ocrx_word' id='word_1_188' title='bbox 2204 836 2253 888; x_wconf 94' lang='lat'>7.</span> <span class='ocrx_word' id='word_1_189' title='bbox 2292 835 2394 890; x_wconf 81' lang='lat' dir='ltr'>Est</span> <span class='ocrx_word' id='word_1_190' title='bbox 2423 833 2714 891; x_wconf 89' lang='lat' dir='ltr'>immensa</span> <span class='ocrx_word' id='word_1_191' title='bbox 2744 834 2801 890; x_wconf 90' lang='lat' dir='ltr'>in</span> <span class='ocrx_word' id='word_1_192' title='bbox 2832 834 2976 891; x_wconf 76' lang='lat' dir='ltr'>coelo</span> <span class='ocrx_word' id='word_1_193' title='bbox 3005 833 3213 908; x_wconf 84' lang='lat' dir='ltr'>gloria,</span> <span class='ocrx_word' id='word_1_194' title='bbox 3248 852 3359 909; x_wconf 80' lang='lat' dir='ltr'>pax</span> <span class='ocrx_word' id='word_1_195' title='bbox 3389 838 3447 892; x_wconf 92' lang='lat' dir='ltr'>et</span> <span class='ocrx_word' id='word_1_196' title='bbox 3477 835 3537 891; x_wconf 90' lang='lat' dir='ltr'>in</span> <span class='ocrx_word' id='word_1_197' title='bbox 3587 840 3788 892; x_wconf 85' lang='lat' dir='ltr'>terra:</span> 
     </span>
    </p>
   </div>
   <div class='ocr_carea' id='block_1_38' title="bbox 2204 920 3691 995">
    <p class='ocr_par' dir='ltr' id='par_1_38' title="bbox 2204 920 3691 995">
     <span class='ocr_line' id='line_1_38' title="bbox 2204 920 3691 995; baseline 0.003 -20"><span class='ocrx_word' id='word_1_198' title='bbox 2204 922 2257 975; x_wconf 89' lang='lat'>8.</span> <span class='ocrx_word' id='word_1_199' title='bbox 2293 921 2477 977; x_wconf 87' lang='lat' dir='ltr'>Natus</span> <span class='ocrx_word' id='word_1_200' title='bbox 2508 920 2663 977; x_wconf 89' lang='lat' dir='ltr'>alma</span> <span class='ocrx_word' id='word_1_201' title='bbox 2687 920 2909 995; x_wconf 84' lang='lat' dir='ltr'>virgine</span> <span class='ocrx_word' id='word_1_202' title='bbox 2940 922 3041 994; x_wconf 89' lang='lat' dir='ltr'>qui</span> <span class='ocrx_word' id='word_1_203' title='bbox 3070 926 3259 979; x_wconf 83' lang='lat' dir='ltr'>exstat</span> <span class='ocrx_word' id='word_1_204' title='bbox 3288 926 3422 979; x_wconf 87' lang='lat' dir='ltr'>ante</span> <span class='ocrx_word' id='word_1_205' title='bbox 3455 922 3691 980; x_wconf 81' lang='lat' dir='ltr'>saecula.</span> 
     </span>
    </p>
   </div>
   <div class='ocr_carea' id='block_1_39' title="bbox 2205 1009 3503 1084">
    <p class='ocr_par' dir='ltr' id='par_1_39' title="bbox 2205 1009 3503 1084">
     <span class='ocr_line' id='line_1_39' title="bbox 2205 1009 3503 1084; baseline 0.002 -21"><span class='ocrx_word' id='word_1_206' title='bbox 2205 1011 2257 1064; x_wconf 86' lang='lat'>9.</span> <span class='ocrx_word' id='word_1_207' title='bbox 2292 1010 2381 1064; x_wconf 84' lang='lat' dir='ltr'>Sic</span> <span class='ocrx_word' id='word_1_208' title='bbox 2410 1026 2545 1083; x_wconf 87' lang='lat' dir='ltr'>ergo</span> <span class='ocrx_word' id='word_1_209' title='bbox 2576 1009 2703 1066; x_wconf 83' lang='lat' dir='ltr'>cccli</span> <span class='ocrx_word' id='word_1_210' title='bbox 2742 1014 2971 1067; x_wconf 87' lang='lat' dir='ltr'>caterva</span> <span class='ocrx_word' id='word_1_211' title='bbox 3000 1010 3285 1068; x_wconf 89' lang='lat' dir='ltr'>altissime</span> <span class='ocrx_word' id='word_1_212' title='bbox 3308 1011 3503 1084; x_wconf 87' lang='lat' dir='ltr'>jubila</span> 
     </span>
    </p>
   </div>
   <div class='ocr_carea' id='block_1_40' title="bbox 2210 1098 3694 1173">
    <p class='ocr_par' dir='ltr' id='par_1_40' title="bbox 2210 1098 3694 1173">
     <span class='ocr_line' id='line_1_40' title="bbox 2210 1098 3694 1173; baseline 0.003 -21"><span class='ocrx_word' id='word_1_213' title='bbox 2210 1100 2294 1153; x_wconf 88' lang='grc'>10.</span> <span class='ocrx_word' id='word_1_214' title='bbox 2330 1098 2400 1153; x_wconf 79' lang='lat' dir='ltr'>Ut</span> <span class='ocrx_word' id='word_1_215' title='bbox 2429 1102 2590 1155; x_wconf 89' lang='lat' dir='ltr'>tanto</span> <span class='ocrx_word' id='word_1_216' title='bbox 2621 1116 2831 1155; x_wconf 88' lang='lat' dir='ltr'>canore</span> <span class='ocrx_word' id='word_1_217' title='bbox 2858 1104 3072 1156; x_wconf 90' lang='lat' dir='ltr'>tremat</span> <span class='ocrx_word' id='word_1_218' title='bbox 3102 1099 3218 1156; x_wconf 89' lang='lat' dir='ltr'>alta</span> <span class='ocrx_word' id='word_1_219' title='bbox 3247 1100 3371 1173; x_wconf 89' lang='lat' dir='ltr'>poli</span> <span class='ocrx_word' id='word_1_220' title='bbox 3397 1101 3694 1157; x_wconf 85' lang='lat' dir='ltr'>machina.</span> 
     </span>
    </p>
   </div>
   <div class='ocr_carea' id='block_1_41' title="bbox 2210 1188 3749 1261">
    <p class='ocr_par' dir='ltr' id='par_1_41' title="bbox 2210 1188 3749 1261">
     <span class='ocr_line' id='line_1_41' title="bbox 2210 1188 3749 1261; baseline 0.004 -19"><span class='ocrx_word' id='word_1_221' title='bbox 2210 1189 2297 1242; x_wconf 93' lang='grc'>11.</span> <span class='ocrx_word' id='word_1_222' title='bbox 2330 1192 2634 1243; x_wconf 84' lang='lat' dir='ltr'>Contracta</span> <span class='ocrx_word' id='word_1_223' title='bbox 2663 1194 2802 1244; x_wconf 90' lang='lat' dir='ltr'>sunt</span> <span class='ocrx_word' id='word_1_224' title='bbox 2830 1188 3075 1261; x_wconf 89' lang='lat' dir='ltr'>imperia</span> <span class='ocrx_word' id='word_1_225' title='bbox 3094 1189 3283 1245; x_wconf 89' lang='lat' dir='ltr'>hostis</span> <span class='ocrx_word' id='word_1_226' title='bbox 3313 1190 3749 1248; x_wconf 88' lang='lat' dir='ltr'>crudelissima.</span> 
     </span>
    </p>
   </div>
   <div class='ocr_carea' id='block_1_42' title="bbox 2210 1275 3789 1349">
    <p class='ocr_par' dir='ltr' id='par_1_42' title="bbox 2210 1275 3789 1349">
     <span class='ocr_line' id='line_1_42' title="bbox 2210 1275 3789 1349; baseline 0.003 -18"><span class='ocrx_word' id='word_1_227' title='bbox 2210 1278 2295 1332; x_wconf 83' lang='grc'><strong>12.</strong></span> <span class='ocrx_word' id='word_1_228' title='bbox 2327 1275 2596 1333; x_wconf 90' lang='lat' dir='ltr'>Humana</span> <span class='ocrx_word' id='word_1_229' title='bbox 2627 1283 2982 1349; x_wconf 84' lang='lat' dir='ltr'>concrepant</span> <span class='ocrx_word' id='word_1_230' title='bbox 3011 1282 3220 1335; x_wconf 88' lang='lat' dir='ltr'>cuncta</span> <span class='ocrx_word' id='word_1_231' title='bbox 3249 1279 3423 1334; x_wconf 90' lang='lat' dir='ltr'>deum</span> <span class='ocrx_word' id='word_1_232' title='bbox 3456 1284 3662 1335; x_wconf 88' lang='lat' dir='ltr'>natum</span> <span class='ocrx_word' id='word_1_233' title='bbox 3694 1279 3789 1336; x_wconf 80' lang='lat' dir='ltr'>in-</span> 
     </span>
    </p>
   </div>
   <div class='ocr_carea' id='block_1_43' title="bbox 2137 1370 2312 1422">
    <p class='ocr_par' dir='ltr' id='par_1_43' title="bbox 2137 1370 2312 1422">
     <span class='ocr_line' id='line_1_43' title="bbox 2137 1370 2312 1422; baseline -0.006 0"><span class='ocrx_word' id='word_1_234' title='bbox 2137 1370 2312 1422; x_wconf 88' lang='lat' dir='ltr'>terra.</span> 
     </span>
    </p>
   </div>
   <div class='ocr_carea' id='block_1_44' title="bbox 2211 1454 3795 1525">
    <p class='ocr_par' dir='ltr' id='par_1_44' title="bbox 2211 1454 3795 1525">
     <span class='ocr_line' id='line_1_44' title="bbox 2211 1454 3795 1525; baseline 0.002 -15"><span class='ocrx_word' id='word_1_235' title='bbox 2211 1456 2295 1510; x_wconf 86' lang='grc'><strong>13.</strong></span> <span class='ocrx_word' id='word_1_236' title='bbox 2330 1454 2443 1509; x_wconf 79' lang='lat' dir='ltr'>Pax</span> <span class='ocrx_word' id='word_1_237' title='bbox 2476 1455 2532 1509; x_wconf 90' lang='lat' dir='ltr'>in</span> <span class='ocrx_word' id='word_1_238' title='bbox 2564 1459 2719 1511; x_wconf 89' lang='lat' dir='ltr'>terra</span> <span class='ocrx_word' id='word_1_239' title='bbox 2773 1456 3019 1525; x_wconf 88' lang='lat' dir='ltr'>reddita,</span> <span class='ocrx_word' id='word_1_240' title='bbox 3070 1473 3227 1512; x_wconf 88' lang='lat' dir='ltr'>nunc</span> <span class='ocrx_word' id='word_1_241' title='bbox 3274 1456 3795 1514; x_wconf 64' lang='lat' dir='ltr'>laetentur-omnia</span> 
     </span>
    </p>
   </div>
   <div class='ocr_carea' id='block_1_45' title="bbox 2138 1543 3493 1615">
    <p class='ocr_par' dir='ltr' id='par_1_45' title="bbox 2138 1543 3493 1615">
     <span class='ocr_line' id='line_1_45' title="bbox 2138 1543 3493 1615; baseline -0.001 -15"><span class='ocrx_word' id='word_1_242' title='bbox 2138 1544 2257 1600; x_wconf 84' lang='lat' dir='ltr'>nati</span> <span class='ocrx_word' id='word_1_243' title='bbox 2293 1562 2391 1615; x_wconf 75' lang='lat' dir='ltr'>[er</span> <span class='ocrx_word' id='word_1_244' title='bbox 2421 1543 2674 1598; x_wconf 76' lang='lat' dir='ltr'>exordia.</span> <span class='ocrx_word' id='word_1_245' title='bbox 3480 1594 3493 1599; x_wconf 85' lang='lat'>-</span> 
     </span>
    </p>
   </div>
   <div class='ocr_carea' id='block_1_46' title="bbox 2215 1632 3685 1707">
    <p class='ocr_par' dir='ltr' id='par_1_46' title="bbox 2215 1632 3685 1707">
     <span class='ocr_line' id='line_1_46' title="bbox 2215 1632 3685 1707; baseline 0.003 -21"><span class='ocrx_word' id='word_1_246' title='bbox 2215 1634 2298 1687; x_wconf 76' lang='grc'>14.</span> <span class='ocrx_word' id='word_1_247' title='bbox 2334 1634 2512 1687; x_wconf 89' lang='lat' dir='ltr'>Sonet</span> <span class='ocrx_word' id='word_1_248' title='bbox 2542 1638 2598 1687; x_wconf 82' lang='lat' dir='ltr'>et</span> <span class='ocrx_word' id='word_1_249' title='bbox 2626 1649 2728 1705; x_wconf 90' lang='lat' dir='ltr'>per</span> <span class='ocrx_word' id='word_1_250' title='bbox 2756 1632 2954 1688; x_wconf 86' lang='lat' dir='ltr'>omnia</span> <span class='ocrx_word' id='word_1_251' title='bbox 2985 1632 3094 1689; x_wconf 88' lang='lat' dir='ltr'>hac</span> <span class='ocrx_word' id='word_1_252' title='bbox 3129 1633 3185 1688; x_wconf 91' lang='lat' dir='ltr'>in</span> <span class='ocrx_word' id='word_1_253' title='bbox 3217 1633 3311 1688; x_wconf 89' lang='lat' dir='ltr'>die</span> <span class='ocrx_word' id='word_1_254' title='bbox 3339 1632 3529 1707; x_wconf 84' lang='lat' dir='ltr'>gloria</span> <span class='ocrx_word' id='word_1_255' title='bbox 3544 1651 3685 1690; x_wconf 86' lang='lat' dir='ltr'>voce</span> 
     </span>
    </p>
   </div>
   <div class='ocr_carea' id='block_1_47' title="bbox 2139 1708 2577 1776">
    <p class='ocr_par' dir='ltr' id='par_1_47' title="bbox 2139 1708 2577 1776">
     <span class='ocr_line' id='line_1_47' title="bbox 2139 1708 2577 1776; baseline -0.002 -1"><span class='ocrx_word' id='word_1_256' title='bbox 2139 1721 2296 1776; x_wconf 83' lang='lat' dir='ltr'>clara</span> <span class='ocrx_word' id='word_1_257' title='bbox 2328 1708 2577 1776; x_wconf 79' lang='lat' dir='ltr'>reddita.</span> 
     </span>
    </p>
   </div>
   <div class='ocr_carea' id='block_1_48' title="bbox 2214 1808 3096 1881">
    <p class='ocr_par' dir='ltr' id='par_1_48' title="bbox 2214 1808 3096 1881">
     <span class='ocr_line' id='line_1_48' title="bbox 2214 1808 3096 1881; baseline 0.002 -17"><span class='ocrx_word' id='word_1_258' title='bbox 2214 1813 2297 1865; x_wconf 85' lang='grc'><strong>15.</strong></span> <span class='ocrx_word' id='word_1_259' title='bbox 2331 1808 2496 1866; x_wconf 82' lang='lat' dir='ltr'>Solus</span> <span class='ocrx_word' id='word_1_260' title='bbox 2524 1810 2625 1881; x_wconf 89' lang='lat' dir='ltr'>qui</span> <span class='ocrx_word' id='word_1_261' title='bbox 2653 1814 2850 1866; x_wconf 89' lang='lat' dir='ltr'>tuetur</span> <span class='ocrx_word' id='word_1_262' title='bbox 2878 1812 3096 1876; x_wconf 88' lang='lat' dir='ltr'>omnia,</span> 
     </span>
    </p>
   </div>
   <div class='ocr_carea' id='block_1_49' title="bbox 2210 1897 3200 1971">
    <p class='ocr_par' dir='ltr' id='par_1_49' title="bbox 2210 1897 3200 1971">
     <span class='ocr_line' id='line_1_49' title="bbox 2210 1897 3200 1971; baseline 0 -17"><span class='ocrx_word' id='word_1_263' title='bbox 2210 1900 2294 1954; x_wconf 83' lang='grc'><strong>16.</strong></span> <span class='ocrx_word' id='word_1_264' title='bbox 2331 1897 2503 1954; x_wconf 88' lang='lat' dir='ltr'>Solus</span> <span class='ocrx_word' id='word_1_265' title='bbox 2534 1898 2633 1970; x_wconf 91' lang='lat' dir='ltr'>qui</span> <span class='ocrx_word' id='word_1_266' title='bbox 2664 1899 2953 1971; x_wconf 86' lang='lat' dir='ltr'>gubernat</span> <span class='ocrx_word' id='word_1_267' title='bbox 2983 1900 3200 1967; x_wconf 90' lang='lat' dir='ltr'>omnia,</span> 
     </span>
    </p>
   </div>
   <div class='ocr_carea' id='block_1_50' title="bbox 2208 1986 3757 2064">
    <p class='ocr_par' dir='ltr' id='par_1_50' title="bbox 2208 1986 3757 2064">
     <span class='ocr_line' id='line_1_50' title="bbox 2208 1986 3757 2064; baseline 0.003 -22"><span class='ocrx_word' id='word_1_268' title='bbox 2208 1988 2294 2042; x_wconf 91' lang='grc'><strong>17.</strong></span> <span class='ocrx_word' id='word_1_269' title='bbox 2329 1986 2460 2057; x_wconf 80' lang='lat' dir='ltr'>Ipse</span> <span class='ocrx_word' id='word_1_270' title='bbox 2492 2004 2601 2041; x_wconf 84' lang='lat' dir='ltr'>sua</span> <span class='ocrx_word' id='word_1_271' title='bbox 2632 1987 2853 2059; x_wconf 87' lang='lat' dir='ltr'>pietate</span> <span class='ocrx_word' id='word_1_272' title='bbox 2885 1987 3065 2043; x_wconf 85' lang='lat' dir='ltr'>salvet</span> <span class='ocrx_word' id='word_1_273' title='bbox 3095 1988 3291 2045; x_wconf 89' lang='lat' dir='ltr'>omnia</span> <span class='ocrx_word' id='word_1_274' title='bbox 3321 1992 3530 2061; x_wconf 85' lang='lat' dir='ltr'>pacata</span> <span class='ocrx_word' id='word_1_275' title='bbox 3557 2006 3757 2064; x_wconf 85' lang='lat' dir='ltr'>regna.</span> 
     </span>
    </p>
   </div>
   <div class='ocr_carea' id='block_1_51' title="bbox 2558 2076 3366 2148">
    <p class='ocr_par' dir='ltr' id='par_1_51' title="bbox 2558 2076 3366 2148">
     <span class='ocr_line' id='line_1_51' title="bbox 2558 2076 3366 2148; baseline 0.004 -17"><span class='ocrx_word' id='word_1_276' title='bbox 2558 2076 2727 2143; x_wconf 83' lang='lat' dir='ltr'>XXV,</span> <span class='ocrx_word' id='word_1_277' title='bbox 2758 2082 2839 2133; x_wconf 81' lang='lat' dir='ltr'>De</span> <span class='ocrx_word' id='word_1_278' title='bbox 2867 2078 2925 2133; x_wconf 89' lang='lat' dir='ltr'>S.</span> <span class='ocrx_word' id='word_1_279' title='bbox 2960 2080 3127 2134; x_wconf 84' lang='lat' dir='ltr'>Cruce</span> <span class='ocrx_word' id='word_1_280' title='bbox 3155 2080 3223 2134; x_wconf 79' lang='grc' dir='ltr'><strong>Μ.</strong></span> <span class='ocrx_word' id='word_1_281' title='bbox 3248 2078 3366 2148; x_wconf 81' lang='grc' dir='ltr'>Η.)</span> 
     </span>
    </p>
   </div>
   <div class='ocr_carea' id='block_1_52' title="bbox 2203 2164 3380 2239">
    <p class='ocr_par' dir='ltr' id='par_1_52' title="bbox 2203 2164 3380 2239">
     <span class='ocr_line' id='line_1_52' title="bbox 2203 2164 3380 2239; baseline 0.002 -20"><span class='ocrx_word' id='word_1_282' title='bbox 2203 2164 2368 2219; x_wconf 89' lang='lat' dir='ltr'>Nunc</span> <span class='ocrx_word' id='word_1_283' title='bbox 2401 2166 2591 2221; x_wconf 87' lang='lat' dir='ltr'>crucis</span> <span class='ocrx_word' id='word_1_284' title='bbox 2622 2164 2781 2220; x_wconf 86' lang='lat' dir='ltr'>alma</span> <span class='ocrx_word' id='word_1_285' title='bbox 2806 2170 2979 2222; x_wconf 90' lang='lat' dir='ltr'>canta</span> <span class='ocrx_word' id='word_1_286' title='bbox 3005 2166 3240 2239; x_wconf 88' lang='lat' dir='ltr'>gaudia,</span> <span class='ocrx_word' id='word_1_287' title='bbox 3272 2172 3380 2223; x_wconf 89' lang='lat' dir='ltr'>ctc.</span> 
     </span>
    </p>
   </div>
   <div class='ocr_carea' id='block_1_53' title="bbox 2623 2253 3302 2311">
    <p class='ocr_par' dir='ltr' id='par_1_53' title="bbox 2623 2253 3302 2311">
     <span class='ocr_line' id='line_1_53' title="bbox 2623 2253 3302 2311; baseline 0.004 -4"><span class='ocrx_word' id='word_1_288' title='bbox 2623 2253 2902 2311; x_wconf 85' lang='lat' dir='ltr'>XXVI.De</span> <span class='ocrx_word' id='word_1_289' title='bbox 2931 2254 2987 2310; x_wconf 88' lang='lat' dir='ltr'>S.</span> <span class='ocrx_word' id='word_1_290' title='bbox 3022 2255 3302 2311; x_wconf 74' lang='lat' dir='ltr'>Trinitale.</span> 
     </span>
    </p>
   </div>
   <div class='ocr_carea' id='block_1_54' title="bbox 2204 2342 3805 2415">
    <p class='ocr_par' dir='ltr' id='par_1_54' title="bbox 2204 2342 3805 2415">
     <span class='ocr_line' id='line_1_54' title="bbox 2204 2342 3805 2415; baseline 0.004 -17"><span class='ocrx_word' id='word_1_291' title='bbox 2204 2343 2481 2415; x_wconf 86' lang='lat' dir='ltr'>Prompta</span> <span class='ocrx_word' id='word_1_292' title='bbox 2502 2347 2695 2398; x_wconf 87' lang='lat' dir='ltr'>mente</span> <span class='ocrx_word' id='word_1_293' title='bbox 2716 2359 3000 2400; x_wconf 88' lang='lat' dir='ltr'>canamus</span> <span class='ocrx_word' id='word_1_294' title='bbox 3020 2342 3295 2401; x_wconf 89' lang='lat' dir='ltr'>Trinitati</span> <span class='ocrx_word' id='word_1_295' title='bbox 3318 2344 3805 2411; x_wconf 68' lang='lat' dir='ltr'>individue,-etc.</span> 
     </span>
    </p>
   </div>
   <div class='ocr_carea' id='block_1_55' title="bbox 2419 2431 3535 2505">
    <p class='ocr_par' dir='ltr' id='par_1_55' title="bbox 2419 2431 3535 2505">
     <span class='ocr_line' id='line_1_55' title="bbox 2419 2431 3535 2505; baseline 0.002 -18"><span class='ocrx_word' id='word_1_296' title='bbox 2419 2431 2644 2488; x_wconf 81' lang='lat' dir='ltr'>XXVII.</span> <span class='ocrx_word' id='word_1_297' title='bbox 2678 2434 2959 2489; x_wconf 85' lang='lat' dir='ltr'>Dominica</span> <span class='ocrx_word' id='word_1_298' title='bbox 2985 2438 3105 2505; x_wconf 83' lang='lat' dir='ltr'>post</span> <span class='ocrx_word' id='word_1_299' title='bbox 3134 2434 3535 2490; x_wconf 72' lang='lat' dir='ltr'>Ascensionem.</span> 
     </span>
    </p>
   </div>
   <div class='ocr_carea' id='block_1_56' title="bbox 2211 2520 3574 2595">
    <p class='ocr_par' dir='ltr' id='par_1_56' title="bbox 2211 2520 3574 2595">
     <span class='ocr_line' id='line_1_56' title="bbox 2211 2520 3574 2595; baseline 0.004 -21"><span class='ocrx_word' id='word_1_300' title='bbox 2211 2521 2395 2585; x_wconf 87' lang='lat' dir='ltr'>Quam</span> <span class='ocrx_word' id='word_1_301' title='bbox 2424 2520 2574 2576; x_wconf 87' lang='lat' dir='ltr'>mira</span> <span class='ocrx_word' id='word_1_302' title='bbox 2606 2525 2763 2576; x_wconf 89' lang='lat' dir='ltr'>sunt.</span> <span class='ocrx_word' id='word_1_303' title='bbox 2798 2521 2973 2590; x_wconf 86' lang='lat' dir='ltr'>Deus,</span> <span class='ocrx_word' id='word_1_304' title='bbox 3008 2525 3112 2578; x_wconf 90' lang='lat' dir='ltr'>tua</span> <span class='ocrx_word' id='word_1_305' title='bbox 3141 2527 3430 2595; x_wconf 89' lang='lat' dir='ltr'>portenta,</span> <span class='ocrx_word' id='word_1_306' title='bbox 3463 2527 3574 2579; x_wconf 88' lang='lat' dir='ltr'>etc.</span> 
     </span>
    </p>
   </div>
   <div class='ocr_carea' id='block_1_57' title="bbox 2583 2608 3357 2669">
    <p class='ocr_par' dir='ltr' id='par_1_57' title="bbox 2583 2608 3357 2669">
     <span class='ocr_line' id='line_1_57' title="bbox 2583 2608 3357 2669; baseline 0.003 -5"><span class='ocrx_word' id='word_1_307' title='bbox 2583 2608 2822 2665; x_wconf 77' lang='lat' dir='ltr'>XXVIII.</span> <span class='ocrx_word' id='word_1_308' title='bbox 2854 2611 2928 2666; x_wconf 89' lang='lat' dir='ltr'>De</span> <span class='ocrx_word' id='word_1_309' title='bbox 2958 2610 3011 2669; x_wconf 89' lang='lat' dir='ltr'>S.</span> <span class='ocrx_word' id='word_1_310' title='bbox 3048 2611 3357 2668; x_wconf 79' lang='lat' dir='ltr'>Benedicto.</span> 
     </span>
    </p>
   </div>
   <div class='ocr_carea' id='block_1_58' title="bbox 2212 2698 3695 2772">
    <p class='ocr_par' dir='ltr' id='par_1_58' title="bbox 2212 2698 3695 2772">
     <span class='ocr_line' id='line_1_58' title="bbox 2212 2698 3695 2772; baseline 0.003 -19"><span class='ocrx_word' id='word_1_311' title='bbox 2212 2698 2316 2763; x_wconf 88' lang='lat' dir='ltr'>Qui</span> <span class='ocrx_word' id='word_1_312' title='bbox 2352 2698 2659 2753; x_wconf 84' lang='lat' dir='ltr'>Benedicto</span> <span class='ocrx_word' id='word_1_313' title='bbox 2691 2699 2906 2772; x_wconf 90' lang='lat' dir='ltr'>cupitis</span> <span class='ocrx_word' id='word_1_314' title='bbox 2938 2699 3053 2756; x_wconf 89' lang='lat' dir='ltr'>huc</span> <span class='ocrx_word' id='word_1_315' title='bbox 3083 2701 3275 2757; x_wconf 85' lang='lat' dir='ltr'>festivi</span> <span class='ocrx_word' id='word_1_316' title='bbox 3307 2702 3544 2768; x_wconf 85' lang='lat' dir='ltr'>currite,</span> <span class='ocrx_word' id='word_1_317' title='bbox 3578 2706 3695 2768; x_wconf 87' lang='lat' dir='ltr'>etc,</span> 
     </span>
    </p>
   </div>
   <div class='ocr_carea' id='block_1_59' title="bbox 2466 2787 3501 2861">
    <p class='ocr_par' dir='ltr' id='par_1_59' title="bbox 2466 2787 3501 2861">
     <span class='ocr_line' id='line_1_59' title="bbox 2466 2787 3501 2861; baseline 0.004 -20"><span class='ocrx_word' id='word_1_318' title='bbox 2466 2787 2664 2842; x_wconf 82' lang='lat' dir='ltr'>XXIX.</span> <span class='ocrx_word' id='word_1_319' title='bbox 2699 2789 2756 2843; x_wconf 87' lang='lat' dir='ltr'>In</span> <span class='ocrx_word' id='word_1_320' title='bbox 2793 2788 3223 2845; x_wconf 75' lang='lat' dir='ltr'>translationes.</span> <span class='ocrx_word' id='word_1_321' title='bbox 3249 2791 3501 2861; x_wconf 78' lang='lat' dir='ltr'>Quirini.</span> 
     </span>
    </p>
   </div>
   <div class='ocr_carea' id='block_1_60' title="bbox 2221 2876 3545 2951">
    <p class='ocr_par' dir='ltr' id='par_1_60' title="bbox 2221 2876 3545 2951">
     <span class='ocr_line' id='line_1_60' title="bbox 2221 2876 3545 2951; baseline 0.003 -19"><span class='ocrx_word' id='word_1_322' title='bbox 2221 2877 2488 2932; x_wconf 79' lang='lat' dir='ltr'>Romana</span> <span class='ocrx_word' id='word_1_323' title='bbox 2518 2876 2699 2948; x_wconf 89' lang='lat' dir='ltr'>stirpe</span> <span class='ocrx_word' id='word_1_324' title='bbox 2729 2876 3008 2943; x_wconf 88' lang='lat' dir='ltr'>Quirinus</span> <span class='ocrx_word' id='word_1_325' title='bbox 3040 2883 3398 2951; x_wconf 88' lang='lat' dir='ltr'>procreatus,</span> <span class='ocrx_word' id='word_1_326' title='bbox 3431 2884 3545 2936; x_wconf 89' lang='lat' dir='ltr'>etc.</span> 
     </span>
    </p>
   </div>
   <div class='ocr_carea' id='block_1_61' title="bbox 2456 2965 3532 3040">
    <p class='ocr_par' dir='ltr' id='par_1_61' title="bbox 2456 2965 3532 3040">
     <span class='ocr_line' id='line_1_61' title="bbox 2456 2965 3532 3040; baseline 0.004 -20"><span class='ocrx_word' id='word_1_327' title='bbox 2456 2965 2706 3022; x_wconf 82' lang='lat' dir='ltr'>XXX.De</span> <span class='ocrx_word' id='word_1_328' title='bbox 2733 2966 3116 3040; x_wconf 82' lang='lat' dir='ltr'>Assumptione</span> <span class='ocrx_word' id='word_1_329' title='bbox 3143 2970 3201 3023; x_wconf 86' lang='grc' dir='ltr'><strong>Β.</strong></span> <span class='ocrx_word' id='word_1_330' title='bbox 3237 2968 3293 3023; x_wconf 78' lang='grc' dir='ltr'><strong>ν.</strong></span> <span class='ocrx_word' id='word_1_331' title='bbox 3329 2968 3416 3031; x_wconf 78' lang='grc' dir='ltr'>(ΙΙ.</span> <span class='ocrx_word' id='word_1_332' title='bbox 3441 2967 3532 3040; x_wconf 82' lang='grc' dir='ltr'>Η)</span> 
     </span>
    </p>
   </div>
   <div class='ocr_carea' id='block_1_62' title="bbox 2216 3054 3497 3129">
    <p class='ocr_par' dir='ltr' id='par_1_62' title="bbox 2216 3054 3497 3129">
     <span class='ocr_line' id='line_1_62' title="bbox 2216 3054 3497 3129; baseline 0.002 -18"><span class='ocrx_word' id='word_1_333' title='bbox 2216 3054 2384 3111; x_wconf 85' lang='lat' dir='ltr'>Salve</span> <span class='ocrx_word' id='word_1_334' title='bbox 2415 3060 2582 3127; x_wconf 88' lang='lat' dir='ltr'>porta</span> <span class='ocrx_word' id='word_1_335' title='bbox 2613 3059 2903 3128; x_wconf 81' lang='lat' dir='ltr'>perpetuae</span> <span class='ocrx_word' id='word_1_336' title='bbox 2935 3054 3085 3112; x_wconf 89' lang='lat' dir='ltr'>lucis</span> <span class='ocrx_word' id='word_1_337' title='bbox 3116 3055 3363 3129; x_wconf 86' lang='lat' dir='ltr'>fulgida,</span> <span class='ocrx_word' id='word_1_338' title='bbox 3386 3061 3497 3113; x_wconf 90' lang='lat' dir='ltr'>etc.</span> 
     </span>
    </p>
   </div>
   <div class='ocr_carea' id='block_1_63' title="bbox 2502 3142 3421 3218">
    <p class='ocr_par' dir='ltr' id='par_1_63' title="bbox 2502 3142 3421 3218">
     <span class='ocr_line' id='line_1_63' title="bbox 2502 3142 3421 3218; baseline 0.002 -20"><span class='ocrx_word' id='word_1_339' title='bbox 2502 3142 2684 3200; x_wconf 86' lang='lat' dir='ltr'>XXXI.</span> <span class='ocrx_word' id='word_1_340' title='bbox 2718 3148 2799 3200; x_wconf 85' lang='lat' dir='ltr'>De</span> <span class='ocrx_word' id='word_1_341' title='bbox 2828 3144 2882 3200; x_wconf 89' lang='lat' dir='ltr'>S.</span> <span class='ocrx_word' id='word_1_342' title='bbox 2911 3146 3168 3202; x_wconf 80' lang='lat' dir='ltr'>Mauritio</span> <span class='ocrx_word' id='word_1_343' title='bbox 3191 3146 3282 3208; x_wconf 81' lang='grc' dir='ltr'>(Μ.</span> <span class='ocrx_word' id='word_1_344' title='bbox 3305 3146 3421 3218; x_wconf 78' lang='grc'><strong>11.)</strong></span> 
     </span>
    </p>
   </div>
   <div class='ocr_carea' id='block_1_64' title="bbox 455 3218 3511 3311">
    <p class='ocr_par' dir='ltr' id='par_1_64' title="bbox 455 3218 3511 3311">
     <span class='ocr_line' id='line_1_64' title="bbox 455 3218 3511 3311; baseline 0.001 -23"><span class='ocrx_word' id='word_1_345' title='bbox 455 3232 625 3290; x_wconf 89' lang='lat' dir='ltr'>Miles</span> <span class='ocrx_word' id='word_1_346' title='bbox 670 3233 882 3309; x_wconf 80' lang='lat' dir='ltr'>inclyte</span> <span class='ocrx_word' id='word_1_347' title='bbox 929 3235 1238 3293; x_wconf 83' lang='lat' dir='ltr'>fortissimi</span> <span class='ocrx_word' id='word_1_348' title='bbox 1282 3218 1703 3311; x_wconf 36' lang='lat' dir='ltr'>regis—Christi</span> <span class='ocrx_word' id='word_1_349' title='bbox 1762 3255 1870 3296; x_wconf 89' lang='lat' dir='ltr'>nos</span> <span class='ocrx_word' id='word_1_350' title='bbox 1936 3239 2031 3294; x_wconf 89' lang='lat' dir='ltr'>ad-</span> <span class='ocrx_word' id='word_1_351' title='bbox 2061 3218 2105 3286; x_wconf 65' lang='grc' dir='ltr'><strong>(ἶ</strong></span> <span class='ocrx_word' id='word_1_352' title='bbox 2215 3234 2410 3291; x_wconf 90' lang='lat' dir='ltr'>Sancti</span> <span class='ocrx_word' id='word_1_353' title='bbox 2435 3232 2570 3289; x_wconf 90' lang='lat' dir='ltr'>belli</span> <span class='ocrx_word' id='word_1_354' title='bbox 2595 3232 2958 3289; x_wconf 88' lang='lat' dir='ltr'>celebremus</span> <span class='ocrx_word' id='word_1_355' title='bbox 2984 3234 3511 3306; x_wconf 85' lang='lat' dir='ltr'>triumphum,etc.</span> 
     </span>
    </p>
   </div>
   <div class='ocr_carea' id='block_1_65' title="bbox 386 3323 683 3390">
    <p class='ocr_par' dir='ltr' id='par_1_65' title="bbox 386 3323 683 3390">
     <span class='ocr_line' id='line_1_65' title="bbox 386 3323 683 3390; baseline 0.003 -12"><span class='ocrx_word' id='word_1_356' title='bbox 386 3323 541 3390; x_wconf 84' lang='lat' dir='ltr'>iuva,</span> <span class='ocrx_word' id='word_1_357' title='bbox 572 3327 683 3380; x_wconf 89' lang='lat' dir='ltr'>etc.</span> 
     </span>
    </p>
   </div>
   <div class='ocr_carea' id='block_1_66' title="bbox 374 3339 1964 3490">
    <p class='ocr_par' dir='ltr' id='par_1_66' title="bbox 374 3339 1964 3490">
     <span class='ocr_line' id='line_1_66' title="bbox 374 3339 1964 3490; baseline 0.004 -23"><span class='ocrx_word' id='word_1_358' title='bbox 374 3339 755 3469; x_wconf 45' lang='lat' dir='ltr'>JmXXIVc..1n</span> <span class='ocrx_word' id='word_1_359' title='bbox 783 3416 1073 3471; x_wconf 80' lang='lat' dir='ltr'>nativitate</span> <span class='ocrx_word' id='word_1_360' title='bbox 1103 3417 1326 3472; x_wconf 78' lang='lat' dir='ltr'>Domini</span> <span class='ocrx_word' id='word_1_361' title='bbox 1352 3417 1422 3472; x_wconf 84' lang='lat' dir='ltr'>ad</span> <span class='ocrx_word' id='word_1_362' title='bbox 1449 3417 1588 3488; x_wconf 82' lang='lat' dir='ltr'>galli</span> <span class='ocrx_word' id='word_1_363' title='bbox 1615 3422 1841 3473; x_wconf 76' lang='lat' dir='ltr'>cantum</span> <span class='ocrx_word' id='word_1_364' title='bbox 1867 3418 1964 3490; x_wconf 89' lang='lat'>(5).</span> 
     </span>
    </p>
   </div>
   <div class='ocr_carea' id='block_1_67' title="bbox 452 3501 1846 3579">
    <p class='ocr_par' dir='ltr' id='par_1_67' title="bbox 452 3501 1846 3579">
     <span class='ocr_line' id='line_1_67' title="bbox 452 3501 1846 3579; baseline 0.004 -23"><span class='ocrx_word' id='word_1_365' title='bbox 452 3501 504 3556; x_wconf 91' lang='grc'>1.</span> <span class='ocrx_word' id='word_1_366' title='bbox 539 3501 685 3557; x_wconf 86' lang='lat' dir='ltr'>Nato</span> <span class='ocrx_word' id='word_1_367' title='bbox 717 3508 936 3558; x_wconf 89' lang='lat' dir='ltr'>canunt</span> <span class='ocrx_word' id='word_1_368' title='bbox 973 3504 1171 3559; x_wconf 90' lang='lat' dir='ltr'>omnia</span> <span class='ocrx_word' id='word_1_369' title='bbox 1200 3504 1451 3561; x_wconf 89' lang='lat' dir='ltr'>Domino</span> <span class='ocrx_word' id='word_1_370' title='bbox 1484 3506 1576 3579; x_wconf 90' lang='lat' dir='ltr'>pie</span> <span class='ocrx_word' id='word_1_371' title='bbox 1607 3507 1846 3579; x_wconf 87' lang='lat' dir='ltr'>agmina</span> 
     </span>
    </p>
   </div>
   <div class='ocr_carea' id='block_1_68' title="bbox 450 3588 1995 3666">
    <p class='ocr_par' dir='ltr' id='par_1_68' title="bbox 450 3588 1995 3666">
     <span class='ocr_line' id='line_1_68' title="bbox 450 3588 1995 3666; baseline 0.005 -22"><span class='ocrx_word' id='word_1_372' title='bbox 450 3592 507 3644; x_wconf 88' lang='lat'>2.</span> <span class='ocrx_word' id='word_1_373' title='bbox 540 3588 885 3661; x_wconf 81' lang='lat' dir='ltr'>Syllabatim</span> <span class='ocrx_word' id='word_1_374' title='bbox 922 3597 1196 3647; x_wconf 88' lang='lat' dir='ltr'>neumata</span> <span class='ocrx_word' id='word_1_375' title='bbox 1227 3594 1676 3666; x_wconf 87' lang='lat' dir='ltr'>perstringendo</span> <span class='ocrx_word' id='word_1_376' title='bbox 1700 3596 1995 3666; x_wconf 88' lang='lat' dir='ltr'>organica.</span> 
     </span>
    </p>
   </div>
   <div class='ocr_carea' id='block_1_69' title="bbox 396 3676 2039 3757">
    <p class='ocr_par' dir='ltr' id='par_1_69' title="bbox 396 3676 2039 3757">
     <span class='ocr_line' id='line_1_69' title="bbox 396 3676 2039 3757; baseline 0.004 -23"><span class='ocrx_word' id='word_1_377' title='bbox 396 3738 401 3742; x_wconf 54' lang='grc'><em>,</em></span> <span class='ocrx_word' id='word_1_378' title='bbox 456 3678 511 3734; x_wconf 90' lang='grc'><strong>3.</strong></span> <span class='ocrx_word' id='word_1_379' title='bbox 546 3676 676 3733; x_wconf 66' lang='lat' dir='ltr'>Haec</span> <span class='ocrx_word' id='word_1_380' title='bbox 709 3677 835 3733; x_wconf 89' lang='lat' dir='ltr'>dies</span> <span class='ocrx_word' id='word_1_381' title='bbox 884 3684 1114 3735; x_wconf 90' lang='lat' dir='ltr'>sacrata</span> <span class='ocrx_word' id='word_1_382' title='bbox 1167 3679 1227 3736; x_wconf 88' lang='lat' dir='ltr'>in</span> <span class='ocrx_word' id='word_1_383' title='bbox 1277 3699 1393 3753; x_wconf 89' lang='lat' dir='ltr'>qua</span> <span class='ocrx_word' id='word_1_384' title='bbox 1439 3699 1587 3739; x_wconf 87' lang='lat' dir='ltr'>nova</span> <span class='ocrx_word' id='word_1_385' title='bbox 1633 3688 1772 3739; x_wconf 89' lang='lat' dir='ltr'>sunt</span> <span class='ocrx_word' id='word_1_386' title='bbox 1820 3685 2039 3757; x_wconf 86' lang='lat' dir='ltr'>gaudia</span> 
     </span>
    </p>
   </div>
   <div class='ocr_carea' id='block_1_70' title="bbox 386 3765 1052 3839">
    <p class='ocr_par' dir='ltr' id='par_1_70' title="bbox 386 3765 1052 3839">
     <span class='ocr_line' id='line_1_70' title="bbox 386 3765 1052 3839; baseline 0.002 -18"><span class='ocrx_word' id='word_1_387' title='bbox 386 3766 608 3821; x_wconf 91' lang='lat' dir='ltr'>mundo</span> <span class='ocrx_word' id='word_1_388' title='bbox 641 3765 810 3839; x_wconf 86' lang='lat' dir='ltr'>plene</span> <span class='ocrx_word' id='word_1_389' title='bbox 840 3767 1052 3824; x_wconf 78' lang='lat' dir='ltr'>dedita.</span> 
     </span>
    </p>
   </div>
   <div class='ocr_carea' id='block_1_71' title="bbox 454 3854 2030 3934">
    <p class='ocr_par' dir='ltr' id='par_1_71' title="bbox 454 3854 2030 3934">
     <span class='ocr_line' id='line_1_71' title="bbox 454 3854 2030 3934; baseline 0.006 -25"><span class='ocrx_word' id='word_1_390' title='bbox 454 3855 506 3910; x_wconf 80' lang='grc'><strong>4.</strong></span> <span class='ocrx_word' id='word_1_391' title='bbox 540 3854 658 3911; x_wconf 85' lang='lat' dir='ltr'>Hac</span> <span class='ocrx_word' id='word_1_392' title='bbox 690 3861 856 3913; x_wconf 91' lang='lat' dir='ltr'>nocte</span> <span class='ocrx_word' id='word_1_393' title='bbox 888 3857 1163 3931; x_wconf 61' lang='lat' dir='ltr'>pracelsa</span> <span class='ocrx_word' id='word_1_394' title='bbox 1195 3859 1451 3915; x_wconf 90' lang='lat' dir='ltr'>intonuit</span> <span class='ocrx_word' id='word_1_395' title='bbox 1480 3864 1536 3915; x_wconf 90' lang='lat' dir='ltr'>et</span> <span class='ocrx_word' id='word_1_396' title='bbox 1565 3859 1753 3934; x_wconf 82' lang='lat' dir='ltr'>gloria</span> <span class='ocrx_word' id='word_1_397' title='bbox 1784 3861 1843 3916; x_wconf 91' lang='lat' dir='ltr'>in</span> <span class='ocrx_word' id='word_1_398' title='bbox 1893 3879 2030 3918; x_wconf 90' lang='lat' dir='ltr'>voce</span> 
     </span>
    </p>
   </div>
   <div class='ocr_carea' id='block_1_72' title="bbox 385 3944 668 4018">
    <p class='ocr_par' dir='ltr' id='par_1_72' title="bbox 385 3944 668 4018">
     <span class='ocr_line' id='line_1_72' title="bbox 385 3944 668 4018; baseline -0.004 -16"><span class='ocrx_word' id='word_1_399' title='bbox 385 3944 668 4018; x_wconf 86' lang='lat' dir='ltr'>angelica.</span> 
     </span>
    </p>
   </div>
   <div class='ocr_carea' id='block_1_73' title="bbox 386 4146 2028 4236">
    <p class='ocr_par' dir='ltr' id='par_1_73' title="bbox 386 4146 2028 4236">
     <span class='ocr_line' id='line_1_73' title="bbox 386 4146 2028 4236; baseline 0.004 -22"><span class='ocrx_word' id='word_1_400' title='bbox 386 4146 409 4205; x_wconf 60' lang='grc' dir='ltr'>Ϊ</span> <span class='ocrx_word' id='word_1_401' title='bbox 457 4160 625 4233; x_wconf 66' lang='lat' dir='ltr'>Carpit</span> <span class='ocrx_word' id='word_1_402' title='bbox 649 4160 748 4218; x_wconf 84' lang='lat' dir='ltr'>hoc</span> <span class='ocrx_word' id='word_1_403' title='bbox 768 4164 933 4219; x_wconf 82' lang='lat' dir='ltr'>etiam</span> <span class='ocrx_word' id='word_1_404' title='bbox 962 4168 1163 4219; x_wconf 80' lang='lat' dir='ltr'>secreta</span> <span class='ocrx_word' id='word_1_405' title='bbox 1195 4168 1429 4220; x_wconf 73' lang='lat' dir='ltr'>tractare</span> <span class='ocrx_word' id='word_1_406' title='bbox 1462 4163 1889 4236; x_wconf 76' lang='lat' dir='ltr'>omnimodisque</span> <span class='ocrx_word' id='word_1_407' title='bbox 1934 4182 2028 4220; x_wconf 73' lang='lat' dir='ltr'>ex-</span> 
     </span>
    </p>
   </div>
   <div class='ocr_carea' id='block_1_74' title="bbox 380 4236 2026 4377">
    <p class='ocr_par' dir='ltr' id='par_1_74' title="bbox 380 4236 2026 4377">
     <span class='ocr_line' id='line_1_74' title="bbox 380 4236 1701 4291; baseline 0.008 -10"><span class='ocrx_word' id='word_1_408' title='bbox 380 4275 385 4281; x_wconf 92' lang='lat'>.</span> <span class='ocrx_word' id='word_1_409' title='bbox 1508 4236 1701 4291; x_wconf 57' lang='lat' dir='ltr'>plorare</span> 
     </span>
     <span class='ocr_line' id='line_1_75' title="bbox 427 4236 2026 4377; baseline 0.002 -19"><span class='ocrx_word' id='word_1_410' title='bbox 427 4302 434 4308; x_wconf 83' lang='grc'><strong>’</strong></span> <span class='ocrx_word' id='word_1_411' title='bbox 453 4305 702 4376; x_wconf 79' lang='lat' dir='ltr'>Qualiter</span> <span class='ocrx_word' id='word_1_412' title='bbox 723 4305 925 4361; x_wconf 81' lang='lat' dir='ltr'>valcrct</span> <span class='ocrx_word' id='word_1_413' title='bbox 940 4322 1132 4377; x_wconf 85' lang='lat' dir='ltr'>corpus</span> <span class='ocrx_word' id='word_1_414' title='bbox 1145 4236 1740 4361; x_wconf 56' lang='lat' dir='ltr'>sanc‘tissimi‘lobtinerc</span> <span class='ocrx_word' id='word_1_415' title='bbox 1751 4307 1887 4360; x_wconf 79' lang='lat' dir='ltr'>Dion</span> <span class='ocrx_word' id='word_1_416' title='bbox 1895 4309 2008 4375; x_wconf 67' lang='lat' dir='ltr'>y/sii</span> <span class='ocrx_word' id='word_1_417' title='bbox 2014 4350 2026 4361; x_wconf 96' lang='lat'>.</span> 
     </span>
    </p>
   </div>
   <div class='ocr_carea' id='block_1_75' title="bbox 392 4376 2029 4459">
    <p class='ocr_par' dir='ltr' id='par_1_75' title="bbox 392 4376 2029 4459">
     <span class='ocr_line' id='line_1_76' title="bbox 392 4376 2029 4459; baseline 0.001 -27"><span class='ocrx_word' id='word_1_418' title='bbox 392 4428 397 4432; x_wconf 89' lang='lat'>.</span> <span class='ocrx_word' id='word_1_419' title='bbox 449 4380 530 4435; x_wconf 81' lang='lat' dir='ltr'>Ad</span> <span class='ocrx_word' id='word_1_420' title='bbox 552 4381 663 4436; x_wconf 74' lang='lat' dir='ltr'>hzzc</span> <span class='ocrx_word' id='word_1_421' title='bbox 682 4376 847 4430; x_wconf 80' lang='lat' dir='ltr'>mulli</span> <span class='ocrx_word' id='word_1_422' title='bbox 870 4376 1251 4448; x_wconf 74' lang='lat' dir='ltr'>respondentes</span> <span class='ocrx_word' id='word_1_423' title='bbox 1268 4379 1442 4432; x_wconf 80' lang='lat' dir='ltr'>multa</span> <span class='ocrx_word' id='word_1_424' title='bbox 1462 4393 1633 4459; x_wconf 74' lang='lat' dir='ltr'>eaque</span> <span class='ocrx_word' id='word_1_425' title='bbox 1650 4379 1807 4459; x_wconf 60' lang='lat' dir='ltr'>varia</span> <span class='ocrx_word' id='word_1_426' title='bbox 1826 4378 2029 4433; x_wconf 81' lang='lat' dir='ltr'>dabant</span> 
     </span>
    </p>
   </div>
   <div class='ocr_carea' id='block_1_76' title="bbox 445 4448 1868 4588">
    <p class='ocr_par' dir='ltr' id='par_1_76' title="bbox 445 4448 1868 4588">
     <span class='ocr_line' id='line_1_77' title="bbox 1592 4448 1868 4514; baseline 0.004 -12"><span class='ocrx_word' id='word_1_427' title='bbox 1592 4448 1868 4514; x_wconf 66' lang='lat' dir='ltr'>[consilim</span> 
     </span>
     <span class='ocr_line' id='line_1_78' title="bbox 445 4518 1384 4588; baseline -0.001 -13"><span class='ocrx_word' id='word_1_428' title='bbox 445 4520 553 4576; x_wconf 86' lang='lat' dir='ltr'>Sed</span> <span class='ocrx_word' id='word_1_429' title='bbox 577 4527 845 4588; x_wconf 81' lang='lat' dir='ltr'>postremo</span> <span class='ocrx_word' id='word_1_430' title='bbox 879 4518 1099 4588; x_wconf 83' lang='lat' dir='ltr'>quidam</span> <span class='ocrx_word' id='word_1_431' title='bbox 1134 4558 1147 4573; x_wconf 94' lang='lat'>.</span> <span class='ocrx_word' id='word_1_432' title='bbox 1194 4561 1205 4573; x_wconf 92' lang='lat'>.</span> <span class='ocrx_word' id='word_1_433' title='bbox 1254 4560 1265 4573; x_wconf 92' lang='lat'>.</span> <span class='ocrx_word' id='word_1_434' title='bbox 1313 4560 1324 4573; x_wconf 94' lang='lat'>.</span> <span class='ocrx_word' id='word_1_435' title='bbox 1372 4562 1384 4574; x_wconf 93' lang='lat'>.</span> 
     </span>
    </p>
   </div>
   <div class='ocr_carea' id='block_1_77' title="bbox 440 4587 2027 4663">
    <p class='ocr_par' dir='ltr' id='par_1_77' title="bbox 440 4587 2027 4663">
     <span class='ocr_line' id='line_1_79' title="bbox 440 4587 2027 4663; baseline -0.001 -17"><span class='ocrx_word' id='word_1_436' title='bbox 440 4591 523 4663; x_wconf 79' lang='grc'>(4)</span> <span class='ocrx_word' id='word_1_437' title='bbox 554 4587 775 4663; x_wconf 80' lang='lat' dir='ltr'>Nihilin</span> <span class='ocrx_word' id='word_1_438' title='bbox 853 4587 961 4663; x_wconf 83' lang='lat' dir='ltr'>hoc</span> <span class='ocrx_word' id='word_1_439' title='bbox 1002 4589 1286 4663; x_wconf 69' lang='lat' dir='ltr'>carmine</span> <span class='ocrx_word' id='word_1_440' title='bbox 1352 4590 1687 4663; x_wconf 27' lang='lat' dir='ltr'>IcgiturAde</span> <span class='ocrx_word' id='word_1_441' title='bbox 1734 4590 2027 4663; x_wconf 77' lang='lat' dir='ltr'>Hispanco</span> 
     </span>
    </p>
   </div>
   <div class='ocr_carea' id='block_1_78' title="bbox 371 4660 2026 4735">
    <p class='ocr_par' dir='ltr' id='par_1_78' title="bbox 371 4660 2026 4735">
     <span class='ocr_line' id='line_1_80' title="bbox 371 4660 2026 4735; baseline -0.001 -15"><span class='ocrx_word' id='word_1_442' title='bbox 371 4660 577 4735; x_wconf 81' lang='lat' dir='ltr'>Jacobi</span> <span class='ocrx_word' id='word_1_443' title='bbox 609 4660 931 4735; x_wconf 66' lang='lat' dir='ltr'>itinercvel</span> <span class='ocrx_word' id='word_1_444' title='bbox 984 4661 1056 4715; x_wconf 91' lang='lat' dir='ltr'>de</span> <span class='ocrx_word' id='word_1_445' title='bbox 1105 4661 1342 4735; x_wconf 79' lang='lat' dir='ltr'>ossibus</span> <span class='ocrx_word' id='word_1_446' title='bbox 1391 4660 1520 4735; x_wconf 68' lang='lat' dir='ltr'>ejus</span> <span class='ocrx_word' id='word_1_447' title='bbox 1567 4660 2026 4735; x_wconf 78' lang='lat' dir='ltr'>Compostcllam</span> 
     </span>
    </p>
   </div>
   <div class='ocr_carea' id='block_1_79' title="bbox 324 4730 2020 4807">
    <p class='ocr_par' dir='ltr' id='par_1_79' title="bbox 324 4730 2020 4807">
     <span class='ocr_line' id='line_1_81' title="bbox 324 4730 2020 4807; baseline -0.002 -15"><span class='ocrx_word' id='word_1_448' title='bbox 324 4755 333 4765; x_wconf 65' lang='grc' dir='ltr'><em>ο</em></span> <span class='ocrx_word' id='word_1_449' title='bbox 364 4732 701 4794; x_wconf 85' lang='lat' dir='ltr'>translatis.</span> <span class='ocrx_word' id='word_1_450' title='bbox 738 4730 960 4789; x_wconf 71' lang='lat' dir='ltr'>Ultimae</span> <span class='ocrx_word' id='word_1_451' title='bbox 992 4732 1243 4807; x_wconf 65' lang='lat' dir='ltr'>stropha:</span> <span class='ocrx_word' id='word_1_452' title='bbox 1278 4730 1640 4791; x_wconf 78' lang='lat' dir='ltr'>mentionem</span> <span class='ocrx_word' id='word_1_453' title='bbox 1668 4730 2020 4807; x_wconf 80' lang='lat' dir='ltr'>injiciunts.</span> 
     </span>
    </p>
   </div>
   <div class='ocr_carea' id='block_1_80' title="bbox 2630 3322 3303 3395">
    <p class='ocr_par' dir='ltr' id='par_1_80' title="bbox 2630 3322 3303 3395">
     <span class='ocr_line' id='line_1_82' title="bbox 2630 3322 3303 3395; baseline 0.003 -18"><span class='ocrx_word' id='word_1_454' title='bbox 2630 3322 2839 3378; x_wconf 84' lang='lat' dir='ltr'>xxxu.</span> <span class='ocrx_word' id='word_1_455' title='bbox 2874 3324 2947 3379; x_wconf 86' lang='lat' dir='ltr'>De</span> <span class='ocrx_word' id='word_1_456' title='bbox 2975 3324 3303 3395; x_wconf 82' lang='lat' dir='ltr'>virginibus.</span> 
     </span>
    </p>
   </div>
   <div class='ocr_carea' id='block_1_81' title="bbox 2219 3410 3808 3470">
    <p class='ocr_par' dir='ltr' id='par_1_81' title="bbox 2219 3410 3808 3470">
     <span class='ocr_line' id='line_1_83' title="bbox 2219 3410 3808 3470; baseline 0.002 -3"><span class='ocrx_word' id='word_1_457' title='bbox 2219 3410 2447 3467; x_wconf 89' lang='lat' dir='ltr'>Scalam</span> <span class='ocrx_word' id='word_1_458' title='bbox 2462 3410 2536 3467; x_wconf 91' lang='lat' dir='ltr'>ad</span> <span class='ocrx_word' id='word_1_459' title='bbox 2548 3410 2727 3467; x_wconf 84' lang='lat' dir='ltr'>ccelos</span> <span class='ocrx_word' id='word_1_460' title='bbox 2742 3412 3077 3467; x_wconf 82' lang='lat' dir='ltr'>subrectam</span> <span class='ocrx_word' id='word_1_461' title='bbox 3090 3412 3397 3469; x_wconf 88' lang='lat' dir='ltr'>tormentis</span> <span class='ocrx_word' id='word_1_462' title='bbox 3411 3412 3666 3470; x_wconf 86' lang='lat' dir='ltr'>cinctam</span> <span class='ocrx_word' id='word_1_463' title='bbox 3689 3418 3808 3470; x_wconf 87' lang='lat' dir='ltr'>etc.</span> 
     </span>
    </p>
   </div>
   <div class='ocr_carea' id='block_1_82' title="bbox 2573 3500 3414 3570">
    <p class='ocr_par' dir='ltr' id='par_1_82' title="bbox 2573 3500 3414 3570">
     <span class='ocr_line' id='line_1_84' title="bbox 2573 3500 3414 3570; baseline 0.004 -16"><span class='ocrx_word' id='word_1_464' title='bbox 2573 3500 2821 3556; x_wconf 89' lang='lat' dir='ltr'>XXXIII.</span> <span class='ocrx_word' id='word_1_465' title='bbox 2857 3502 3064 3557; x_wconf 79' lang='lat' dir='ltr'>Diebus</span> <span class='ocrx_word' id='word_1_466' title='bbox 3090 3501 3414 3570; x_wconf 84' lang='lat' dir='ltr'>Dominicis,</span> 
     </span>
    </p>
   </div>
   <div class='ocr_carea' id='block_1_83' title="bbox 2217 3587 3799 3663">
    <p class='ocr_par' dir='ltr' id='par_1_83' title="bbox 2217 3587 3799 3663">
     <span class='ocr_line' id='line_1_85' title="bbox 2217 3587 3799 3663; baseline 0.001 -17"><span class='ocrx_word' id='word_1_467' title='bbox 2217 3590 2393 3646; x_wconf 88' lang='lat' dir='ltr'>Stans</span> <span class='ocrx_word' id='word_1_468' title='bbox 2410 3605 2444 3645; x_wconf 90' lang='lat' dir='ltr'>a</span> <span class='ocrx_word' id='word_1_469' title='bbox 2464 3587 2634 3662; x_wconf 89' lang='lat' dir='ltr'>longe</span> <span class='ocrx_word' id='word_1_470' title='bbox 2647 3589 2746 3661; x_wconf 89' lang='lat' dir='ltr'>qui</span> <span class='ocrx_word' id='word_1_471' title='bbox 2761 3588 3016 3661; x_wconf 86' lang='lat' dir='ltr'>plurima</span> <span class='ocrx_word' id='word_1_472' title='bbox 3036 3591 3390 3663; x_wconf 88' lang='lat' dir='ltr'>perpetravit</span> <span class='ocrx_word' id='word_1_473' title='bbox 3410 3590 3670 3647; x_wconf 82' lang='lat' dir='ltr'>facinora</span> <span class='ocrx_word' id='word_1_474' title='bbox 3680 3596 3799 3648; x_wconf 86' lang='lat' dir='ltr'>etc.</span> 
     </span>
    </p>
   </div>
   <div class='ocr_carea' id='block_1_84' title="bbox 2436 3678 3540 3736">
    <p class='ocr_par' dir='ltr' id='par_1_84' title="bbox 2436 3678 3540 3736">
     <span class='ocr_line' id='line_1_86' title="bbox 2436 3678 3540 3736; baseline 0.003 -5"><span class='ocrx_word' id='word_1_475' title='bbox 2436 3678 2677 3733; x_wconf 84' lang='lat' dir='ltr'>XXXIV.</span> <span class='ocrx_word' id='word_1_476' title='bbox 2708 3680 2771 3733; x_wconf 85' lang='lat' dir='ltr'>In</span> <span class='ocrx_word' id='word_1_477' title='bbox 2804 3678 3173 3735; x_wconf 76' lang='lat' dir='ltr'>Decollatione</span> <span class='ocrx_word' id='word_1_478' title='bbox 3200 3678 3257 3735; x_wconf 92' lang='lat' dir='ltr'>S.</span> <span class='ocrx_word' id='word_1_479' title='bbox 3288 3680 3540 3736; x_wconf 79' lang='lat' dir='ltr'>Joannis.</span> 
     </span>
    </p>
   </div>
   <div class='ocr_carea' id='block_1_85' title="bbox 2216 3766 3793 3838">
    <p class='ocr_par' dir='ltr' id='par_1_85' title="bbox 2216 3766 3793 3838">
     <span class='ocr_line' id='line_1_87' title="bbox 2216 3766 3793 3838; baseline 0.002 -17"><span class='ocrx_word' id='word_1_480' title='bbox 2216 3766 2525 3821; x_wconf 90' lang='lat' dir='ltr'>Summum</span> <span class='ocrx_word' id='word_1_481' title='bbox 2552 3782 2871 3838; x_wconf 79' lang='lat' dir='ltr'>praeconem</span> <span class='ocrx_word' id='word_1_482' title='bbox 2891 3767 3105 3823; x_wconf 86' lang='lat' dir='ltr'>Christi</span> <span class='ocrx_word' id='word_1_483' title='bbox 3128 3767 3657 3825; x_wconf 67' lang='lat' dir='ltr'>collaudemusleeti</span> <span class='ocrx_word' id='word_1_484' title='bbox 3674 3772 3793 3825; x_wconf 84' lang='lat' dir='ltr'>etc.</span> 
     </span>
    </p>
   </div>
   <div class='ocr_carea' id='block_1_86' title="bbox 2639 3854 3338 3928">
    <p class='ocr_par' dir='ltr' id='par_1_86' title="bbox 2639 3854 3338 3928">
     <span class='ocr_line' id='line_1_88' title="bbox 2639 3854 3338 3928; baseline 0.006 -19"><span class='ocrx_word' id='word_1_485' title='bbox 2639 3854 2846 3910; x_wconf 85' lang='lat' dir='ltr'>XXXV.</span> <span class='ocrx_word' id='word_1_486' title='bbox 2880 3856 2953 3913; x_wconf 81' lang='lat' dir='ltr'>De</span> <span class='ocrx_word' id='word_1_487' title='bbox 2982 3856 3338 3928; x_wconf 85' lang='lat' dir='ltr'>martyribus.</span> 
     </span>
    </p>
   </div>
   <div class='ocr_carea' id='block_1_87' title="bbox 2206 3943 3797 4016">
    <p class='ocr_par' dir='ltr' id='par_1_87' title="bbox 2206 3943 3797 4016">
     <span class='ocr_line' id='line_1_89' title="bbox 2206 3943 3797 4016; baseline 0.002 -17"><span class='ocrx_word' id='word_1_488' title='bbox 2206 3944 2462 4000; x_wconf 87' lang='lat' dir='ltr'>Turbam</span> <span class='ocrx_word' id='word_1_489' title='bbox 2475 3943 2563 3999; x_wconf 91' lang='lat' dir='ltr'>bel</span> <span class='ocrx_word' id='word_1_490' title='bbox 2573 3944 2586 3998; x_wconf 96' lang='lat' dir='ltr'>I</span> <span class='ocrx_word' id='word_1_491' title='bbox 2596 3945 2813 4001; x_wconf 88' lang='lat' dir='ltr'>icosam</span> <span class='ocrx_word' id='word_1_492' title='bbox 2827 3960 3003 4016; x_wconf 88' lang='lat' dir='ltr'>quam</span> <span class='ocrx_word' id='word_1_493' title='bbox 3024 3945 3120 4000; x_wconf 90' lang='lat' dir='ltr'>Dei</span> <span class='ocrx_word' id='word_1_494' title='bbox 3136 3961 3252 4000; x_wconf 91' lang='lat' dir='ltr'>non</span> <span class='ocrx_word' id='word_1_495' title='bbox 3265 3946 3797 4002; x_wconf 83' lang='lat' dir='ltr'>verentesservietc.</span> 
     </span>
    </p>
   </div>
   <div class='ocr_carea' id='block_1_88' title="bbox 2139 4157 3786 4232">
    <p class='ocr_par' dir='ltr' id='par_1_88' title="bbox 2139 4157 3786 4232">
     <span class='ocr_line' id='line_1_90' title="bbox 2139 4157 3786 4232; baseline 0 -19"><span class='ocrx_word' id='word_1_496' title='bbox 2139 4157 2543 4232; x_wconf 78' lang='lat' dir='ltr'>Christophori</span> <span class='ocrx_word' id='word_1_497' title='bbox 2559 4231 2564 4232; x_wconf 14' lang='grc' dir='ltr'>ί</span> <span class='ocrx_word' id='word_1_498' title='bbox 2588 4158 2687 4232; x_wconf 68' lang='grc' dir='ltr'>Μ.⁸</span> <span class='ocrx_word' id='word_1_499' title='bbox 2716 4174 2890 4232; x_wconf 85' lang='lat' dir='ltr'>quem</span> <span class='ocrx_word' id='word_1_500' title='bbox 2943 4174 3373 4232; x_wconf 78' lang='lat' dir='ltr'>commemoarc</span> <span class='ocrx_word' id='word_1_501' title='bbox 3402 4157 3786 4232; x_wconf 79' lang='lat' dir='ltr'>solebantac.</span> 
     </span>
    </p>
   </div>
   <div class='ocr_carea' id='block_1_89' title="bbox 2139 4228 3803 4303">
    <p class='ocr_par' dir='ltr' id='par_1_89' title="bbox 2139 4228 3803 4303">
     <span class='ocr_line' id='line_1_91' title="bbox 2139 4228 3803 4303; baseline -0.001 -17"><span class='ocrx_word' id='word_1_502' title='bbox 2139 4229 2327 4286; x_wconf 88' lang='lat' dir='ltr'>solent</span> <span class='ocrx_word' id='word_1_503' title='bbox 2355 4228 2625 4287; x_wconf 76' lang='lat' dir='ltr'>catholici</span> <span class='ocrx_word' id='word_1_504' title='bbox 2673 4228 2944 4286; x_wconf 85' lang='lat' dir='ltr'>homines</span> <span class='ocrx_word' id='word_1_505' title='bbox 2992 4230 3121 4302; x_wconf 89' lang='lat' dir='ltr'>ipsa</span> <span class='ocrx_word' id='word_1_506' title='bbox 3170 4229 3279 4286; x_wconf 88' lang='lat' dir='ltr'>hac</span> <span class='ocrx_word' id='word_1_507' title='bbox 3325 4229 3571 4303; x_wconf 88' lang='lat' dir='ltr'>apostoli</span> <span class='ocrx_word' id='word_1_508' title='bbox 3624 4231 3803 4295; x_wconf 38' lang='lat' dir='ltr'>festi:</span> 
     </span>
    </p>
   </div>
   <div class='ocr_carea' id='block_1_90' title="bbox 2137 4303 2334 4357">
    <p class='ocr_par' dir='ltr' id='par_1_90' title="bbox 2137 4303 2334 4357">
     <span class='ocr_line' id='line_1_92' title="bbox 2137 4303 2334 4357; baseline 0 0"><span class='ocrx_word' id='word_1_509' title='bbox 2137 4303 2334 4357; x_wconf 84' lang='lat' dir='ltr'>vitate.</span> 
     </span>
    </p>
   </div>
   <div class='ocr_carea' id='block_1_91' title="bbox 2208 4370 3788 4445">
    <p class='ocr_par' dir='ltr' id='par_1_91' title="bbox 2208 4370 3788 4445">
     <span class='ocr_line' id='line_1_93' title="bbox 2208 4370 3788 4445; baseline 0 -17"><span class='ocrx_word' id='word_1_510' title='bbox 2208 4374 2286 4445; x_wconf 80' lang='grc'>(5)</span> <span class='ocrx_word' id='word_1_511' title='bbox 2318 4372 2626 4445; x_wconf 58' lang='lat' dir='ltr'>[teper-itur</span> <span class='ocrx_word' id='word_1_512' title='bbox 2655 4390 2828 4445; x_wconf 91' lang='lat' dir='ltr'>prosa</span> <span class='ocrx_word' id='word_1_513' title='bbox 2856 4373 2914 4428; x_wconf 89' lang='lat' dir='ltr'>in</span> <span class='ocrx_word' id='word_1_514' title='bbox 2935 4373 3073 4445; x_wconf 76' lang='lat' dir='ltr'>cod.</span> <span class='ocrx_word' id='word_1_515' title='bbox 3107 4372 3259 4429; x_wconf 82' lang='lat' dir='ltr'>Mon.</span> <span class='ocrx_word' id='word_1_516' title='bbox 3293 4374 3329 4427; x_wconf 90' lang='lat'><strong>6</strong></span> <span class='ocrx_word' id='word_1_517' title='bbox 3356 4377 3412 4429; x_wconf 90' lang='lat' dir='ltr'>et</span> <span class='ocrx_word' id='word_1_518' title='bbox 3459 4372 3585 4428; x_wconf 90' lang='lat' dir='ltr'>cod.</span> <span class='ocrx_word' id='word_1_519' title='bbox 3637 4370 3788 4428; x_wconf 87' lang='lat' dir='ltr'>bibl.</span> 
     </span>
    </p>
   </div>
   <div class='ocr_carea' id='block_1_92' title="bbox 2139 4442 3791 4517">
    <p class='ocr_par' dir='ltr' id='par_1_92' title="bbox 2139 4442 3791 4517">
     <span class='ocr_line' id='line_1_94' title="bbox 2139 4442 3791 4517; baseline 0 -18"><span class='ocrx_word' id='word_1_520' title='bbox 2139 4442 2579 4517; x_wconf 19' lang='lat' dir='ltr'>PalatViAndob.</span> <span class='ocrx_word' id='word_1_521' title='bbox 2613 4442 2673 4501; x_wconf 66' lang='lat' dir='ltr'>nI</span> <span class='ocrx_word' id='word_1_522' title='bbox 2706 4442 2977 4517; x_wconf 23' lang='lat' dir='ltr'>I§45AI0L</span> <span class='ocrx_word' id='word_1_523' title='bbox 3023 4445 3094 4517; x_wconf 82' lang='grc'>47</span> <span class='ocrx_word' id='word_1_524' title='bbox 3140 4461 3193 4511; x_wconf 91' lang='lat' dir='ltr'>a,</span> <span class='ocrx_word' id='word_1_525' title='bbox 3240 4460 3311 4501; x_wconf 76' lang='lat' dir='ltr'>ex</span> <span class='ocrx_word' id='word_1_526' title='bbox 3356 4460 3475 4517; x_wconf 91' lang='lat' dir='ltr'>quo</span> <span class='ocrx_word' id='word_1_527' title='bbox 3526 4459 3791 4517; x_wconf 69' lang='lat' dir='ltr'>commu-</span> 
     </span>
    </p>
   </div>
   <div class='ocr_carea' id='block_1_93' title="bbox 2140 4513 3792 4588">
    <p class='ocr_par' dir='ltr' id='par_1_93' title="bbox 2140 4513 3792 4588">
     <span class='ocr_line' id='line_1_95' title="bbox 2140 4513 3792 4588; baseline -0.001 -17"><span class='ocrx_word' id='word_1_528' title='bbox 2140 4516 2356 4588; x_wconf 81' lang='lat' dir='ltr'>nicavit</span> <span class='ocrx_word' id='word_1_529' title='bbox 2387 4515 2703 4588; x_wconf 88' lang='lat' dir='ltr'>lectoribus</span> <span class='ocrx_word' id='word_1_530' title='bbox 2731 4514 2997 4588; x_wconf 64' lang='lat' dir='ltr'>Wolfius.</span> <span class='ocrx_word' id='word_1_531' title='bbox 3031 4516 3202 4571; x_wconf 79' lang='lat' dir='ltr'>Extat</span> <span class='ocrx_word' id='word_1_532' title='bbox 3230 4513 3466 4588; x_wconf 78' lang='lat' dir='ltr'>quoque</span> <span class='ocrx_word' id='word_1_533' title='bbox 3485 4514 3647 4588; x_wconf 83' lang='lat' dir='ltr'>apud</span> <span class='ocrx_word' id='word_1_534' title='bbox 3671 4513 3792 4588; x_wconf 46' lang='lat' dir='ltr'>Glie</span> 
     </span>
    </p>
   </div>
   <div class='ocr_carea' id='block_1_94' title="bbox 2138 4584 3792 4659">
    <p class='ocr_par' dir='ltr' id='par_1_94' title="bbox 2138 4584 3792 4659">
     <span class='ocr_line' id='line_1_96' title="bbox 2138 4584 3792 4659; baseline 0.001 -17"><span class='ocrx_word' id='word_1_535' title='bbox 2138 4587 2484 4643; x_wconf 80' lang='lat' dir='ltr'>chtovaeum.</span> <span class='ocrx_word' id='word_1_536' title='bbox 2549 4588 2611 4644; x_wconf 89' lang='lat' dir='ltr'>In</span> <span class='ocrx_word' id='word_1_537' title='bbox 2679 4584 3016 4643; x_wconf 88' lang='lat' dir='ltr'>Missalibus</span> <span class='ocrx_word' id='word_1_538' title='bbox 3083 4584 3387 4659; x_wconf 72' lang='lat' dir='ltr'>nusquam</span> <span class='ocrx_word' id='word_1_539' title='bbox 3442 4584 3792 4659; x_wconf 72' lang='lat' dir='ltr'>investigavi</span> 
     </span>
    </p>
   </div>
   <div class='ocr_carea' id='block_1_95' title="bbox 2138 4674 2395 4715">
    <p class='ocr_par' dir='ltr' id='par_1_95' title="bbox 2138 4674 2395 4715">
     <span class='ocr_line' id='line_1_97' title="bbox 2138 4674 2395 4715; baseline -0.004 0"><span class='ocrx_word' id='word_1_540' title='bbox 2138 4674 2395 4715; x_wconf 86' lang='lat' dir='ltr'>carmen.</span> 
     </span>
    </p>
   </div>
  </div>
