3982 6172
340 308 463 371 8·Ῑῦ

344 444 762 501 Constantinus
792 447 929 500 tunc
957 446 1278 517 Augustus.

345 532 625 590 Hortatus
653 532 880 590 Christo
902 534 1154 601 credere,
1202 596 1209 603 ,

346 620 606 679 Renatus
635 625 725 678 est
745 622 1115 695 baptismate.

342 803 391 858 A
420 802 622 858 morbo
652 799 979 872 elephantie

344 891 449 947 Est
476 889 829 947 emundatus
860 887 1039 954 illico,

345 980 573 1036 Virtute
604 976 793 1035 sancti
817 977 1090 1051 Spiritus.

417 712 600 777 Quem
631 716 696 768 ut
722 711 909 767 livinit
947 704 1280 775 chrismate,

560 1102 801 1141 HYMNUS
841 1103 880 1140 ll
918 1102 1175 1140 EIUSDEM
1215 1099 1413 1141 SANCTI
1454 1100 1776 1141 SYLVESTRI.

453 1175 604 1231 Voce
626 1175 889 1245 jocunda
919 1190 1261 1230 resonemus
1290 1190 1515 1241 omnes,

455 1264 752 1319 Laudibus
783 1261 1002 1318 sanctis
1034 1262 1296 1318 studium
1330 1264 1601 1328 ferentes,

458 1352 629 1408 Urbis
660 1368 901 1408 romane
932 1350 1294 1410 modulando
1326 1356 1550 1424 patrem

636 1441 829 1498 Laude
861 1440 1241 1514 Sylvestrum.

458 1530 562 1587 Hic
591 1530 725 1605 pius
757 1534 958 1603 pastor
985 1530 1179 1604 gregis
1210 1534 1386 1603 atque
1418 1534 1594 1598 tutor,

459 1621 582 1675 Lux
608 1617 719 1674 fuit
746 1618 916 1684 oecis,
948 1618 1311 1692 baculusque
1340 1620 1587 1686 claudis,

459 1712 538 1763 Ac
568 1708 738 1779 signa
766 1707 903 1761 fecit
932 1708 1298 1779 paradisiaca

638 1795 1117 1852 Plurima~terris.

462 1885 570 1950 Qui
599 1884 752 1940 viam
783 1885 1009 1940 cunctis
1041 1886 1430 1943 rectissimam
1463 1886 1583 1959 (sic)
1628 1885 1997 1951 monstravit,

459 1975 740 2030 Percusso
772 1974 892 2046 regi
924 1974 1114 2030 reddit
1145 1975 1477 2044 sanitatem,

462 2062 626 2119 Unde
654 2067 958 2119 cernentes
989 2080 1255 2120 meruere
1280 2064 1474 2121 cordis

643 2155 885 2207 Cernere
913 2150 1129 2209 lumen.

463 2242 710 2298 Summa
737 2240 1021 2297 virtutum
1053 2241 1237 2315 viguit
1266 2259 1368 2315 per
1396 2242 1590 2316 ipsum

463 2329 726 2400 Claritas,
756 2333 1034 2386 cunctum
1067 2331 1348 2391 radiando
1379 2333 1667 2389 mundum
1701 2348 1716 2390 :

464 2423 543 2476 Ac
575 2419 731 2475 sicca
759 2419 934 2475 corda
963 2419 1171 2491 rigavit
1199 2421 1367 2478 ﬁdele
1399 2424 1519 2493 (sic)

642 2508 855 2564 Christi
886 2507 1135 2564 lavacro.

465 2597 710 2654 Animas
744 2596 961 2653 multas
991 2599 1294 2668 conjunxit
1323 2598 1666 2671 angelorum

465 2684 739 2751 Ecclesie,
772 2690 1085 2756 cetumque
1110 2688 1460 2758 nominique
1496 2687 1781 2760 templum

466 2778 547 2830 Ae
579 2773 956 2829 decemcordo
986 2774 1225 2831 reboare
1255 2774 1453 2847 nablo,

644 2863 881 2918 Noctem
912 2862 1033 2933 (sic)
1066 2863 1361 2936 diemque.

468 2951 667 3007 Gloria
695 2949 849 3006 Patri
882 2967 1224 3007 resonemus
1250 2970 1474 3025 omnes,

468 3042 536 3096 Et
568 3039 692 3108 tibi,
727 3044 924 3095 sancte
954 3039 1157 3097 Genite
1189 3058 1459 3114 superne,

467 3136 609 3187 Cum
642 3129 858 3202 quibus
888 3135 1127 3187 sanctus
1159 3132 1335 3188 simul
1366 3137 1425 3189 et
1450 3139 1677 3190 creator

648 3217 900 3291 Spiritus
923 3224 1142 3292 regnet.

578 3323 816 3362 HYMNUS
854 3324 918 3362 111
956 3324 1214 3366 EIUSDEM
1253 3326 1449 3367 SANCTI
1486 3327 1810 3369 SYLVESTRI.

472 3396 722 3465 Christe,
753 3413 852 3451 rex
884 3413 1109 3470 regum,
1139 3400 1493 3471 gubernator
1521 3416 1753 3473 magno,

467 3484 656 3541 Patris
684 3484 961 3540 immensi
992 3485 1223 3543 soboles
1254 3488 1547 3560 perennis,

469 3572 817 3646 Supplieum
846 3577 977 3629 vota
1001 3576 1335 3648 pariterque
1365 3578 1509 3634 edas

643 3661 884 3733 Suscipe
916 3661 1194 3720 clemens.

465 3751 550 3806 Tu
581 3749 764 3824 proba
792 3749 996 3805 mundi
1029 3752 1315 3826 noxiaqun
1342 3758 1596 3827 tergens,

466 3840 714 3912 Insuper
744 3837 892 3894 miro
925 3838 1160 3896 radians
1192 3840 1522 3913 splendore,

462 3928 678 3985 Tribue
708 3925 964 3985 clemens
995 3928 1274 3987 bonitatis
1307 3930 1461 3987 dona

638 4014 906 4073 Preclara
937 4016 1065 4073 celi.

461 4107 502 4162 E
534 4105 749 4179 quibus
783 4107 1033 4163 summis
1064 4124 1411 4165 veneramur
1441 4109 1688 4178 almum,

463 4194 611 4250 Urbs
642 4210 857 4267 magna
887 4195 1057 4251 nobis
1078 4196 1256 4252 decus
1286 4197 1395 4253 hoc
1426 4199 1734 4265 concessit,

462 4284 616 4338 Gens
648 4283 1040 4338 Romanorum
1074 4285 1258 4359 patris
1290 4285 1496 4341 mundi
1528 4291 1647 4341 tota

639 4374 859 4425 Cuncta
892 4387 991 4442 per
1022 4373 1242 4428 orbem.

464 4458 571 4524 Qui
603 4462 917 4531 postquam
939 4461 1161 4515 sanctis
1193 4467 1283 4517 est
1309 4464 1585 4535 profusus
1620 4464 1812 4529 undis,

468 4545 700 4602 Sanctis
731 4546 992 4603 imbutus
1020 4547 1346 4622 litterisque
1375 4552 1599 4621 doctus,

460 4635 679 4708 Spiritu
711 4635 937 4692 fervens
968 4637 1209 4694 Domino
1233 4640 1482 4710 jubante
1514 4644 1639 4714 (sic)

638 4724 884 4781 Cumula
915 4742 1150 4799 semper
1179 4730 1278 4801 (l).

461 4815 540 4871 Te
571 4819 724 4871 recte
754 4814 1006 4889 parchus
1039 4820 1204 4888 pater
1233 4823 1492 4889 sanctus,
1527 4819 1791 4893 inquam,

460 4928 487 4955 ‹‹
522 4902 709 4961 Stulte
741 4904 846 4959 hac
880 4910 1046 4962 nocte
1078 4906 1335 4962 animam
1366 4909 1567 4965 ell‘abis
1602 4928 1614 4965 :

459 4994 648 5059 Quare
680 5009 793 5048 non
816 5009 1015 5050 cessas
1045 5012 1213 5066 pcena
1243 4997 1503 5053 cruciare

634 5081 847 5138 Christi
878 5082 1169 5138 cultores?
1202 5106 1228 5133 ››

459 5171 789 5245 Statimque
820 5176 1018 5244 pastor
1049 5175 1357 5230 sanctitate
1389 5174 1605 5248 dignus

461 5260 703 5316 Romani
741 5262 975 5319 tandem
1004 5261 1201 5334 populi
1235 5262 1476 5330 electus,

459 5348 706 5420 Tyranni
740 5366 874 5405 seva
905 5350 1142 5405 latitans
1175 5351 1417 5407 secessit

636 5437 754 5493 Suo
776 5454 911 5494 eum
942 5439 1116 5495 clero.

457 5574 533 5656 (1)
566 5574 749 5634 Locus
778 5583 1113 5657 corruptus,
1145 5585 1211 5641 ut
1240 5579 1339 5641 alii
1370 5580 1514 5642 bene
1544 5579 1737 5644 multi.

1526 305 1714 369 SEO.
1759 303 1838 368 XI
1882 304 2193 370 MONUM.
2241 302 2551 369 LITURG.

1585 440 1806 496 Dehinc
1835 446 2037 497 contra
2066 440 2469 495 incommodus

1513 528 1834 585 Judeorum
1864 527 2247 602 philosophos

1512 618 1593 675 De
1613 617 1810 675 celesti
1835 617 2113 691 mysterio

1513 706 1744 764 Bellans
1775 707 1912 763 vicit
1944 706 2295 779 intrepidus.

1586 796 1733 853 Nam
1763 795 2035 852 draconis
2065 794 2322 867 Pestiteri

1509 885 1786 943 Sevitiam
1818 883 2197 957 compescuit,

1513 976 1583 1031 Et
1610 972 1858 1048 populos
1888 973 2228 1031 innumeros

2020 1081 2071 1147 A

2681 434 2923 492 Advexit
2946 433 3054 489 celi
3081 429 3350 488 Domino.

2755 525 2988 597 Nosque
3009 541 3043 579 a
3073 520 3261 594 culpis
3291 519 3540 577 nexibus

2681 613 2848 671 Eruit
2877 612 3003 670 suis
3033 611 3326 685 precibus,

2687 704 2792 769 Qui
2826 720 2930 775 pro
2960 700 3244 759 Tonantis
3270 699 3457 773 gloria

2684 793 2822 865 Ejus
2853 807 3135 848 canamus
3164 806 3380 845 annua.

2751 882 2868 937 Deo
2897 879 3066 954 patri.
3114 922 3126 934 .
3171 920 3184 933 .
3233 921 3246 934 .

2215 1079 2546 1136 Exhorrens
2577 1080 2878 1151 Augustus
2907 1080 3027 1133 tam
3059 1076 3316 1132 immane
3347 1072 3561 1143 scelus,

2208 1169 2377 1225 Letas
2409 1168 2636 1224 remisit
2665 1184 2797 1223 cum
2832 1170 3165 1239 matresque
3197 1164 3375 1231 natis,

2210 1258 2498 1315 Omnibus
2530 1256 2698 1313 donis
2730 1274 2838 1311 sua
2868 1256 3080 1329 pietate

2389 1346 2705 1405 Commoda
2736 1346 2865 1401 vite.

2209 1436 2407 1492 Gratia
2435 1435 2648 1491 Christi
2677 1451 2807 1490 vere
2840 1434 3181 1506 inspiratus,

2214 1527 2416 1581 Petrus
2448 1541 2581 1580 cum
2614 1524 2793 1582 Paulo
2826 1522 3055 1579 monuit
3083 1521 3310 1595 piscina

2212 1619 2511 1687 Aquarum
2536 1614 2695 1671 unda
2724 1611 3110 1685 medendique
3158 1611 3270 1669 sibi

2391 1703 2565 1760 Salus
2599 1702 2879 1776 requirat.

2214 1792 2414 1849 Presul
2445 1797 2684 1848 vocatur
2712 1791 2910 1865 populi
2945 1789 3255 1864 benignus,

2215 1881 2500 1947 Placidus,
2532 1881 2788 1937 clemens
2816 1879 3120 1952 extititque
3151 1879 3325 1953 regis.

2216 1970 2372 2026 Illico
2404 1971 2626 2027 sanctis
2657 1969 3001 2026 monstravit
3029 1967 3289 2041 loquoris
3319 1968 3440 2041 (sic)

2392 2060 2619 2115 Virtute
2647 2059 2881 2115 Christi.

2217 2150 2480 2205 Predicat
2507 2148 2736 2204 Christo
2768 2146 3052 2204 famulare
3082 2147 3333 2221 plebem,

2217 2237 2485 2294 Allevans
2515 2253 2747 2294 merens
2775 2237 3001 2292 dudum
3031 2236 3370 2304 exortando,

2215 2327 2531 2385 Commoda
2560 2331 2829 2399 prestans
2851 2326 3075 2399 jugiter
3104 2325 3325 2395 ﬁdeles,

2395 2417 2639 2488 Semper
2666 2415 2906 2471 orando.

2220 2506 2428 2577 Sicque
2452 2505 2694 2561 devotus
2721 2503 2984 2561 veritatis
3015 2504 3166 2571 facta

2219 2595 2491 2649 Crebrius
2522 2595 2770 2660 donans,
2804 2592 3145 2649 famulando
3176 2592 3293 2666 poli

2222 2683 2347 2739 Vite
2376 2689 2432 2738 et
2462 2698 2707 2755 regnum
2735 2682 2948 2738 meruit
2976 2683 3213 2741 beatum

2397 2772 2685 2828 Scandere
2716 2772 2929 2827 clarus.

2221 2862 2445 2917 Gaudet
2466 2860 2717 2934 insignis
2742 2877 2851 2917 sua
2880 2858 3046 2932 plebs
3076 2863 3304 2915 sacrata

2220 2952 2482 3007 Romana
2504 2950 2740 3023 plaudet
2768 2952 3041 3005 renovata
3070 2947 3265 3013 undis,

2221 3042 2376 3106 Quos
2405 3038 2525 3096 tuis
2550 3038 2770 3096 sanctis
2801 3036 3029 3095 meritis
3059 3037 3337 3109 antiquis.

2400 3129 2684 3185 Fraudem
2714 3129 2995 3184 devastat.

2220 3219 2426 3274 Favete
2452 3233 2657 3273 omnes
2682 3216 2789 3272 tibi
2817 3215 3155 3283 servientes,

2220 3305 2417 3362 Hostis
2439 3304 2680 3378 maligni
2697 3304 3029 3378 ‘quatiendo
3060 3304 3319 3372 fraudes,

2222 3396 2521 3461 Quatenus
2551 3394 2748 3452 cuncti
2777 3411 3110 3451 mereamur
3136 3410 3329 3450 veram

2399 3490 2642 3541 Cernere
2673 3482 2885 3540 lucem.

2221 3574 2544 3641 Poscimus,
2579 3572 2732 3629 alme
2761 3573 3013 3629 nimium
3044 3573 3230 3640 beate,

2223 3665 2329 3720 Pro
2362 3663 2531 3721 nobis
2561 3680 2663 3718 ora
2690 3661 3006 3718 Dominum
3037 3662 3297 3735 rogando

2217 3753 2289 3809 Ut
2320 3751 2525 3808 mundi
2558 3751 2713 3807 mala
2733 3750 3032 3809 valeamus
3064 3767 3270 3808 omnes

2399 3840 2614 3897 Pellere
2645 3839 2866 3912 procul.

2217 3931 2305 3987 Sit
2331 3931 2433 3986 tibi
2464 3930 2614 3996 laus,
2648 3929 2904 3985 Trinitas
2932 3928 3245 3996 immensa,

2220 4020 2280 4077 In
2296 4036 2431 4093 Aque
2463 4018 2681 4075 exultat
2708 4034 2863 4073 nunc
2894 4017 3001 4075 celi
3033 4021 3281 4082 caterva,

2217 4079 2395 4164 Noli-is
2427 4111 2491 4161 ut
2523 4106 2703 4163 dones
2733 4105 3101 4179 gratiamque
3129 4122 3326 4162 veram

2394 4199 2635 4269 Semper
2651 4194 2711 4250 in
2743 4210 2935 4250 evum.

2323 4301 2560 4341 aramus
2599 4300 2792 4340 SANCTI
2835 4300 3096 4341 SEVERINI
3134 4299 3368 4340 manus
3407 4283 3507 4355 (2).

2216 4374 2515 4430 Canticum
2545 4372 2736 4430 laudis
2766 4372 3012 4429 Domino
3045 4375 3340 4439 canentes,

2217 4464 2380 4519 Hunc
2406 4462 2561 4519 diem
2595 4463 2808 4518 festum
2840 4460 3203 4519 celebremus
3237 4477 3467 4531 omnes,

2216 4554 2370 4618 Quos
2400 4552 2710 4609 Severinus
2740 4551 3066 4623 penetravit
3096 4551 3288 4608 almus

2395 4639 2559 4697 Celsa
2590 4639 2879 4713 polorum.

2216 4730 2355 4798 Quis
2387 4729 2532 4802 style
2551 4729 2713 4785 dives
2742 4729 3171 4803 modulansque
3198 4730 3439 4803 plectro,

2217 4813 2436 4874 Cuncta
2465 4818 2768 4891 signorum
2803 4819 3081 4891 replicare
3114 4819 3321 4892 possit,

2216 4912 2337 4976 Que
2367 4910 2570 4979 potens
2600 4906 2868 4964 Christus
2898 4909 3110 4965 studiis
3138 4908 3354 4981 opimis

2393 4996 2651 5051 Contulit
2680 4997 2810 5066 ejus
2830 4996 2858 5051 ‘I

2218 5085 2460 5141 inclitus
2494 5089 2651 5140 vates
2678 5085 3046 5158 nimiumque
3077 5086 3233 5155 felix,

2215 5174 2424 5247 Sepius
2452 5173 2546 5229 cui
2576 5172 2728 5229 Deus
2758 5172 3068 5230 intimabat

2212 5263 2372 5319 Tunc
2404 5262 2475 5318 ad
2508 5263 2771 5335 oppressi
2804 5263 3003 5337 pepuli
3034 5262 3287 5321 salutem

2394 5351 2579 5408 Multa
2606 5352 2823 5408 futura.

2217 5440 2362 5497 Voce
2391 5455 2640 5519 presaga
2668 5440 2911 5512 laqueos
2935 5440 3226 5498 latronum

2216 5582 2293 5659 (2)
2324 5581 2470 5640 Vide
2500 5581 2761 5642 Bolland.
2795 5583 2867 5642 ad
2900 5583 3052 5643 diem
3084 5600 3183 5642 VIII
3211 5583 3343 5644 Jan.

3608 290 3769 380 sic
