3982 6162
215 292 347 360 027

326 430 517 505 Atque
545 426 867 506 predenum
899 429 1205 492 machinas
1237 435 1527 503 retexens,

327 519 512 579 Valde
538 523 771 580 tutabat
797 522 1039 580 monitis
1064 524 1338 599 supernis

471 611 700 686 Oppida
727 613 902 670 fessa.

328 700 507 760 Dulce
535 702 797 760 solamen
828 702 1064 759 miseris
1091 702 1458 771 ministrans,

327 791 635 849 Horridam
666 794 891 866 pestem
922 792 1097 849 famis
1127 793 1485 866 amputavit;

329 881 585 939 Barbara
613 880 813 956 plures
844 881 1069 940 feritate
1096 883 1284 939 victor

466 970 650 1029 Solvit
680 971 754 1028 ab
782 971 971 1028 hoste.

324 1062 532 1136 Magne
561 1060 881 1133 confessor,
910 1060 1157 1118 humilis
1187 1062 1488 1136 magister,

321 1151 407 1208 Tu
439 1151 678 1224 quidem
712 1167 980 1208 normam
1012 1151 1318 1208 monachis
1347 1152 1581 1209 dedisti.

322 1239 479 1298 Calle
505 1241 920 1298 demonstrans
948 1240 1142 1299 sobrio
1173 1257 1454 1315 sequaces

465 1328 756 1385 Scandere
787 1327 1000 1385 celum.

321 1417 385 1475 In
413 1416 534 1474 tuis
565 1416 785 1474 sanctis
818 1417 1095 1475 manibus
1124 1418 1355 1476 refulsit

321 1506 541 1565 Celitus
569 1505 792 1574 lumen,
826 1507 1196 1581 retinensque
1221 1509 1400 1566 crevit

321 1596 406 1653 Ad
438 1600 574 1653 tuos
599 1595 850 1653 haustus
880 1596 992 1653 olei
1023 1597 1344 1671 liquamen,

465 1686 668 1743 Fontis
696 1686 769 1742 ad
794 1685 1001 1744 instar.

322 1775 648 1834 Condolens
677 1779 920 1833 cunctos
945 1776 1149 1851 inopes
1180 1777 1429 1846 fovebat,

323 1866 657 1940 Languidos
688 1882 928 1938 sanans,
961 1865 1253 1923 relevabat
1279 1881 1449 1941 egros
1483 1883 1497 1923 :

320 1955 524 2013 Omnis
553 1956 836 2012 accedens
866 1955 1164 2013 salubrem
1196 1955 1485 2013 medelam

462 2045 727 2118 Sumpsit
754 2045 826 2101 ab
854 2044 974 2100 illo.

318 2135 524 2208 Tuque
553 2132 854 2208 Sylvinum
885 2132 1076 2191 loculo
1096 2134 1415 2205 jacentem,

310 2257 546 2299 HYMNUS
584 2256 783 2299 SANGTI
812 2257 989 2297 MARCI
1019 2257 1169 2297 MAR-

598 2347 764 2387 rvms
793 2331 892 2403 (3).

287 2422 521 2479 Festum
553 2420 706 2477 beati
737 2418 1012 2493 martyris

209 2509 353 2567 Odia
382 2508 645 2566 colamus
675 2508 968 2579 consonis,

210 2599 398 2665 Quem
426 2598 594 2656 misit
621 2598 748 2656 orbi
778 2598 1019 2670 provida

209 2688 388 2762 Regis
417 2705 674 2762 superna
701 2686 912 2761 gratia.

286 2779 450 2835 Hunc
480 2777 538 2833 in
572 2775 874 2851 quaternis
900 2775 1161 2833 vultibus

210 2867 505 2942 Propheta
533 2868 830 2941 quondam
862 2865 1126 2941 prescius

208 2957 374 3014 Vidit
401 2956 589 3014 leonis
619 2956 825 3013 inclita

210 3046 649 3119 Mysteriarchis
668 3047 791 3117 (sic)
825 3045 1095 3102 formula.

1896 442 1954 511 Α

1386 2330 1751 2405 Evangelista
1778 2331 2015 2389 nobilis.

281 3135 499 3193 Missus
528 3151 782 3209 superno
811 3151 1056 3192 munere

206 3228 393 3284 Terra
419 3226 481 3283 in
505 3225 760 3284 Alexand
770 3226 874 3292 rie,

506 3351 745 3391 BYMNUS
776 3350 813 3389 ll
848 3348 1103 3390 EIUSDEM
1136 3350 1333 3389 SANCTI
1364 3350 1558 3389 MARCX.

351 3423 483 3479 Jam
511 3439 670 3480 nunc
700 3440 804 3495 per
832 3438 1005 3479 omne
1037 3421 1133 3477 lux
1166 3421 1417 3495 refulget
1447 3422 1735 3490 seculum,

283 3517 405 3567 Lux
432 3511 554 3579 illa,
590 3512 779 3568 Patris
809 3511 964 3569 lucet
992 3528 1105 3583 que
1134 3511 1207 3567 de
1236 3510 1403 3576 solio,

280 3600 402 3664 Que
432 3601 582 3667 fons,
615 3601 798 3675 origo,
832 3600 1110 3673 splendor
1136 3600 1288 3657 lucis
1316 3616 1515 3667 aures,

281 3689 631 3763 Habensque
660 3706 893 3761 semper
920 3689 1122 3746 lumen
1156 3688 1518 3755 indeﬁcieus,

275 3777 478 3834 Celum
508 3780 761 3843 serenat,
794 3793 999 3834 arcens
1032 3776 1237 3832 mundi
1268 3776 1556 3832 tenebras.

354 3868 541 3940 Hujus
572 3871 797 3923 sacrato
825 3865 975 3922 lucis
997 3866 1069 3921 de
1098 3865 1423 3922 vibramina

280 3956 553 4029 Suscepit
580 3954 803 4012 almum
836 3954 1064 4012 radium
1096 3955 1206 4012 sub
1239 3958 1471 4026 pectore

278 4047 532 4115 Marcus,
568 4045 774 4102 beatus
806 4045 1006 4101 doctor
1033 4042 1427 4117 evangelicus,

278 4135 489 4191 Factus
516 4132 775 4203 lucerna,
809 4150 1009 4190 amore
1032 4132 1179 4188 tanti
1211 4131 1479 4199 luminis,

277 4222 504 4279 Ardens
530 4221 753 4295 fugavit
782 4221 963 4279 seculi
992 4220 1328 4294 caliginem.

350 4313 586 4385 Septem
617 4310 907 4368 columnis
942 4327 1059 4367 una
1089 4310 1160 4365 de
1189 4308 1545 4379 candidulis,

276 4401 485 4458 Aureis
514 4405 738 4473 septem
771 4416 955 4456 unum
980 4400 1052 4455 de
1082 4397 1474 4466 candelabris,

277 4490 588 4564 Cingitque
618 4493 806 4546 totum
840 4489 1128 4544 mundum
1162 4484 1318 4543 claro
1351 4485 1570 4557 sidere;

277 4578 672 4636 Ecclesiarum
711 4578 919 4634 nititur
948 4578 1059 4633 sub
1089 4575 1365 4645 culmine,

278 4669 582 4724 Sustentat
611 4666 725 4722 alte
757 4666 1138 4723 fundamenta
1170 4665 1406 4722 fabrice.

353 4758 648 4824 Quantum
682 4756 835 4829 quod
868 4755 1007 4812 olim
1038 4756 1262 4812 viderat
1288 4754 1572 4823 Ezechiel,

284 4846 574 4918 Propheta
604 4848 866 4911 sanctus,
901 4843 1119 4901 animal
1151 4844 1563 4909 lectissimum,

281 4934 444 4991 Vidit
468 4934 791 5001 Johanucs,
822 4950 927 4990 ceu
958 4932 1172 4989 Christi
1203 4932 1498 4989 recubitor

282 5023 494 5080 Leonis
523 5022 636 5079 hoc
664 5028 723 5079 et
753 5022 928 5096 typici
962 5023 1074 5079 sub
1101 5019 1313 5095 specie,

282 5111 544 5169 Clamore
572 5111 760 5168 multo
788 5129 890 5185 per
918 5111 1149 5167 deserta
1181 5110 1465 5167 frendere.

353 5202 470 5267 Sic,
504 5218 539 5257 a
568 5202 737 5259 beato
768 5202 937 5258 Petro
970 5200 1210 5268 missus,
1244 5196 1391 5254 adiit

282 5289 717 5363 Aquileiensem
751 5291 981 5347 dudum
1010 5288 1467 5346 famosissimum

284 5380 531 5449 Urbem;
567 5380 780 5437 sacrati
812 5380 971 5437 verbi
1004 5375 1353 5452 pullulantia

286 5468 705 5526 Disseminavit
733 5473 889 5538 sata;
922 5485 1038 5542 quo
1063 5464 1408 5539 centuplicis

287 5594 367 5669 (3)
395 5592 545 5651 Vide
574 5592 840 5651 Bolland.
874 5593 945 5650 ad
976 5592 1133 5649 diem
1162 5606 1274 5648 xxv
1301 5587 1538 5663 Aprilis.

1383 2240 1580 2298 Doctis
1608 2240 1838 2300 refulsit
1865 2242 2072 2300 incolis

1462 2420 1802 2494 Spargenda
1830 2421 1988 2495 plebi
2017 2421 2214 2480 lucida

1388 2509 1578 2566 Verbo
1604 2510 1812 2568 salutis
1844 2516 2160 2585 spermata,

1388 2599 1498 2656 Pro
1527 2600 1702 2674 Regis
1728 2600 1831 2658 alti
1863 2601 2098 2658 nomine

1389 2690 1481 2746 Fit
1512 2691 1809 2748 laureatas
1839 2692 2124 2766 sanguine
2158 2710 2171 2750 :

1459 2780 1640 2852 Cujus
1670 2780 1916 2837 sacratis
1946 2782 2192 2838 artubus
2283 2818 2289 2837 .

1388 2868 1611 2926 Salutis
1636 2874 1841 2928 auctor
1867 2871 2155 2941 omnium,

1388 2957 1658 3015 Christus
1687 2959 1967 3016 moderno
1997 2964 2259 3033 tempore

1386 3048 1647 3119 Compsit
1675 3047 1869 3104 solum
1900 3049 2228 3106 Germanic.

1459 3136 1662 3193 Letare
1692 3135 1828 3192 felix
1851 3138 2059 3212 Augia,

1386 3226 1617 3283 Honore
1646 3230 1808 3284 tanto
1839 3228 2093 3301 predita;

1885 3335 1929 3402 (ζ’,
2035 3335 2283 3391 Fructus
2313 3336 2382 3390 ad
2419 3333 2536 3392 alta
2562 3334 2713 3392 vexit
2744 3333 2879 3391 felix
2908 3335 3118 3392 horrea

1474 296 1735 367 Ille
1777 294 2383 369 DCCLESIASTICI.

2091 435 2394 495 Fratribus
2425 454 2621 497 coram
2652 440 2924 514 precibus
2952 441 3224 517 peractis,

2087 527 2269 585 Morte
2300 528 2547 597 devicta,
2580 530 2768 586 redire
2798 532 2982 589 fecisti
3016 534 3089 590 ad

2225 617 2450 675 Gaudia
2469 618 2601 675 vitae

2087 705 2297 764 Cereos
2329 707 2568 765 ﬂamma
2599 708 2734 765 fidei
2765 716 3063 767 cremante

2085 796 2292 869 Arguit
2319 801 2560 854 sanctus
2591 802 2757 871 pater
2785 799 3051 856 infideles
3088 819 3102 858 :

2086 885 2321 958 Nosque
2352 885 2471 959 (sic)
2503 886 2916 946 ﬂammescunt
2944 889 3187 950 Deitatis
3215 891 3349 966 igne

2225 973 2437 1048 Algida
2464 975 2659 1031 corda.

2086 1063 2267 1134 Cujus
2299 1064 2368 1120 ad
2405 1063 2582 1119 funus
2609 1062 2849 1121 veniens
2884 1072 3199 1138 sacratum,

2087 1150 2285 1207 Mutus
2315 1151 2537 1225 accepit
2565 1152 2837 1209 modulos
2868 1152 3117 1228 loquele,

2085 1239 2266 1297 Cecus
2296 1240 2520 1297 exultat
2548 1241 2749 1314 procul
2779 1243 3151 1302 ambulantes

2228 1329 2472 1387 Cernere
2503 1334 2692 1387 notos.

2085 1418 2377 1492 Neapolis,
2410 1419 2600 1492 gaude
2630 1419 2903 1478 redimita
2933 1422 3117 1493 festis,

2085 1506 2304 1565 Plaude
2331 1507 2603 1565 celestem
2634 1508 2894 1567 retinens
2923 1517 3258 1585 patronum,

2084 1599 2265 1664 Quem
2296 1597 2405 1653 tibi
2433 1613 2735 1655 summum
2766 1599 2945 1657 decus
2977 1606 3034 1657 et
3053 1605 3336 1675 juvamen

2227 1687 2489 1744 Prestitit
2518 1691 2738 1743 auctor.

2085 1776 2275 1850 Hujus
2302 1795 2336 1834 o
2367 1776 2625 1833 clemens
2657 1777 2848 1833 meriti
2877 1779 3130 1849 Creator,

2086 1865 2344 1924 Gloriam
2375 1866 2544 1924 nobis
2572 1865 2922 1941 veniamque
2948 1874 3164 1941 confer,

2083 1957 2206 2024 Quo
2234 1956 2322 2013 tui
2352 1955 2548 2014 cultus
2576 1971 2755 2029 super
2780 1962 2941 2015 astra
2970 1972 3205 2036 semper

2228 2046 2381 2104 Luce
2413 2049 2698 2107 fruamur.

2562 2247 2756 2304 Tuum
2784 2248 2988 2306 fovens
3019 2264 3223 2306 carum
3253 2248 3379 2306 solo

2568 2338 2755 2395 Habes
2783 2342 3215 2412 patronamque
3244 2338 3399 2412 polo.

2635 2427 2736 2497 Te,
2769 2428 2981 2497 Marce,
3011 2432 3146 2484 voto
3178 2427 3429 2502 supplici

2565 2514 2764 2589 Culpis
2794 2531 3069 2590 rogamus
3101 2515 3331 2590 perditi,

2562 2604 2704 2660 Tuis
2732 2605 2983 2679 benigne
3010 2603 3258 2663 servulis

2565 2694 2721 2750 Laxa
2748 2694 2972 2751 malum
3003 2694 3377 2768 peccaminis.

2634 2784 2724 2841 Sit
2754 2783 3025 2842 Trinitati
3058 2784 3261 2859 gloria,

2564 2874 2633 2929 Et
2661 2873 2791 2930 laus
2820 2873 3060 2932 honoris
3091 2874 3366 2944 maxime,

2563 2963 2683 3026 Que
2715 2964 2815 3018 dat
2843 2978 3119 3020 coronam
3150 2964 3395 3037 martyri

2112 3422 2329 3480 Christi
2361 3424 2574 3480 dicavit
2606 3442 2739 3480 mox
2768 3424 2849 3480 ibi
2883 3424 3211 3491 ecclesiam,

2041 3511 2189 3568 Nam
2220 3512 2671 3569 fundamentum
2705 3512 2838 3570 fidei
2869 3512 3263 3570 fortissimum

2042 3600 2270 3657 Fixerat
2301 3618 2483 3657 unum
2517 3605 2739 3674 petram
2773 3619 2951 3674 super
2981 3600 3328 3677 lympidam,

2041 3691 2167 3755 Qua
2196 3689 2413 3747 flumen
2445 3691 2676 3748 undans
2709 3708 2813 3748 nec
2844 3695 3152 3748 ventorum
3185 3688 3434 3748 fulmina

2042 3780 2331 3844 Quassare
2362 3784 2629 3853 possunt,
2662 3784 2950 3838 torrentes
2982 3798 3087 3837 nec
3118 3778 3331 3854 pluvie.

2114 3867 2333 3924 Deinde
2366 3886 2570 3925 rursus
2601 3886 2736 3925 cum
2763 3886 2977 3925 corona
3002 3886 3272 3925 remeans

2042 3954 2273 4012 Athleta
2302 3956 2536 4024 Christi,
2560 3961 2797 4030 compta
2824 3955 3090 4030 pulchris
3118 3956 3280 4024 liliis,

2042 4043 2404 4117 Mixtumque
2434 4044 2670 4118 palmis,
2701 4046 2867 4102 lauro
2897 4050 3077 4119 atque
3105 4044 3321 4102 rosulis

2047 4126 2327 4189 Portabat
2347 4135 2610 4206 gaudens
2640 4134 2910 4191 diadema
2934 4134 3170 4201 vertice,

2044 4225 2353 4295 Ingressus
2382 4223 2587 4281 urbem
2621 4224 2867 4281 Romam
2897 4223 3123 4282 Christo
3152 4223 3384 4280 comite.

2116 4309 2219 4367 His
2252 4311 2335 4367 ita
2364 4311 2564 4384 gestis,
2600 4312 2789 4385 pergit
2818 4311 3228 4369 Alexandriam
3263 4331 3277 4368 :

2048 4400 2260 4456 Sancto
2292 4399 2549 4472 repletus
2580 4400 2791 4474 spiritu
2822 4400 3133 4469 letissimo,

1956 4480 1971 4491 ’
2048 4489 2219 4545 Fines
2249 4505 2354 4561 per
2382 4506 2586 4549 omnes
2607 4489 2831 4563 jugiter
2858 4491 3266 4565 Memphiticos

2050 4577 2238 4634 Patris
2268 4578 2552 4634 tremendi
2588 4579 2925 4651 predicabat
2949 4580 3189 4636 unicum

2049 4667 2295 4723 Venisse
2327 4666 2531 4722 mundi
2565 4683 2669 4738 pro
2702 4666 2891 4724 salute
2921 4667 3154 4725 Filium.

2120 4755 2319 4811 Turba
2348 4754 2601 4811 crudelis
2631 4756 2841 4812 Christi
2874 4756 3024 4813 circa
3055 4756 3301 4813 militem

2046 4843 2307 4900 Tumens
2340 4843 2581 4916 parabat
2612 4848 3039 4902 tormentorum
3073 4844 3318 4919 spicula.

2046 4932 2247 4988 Vinxit
2276 4932 2517 4999 catenis,
2551 4934 2844 4989 transfixit
2872 4933 3110 5001 aculeis,

2051 5020 2397 5078 Dilaniando
2428 5022 2626 5096 ﬂagris
2656 5027 2862 5079 sancta
2887 5022 3129 5089 viscera,

2051 5110 2311 5167 Carceris
2341 5110 2584 5167 umbras
2613 5111 2777 5168 misit
2806 5111 2878 5167 ad
2909 5110 3332 5185 phantasticas.

2121 5200 2354 5256 Primus
2387 5199 2629 5269 superni
2655 5200 2912 5257 nominis
2942 5198 3213 5257 notitiam

2049 5289 2221 5345 Dedit
2250 5289 2307 5345 in
2341 5290 2548 5345 urbem
2581 5289 2813 5346 Marcus
2841 5287 3251 5346 Alexandriam
3288 5307 3302 5344 :

2052 5377 2263 5434 Christi
2296 5377 2512 5435 dicavit
2542 5395 2675 5435 mox
2706 5378 2786 5434 ibi
2818 5378 3150 5445 Basilicam,

2049 5468 2235 5533 Quam
2270 5467 2525 5539 expiavit
2554 5465 2804 5540 pretioso
2836 5467 3122 5540 sanguine

2563 3051 2727 3108 Nunc
2758 3056 2816 3107 et
2845 3068 2948 3126 per
2976 3069 3148 3109 omne
3178 3052 3465 3110 seculum.

3271 3142 3475 3199 Amen.

3514 292 3640 375 eis
