3982 6172
323 261 443 332 819
1533 275 1723 337 ΒΕΘ.
1765 275 1845 338 XI
1889 274 1895 334 ζ

1533 275 1723 337 ΒΕΘ.
1765 275 1845 338 XI
1889 272 2179 339 MONUM
2221 274 2528 339 LITURG.

432 403 681 463 Vallavit
712 404 864 464 alme
896 407 1030 464 fidei
1062 408 1402 464 munimine.

506 495 704 553 Gloria
731 498 906 566 Patri,
939 499 1117 554 decus
1148 503 1204 553 et
1232 495 1576 568 imperium!

433 586 541 654 Sit,
573 588 738 654 Nate,
773 605 1005 659 semper
1033 586 1137 642 tibi
1169 604 1345 658 super
1375 586 1566 642 sidera

437 676 652 741 Honor,
683 680 958 747 potestas,
986 675 1314 746 Sancteque
1343 675 1586 748 Spiritui

436 765 524 823 Sit
551 765 852 821 Trinitatis
879 765 1063 820 virtus
1095 764 1391 820 individua

438 854 544 910 Per
569 853 802 910 infinita
831 853 1162 910 seculorum
1193 853 1420 910 secula!

562 959 800 1000 HYMNUS
830 960 1025 999 SANCTI
1057 961 1314 1000 FLAVIANI
1345 959 1742 1000 CONFESSORIS.

433 1030 596 1088 Alme
625 1032 944 1097 confessor,
979 1032 1195 1088 summi
1230 1033 1404 1105 Regis
1439 1033 1654 1105 presul,

431 1121 700 1194 Audique
725 1122 885 1176 vocis
917 1120 1120 1176 famuli
1152 1125 1408 1187 tuorum,

611 1211 690 1266 Te
723 1210 1073 1284 ﬂagitantes.

433 1297 602 1355 Fides
631 1299 951 1371 preclarus,
987 1301 1275 1356 candidus
1305 1301 1364 1355 in
1397 1300 1514 1355 vita

433 1387 762 1444 Predicator
787 1407 958 1445 verus
990 1405 1167 1461 quam
1201 1389 1432 1462 spirans
1465 1389 1544 1444 illi
1581 1390 1736 1446 dedit

610 1477 863 1551 Spiritus
895 1496 1075 1534 sacer.

432 1565 476 1622 Ο
508 1565 657 1623 bene
686 1572 906 1640 pastor,
943 1567 1209 1624 Flavians
1243 1585 1427 1627 sacer.

433 1655 674 1729 Protege
704 1656 872 1728 plebe
903 1657 1126 1730 tibique
1157 1659 1492 1722 commissa,

608 1745 870 1802 Athletas
901 1747 1022 1802 Dei.

433 1837 759 1907 Hestesquc
789 1839 920 1891 tuos
954 1836 1213 1909 undique
1245 1838 1564 1910 confligunt
1599 1857 1610 1894 :

436 1923 552 1979 Nos
583 1923 709 1979 sine
738 1925 844 1980 viri
876 1925 1232 1999 vernuleque
1262 1930 1394 1982 tuos

611 2014 852 2085 Adjuva,
887 2015 1072 2070 Pater.

433 2103 791 2161 Ereticerum
824 2106 884 2158 tu
918 2103 1187 2176 sprevisti
1219 2106 1462 2179 degmas

430 2195 498 2250 Et
529 2193 841 2251 cenl'utasti
873 2194 1144 2266 uticeque
1173 2197 1382 2270 probat
1413 2198 1509 2269 («’i),

607 2284 650 2340 Ο
681 2285 852 2340 Pater
882 2290 1102 2341 sancte.

430 2372 724 2429 Gaudium
756 2373 936 2430 intrat
967 2374 1315 2448 Deminique
1342 2376 1460 2431 tuis

428 2462 756 2518 Commissa
786 2462 888 2519 tibi
921 2480 1054 2520 oves
1087 2469 1442 2536 representa,

610 2550 826 2610 Fidelis
859 2568 1039 2608 serve.

437 2639 545 2694 Pro
573 2639 803 2698 Christo
835 2657 1047 2712 passus
1078 2641 1263 2696 filium
1299 2641 1456 2698 fuisti
1494 2661 1506 2698 ε

440 2726 521 2782 Ibi
554 2727 613 2782 in
644 2743 818 2784 carne
847 2729 1143 2801 vitamque
1174 2729 1378 2795 finisti,

618 2815 784 2872 Celes
815 2821 1094 2889 receptes.

444 2904 790 2977 Aprutiense
821 2906 1082 2962 deceravi
1111 2907 1282 2964 tellus
1315 2926 1328 2964 :

443 2993 641 3052 Noluit
671 2997 948 3053 Dominus
977 2999 1213 3070 propria
1245 2999 1522 3054 frustrare

618 3085 796 3140 Nobis
826 3092 1088 3158 patrone.

437 3172 545 3242 Qui
578 3177 876 3247 quendam
908 3182 1051 3243 erat,
1085 3182 1282 3233 manet
1313 3178 1473 3234 urbis
1507 3179 1703 3250 presul
1739 3197 1750 3235 :

434 3264 614 3321 Nobis
645 3272 908 3322 coruscat
945 3267 1228 3322 miracula
1260 3267 1590 3339 sepulchris

612 3355 729 3411 Deo
751 3355 1015 3426 juvante.

434 3443 522 3499 Sit
549 3443 679 3501 laus
709 3444 815 3510 illi,
847 3446 1022 3500 decus
1054 3450 1227 3516 atque
1256 3445 1461 3510 virtus,

435 3531 542 3596 Qui
573 3549 752 3605 supra
782 3533 886 3589 celi
923 3533 1298 3606 residensque
1329 3536 1537 3590 throne

613 3621 827 3677 Trinus
857 3627 914 3677 et
944 3640 1117 3679 unus.
1150 3625 1355 3678 Amen.

363 3753 602 3794 munus
633 3754 829 3794 SANCTI
848 3755 1174 3807 JUVENALIS,
1200 3756 1539 3796 mamsnms
1570 3758 1818 3796 EPISCOPI
1841 3743 1938 3814 (5),

430 3934 722 3994 Clarescat
750 3939 922 3994 terris
952 3937 1249 3994 Juvenalis
1279 3935 1496 4010 gloria;

429 4025 696 4082 Celerem
728 4027 948 4083 sanctis
979 4025 1080 4098 qui
1111 4025 1331 4081 exultat
1361 4025 1607 4088 cetibus,

427 4114 684 4172 Sacratis
714 4117 884 4187 cujus
916 4116 1141 4171 meritis
1168 4115 1345 4169 Narni
1379 4114 1582 4170 civitas

606 4206 758 4260 Tuta
785 4205 1052 4277 refulget.

429 4293 674 4350 Protulit
702 4294 882 4350 istum
917 4294 1109 4349 Africa
1135 4293 1440 4354 divinitus,

425 4381 626 4437 Virum
661 4383 1005 4454 prudentem
1040 4383 1304 4437 moribus
1336 4381 1744 4447 mitissimum,

422 4470 721 4543 Scripture
751 4487 914 4526 sacre
939 4470 1220 4526 cultorem
1253 4470 1572 4542 egregium,

599 4561 789 4616 Mente
820 4559 1116 4616 decorum.

421 4647 626 4704 Divina
653 4653 849 4706 tamen
884 4649 1071 4705 noluit
1104 4648 1470 4704 Providentia

422 4737 688 4795 Fertilem
723 4755 851 4794 esse
881 4737 1047 4794 illum
1079 4738 1205 4794 sine
1237 4737 1526 4793 fructibus
1562 4754 1573 4792 :

419 4827 664 4885 Romam
697 4827 884 4900 coegit
913 4843 1223 4900 properare
1249 4826 1456 4882 celitus

595 4917 835 4991 Remige
859 4917 1104 4973 Christe.

415 5007 559 5064 Ecce
589 5011 857 5063 matrona
885 5005 1129 5079 pulchra
1159 5005 1560 5077 Philadelphia

413 5096 578 5152 Tunc
607 5095 908 5154 Juvenalis
940 5097 1061 5168 (sic)
1092 5094 1350 5167 suscepit
1381 5094 1658 5164 hospitio,

411 5184 596 5242 Anxia
625 5202 857 5259 semper
888 5187 1154 5251 fratrum,
1189 5183 1400 5239 Christi
1433 5183 1638 5255 gloria,

587 5275 808 5331 Nomen
839 5275 1192 5347 adimplens.

414 5363 524 5417 Hec
556 5367 620 5416 ut
649 5365 920 5436 cognovit
951 5364 1200 5436 hospitis
1229 5361 1621 5427 clementiam,

408 5449 737 5506 Summissa
767 5469 935 5523 prece
967 5469 1208 5507 romane
1242 5449 1502 5506 Pontilici

371 5583 446 5654 (4)
477 5582 689 5638 Textus
719 5590 1028 5656 corruptus

2000 409 2058 476 A

2194 408 2339 465 Eum
2373 409 2588 465 sacrari
2623 407 2882 482 postulat
2906 408 3248 482 episcopum
3290 412 3299 421 ’

2372 499 2549 554 Narni
2581 501 2906 555 ferendum.

2198 589 2420 644 Ibidem
2453 589 2893 660 nephanderum
2921 590 3092 645 idola.

2194 677 2474 734 Celebant
2503 680 2656 734 cives
2685 680 2844 735 Jevis
2873 696 2939 734 ac
2970 678 3263 744 Mercurii,

2195 767 2416 832 Martis,
2452 769 2710 835 Saturni,
2743 772 2798 825 et
2828 770 3101 836 Minerve,
3132 769 3361 838 Veneri,

2371 858 2618 914 Lumine
2647 859 2817 932 capti.

2194 947 2500 1018 Ingressus
2531 964 2783 1020 cumque
2813 947 3025 1004 Christi
3056 951 3215 1020 patet
3244 947 3519 1004 famulus.

2195 1036 2367 1092 Urbis
2397 1054 2588 1093 errore
2611 1038 2734 1109 jam
2769 1038 3004 1110 decepte
3033 1037 3219 1104 devio,

2195 1125 2426 1182 Clarum
2458 1127 2711 1182 ostendit
2734 1127 2995 1182 veritatis
3027 1127 3289 1199 pervium

2373 1217 2484 1270 lter
2503 1215 2762 1290 Olympi.

2194 1304 2409 1359 Stravit
2436 1305 2728 1362 culturam
2759 1306 3047 1362 idolorum
3075 1306 3373 1362 sordidam

2191 1394 2411 1449 Fractis
2440 1394 2678 1466 lapillis,
2712 1395 2926 1452 Christi
2951 1395 3124 1466 jussu
3153 1394 3358 1461 solide,

2192 1482 2419 1538 Abrahe
2452 1483 2668 1540 multos
2699 1484 2969 1540 excitavit
2996 1485 3166 1551 filios,

2370 1572 2478 1626 Ore
2509 1580 2774 1628 venuste.

2193 1659 2288 1728 Te,
2320 1661 2639 1718 Juvenalis.
2673 1666 2728 1718 te
2759 1663 3096 1719 summissis
3127 1663 3396 1736 precibus

2193 1748 2410 1804 Omnes
2441 1767 2697 1817 eramus,
2731 1756 2796 1806 ut
2826 1768 2928 1824 pro
2963 1751 3130 1808 nobis
3164 1751 3477 1808 Dominum

2194 1837 2491 1894 Christum
2524 1857 2745 1909 exores,
2772 1858 2886 1913 quo
2921 1859 3026 1898 nes
3056 1857 3260 1898 omnes
3291 1841 3499 1898 liberet

2372 1928 2554 1985 Morte
2586 1931 2861 1986 secunda.

2192 2015 2387 2073 Gloria
2420 2017 2572 2073 Patri
2607 2035 2944 2074 resenemus
2977 2036 3201 2086 omnes,
3229 2025 3338 2076 etc.

2193 2223 2380 2279 Verba
2410 2239 2544 2279 cum
2576 2223 2689 2279 vite
2719 2224 2944 2280 civibus
2969 2225 3339 2293 ditl‘underet,

2193 2312 2476 2368 Sacerdos
2507 2313 2801 2384 quendam
2834 2313 3150 2368 demenum
3175 2311 3493 2384 sacrilegus

2199 2401 2443 2456 Victima
2472 2406 2647 2473 gustu
2681 2403 2803 2472 (sic)
2835 2402 3102 2458 hortatus
3134 2407 3199 2457 ut
3227 2409 3483 2457 sumeret

2374 2491 2482 2546 Ore
2510 2490 2596 2545 vel
2628 2490 2754 2562 ipse
2788 2508 2800 2545 :

2197 2579 2360 2644 Quod
2392 2579 2713 2647 Juvenalis,
2749 2579 2943 2652 presul
2976 2579 3191 2634 Christi
3222 2579 3534 2643 maximus,

2197 2667 2499 2723 Constanti
2531 2669 2693 2724 vultu
2721 2673 2779 2723 et
2809 2674 3000 2724 mente
3033 2667 3351 2739 purissima

2201 2757 2412 2812 Renuit
2442 2757 2686 2828 nephas,
2723 2763 2784 2812 ut
2815 2757 3025 2813 Christi
3059 2755 3386 2828 discipulus

2377 2845 2559 2902 Valde
2590 2847 2813 2902 beatus.

2202 2934 2389 2991 Iratus
2417 2935 2551 2991 inde
2576 2937 2759 3006 judex
2788 2936 2910 3008 ipse
2943 2935 3168 2991 cencite

2199 3023 2484 3092 Cultrum,
2507 3025 2662 3096 quod
2694 3041 2899 3080 carnes
2929 3026 3106 3080 dabat
3136 3023 3456 3090 sacrificiis,

2202 3113 2485 3169 Dentibus
2515 3115 2734 3170 sanctis
2765 3114 2939 3169 audet
2969 3113 3129 3170 intus
3160 3129 3352 3170 serere

2374 3207 2507 3258 Arte
2539 3204 2866 3277 nephanda.

2203 3291 2399 3347 Divine
2434 3293 2640 3364 plenus
2669 3292 2970 3349 Juvenalis
2997 3292 3228 3364 spiritu.

2199 3383 2443 3453 lmpiam
2477 3383 2704 3439 nellens
2732 3383 3042 3454 degustare
3073 3381 3392 3447 victimam,

2198 3471 2432 3544 Corpori
2465 3472 2678 3527 Christi
2710 3489 2856 3544 pura
2887 3488 3126 3527 servans
3157 3470 3334 3532 labia,

2373 3562 2553 3618 Sorde
2584 3561 2893 3617 malorum.

2197 3649 2411 3705 Furere
2433 3651 2616 3721 judex
2646 3667 2928 3706 accensus
2959 3649 3296 3722 multiplici,

2195 3739 2450 3795 Presulis
2474 3756 2572 3795 ore
2600 3738 2811 3796 evulsit
2835 3755 2968 3794 cum
3001 3739 3288 3812 gladium,

2194 3830 2421 3898 Impetu
2452 3827 2578 3899 ipso
2609 3827 2722 3884 sibi
2756 3832 2921 3882 necat
2949 3831 3187 3900 gutture
3219 3827 3334 3899 (sic)

2366 3915 2616 3972 Vulnere
2645 3916 2869 3972 mortis.

2190 4005 2410 4060 Civium
2444 4022 2656 4076 magno
2687 4005 2804 4076 (sic)
2837 4021 2972 4076 pars
3003 4003 3122 4059 vise
3155 4004 3435 4062 miraculo

2192 4094 2356 4149 Unda
2386 4095 2650 4166 peposcit
2676 4093 2886 4149 Christi
2918 4098 3056 4149 tunc
3083 4094 3455 4165 baptismatis

2191 4184 2410 4246 Lavari,
2446 4183 2628 4239 sancti
2663 4200 2727 4238 ac
2759 4182 2924 4255 sequi
2956 4182 3210 4254 episcopi

2363 4271 2392 4326 ,Ι
2404 4289 2540 4327 ussa
2567 4271 2740 4328 beati.

2190 4360 2322 4416 Istis
2355 4362 2598 4433 receptis
2629 4359 2796 4416 evilis
2826 4362 2941 4430 (sic)
2975 4360 3304 4428 dominicis,

2188 4450 2456 4522 Martyris
2486 4467 2646 4505 aram
2677 4449 2965 4506 Valentini
3001 4450 3224 4514 adiens,

2182 4540 2387 4595 Sacras
2416 4545 2479 4594 ut
2507 4539 2586 4594 ibi
2621 4538 2955 4594 immolaret
2981 4538 3203 4594 hostias

2361 4627 2813 4701 Omnipotentis,

2179 4717 2425 4773 Calicem
2456 4717 2584 4787 ejus
2615 4714 3069 4784 christallinum,
3104 4715 3454 4789 sanguinem
3476 4717 3597 4790 (sic)

2180 4805 2444 4870 Plenum,
2470 4805 2611 4859 dum
2643 4805 2868 4860 cunctis
2900 4805 3230 4878 porrigebat
3261 4805 3516 4879 populis,

2179 4897 2355 4950 Sacra
2383 4897 2688 4954 creverunt
2717 4894 2990 4949 decenter
3019 4892 3298 4949 libamina

2353 4982 2568 5037 Celitus
2601 4988 2792 5038 aucta.

2176 5074 2254 5128 Te
2283 5072 2600 5136 Juvenalis,
2637 5078 2744 5127 etc.

2173 5163 2366 5218 Gloria
2394 5161 2571 5228 Patri,
2595 5166 2706 5218 etc.

2843 5270 2935 5326 III.

2168 5358 2382 5415 Christi
2413 5358 2627 5414 athlete
2659 5362 2722 5414 ut
2751 5359 2946 5414 ederet
2976 5358 3322 5424 certamina,

2169 5447 2482 5503 Obsidione
2512 5448 2820 5504 tenebatur
2850 5447 3054 5503 civitas

2128 5583 2206 5654 (5)
2238 5579 2381 5636 Vide
2414 5580 2676 5638 Belland.
2714 5581 2784 5637 ad
2818 5582 2971 5637 diem
3005 5599 3060 5636 IV
3091 5580 3247 5637 Maii.

3610 273 3739 340 820
