3982 6172
240 291 356 355 821
1070 309 1073 313 ·
1498 298 1751 366 HYMNl
1797 300 2399 369 ECCLESIASTICI’.

354 425 643 502 Tempore
673 425 861 487 multo
886 444 992 487 nec
1023 427 1254 490 valebat
1281 432 1404 506 erip
1922 440 1978 507 Α
2114 437 2310 514 Signis
2338 438 2893 500 excelsisJuvenalis
2924 440 3153 510 claruit,

535 522 707 576 Peste
736 524 985 593 recepta.
2117 529 2590 603 Cunctipotentis
2625 531 2809 589 fuisse
2840 532 3189 606 discipulus.

346 605 622 664 Precibus
652 607 1033 665 Christotunc
1056 609 1286 682 magnis
1306 628 1439 667 cum
1483 611 1757 686 lacrymis
2114 618 2318 675 Gladio
2349 637 2456 676 suo
2478 621 2579 694 qui
2612 620 2848 678 Saulem
2882 605 3123 695 superat

348 696 634 754 Presiulis
655 696 827 753 miris
848 697 1149 755 Juvenalis
1171 699 1433 769 maximi,
2289 708 2459 766 Dedit
2489 714 2770 766 am'orem.

344 784 587 842 Glutivit
621 789 779 842 terra
806 785 1078 844 inimicos
1107 786 1321 843 civium
2110 797 2467 871 Sanguinem
2491 800 2607 871 (sic)
2638 799 2852 855 Christi
2876 806 3115 858 exaucto
3149 801 3207 856 in
3239 801 3504 873 calicem,

524 875 634 931 Ore
657 876 900 948 patenti.

2108 886 2309 959 Ipsum
2340 891 2639 943 auctorem
2683 888 3006 945 famulatur
3032 889 3321 961 omnium,

341 961 540 1020 Victor
566 968 632 1020 ut
661 964 822 1020 auxit
854 966 1003 1033 [exit]
1039 966 1429 1038 superborum
1461 966 1745 1035 hostium,
2106 975 2335 1031 Turbae
2365 974 2465 1047 qui
2488 976 2945 1048 pavitplurimas
2967 978 3025 1033 in
3049 978 3286 1035 heremo

346 1052 571 1109 Civium
605 1054 778 1110 turba
807 1070 842 1109 a
870 1070 1044 1128 parvo
1076 1072 1143 1111 ac
1172 1055 1448 1123 maximo,
2284 1064 2435 1120 Pane
2464 1063 2699 1137 pusillo.

341 1141 555 1199 Christi
586 1148 785 1200 secuta
813 1144 1110 1216 presulem
1141 1143 1470 1202 mirabilem
2102 1152 2392 1208 Faucibus
2416 1153 2629 1225 amplis
2662 1158 2815 1211 terra
2845 1155 3043 1212 hostes
3077 1158 3325 1226 sorbuit,

518 1231 695 1305 Signa
724 1232 1027 1290 ferentem.
2099 1240 2326 1297 Dathan
2360 1245 2424 1296 ut
2452 1240 2591 1299 olim
2618 1243 2833 1300 Abiron
2866 1248 2931 1300 ut
2959 1244 3211 1318 legimus

344 1320 438 1377 Sic
469 1338 622 1378 unus
648 1321 837 1378 hostis
856 1322 1243 1395 interemptus
1264 1321 1458 1395 gladio
2100 1330 2346 1386 Domino
2376 1346 2606 1403 semper
2636 1332 2816 1389 fuisse
2868 1334 3147 1390 obnoxios

343 1410 579 1483 PrOprio
612 1410 752 1478 ruit,
786 1416 849 1467 ut
872 1409 1044 1467 multi
1071 1412 1420 1484 baptismate
2276 1419 2434 1475 More
2466 1422 2752 1493 superbos

338 1503 583 1573 Surgere
606 1504 883 1572 possent:
919 1501 1002 1557 sic
1034 1502 1402 1575 consumptis
1424 1502 1702 1560 omnibus
2094 1507 2351 1565 Turbine
2380 1509 2559 1579 venti,
2588 1510 2927 1584 procellosis
2954 1512 3213 1569 nubibus

519 1589 729 1646 Omnia
760 1595 1032 1663 surgunt.
1832 1642 1837 1647 .
2095 1596 2305 1665 Nauta,
2328 1599 2483 1671 quod
2511 1617 2678 1673 prece
2697 1600 2997 1657 Juvenalis
3036 1601 3248 1658 liberat
3275 1606 3421 1675 (sic),

337 1677 451 1734 Nec
483 1677 607 1735 suis
628 1682 859 1735 tantum
891 1679 1202 1737 subvenire
1225 1681 1451 1737 studuit
2096 1685 2444 1760 Magistrum
2476 1706 2749 1762 sequens,
2785 1690 2883 1762 qui
2918 1689 3156 1747 clientes
3187 1692 3340 1748 eruit

337 1766 483 1823 Ovili
505 1768 622 1840 (sic)
647 1772 865 1841 pastor,
899 1769 999 1825 sed
1050 1770 1247 1827 nautis
1292 1768 1351 1826 in
1383 1768 1591 1843 pelago
1908 1815 1958 1881 Β
2275 1774 2439 1832 Peste
2462 1777 2708 1833 marina.

337 1856 643 1881 n-.-.._-_:-
690 1861 855 1881 __-_._
886 1863 934 1881 ,ι
972 1857 1240 1881 ,μηιιιΔ
1276 1859 1548 1881 _-_=__:_
2094 1863 2163 1881 m,
2210 1863 2233 1881 τ
2428 1863 2464 1881 ι·
2599 1870 2608 1881 .

332 1856 666 1931 Naufragis,
690 1861 860 1913 vento
882 1863 938 1914 et
970 1857 1242 1931 procellis
1276 1859 1552 1917 maximis
1908 1856 1958 1881 υ
2094 1863 2174 1919 Te
2201 1863 2524 1933 Juvenalie,
2560 1870 2670 1923 etc.

510 1947 692 2003 Morte
724 1947 1089 2021 propinquis.
1670 1940 1677 1947 ’
2091 1951 2286 2008 Gloria
2313 1952 2493 2022 Patri,
2526 1958 2635 2011 etc.

333 2097 569 2139 aramus
601 2098 799 2138 SANCTI
829 2098 1216 2138 APOLLINARIS.
1392 2083 1754 2141 Seminecem
1785 2084 2117 2157 expositum
2143 2086 2285 2155 (sic).
2579 2087 2797 2161 Martyr
2825 2087 3053 2145 refulsit
3084 2088 3335 2163 inclytus

301 2172 473 2228 Festa
501 2176 729 2228 sacrata
756 2169 1009 2245 presulis
1474 2173 1775 2246 Extemplo
1808 2173 2213 2247 Boniphatius,
2575 2177 2620 2231 A
2652 2177 2791 2232 flore
2822 2176 3071 2249 pueritie

224 2258 582 2332 Apollinaris
603 2261 894 2334 martyris,
1400 2262 1553 2320 Civis
1585 2261 1803 2321 Classis
1825 2262 2138 2318 obmutuit.
2568 2264 2779 2322 Justus
2809 2266 3044 2322 nomine
3075 2270 3133 2323 et
3153 2284 3347 2340 opere.

224 2346 376 2403 Anni
409 2365 641 2404 recursu
675 2349 884 2415 orbita,
1399 2350 1591 2406 lndita
1618 2351 1797 2408 verba
1825 2350 1997 2407 labiis
2642 2352 2975 2425 Magnatius
3004 2358 3141 2410 tunc
3162 2354 3381 2427 impius

224 2436 531 2493 Celebrare
553 2438 875 2509 jucundum
909 2442 1016 2494 est.
1398 2439 1695 2511 Loquendi
1730 2455 1907 2495 usum
1939 2439 2171 2496 meruit.
2572 2443 2808 2497 Famam
2840 2442 3050 2500 salutis
3081 2444 3346 2513 audiens,

293 2530 336 2583 A
368 2527 533 2584 Petro
564 2528 785 2583 missus
825 2528 1104 2600 principe,
1467 2531 1622 2585 Inter
1649 2529 1854 2585 eadem
1879 2528 2101 2584 famina
2564 2532 2731 2587 Tetro
2763 2532 3004 2588 retrusit
3031 2548 3261 2589 carcere

221 2618 558 2673 Ravennam
594 2617 796 2673 urbem
832 2616 979 2671 adiit
1010 2633 1023 2670 :
1388 2618 1644 2673 Perrexit
1672 2618 1743 2673 ad
1779 2615 2048 2673 Emiliam
2074 2634 2088 2684 ;
2554 2620 2754 2675 Nervis
2780 2620 3045 2677 attritum
3068 2626 3404 2691 martyrem.

217 2708 418 2763 Virtus
448 2706 683 2779 quidem
717 2704 1027 2779 prenuntia
1384 2706 1580 2778 Signis
1611 2707 1828 2762 ditatus
1858 2705 2118 2778 optimis,
2622 2709 2851 2765 Sistens
2898 2709 3120 2767 athleta
3156 2711 3403 2778 fortiter,
3478 2747 3484 2755 -

220 2798 369 2853 Ante
397 2796 726 2869 ingressum
752 2793 961 2867 patuit.
1394 2794 1656 2851 Salutem
1686 2795 1843 2867 egris
1872 2795 2145 2852 reddidit.
2561 2796 2752 2854 Minas
2780 2798 3010 2871 tyranni
3044 2805 3349 2871 respuens,

290 2886 420 2941 Jam
454 2884 684 2940 Hirenei
711 2883 849 2949 filio,
1461 2884 1590 2938 Ruﬁ
1622 2884 1845 2939 donum
1875 2885 1997 2957 (sic)
2036 2884 2265 2957 patricii
2551 2886 2738 2943 Almis
2769 2888 3013 2943 canebat
3038 2888 3280 2943 vocibus

213 2975 448 3031 Dudum
481 2974 684 3030 orbato
710 2971 952 3037 lumine,
1186 3034 1199 3044 η
1390 2972 1528 3028 Filia
1558 2973 1759 3027 morbo
1790 2972 2088 3045 languida,
2557 2976 2762 3031 Grates
2791 2976 3031 3048 perenni
3054 2975 3262 3047 judici.

213 3063 443 3120 Nubem
465 3078 844 3135 squamosum
867 3061 1167 3133 detegens,
1390 3062 1569 3117 Morte
1599 3067 1873 3133 preventa
1903 3063 2098 3118 subita
2633 3063 2870 3119 Mutans
2900 3064 3061 3119 dedit
3090 3064 3442 3120 sententiam

210 3154 379 3209 Clara
407 3151 635 3208 refulsit
676 3150 843 3205 visio.
1384 3150 1610 3204 Pestem
1642 3149 1895 3205 excludit
1914 3149 2190 3206 luridam.
2553 3153 2804 3207 Demens
2834 3153 3046 3208 dehinc
3082 3153 3438 3226 Magnatius,

278 3239 472 3307 Tecla,
507 3242 777 3295 matrona
806 3237 1041 3301 nobilis,
1454 3236 1570 3293 Deo
1603 3237 1757 3293 Patri
1788 3238 1865 3294 sit
1883 3238 2087 3312 gloria.
2556 3240 2773 3297 Ridens
2795 3240 2979 3312 jussit
3010 3242 3120 3297 sub
3153 3242 3409 3314 pondere

206 3331 433 3402 Conjux
457 3326 677 3385 tribuni
709 3325 934 3389 militis,
1392 3342 1630 3381 uvmxus
1661 3343 1857 3382 SANC'l‘I
1883 3344 2043 3383 JUSTI
2091 3346 2376 3384 mann'ms
2407 3330 2481 3399 (6)
2557 3328 2715 3384 Colla
2746 3334 2975 3385 sacrata
3014 3345 3298 3402 premere.

206 3420 319 3475 Per
346 3434 533 3475 annos
564 3433 740 3473 curva
768 3414 1075 3488 plurimos,
1452 3415 1633 3470 Adest
1660 3431 1828 3470 sacra
1852 3415 2154 3482 festivitas,
2621 3417 2768 3472 Nam
2800 3416 2953 3473 lineo
2986 3416 3320 3477 subtemine

200 3509 454 3566 Gressus
486 3505 808 3578 resumpsit
836 3504 1137 3576 pristinos.
1380 3503 1441 3558 ln
1474 3520 1593 3574 qua
1620 3503 1759 3559 tulit
1788 3504 2135 3561 discrimina
2546 3506 2744 3562 Massa
2774 3507 3099 3562 revinctum
3130 3506 3409 3579 plumbea

271 3599 391 3654 Nec
422 3594 593 3653 Tecle
624 3595 724 3650 diu
756 3594 945 3667 gratia
1372 3593 1581 3648 Justus
1612 3609 1868 3664 namque
1892 3594 2148 3659 celicola,
2174 3585 2203 3607 ⁸
2552 3594 2873 3651 Restrinxit
2893 3594 3082 3651 almos
3100 3596 3402 3663 humeros,

202 3688 519 3761 Signorum
555 3686 711 3740 fama
737 3683 928 3739 latuit.
1380 3682 1621 3753 Propter
1652 3698 1909 3754 superna
1948 3682 2189 3754 premia.
2557 3683 2757 3740 Mersit
2787 3684 3076 3757 profundo
3121 3684 3405 3741 ﬂuminis.

203 3777 413 3833 Fertur
434 3774 506 3830 ad
540 3790 711 3829 aures
742 3771 973 3845 tyranni
1457 3770 1735 3827 Fervebat
1756 3770 1932 3827 ultrix
1961 3774 2183 3828 sanctio
2626 3775 2805 3846 Cujus
2836 3791 3069 3831 sacrum
3092 3775 3510 3846 corpusculum

201 3864 509 3923 Saturnini
535 3867 672 3918 tunc
694 3860 912 3933 judicis
937 3879 950 3927 ;
1377 3858 1886 3931 Nequissimorum
1919 3860 2274 3934 principum,
2554 3864 2750 3933 Equor
2779 3862 3034 3919 reddidit
3054 3861 3263 3917 littori:

271 3954 422 4010 Seva
449 3953 621 4023 cujus
661 3949 949 4021 rapacitas
1382 3948 1580 4003 Multis
1610 3948 1839 4004 sacellis
1870 3949 2137 4005 sordidas
2553 3950 2935 4007 Sebastianus
2966 3951 3270 4024 presbyter

199 4042 487 4098 Grassata
518 4040 672 4095 circa
701 4043 1039 4110 martyrem,
1379 4039 1602 4108 Cogens
1632 4053 1891 4093 cremare
1921 4038 2185 4094 victimas
2558 4039 2718 4094 Istud
2751 4037 3062 4110 sepulchro
3095 4036 3356 4094 tradidit.

198 4129 363 4187 Telis
394 4129 700 4202 profusum
733 4126 1008 4200 gravibus
1451 4126 1806 4199 Pregestinis
1838 4126 1893 4181 in
1928 4127 2143 4183 ﬁnibus
2625 4127 2821 4182 Gloria
2849 4127 3025 4196 Patri,
3058 4130 3169 4183 etc.

494 4277 734 4317 aramus
768 4277 966 4316 sum
995 4275 1331 4315 CLEMENTIS.
1891 4262 1934 4328 C
2082 4261 2165 4316 lbi
2199 4262 2419 4334 peregit
2440 4260 2671 4334 insigne
2711 4260 3085 4317 miraculum.

349 4350 667 4407 Clementis
702 4349 916 4405 festum
949 4347 1279 4404 celebratur
1309 4347 1502 4415 hodie,
2148 4352 2447 4422 Aquarum
2481 4367 2659 4406 venas
2690 4368 2757 4406 ex
2798 4351 3011 4423 abysso
3043 4350 3264 4413 eduxit,

317 4440 521 4496 Venite
572 4438 770 4512 plebes
819 4442 874 4493 et
921 4436 1126 4493 mirate
1153 4436 1499 4508 principem,
2077 4440 2145 4494 Et
2175 4440 2403 4495 satiavit
2432 4440 2698 4496 sitientes
2723 4440 2965 4507 incolas,

312 4527 620 4585 Adseclam
647 4527 795 4584 Petri
818 4525 1041 4583 domini
1074 4524 1320 4598 apostoli
2078 4528 2183 4594 Qui
2207 4545 2308 4599 per
2333 4529 2568 4585 metalla
2598 4529 2943 4586 excidebant
2985 4545 3298 4595 marmora,

316 4621 573 4674 Romane
604 4616 759 4672 sedis
792 4615 974 4671 totius
1001 4613 1345 4683 antistitem,
1699 4603 1705 4609 ’
2079 4617 2185 4671 Pro
2214 4617 2427 4674 Christi
2462 4619 2694 4673 nomine
2726 4623 3025 4690 portantes
3057 4617 3367 4690 supplicia.

316 4710 499 4773 Quem
532 4705 641 4762 sibi
668 4705 932 4761 Christus
953 4704 1313 4760 consecravit
1344 4705 1678 4773 martyrem.
2147 4705 2230 4759 Ob
2264 4705 2374 4761 hoc
2396 4712 2691 4763 crescente
2724 4706 2919 4762 emula
2950 4706 3194 4771 invidia,

356 4796 453 4850 Hic
486 4794 804 4849 habitando
838 4793 895 4847 in
922 4793 1065 4848 urbe
1087 4791 1369 4848 Romulea
2075 4792 2368 4847 Profundo
2400 4795 2581 4849 maris
2633 4795 2915 4861 mergitur
2944 4798 3083 4850 cum
3125 4793 3400 4859 anchora,

315 4882 735 4939 Annuntiando
766 4881 969 4937 Jesum
1003 4881 1300 4938 Christum
1334 4879 1643 4936 Dominum
1932 4952 1941 4958 ι
2081 4880 2158 4935 lbi
2193 4880 2435 4935 limatur
2466 4881 2776 4953 sepulcrali
2801 4898 3049 4937 camera.

316 4971 677 5028 Illuminavit
696 4971 1005 5027 Theodore
1034 4974 1092 5027 et
1111 4970 1458 5041 Sisinnium,
2081 4972 2242 5026 Hunc
2275 4970 2345 5025 ad
2380 4976 2675 5044 receptum
2709 4975 2865 5025 astat
2887 4988 3041 5026 nunc
3068 4968 3334 5026 ecclesia.

316 5060 468 5116 Dum
486 5059 678 5115 visum
702 5061 936 5115 Petrum
957 5059 1016 5114 in
1038 5076 1244 5133 sopore
1268 5059 1570 5132 prospicit.
2083 5060 2163 5114 Ibi
2199 5058 2398 5114 fideles
2428 5063 2762 5132 congruunt
2793 5075 2896 5131 per
2925 5058 3127 5114 secula

316 5148 527 5222 Sicque
556 5149 855 5206 Clemente
885 5148 1214 5221 baptizatus
1235 5147 1499 5204 credidit.
1777 5140 1783 5145 ’
2143 5148 2250 5213 Qui
2282 5163 2491 5203 cursus
2523 5148 2639 5221 (sic)
2661 5148 2801 5203 anni
2820 5151 3010 5205 tectus
3040 5164 3194 5220 aqua
3211 5145 3426 5214 valida,

351 5237 456 5293 Hic
486 5239 842 5311 predicando
873 5237 1083 5295 Christi
1110 5236 1499 5309 evangelium,
1572 5234 1583 5245 '
2073 5236 2203 5293 Alto
2235 5236 2294 5291 in
2338 5235 2485 5291 mari
2521 5237 2703 5309 mergi
2738 5238 2931 5293 nudos
2965 5237 3192 5310 flagitat

313 5328 551 5399 Trajani
575 5328 753 5399 jussu
785 5328 998 5385 ductus
1019 5327 1089 5383 ad
1122 5325 1359 5383 exilium
2071 5328 2252 5398 Cujus
2300 5342 2608 5382 recurrens
2640 5344 2836 5382 annua
2874 5326 3181 5393 festivitas,

317 5417 504 5473 Trans
537 5417 784 5473 Pontum
817 5433 977 5474 mare
1001 5416 1063 5473 in
1094 5418 1431 5489 preruptam
1454 5414 1781 5484 heremum,
2073 5416 2369 5473 Recedens
2396 5431 2558 5472 mare
2578 5415 2649 5472 ad
2671 5416 2783 5471 tria
2816 5415 3018 5485 millia,

286 5596 364 5665 (6)
388 5595 533 5652 Vide
564 5594 1040 5670 Martyrologium
1073 5595 1405 5651 Romanum
1428 5592 1659 5650 Baronii
1688 5595 1760 5651 ad
1793 5596 1851 5652 d.
1886 5610 1927 5653 ιι
1952 5596 2096 5652 Nov.

3531 307 3661 381 853
