3982 6162
114 340 241 405 83"!

1314 340 2043 417 SACRAMENTARIUM
2092 340 2367 415 VETUS.

3411 350 3530 423 838

114 476 336 534 bilium
367 496 563 538 amore
612 480 931 555 rapiamur.
994 484 1063 539 Et
1094 483 1222 561 ideo
1272 500 1405 540 cum
1458 486 1681 560 angelis
1717 494 1771 540 et
1803 491 1852 553 Α
1884 485 2053 540 stella
2084 486 2230 541 duce
2260 487 2550 557 revelasti,
2575 490 2826 546 concede
2845 490 3154 565 prapitius,
3192 497 3256 549 ut
3288 493 3528 567 quijarn

117 566 514 643 arclnangelis,
538 570 982 628 cumthroniset
996 572 1774 648 dominationibus,cumque

119 656 290 712 omni
322 655 1101 719 militiacmlestisexercitus
1129 661 1417 736 hymnum
1447 663 1644 738 gloriae
1662 668 1774 720 tua:

118 745 397 803 canimus
425 746 554 805 sine
581 749 696 806 ﬁne
724 750 990 807 dicentes
1014 769 1028 807 :

194 836 354 907 Infra
373 839 659 894 actionem.
709 840 1244 907 Communicantes,
1291 845 1349 897 et
1388 841 1544 899 diem
1576 859 1777 899 sacra-

119 922 425 981 tissimum
456 925 981 1001 celebrantes,quae
996 929 1178 986 beata:
1209 930 1401 986 Maria:
1434 930 1779 987 intemerata

118 1012 431 1086 virginitas
461 1015 599 1072 huic
628 1017 1437 1086 mundoediditSalvatorem,
1459 1020 1560 1075 sed
1584 1022 1778 1076 etme-

120 1102 377 1160 moriam
405 1092 747 1163 venerantes
778 1107 1040 1178 ejusdem
1068 1107 1332 1182 gloriosae
1365 1125 1596 1182 semper
1609 1108 1780 1183 virgi-

122 1190 221 1247 nis
242 1191 436 1248 Maria:
464 1194 766 1267 genitricis
788 1195 888 1252 Dei
919 1201 976 1252 et
1003 1196 1235 1253 Domini
1251 1197 1433 1254 nostri
1462 1198 1601 1255 Jesu
1620 1197 1781 1254 Chri-

122 1280 227 1349 sti,
262 1281 362 1338 sed
394 1285 451 1338 et
477 1282 806 1341 beatorum.

200 1369 656 1428 Pastcammunia.
710 1372 947 1442 Praesta,
997 1391 1358 1448 quaesumus,
1409 1375 1779 1450 omnipotens

122 1457 306 1529 Deus,
337 1463 402 1516 ut
431 1464 605 1517 natus
634 1461 806 1519 hodie
837 1462 1102 1520 Salvator
1129 1464 1361 1533 mundi,
1392 1464 1543 1521 sicut
1573 1466 1779 1521 divinae

122 1548 300 1605 nobis
357 1551 749 1623 generationis
791 1557 882 1609 est
929 1557 1150 1621 auctor,
1186 1553 1271 1609 ita
1322 1553 1779 1611 immortalitatis

123 1638 205 1693 sit
234 1637 362 1712 ipse
388 1639 649 1714 largitor.
685 1641 792 1709 Qui
826 1646 1019 1699 tecum
1052 1643 1207 1700 vivit.

416 1746 475 1785 IN
514 1747 670 1787 FEST.
713 1747 911 1788 SANCTI
952 1748 1229 1789 STEPHANI
1271 1748 1501 1788 ιενιτλε.

202 1819 287 1872 Da
314 1817 503 1922 nobis,
537 1835 897 1922 quaesumus,
932 1820 1427 1922 Domine,‘i‘mitari
1461 1822 1615 1922 quod
1641 1821 1780 1878 coli-
1814 1857 1861 1922 Β

127 1921 287 1975 mus,
319 1911 385 1962 ut
423 1906 721 1965 discamus
768 1916 825 1966 et
853 1909 1127 1966 inimicos
1175 1909 1433 1984 diligere,
1485 1910 1623 1983 quia
1652 1912 1780 1984 ejus

128 1994 399 2052 natalitia
423 1994 808 2066 celebramus,
843 1999 940 2072 qui
960 2000 1119 2055 novit
1148 1999 1322 2057 etiam
1338 2016 1442 2073 pro
1455 2004 1782 2072 persecuto-

129 2082 299 2141 ribus
327 2101 584 2143 exorare.
617 2084 723 2143 Per
750 2087 1088 2144 Dominum.

204 2173 438 2231 Secreta.
470 2175 732 2250 Suscipe,
782 2176 1049 2242 Domine,
1100 2194 1345 2233 numera
1394 2195 1495 2250 pro
1542 2182 1778 2233 tuorum

126 2258 1075 2334 commemoratione'sanctorum,
1122 2270 1186 2321 ut
1219 2267 1371 2340 quod
1421 2266 1554 2323 illos
1586 2267 1781 2340 passio

123 2349 438 2424 gloriosos,
469 2369 576 2409 nos
608 2354 832 2410 devotio
860 2354 1386 2412 reddatinnocuos.
1419 2356 1547 2412 Per.

203 2441 549 2497 Communia.
582 2441 952 2500 Auxilientur
982 2443 1172 2509 nobis,
1223 2444 1490 2514 Domine,
1544 2449 1783 2518 sumpta

124 2529 426 2603 mysteria,
463 2535 521 2587 et
550 2530 943 2588 intercedente
973 2533 1142 2589 beato
1187 2533 1481 2606 Stephano
1532 2538 1783 2606 martyre

125 2623 233 2675 tuo
265 2620 625 2691 sempiterna
657 2620 1011 2693 protectione
1041 2622 1406 2679 conﬁrment.
1440 2622 1565 2678 Per.

348 2725 408 2763 IN
447 2725 598 2765 ηδτ.
641 2725 839 2766 ΒΑΝΟἸἾ
877 2727 1114 2766 ,ιοΑΝΝιε
1154 2728 1564 2769 EVANGELISTE.

207 2795 526 2854 Ecclesium
557 2801 742 2864 tuam,
794 2798 1059 2865 Domine,
1094 2799 1385 2872 benignus
1434 2798 1687 2866 illustre,
1721 2804 1785 2855 ut

134 2885 290 2941 beati
320 2885 566 2943 Joannis
606 2886 971 2961 evangelista
1016 2886 1349 2945 illuminata
1396 2888 1679 2946 doctrinis
1711 2890 1783 2946 ad

136 2974 295 3031 dona
322 2975 621 3048 perveniat
651 2977 1025 3048 sempiterna.
1060 2977 1185 3033 Per.

206 3062 440 3120 Secreta.
472 3064 716 3137 Suscipe
748 3081 1012 3138 munera,
1064 3065 1327 3131 Domine,
1380 3084 1508 3139 qua:
1558 3066 1615 3122 in
1657 3067 1785 3139 ejus

128 3150 503 3209 solemnitate
530 3152 635 3208 tibi
662 3152 1004 3220 deferimus,
1055 3156 1225 3226 cujus
1274 3170 1380 3210 nos
1429 3155 1782 3213 confidimus

128 3240 454 3313 patrocinio
485 3238 745 3298 liberari.
778 3242 904 3298 Pcr.
1411 3316 1417 3322 .

163 3331 548 3387 'Oammunia.
582 3329 797 3387 Refecti
847 3330 977 3387 cibo
1030 3336 1288 3405 potuque
1340 3332 1580 3399 caelesti,
1628 3332 1784 3390 Deus

127 3422 351 3494 noster,
384 3423 442 3474 te
472 3417 767 3492 supplices
788 3420 1192 3492 deprecamur,
1250 3426 1317 3477 ut
1369 3421 1426 3476 in
1460 3422 1630 3492 cujus
1662 3422 1784 3478 haec

127 3508 688 3563 commemoratione
718 3508 1106 3581 percepimus,
1147 3510 1276 3581 ejus
1331 3509 1690 3591 muniamur,
1728 3516 1784 3568 et

127 3594 427 3668 precibus.
459 3594 586 3653 Per.

668 3702 727 3741 IN
767 3703 978 3742 OCTAVA
1020 3703 1247 3742 DOMINI.

200 3772 378 3843 Deus,
412 3773 511 3846 qui
544 3773 715 3830 nobis
768 3774 886 3829 nati
930 3774 1247 3832 Salvatoris
1304 3776 1458 3831 diem
1492 3776 1782 3834 celebrare

127 3860 403 3917 concedis
433 3865 722 3931 octavum,
741 3862 828 3918 fac
846 3879 972 3931 nos,
994 3879 1334 3935 quaesumus
1363 3866 1492 3936 ejus
1506 3870 1784 3938 perpetua

124 3948 435 4007 divinitate
464 3951 702 4020 muniri,
738 3952 909 4024 cujus
939 3969 1148 4010 sumus
1179 3952 1397 4011 carnali
1429 3955 1781 4012 commercio

126 4039 409 4111 reparati.
445 4040 569 4096 Per.

196 4127 435 4186 Secreta.
467 4126 705 4197 Prx‘sta,
738 4146 1101 4202 quaesumus,
1135 4130 1398 4199 Domine,
1433 4136 1497 4187 ut
1525 4148 1630 4206 per
1656 4132 1780 4189 haec

123 4232 397 4284 munera,
429 4232 557 4289 quas
592 4217 826 4274 Domini
860 4218 1045 4274 nostri
1095 4219 1234 4276 Jesu
1284 4219 1499 4276 Christi
1558 4238 1779 4278 arcanae

124 4303 453 4361 nativitatis
511 4306 789 4380 mysterio
846 4307 1127 4379 gerimus,
1188 4308 1506 4380 puriﬁcatae
1564 4310 1780 4367 mentis

121 4392 578 4466 intelligentiam
609 4412 1062 4468 consequamur.
1098 4396 1226 4451 Per.

198 4481 543 4539 Communia.
618 4483 852 4547 Praesta.
932 4501 1295 4557 quaesumus,
1373 4485 1636 4553 Domine,
1714 4495 1781 4545 ut

1882 578 1939 629 te
1970 591 2039 630 ex
2070 575 2181 631 ﬁde
2220 576 2622 650 cognovimus,
2675 596 2862 652 usque
2893 581 2965 636 ad
3018 581 3529 656 contemplandam

1885 664 2137 736 speciem
2170 668 2283 720 tua:
2315 666 2681 723 celsitudinis
2710 669 3116 740 perducamur.
3152 672 3278 728 Per.

1956 752 2188 809 Secreta.
2221 753 2484 811 Ecclesia:
2517 759 2652 823 tuae,
2711 758 3052 828 quaesimus,
3102 759 3350 817 Domine
3379 762 3534 819 dona

1884 841 2174 914 propitius
2204 842 2449 910 intuere,
2486 845 2703 917 quibus
2725 846 2848 915 jam
2883 862 2997 900 non
3031 863 3262 913 aurum,
3305 849 3445 907 thus
3476 855 3535 907 et

1885 930 2124 1002 myrrha
2155 932 2465 1003 profertur,
2499 934 2597 989 sed
2633 934 2784 1006 quod
2816 935 3035 989 eisdem
3069 936 3411 995 muneribus
3433 939 3532 995 de-

1886 1019 2161 1087 claratur,
2196 1019 2539 1077 immolatur
2565 1026 2622 1078 et
2651 1023 2926 1079 sumitur.
2960 1023 3084 1081 Per.

1955 1109 2239 1179 Praefatio.
2269 1113 2296 1175 ’r
2329 1110 2560 1167 )Eterne
2609 1116 2776 1179 Deus,
2825 1111 2964 1185 quia
3012 1130 3146 1170 cum
3194 1114 3533 1189 unigenitus

1888 1195 2070 1253 Filius
2098 1202 2237 1253 tuus
2270 1197 2328 1254 in
2361 1200 2692 1256 substantia
2716 1207 2926 1258 nostra:
2959 1202 3332 1261 mortalitatis
3363 1222 3535 1279 appa-

1888 1285 2024 1352 ruit,
2062 1302 2206 1343 nova
2238 1304 2343 1345 nos
2374 1286 2836 1346 immortalitatis
2878 1308 2997 1346 sua:
3045 1290 3175 1349 luce
3222 1295 3530 1367 reparavit.

1888 1375 1956 1431 Et
1983 1373 2136 1431 ideo.

1959 1465 2113 1535 Infra
2143 1466 2432 1521 actionem.
2482 1465 2995 1524 Communicantcs
3038 1472 3096 1525 et
3134 1469 3287 1527 diem
3340 1488 3533 1529 sacra-

1886 1552 2186 1608 tissimum
2218 1553 2595 1622 celebrantes,
2631 1572 2747 1627 quo
2780 1556 3127 1630 Unigenitus
3174 1563 3313 1616 tuus
3345 1560 3401 1616 in
3433 1566 3536 1618 tua

1887 1644 2081 1697 tecum
2135 1641 2320 1714 gloria
2377 1649 2719 1709 coaeternus,
2783 1647 2837 1700 in
2889 1647 3130 1703 veritate
3180 1650 3374 1707 carnis
3428 1667 3534 1706 no-

1890 1733 2022 1784 stre:
2052 1728 2360 1787 visibilitcr
2412 1732 2730 1805 corporalis
2777 1735 3067 1806 apparuit,
3100 1737 3199 1791 sed
3230 1742 3287 1793 et
3318 1755 3536 1795 memo-

1889 1817 2061 1883 riam,
2095 1823 2204 1875 etc.

1963 1906 2302 1964 Communia.
2337 1909 2570 1977 Praesta,
2598 1928 2955 1981 qumsnmus,
2981 1912 3226 1971 Domine
3256 1915 3411 1972 Deus
3434 1934 3538 1973 no-

1889 1999 2027 2057 ster,
2052 2000 2117 2051 ut
2136 2012 2263 2068 quae
2293 1996 2538 2054 solemni
2572 1998 2938 2055 celebramus
2979 2001 3170 2058 officio
3218 2005 3538 2076 puriﬁcatae

1891 2084 2104 2139 mentis
2135 2085 2519 2157 intelligentia
2551 2104 3004 2161 consequamur.
3038 2090 3161 2147 Per.

1890 2189 1967 2262 (8)
1993 2177 2320 2248 BENEDICTID
2344 2209 2529 2249 suasa
2548 2209 2759 2249 censos
2780 2213 2838 2249 1x
2859 2213 3298 2255 PURtl-‘ICATIONE
3311 2216 3541 2258 sanam-3

2610 2282 2825 2321 MARI/E.

1962 2350 2201 2417 Exaudi,
2221 2366 2582 2424 quaesumus,
2602 2353 2864 2421 Domine,
2882 2354 3110 2427 plebem
3140 2361 3325 2425 tuam,
3340 2363 3539 2433 etquae

1892 2439 2250 2496 extrinsecus
2281 2457 2480 2496 annua
2510 2441 2720 2499 tribuis
2750 2444 3054 2501 devotione
3085 2447 3365 2515 venerari,
3397 2447 3539 2505 inte-

1893 2528 2016 2583 rius
2048 2527 2283 2601 assequi
2316 2529 2514 2601 gratia:
2546 2532 2657 2585 tua:
2689 2528 2818 2587 luce
2850 2534 3119 2590 concede.
3153 2535 3278 2592 Per.

1963 2617 2249 2673 Dominus
2276 2618 2597 2674 vobiscum.
2632 2620 2876 2676 Etcum.
2898 2626 3144 2680 Sursum
3170 2625 3366 2681 corda.
3395 2625 3541 2683 Gra-

1892 2706 2006 2762 tias
2037 2722 2283 2779 agamus
2317 2708 2562 2764 Domino
2593 2708 2708 2764 Deo
2742 2715 2963 2767 nostro.
2993 2716 3058 2781 νι‹
3084 2712 3317 2770 [Εῑθηιθ
3367 2714 3538 2781 Deus,

1894 2799 2119 2851 creator
2148 2794 2275 2852 cmli
2306 2799 2364 2853 et
2392 2801 2578 2865 terrae,
2613 2798 2731 2854 Rex
2760 2815 2987 2873 regum,
3018 2805 3076 2856 et
3126 2800 3411 2860 Dominus
3443 2803 3543 2860 do-

1894 2883 2269 2952 minantium,
2295 2902 2400 2941 nos
2431 2885 2724 2959 supplices
2747 2893 2879 2944 tuos
2911 2889 2981 2944 ad
3014 2893 3070 2945 te
3086 2888 3406 2947 clamantes
3428 2890 3541 2949 cle-

1894 2978 2120 3030 menter
2151 2974 3155 3049 exaudiredigneris,quiaomniaex
3185 2978 3367 3036 nihilo
3390 2997 3544 3038 crea-

1896 3062 2030 3128 asti,
2064 3066 2119 3116 et
2150 3064 2317 3134 jussu
2363 3068 2464 3119 tuo
2494 3080 2670 3136 opera
2716 3081 2893 3137 apum
2926 3066 3075 3121 hunc
3125 3065 3411 3138 liquorem
3468 3070 3540 3125 ad

1898 3151 2311 3223 perfectionem
2344 3151 2492 3208 cerei
2523 3151 2749 3207 evenire
2781 3153 2988 3223 fecisti,
3033 3159 3089 3209 et
3135 3154 3417 3225 hodierna
3447 3156 3542 3212 die

1893 3240 2231 3313 petitionem
2254 3239 2400 3311 justi
2422 3239 3000 3314 Simeonisimplesti.
3021 3243 3099 3299 Te
3129 3242 3540 3303 humiliterde-

1893 3345 2221 3401 precamur,
2253 3333 2317 3383 ut
2346 3328 2453 3385 has
2485 3329 2760 3385 candelas
2792 3331 2864 3385 ad
2902 3347 3073 3386 usum
3125 3330 3454 3398 hominum,
3484 3338 3542 3389 et

1891 3417 2199 3473 sanitatem
2233 3432 2540 3490 corporum
2573 3421 2630 3473 et
2661 3417 2993 3474 animarum
3016 3419 3371 3492 quicumque
3399 3424 3541 3478 tuus

1891 3504 2083 3562 fidelis
2104 3522 2207 3579 pro
2236 3505 2642 3562 benedictione
2672 3506 2799 3562 suis
2832 3508 3145 3580 gestaverit
3176 3508 3235 3564 in
3266 3509 3542 3567 manibus

1891 3594 2094 3650 sivein
2130 3598 2301 3661 terra,
2354 3594 2475 3650 sive
2508 3594 2564 3650 in
2615 3595 2788 3667 aquis
2840 3613 2945 3668 per
2996 3595 3422 3654 invocationem
3454 3598 3542 3655 tui

1892 3670 2248 3740 sanctissimi
2284 3683 2559 3749 nominis,
2589 3688 2650 3740 et
2673 3684 3150 3742 intercessionem
3182 3690 3396 3743 sanctae
3419 3688 3539 3743 Ma-

1891 3774 1988 3828 ria
2022 3772 2149 3828 Filii
2180 3771 2267 3828 tui
2298 3772 2617 3845 genitricis,
2640 3774 2812 3845 cujus
2832 3775 3240 3848 purgationem
3260 3774 3432 3833 hodie
3453 3793 3543 3834 ce-

1890 3861 2191 3918 lebramus
2224 3861 2520 3919 mentibus
2550 3862 2794 3931 devotis,
2826 3867 2999 3936 atque
3029 3864 3296 3920 omnium
3317 3869 3545 3922 sancto-

1891 3968 2022 4006 rum
2052 3955 2290 4006 tuorum
2321 3950 3220 4023 prece,etmeritisbenedifcere,
3249 3952 3537 4021 etsanctif

1888 4039 2063 4097 ﬁcare
2092 4043 2193 4095 tua
2222 4038 2436 4111 pietate
2465 4039 2746 4112 digneris,
2808 4046 2869 4095 ut
2899 4039 3020 4096 haec
3069 4039 3234 4112 plebs
3286 4044 3410 4109 tua,
3437 4041 3540 4114 qui

1890 4128 1996 4183 hos
2021 4143 2219 4184 cereos
2239 4127 2554 4184 honoriﬁce
2587 4128 2644 4184 in
2662 4128 2937 4184 manibus
2952 4133 3165 4201 portat,
3187 4131 3359 4202 teque
3380 4129 3537 4203 psal-

1889 4217 2061 4273 lendo
2092 4216 2298 4274 laudes
2327 4217 2623 4284 decantat,
2645 4222 2708 4272 tu
2729 4216 3009 4274 exaudias
3036 4234 3241 4274 eorum
3270 4233 3441 4275 voces
3465 4218 3538 4274 de

1888 4304 2030 4362 caelo
2052 4310 2409 4375 sanctetuo,
2440 4309 2500 4362 et
2527 4306 2597 4362 de
2629 4306 2767 4362 sede
2798 4305 3126 4376 majestatis
3156 4311 3270 4363 tuae
3296 4324 3309 4375 ;
3342 4310 3538 4381 propi-

1887 4396 2123 4467 tiusque
2144 4394 2226 4451 sis
2243 4394 2927 4451 omnibusclamantibus
2944 4395 3016 4449 ad
3036 4400 3110 4461 te,
3124 4412 3272 4469 quos
3284 4396 3541 4469 pretioso

1885 4483 2099 4540 Christi
2130 4482 2255 4539 Filii
2285 4483 2373 4540 tui
2404 4483 2692 4557 sanguine
2717 4484 2996 4557 dignatus
3019 4500 3083 4541 es
3112 4484 3418 4558 redimere,
3437 4485 3540 4559 qui

119 4569 283 4643 quod
313 4568 486 4627 Salva
510 4571 653 4629 toris
680 4573 860 4628 nostri
895 4573 1101 4629 iterata
1132 4572 1501 4631 solemnitate
1520 4576 1784 4649 percepi-
1812 4587 1862 4651 D
1892 4578 2087 4629 tecum
2118 4573 2274 4628 vivit.

121 4665 263 4716 mos
287 4665 582 4732 perpetua
614 4659 781 4717 nobis
813 4662 1230 4741 redemptionis
1261 4663 1519 4719 conferat
1544 4664 1779 4721 medici-

121 4763 288 4804 nam.
322 4751 450 4804 Per.

614 4854 675 4897 IN
716 4855 1017 4897 ΕΡΙΡΗΛΝῙΔ
1056 4857 1262 4897 ῡΟΜιΝι
1271 4884 1284 4896 .

192 4924 371 4995 Deus,
386 4925 486 4999 qui
507 4925 791 4984 hodierna
807 4928 899 4985 die
912 4927 1288 5004 Unigenitum
1310 4933 1473 4986 tuum
1502 4930 1776 5005 gentibus

192 5068 274 5141 (8)
303 5067 463 5141 Qerei
494 5068 822 5126 benedictio
872 5071 930 5126 in
964 5070 1055 5127 die
1104 5071 1532 5129 Puriﬁcationis
1580 5074 1773 5130 Maria:

119 5138 415 5218 posterior
442 5140 610 5218 valde
636 5146 727 5218 est
753 5142 1116 5218 temporibus
1142 5144 1330 5218 sancti
1363 5145 1621 5218 Gregorii
1653 5145 1772 5202 Ma-

120 5209 247 5283 gni.
269 5210 595 5287 _Ij_oa‘en_im
626 5213 754 5285 ejus
785 5209 1054 5269 meminit
1073 5231 1263 5287 neque
1291 5209 1644 5287 Amaliﬁus,
1677 5233 1775 5274 ne-

122 5280 242 5361 que
269 5280 617 5361 Walfridus,
654 5280 841 5357 neque
869 5280 1285 5361 supposititius
1332 5280 1639 5353 Alcuinus,
1670 5287 1772 5361 qui

119 5356 325 5430 tamen
353 5353 1429 5430 meminitcereorum'benedictorum,
1462 5373 1609 5430 quos
1627 5353 1772 5430 pon-

118 5424 263 5481 tifex
297 5425 591 5482 maximus
619 5427 1046 5483 distribuebatl
1081 5427 1266 5484 Multo
1298 5424 1496 5484 minus
1524 5429 1583 5485 in
1612 5424 1775 5486 Gela-

120 5496 315 5572 siano,
348 5495 407 5551 in
437 5498 813 5572 Gregoriano,
837 5498 901 5572 in
929 5498 1259 5572 Gallonensi
1290 5498 1770 5572 aliisquesacra-

121 5571 460 5644 meatorum
483 5567 647 5644 tibiis
677 5571 749 5627 de
769 5569 877 5644 hac
890 5570 1290 5644 benedictione
1311 5567 1525 5644 agitur.
1548 5571 1612 5630 In
1634 5589 1774 5644 quo-

118 5638 261 5699 dam
290 5638 534 5719 antiquo
545 5640 903 5703 Turonensis
915 5640 1181 5728 Ecclesia:
1196 5638 1420 5705 missili
1449 5641 1596 5705 libro
1617 5638 1773 5709 circa

1961 4662 2227 4718 Oremus.
2262 4661 2568 4734 Prmceptis
2598 4661 2956 4719 salutaribus
2978 4663 3206 4731 moniti,
3237 4666 3345 4720 etc.
3370 4663 3541 4720 Pater

1888 4755 2087 4807 noster
2117 4749 2216 4823 qui
2247 4767 2308 4806 es
2340 4750 2395 4805 in
2429 4750 2612 4818 caelis,
2645 4755 2754 4806 etc.

1957 4839 2087 4895 Alia
2113 4839 2306 4893 oratio.
2340 4837 2648 4906 Benctdic,
2665 4838 2930 4908 Domine,
2959 4839 3098 4896 Jesu
3115 4839 3360 4903 Christe,
3386 4838 3536 4893 hanc

1885 4932 2213 4985 creaturam
2247 4926 2395 4983 cerei
2419 4925 2948 5000 supplicationibus
2970 4927 3208 4995 nostris,
3223 4926 3537 4982 etinfunde

1880 5089 1918 5126 x
1947 5070 2226 5126 saeculum
2259 5071 2499 5140 scripto,
2534 5070 2707 5125 unica
2736 5073 2966 5126 tantum
2998 5068 3186 5140 oratio
3224 5067 3529 5140 repetitur,

1882 5143 1952 5198 ad
2007 5144 2312 5222 luminaria
2369 5137 2758 5222 benedicendo,
2802 5147 2869 5222 .et
2925 5141 2985 5222 in
3024 5139 3138 5196 alio
3185 5137 3533 5222 perantiquo

1884 5213 2221 5270 monasterii
2253 5212 2440 5269 sancti
2472 5213 2815 5269 Theoderici
2862 5212 3036 5267 unica
3080 5212 3299 5283 pariter
3348 5212 3533 5283 oratio

1880 5285 1951 5368 ad
1976 5284 2619 5368 benedicendasdcercos;
2642 5300 2797 5368 quas
2825 5281 3114 5368 arationes
3161 5281 3335 5368 refert
3380 5281 3533 5368 Mar-

1880 5361 2011 5429 tene
2043 5356 2107 5427 (t.
2141 5356 2237 5429 Ill.
2268 5358 2447 5429 Antia.
2482 5351 2813 5429 ecc.’_discip.
2838 5353 2946 5429 lib.
2980 5370 3053 5417 IV,
3081 5370 3144 5429 _n.
3177 5351 3534 5429 5),_cumgali-

1924 5423 2102 5499 uibus
2131 5428 2342 5483 ritibus
2353 5423 2494 5483 sane
2508 5423 2770 5499 antiquis
2785 5426 2853 5499 ad
2871 5423 3527 5499 cereosbenedicendos.

1935 5498 2047 5580 ibit
2065 5499 2137 5554 de
2152 5499 2298 5580 ipsa
2330 5499 2571 5580 insuper
2599 5493 2926 5580 in'_antiquo
2952 5493 3150 5580 libello
3197 5495 3530 5555 orationum

1880 5567 2599 5648 Gothiae-Hispaniarum
2629 5567 2776 5627 alias
2797 5567 3139 5629 memorato.
