  <div class='ocr_page' id='page_1' title='image "/cluster/home/n/w/nwhite01/storage/ocr_20150623/151/hvd.32044054760095/425.png"; bbox 0 0 3982 6172; ppageno 0'>
   <div class='ocr_carea' id='block_1_1' title="bbox 393 275 512 336">
    <p class='ocr_par' dir='ltr' id='par_1_1' title="bbox 393 275 512 336">
     <span class='ocr_line' id='line_1_1' title="bbox 393 275 512 336; baseline 0 0"><span class='ocrx_word' id='word_1_1' title='bbox 393 275 512 336; x_wconf 84' lang='lat'>839</span> 
     </span>
    </p>
   </div>
   <div class='ocr_carea' id='block_1_2' title="bbox 1580 271 2608 341">
    <p class='ocr_par' dir='ltr' id='par_1_2' title="bbox 1580 271 2608 341">
     <span class='ocr_line' id='line_1_2' title="bbox 1580 271 2608 341; baseline -0.001 -5"><span class='ocrx_word' id='word_1_2' title='bbox 1580 274 1765 336; x_wconf 67' lang='lat' dir='ltr'>SJEG.</span> <span class='ocrx_word' id='word_1_3' title='bbox 1811 272 1889 334; x_wconf 84' lang='lat' dir='ltr'>XI</span> <span class='ocrx_word' id='word_1_4' title='bbox 1936 271 2273 341; x_wconf 66' lang='lat' dir='ltr'>MONUM.’</span> <span class='ocrx_word' id='word_1_5' title='bbox 2298 273 2608 337; x_wconf 79' lang='lat' dir='ltr'>LITURG.</span> 
     </span>
    </p>
   </div>
   <div class='ocr_carea' id='block_1_3' title="bbox 3679 265 3822 335">
    <p class='ocr_par' dir='ltr' id='par_1_3' title="bbox 3679 265 3822 335">
     <span class='ocr_line' id='line_1_3' title="bbox 3679 265 3822 335; baseline -0.063 0"><span class='ocrx_word' id='word_1_6' title='bbox 3679 265 3822 335; x_wconf 71' lang='grc'>840</span> 
     </span>
    </p>
   </div>
   <div class='ocr_carea' id='block_1_4' title="bbox 386 398 3815 480">
    <p class='ocr_par' dir='ltr' id='par_1_4' title="bbox 386 398 3815 480">
     <span class='ocr_line' id='line_1_4' title="bbox 386 398 3815 480; baseline -0.003 -16"><span class='ocrx_word' id='word_1_7' title='bbox 386 410 443 476; x_wconf 85' lang='lat' dir='ltr'>ei</span> <span class='ocrx_word' id='word_1_8' title='bbox 473 424 576 480; x_wconf 89' lang='lat' dir='ltr'>per</span> <span class='ocrx_word' id='word_1_9' title='bbox 603 408 878 463; x_wconf 77' lang='lat' dir='ltr'>virtutem</span> <span class='ocrx_word' id='word_1_10' title='bbox 893 410 1104 464; x_wconf 82' lang='lat' dir='ltr'>sanctae</span> <span class='ocrx_word' id='word_1_11' title='bbox 1119 406 1354 473; x_wconf 65' lang='lat' dir='ltr'>Cruicis</span> <span class='ocrx_word' id='word_1_12' title='bbox 1371 405 1831 461; x_wconf 78' lang='lat' dir='ltr'>benedictionem</span> <span class='ocrx_word' id='word_1_13' title='bbox 1845 404 2041 461; x_wconf 74' lang='lat' dir='ltr'>cmles-</span> <span class='ocrx_word' id='word_1_14' title='bbox 2069 408 2118 471; x_wconf 84' lang='grc' dir='ltr'>Α</span> <span class='ocrx_word' id='word_1_15' title='bbox 2153 405 2245 477; x_wconf 91' lang='lat' dir='ltr'>plo</span> <span class='ocrx_word' id='word_1_16' title='bbox 2278 411 2362 461; x_wconf 87' lang='lat' dir='ltr'>est</span> <span class='ocrx_word' id='word_1_17' title='bbox 2394 410 2800 477; x_wconf 82' lang='lat' dir='ltr'>praesentatus,</span> <span class='ocrx_word' id='word_1_18' title='bbox 2832 404 2914 459; x_wconf 90' lang='lat' dir='ltr'>ita</span> <span class='ocrx_word' id='word_1_19' title='bbox 2945 419 3053 459; x_wconf 90' lang='lat' dir='ltr'>nos</span> <span class='ocrx_word' id='word_1_20' title='bbox 3085 401 3264 458; x_wconf 80' lang='lat' dir='ltr'>facias</span> <span class='ocrx_word' id='word_1_21' title='bbox 3316 398 3637 473; x_wconf 82' lang='lat' dir='ltr'>puriﬁcatis</span> <span class='ocrx_word' id='word_1_22' title='bbox 3694 398 3815 455; x_wconf 85' lang='lat' dir='ltr'>tibi</span> 
     </span>
    </p>
   </div>
   <div class='ocr_carea' id='block_1_5' title="bbox 391 494 2047 570">
    <p class='ocr_par' dir='ltr' id='par_1_5' title="bbox 391 494 2047 570">
     <span class='ocr_line' id='line_1_5' title="bbox 391 494 2047 570; baseline -0.003 -17"><span class='ocrx_word' id='word_1_23' title='bbox 391 501 533 565; x_wconf 83' lang='lat' dir='ltr'>tem,</span> <span class='ocrx_word' id='word_1_24' title='bbox 566 501 633 552; x_wconf 88' lang='lat' dir='ltr'>ut</span> <span class='ocrx_word' id='word_1_25' title='bbox 665 496 767 570; x_wconf 86' lang='lat' dir='ltr'>qui</span> <span class='ocrx_word' id='word_1_26' title='bbox 798 513 928 555; x_wconf 88' lang='lat' dir='ltr'>eam</span> <span class='ocrx_word' id='word_1_27' title='bbox 963 497 1033 552; x_wconf 91' lang='lat' dir='ltr'>ad</span> <span class='ocrx_word' id='word_1_28' title='bbox 1066 494 1439 568; x_wconf 88' lang='lat' dir='ltr'>cxpellendas</span> <span class='ocrx_word' id='word_1_29' title='bbox 1472 494 1742 550; x_wconf 85' lang='lat' dir='ltr'>tenebras</span> <span class='ocrx_word' id='word_1_30' title='bbox 1786 494 2047 549; x_wconf 88' lang='lat' dir='ltr'>humano</span> 
     </span>
    </p>
   </div>
   <div class='ocr_carea' id='block_1_6' title="bbox 393 582 2061 660">
    <p class='ocr_par' dir='ltr' id='par_1_6' title="bbox 393 582 2061 660">
     <span class='ocr_line' id='line_1_6' title="bbox 393 582 2061 660; baseline -0.004 -17"><span class='ocrx_word' id='word_1_31' title='bbox 393 585 591 660; x_wconf 83' lang='lat' dir='ltr'>generi</span> <span class='ocrx_word' id='word_1_32' title='bbox 614 585 877 641; x_wconf 75' lang='lat' dir='ltr'>tribuisti</span> <span class='ocrx_word' id='word_1_33' title='bbox 894 584 1063 642; x_wconf 81' lang='lat' dir='ltr'>talem</span> <span class='ocrx_word' id='word_1_34' title='bbox 1079 583 1380 658; x_wconf 80' lang='lat' dir='ltr'>signaculo</span> <span class='ocrx_word' id='word_1_35' title='bbox 1394 583 1744 650; x_wconf 59' lang='lat' dir='ltr'>cruicistua:</span> <span class='ocrx_word' id='word_1_36' title='bbox 1761 582 1887 639; x_wconf 81' lang='lat' dir='ltr'>forti</span> <span class='ocrx_word' id='word_1_37' title='bbox 1899 582 2061 638; x_wconf 82' lang='lat' dir='ltr'>tndi-&#39;</span> 
     </span>
    </p>
   </div>
   <div class='ocr_carea' id='block_1_7' title="bbox 391 673 2047 749">
    <p class='ocr_par' dir='ltr' id='par_1_7' title="bbox 391 673 2047 749">
     <span class='ocr_line' id='line_1_7' title="bbox 391 673 2047 749; baseline -0.003 -17"><span class='ocrx_word' id='word_1_38' title='bbox 391 693 528 749; x_wconf 85' lang='lat' dir='ltr'>nem</span> <span class='ocrx_word' id='word_1_39' title='bbox 556 680 613 731; x_wconf 90' lang='lat' dir='ltr'>et</span> <span class='ocrx_word' id='word_1_40' title='bbox 640 674 1104 741; x_wconf 71' lang='lat' dir='ltr'>benedictionem</span> <span class='ocrx_word' id='word_1_41' title='bbox 1136 673 1400 745; x_wconf 79' lang='lat' dir='ltr'>accipiat,</span> <span class='ocrx_word' id='word_1_42' title='bbox 1424 677 1489 728; x_wconf 92' lang='lat' dir='ltr'>ut</span> <span class='ocrx_word' id='word_1_43' title='bbox 1520 674 1576 727; x_wconf 89' lang='lat' dir='ltr'>in</span> <span class='ocrx_word' id='word_1_44' title='bbox 1596 675 2047 745; x_wconf 76' lang='lat' dir='ltr'>quibuscumque</span> 
     </span>
    </p>
   </div>
   <div class='ocr_carea' id='block_1_8' title="bbox 392 761 2044 833">
    <p class='ocr_par' dir='ltr' id='par_1_8' title="bbox 392 761 2044 833">
     <span class='ocr_line' id='line_1_8' title="bbox 392 761 2044 833; baseline -0.002 -14"><span class='ocrx_word' id='word_1_45' title='bbox 392 764 537 829; x_wconf 89' lang='lat' dir='ltr'>locis</span> <span class='ocrx_word' id='word_1_46' title='bbox 567 780 806 819; x_wconf 82' lang='lat' dir='ltr'>accensa</span> <span class='ocrx_word' id='word_1_47' title='bbox 838 762 956 818; x_wconf 87' lang='lat' dir='ltr'>sive</span> <span class='ocrx_word' id='word_1_48' title='bbox 986 761 1176 833; x_wconf 76' lang='lat' dir='ltr'>posita</span> <span class='ocrx_word' id='word_1_49' title='bbox 1210 762 1403 829; x_wconf 76' lang='lat' dir='ltr'>fuerit,</span> <span class='ocrx_word' id='word_1_50' title='bbox 1436 762 1699 818; x_wconf 81' lang='lat' dir='ltr'>discedat</span> <span class='ocrx_word' id='word_1_51' title='bbox 1728 766 1787 817; x_wconf 89' lang='lat' dir='ltr'>et</span> <span class='ocrx_word' id='word_1_52' title='bbox 1819 767 2044 817; x_wconf 87' lang='lat' dir='ltr'>contre-</span> 
     </span>
    </p>
   </div>
   <div class='ocr_carea' id='block_1_9' title="bbox 392 849 2044 924">
    <p class='ocr_par' dir='ltr' id='par_1_9' title="bbox 392 849 2044 924">
     <span class='ocr_line' id='line_1_9' title="bbox 392 849 2044 924; baseline -0.004 -14"><span class='ocrx_word' id='word_1_53' title='bbox 392 854 601 910; x_wconf 88' lang='lat' dir='ltr'>miscat</span> <span class='ocrx_word' id='word_1_54' title='bbox 629 851 897 907; x_wconf 83' lang='lat' dir='ltr'>diabolus</span> <span class='ocrx_word' id='word_1_55' title='bbox 913 855 969 910; x_wconf 90' lang='lat' dir='ltr'>et</span> <span class='ocrx_word' id='word_1_56' title='bbox 997 850 1183 924; x_wconf 77' lang='lat' dir='ltr'>fugiat</span> <span class='ocrx_word' id='word_1_57' title='bbox 1204 851 1455 923; x_wconf 89' lang='lat' dir='ltr'>pallidus</span> <span class='ocrx_word' id='word_1_58' title='bbox 1490 867 1623 907; x_wconf 90' lang='lat' dir='ltr'>cum</span> <span class='ocrx_word' id='word_1_59' title='bbox 1643 850 1920 907; x_wconf 89' lang='lat' dir='ltr'>omnibus</span> <span class='ocrx_word' id='word_1_60' title='bbox 1934 849 2044 906; x_wconf 89' lang='lat' dir='ltr'>mi-</span> 
     </span>
    </p>
   </div>
   <div class='ocr_carea' id='block_1_10' title="bbox 390 939 2043 1013">
    <p class='ocr_par' dir='ltr' id='par_1_10' title="bbox 390 939 2043 1013">
     <span class='ocr_line' id='line_1_10' title="bbox 390 939 2043 1013; baseline -0.003 -12"><span class='ocrx_word' id='word_1_61' title='bbox 390 942 592 1001; x_wconf 89' lang='lat' dir='ltr'>nistris</span> <span class='ocrx_word' id='word_1_62' title='bbox 622 940 747 997; x_wconf 85' lang='lat' dir='ltr'>suis</span> <span class='ocrx_word' id='word_1_63' title='bbox 773 941 845 996; x_wconf 94' lang='lat' dir='ltr'>de</span> <span class='ocrx_word' id='word_1_64' title='bbox 875 939 1355 1006; x_wconf 81' lang='lat' dir='ltr'>habitationibus,</span> <span class='ocrx_word' id='word_1_65' title='bbox 1408 958 1513 997; x_wconf 89' lang='lat' dir='ltr'>nec</span> <span class='ocrx_word' id='word_1_66' title='bbox 1563 945 1882 1013; x_wconf 64' lang='lat' dir='ltr'>praesumat</span> <span class='ocrx_word' id='word_1_67' title='bbox 1914 956 2043 996; x_wconf 89' lang='lat' dir='ltr'>am-</span> 
     </span>
    </p>
   </div>
   <div class='ocr_carea' id='block_1_11' title="bbox 385 1028 2042 1104">
    <p class='ocr_par' dir='ltr' id='par_1_11' title="bbox 385 1028 2042 1104">
     <span class='ocr_line' id='line_1_11' title="bbox 385 1028 2042 1104; baseline -0.001 -20"><span class='ocrx_word' id='word_1_68' title='bbox 385 1030 541 1104; x_wconf 88' lang='lat' dir='ltr'>plius</span> <span class='ocrx_word' id='word_1_69' title='bbox 571 1028 817 1085; x_wconf 84' lang='lat' dir='ltr'>illudere</span> <span class='ocrx_word' id='word_1_70' title='bbox 848 1028 1239 1085; x_wconf 82' lang='lat' dir='ltr'>servientibus</span> <span class='ocrx_word' id='word_1_71' title='bbox 1267 1033 1401 1085; x_wconf 90' lang='lat' dir='ltr'>Deo.</span> <span class='ocrx_word' id='word_1_72' title='bbox 1437 1028 1683 1086; x_wconf 85' lang='lat' dir='ltr'>Proinde</span> <span class='ocrx_word' id='word_1_73' title='bbox 1713 1032 1768 1084; x_wconf 89' lang='lat' dir='ltr'>te</span> <span class='ocrx_word' id='word_1_74' title='bbox 1806 1045 2042 1100; x_wconf 66' lang='lat' dir='ltr'>quaesu-</span> 
     </span>
    </p>
   </div>
   <div class='ocr_carea' id='block_1_12' title="bbox 280 1107 2044 1191">
    <p class='ocr_par' dir='ltr' id='par_1_12' title="bbox 280 1107 2044 1191">
     <span class='ocr_line' id='line_1_12' title="bbox 280 1107 2044 1191; baseline -0.002 -16"><span class='ocrx_word' id='word_1_75' title='bbox 280 1107 298 1116; x_wconf 53' lang='grc'><strong>’</strong></span> <span class='ocrx_word' id='word_1_76' title='bbox 388 1136 542 1188; x_wconf 90' lang='lat' dir='ltr'>mus,</span> <span class='ocrx_word' id='word_1_77' title='bbox 576 1117 911 1186; x_wconf 90' lang='lat' dir='ltr'>Domine,ut</span> <span class='ocrx_word' id='word_1_78' title='bbox 942 1118 1141 1175; x_wconf 89' lang='lat' dir='ltr'>mittas</span> <span class='ocrx_word' id='word_1_79' title='bbox 1160 1121 1429 1173; x_wconf 87' lang='lat' dir='ltr'>sanctum</span> <span class='ocrx_word' id='word_1_80' title='bbox 1447 1115 1903 1191; x_wconf 84' lang='lat' dir='ltr'>angelumtunm</span> <span class='ocrx_word' id='word_1_81' title='bbox 1937 1119 2044 1172; x_wconf 76' lang='lat' dir='ltr'>Ita-</span> 
     </span>
    </p>
   </div>
   <div class='ocr_carea' id='block_1_13' title="bbox 388 1205 2041 1281">
    <p class='ocr_par' dir='ltr' id='par_1_13' title="bbox 388 1205 2041 1281">
     <span class='ocr_line' id='line_1_13' title="bbox 388 1205 2041 1281; baseline -0.002 -16"><span class='ocrx_word' id='word_1_82' title='bbox 388 1207 676 1281; x_wconf 83' lang='lat' dir='ltr'>phaelem,</span> <span class='ocrx_word' id='word_1_83' title='bbox 700 1207 799 1280; x_wconf 89' lang='lat' dir='ltr'>qui</span> <span class='ocrx_word' id='word_1_84' title='bbox 833 1205 1044 1262; x_wconf 87' lang='lat' dir='ltr'>evulsit</span> <span class='ocrx_word' id='word_1_85' title='bbox 1063 1224 1096 1262; x_wconf 89' lang='lat' dir='ltr'>a</span> <span class='ocrx_word' id='word_1_86' title='bbox 1124 1210 1266 1262; x_wconf 79' lang='lat' dir='ltr'>Sara</span> <span class='ocrx_word' id='word_1_87' title='bbox 1284 1211 1342 1263; x_wconf 91' lang='lat' dir='ltr'>et</span> <span class='ocrx_word' id='word_1_88' title='bbox 1356 1206 1537 1263; x_wconf 90' lang='lat' dir='ltr'>Tobia</span> <span class='ocrx_word' id='word_1_89' title='bbox 1550 1208 1870 1262; x_wconf 72' lang='lat' dir='ltr'>daemonem</span> <span class='ocrx_word' id='word_1_90' title='bbox 1886 1223 2041 1262; x_wconf 82' lang='lat' dir='ltr'>mor-</span> 
     </span>
    </p>
   </div>
   <div class='ocr_carea' id='block_1_14' title="bbox 384 1295 2042 1368">
    <p class='ocr_par' dir='ltr' id='par_1_14' title="bbox 384 1295 2042 1368">
     <span class='ocr_line' id='line_1_14' title="bbox 384 1295 2042 1368; baseline -0.001 -15"><span class='ocrx_word' id='word_1_91' title='bbox 384 1297 621 1353; x_wconf 87' lang='lat' dir='ltr'>tiferum</span> <span class='ocrx_word' id='word_1_92' title='bbox 653 1313 751 1352; x_wconf 90' lang='lat' dir='ltr'>eos</span> <span class='ocrx_word' id='word_1_93' title='bbox 783 1295 1447 1363; x_wconf 83' lang='lat' dir='ltr'>infestantem,conterat</span> <span class='ocrx_word' id='word_1_94' title='bbox 1469 1295 1656 1364; x_wconf 91' lang='lat' dir='ltr'>illum,</span> <span class='ocrx_word' id='word_1_95' title='bbox 1681 1300 1739 1352; x_wconf 89' lang='lat' dir='ltr'>et</span> <span class='ocrx_word' id='word_1_96' title='bbox 1754 1296 2042 1368; x_wconf 87' lang='lat' dir='ltr'>perdatdc</span> 
     </span>
    </p>
   </div>
   <div class='ocr_carea' id='block_1_15' title="bbox 386 1385 2038 1453">
    <p class='ocr_par' dir='ltr' id='par_1_15' title="bbox 386 1385 2038 1453">
     <span class='ocr_line' id='line_1_15' title="bbox 386 1385 2038 1453; baseline -0.002 -10"><span class='ocrx_word' id='word_1_97' title='bbox 386 1386 615 1443; x_wconf 87' lang='lat' dir='ltr'>cunctis</span> <span class='ocrx_word' id='word_1_98' title='bbox 629 1385 1091 1442; x_wconf 84' lang='lat' dir='ltr'>habitationibus</span> <span class='ocrx_word' id='word_1_99' title='bbox 1104 1385 1311 1441; x_wconf 88' lang='lat' dir='ltr'>colenti</span> <span class='ocrx_word' id='word_1_100' title='bbox 1325 1402 1419 1443; x_wconf 90' lang='lat' dir='ltr'>um</span> <span class='ocrx_word' id='word_1_101' title='bbox 1436 1385 1641 1452; x_wconf 90' lang='lat' dir='ltr'>Deum,</span> <span class='ocrx_word' id='word_1_102' title='bbox 1659 1386 1728 1441; x_wconf 90' lang='lat' dir='ltr'>de</span> <span class='ocrx_word' id='word_1_103' title='bbox 1743 1385 2038 1453; x_wconf 83' lang='lat' dir='ltr'>domibus,</span> 
     </span>
    </p>
   </div>
   <div class='ocr_carea' id='block_1_16' title="bbox 387 1473 2039 1549">
    <p class='ocr_par' dir='ltr' id='par_1_16' title="bbox 387 1473 2039 1549">
     <span class='ocr_line' id='line_1_16' title="bbox 387 1473 2039 1549; baseline -0.001 -18"><span class='ocrx_word' id='word_1_104' title='bbox 387 1475 459 1531; x_wconf 90' lang='lat' dir='ltr'>de</span> <span class='ocrx_word' id='word_1_105' title='bbox 490 1474 743 1549; x_wconf 82' lang='lat' dir='ltr'>angulis,</span> <span class='ocrx_word' id='word_1_106' title='bbox 776 1475 847 1531; x_wconf 89' lang='lat' dir='ltr'>de</span> <span class='ocrx_word' id='word_1_107' title='bbox 879 1474 1219 1542; x_wconf 88' lang='lat' dir='ltr'>lectulis,de</span> <span class='ocrx_word' id='word_1_108' title='bbox 1236 1475 1633 1543; x_wconf 83' lang='lat' dir='ltr'>refectoribus,</span> <span class='ocrx_word' id='word_1_109' title='bbox 1653 1475 1723 1531; x_wconf 89' lang='lat' dir='ltr'>de</span> <span class='ocrx_word' id='word_1_110' title='bbox 1752 1473 2039 1530; x_wconf 81' lang='lat' dir='ltr'>universis</span> 
     </span>
    </p>
   </div>
   <div class='ocr_carea' id='block_1_17' title="bbox 384 1562 2041 1636">
    <p class='ocr_par' dir='ltr' id='par_1_17' title="bbox 384 1562 2041 1636">
     <span class='ocr_line' id='line_1_17' title="bbox 384 1562 2041 1636; baseline -0.001 -18"><span class='ocrx_word' id='word_1_111' title='bbox 384 1563 529 1620; x_wconf 88' lang='lat' dir='ltr'>locis</span> <span class='ocrx_word' id='word_1_112' title='bbox 552 1563 613 1619; x_wconf 90' lang='lat' dir='ltr'>in</span> <span class='ocrx_word' id='word_1_113' title='bbox 640 1564 1093 1636; x_wconf 76' lang='lat' dir='ltr'>quibuscumque</span> <span class='ocrx_word' id='word_1_114' title='bbox 1116 1563 1232 1619; x_wconf 91' lang='lat' dir='ltr'>Deo</span> <span class='ocrx_word' id='word_1_115' title='bbox 1253 1562 1609 1620; x_wconf 82' lang='lat' dir='ltr'>famulantes</span> <span class='ocrx_word' id='word_1_116' title='bbox 1622 1562 2041 1635; x_wconf 86' lang='lat' dir='ltr'>habitant,qui-</span> 
     </span>
    </p>
   </div>
   <div class='ocr_carea' id='block_1_18' title="bbox 388 1651 2040 1723">
    <p class='ocr_par' dir='ltr' id='par_1_18' title="bbox 388 1651 2040 1723">
     <span class='ocr_line' id='line_1_18' title="bbox 388 1651 2040 1723; baseline -0.001 -15"><span class='ocrx_word' id='word_1_117' title='bbox 388 1656 614 1720; x_wconf 89' lang='lat' dir='ltr'>escunt,</span> <span class='ocrx_word' id='word_1_118' title='bbox 648 1652 970 1717; x_wconf 85' lang='lat' dir='ltr'>dormiunt,</span> <span class='ocrx_word' id='word_1_119' title='bbox 992 1652 1258 1723; x_wconf 74' lang='lat' dir='ltr'>vigilant,</span> <span class='ocrx_word' id='word_1_120' title='bbox 1277 1651 1583 1708; x_wconf 84' lang='lat' dir='ltr'>ambulant</span> <span class='ocrx_word' id='word_1_121' title='bbox 1609 1657 1666 1707; x_wconf 91' lang='lat' dir='ltr'>et</span> <span class='ocrx_word' id='word_1_122' title='bbox 1686 1652 2040 1719; x_wconf 85' lang='lat' dir='ltr'>consistunt,</span> 
     </span>
    </p>
   </div>
   <div class='ocr_carea' id='block_1_19' title="bbox 2156 492 3305 568">
    <p class='ocr_par' dir='ltr' id='par_1_19' title="bbox 2156 492 3305 568">
     <span class='ocr_line' id='line_1_19' title="bbox 2156 492 3305 568; baseline -0.002 -19"><span class='ocrx_word' id='word_1_123' title='bbox 2156 495 2453 551; x_wconf 84' lang='lat' dir='ltr'>mentibus</span> <span class='ocrx_word' id='word_1_124' title='bbox 2486 493 2844 568; x_wconf 80' lang='lat' dir='ltr'>praesentari.</span> <span class='ocrx_word' id='word_1_125' title='bbox 2880 494 2985 549; x_wconf 90' lang='lat' dir='ltr'>Per</span> <span class='ocrx_word' id='word_1_126' title='bbox 3011 492 3305 549; x_wconf 89' lang='lat' dir='ltr'>eumdem.</span> 
     </span>
    </p>
   </div>
   <div class='ocr_carea' id='block_1_20' title="bbox 2228 578 3820 653">
    <p class='ocr_par' dir='ltr' id='par_1_20' title="bbox 2228 578 3820 653">
     <span class='ocr_line' id='line_1_20' title="bbox 2228 578 3820 653; baseline -0.004 -16"><span class='ocrx_word' id='word_1_127' title='bbox 2228 585 2460 641; x_wconf 73' lang='lat' dir='ltr'>Secreta.</span> <span class='ocrx_word' id='word_1_128' title='bbox 2495 584 2736 653; x_wconf 82' lang='lat' dir='ltr'>Exaudi,</span> <span class='ocrx_word' id='word_1_129' title='bbox 2789 583 3053 647; x_wconf 87' lang='lat' dir='ltr'>Domine,</span> <span class='ocrx_word' id='word_1_130' title='bbox 3099 598 3300 653; x_wconf 85' lang='lat' dir='ltr'>preces</span> <span class='ocrx_word' id='word_1_131' title='bbox 3347 583 3598 645; x_wconf 81' lang='lat' dir='ltr'>nostras,</span> <span class='ocrx_word' id='word_1_132' title='bbox 3645 578 3708 632; x_wconf 88' lang='lat' dir='ltr'>et</span> <span class='ocrx_word' id='word_1_133' title='bbox 3742 580 3820 632; x_wconf 86' lang='lat' dir='ltr'>ut</span> 
     </span>
    </p>
   </div>
   <div class='ocr_carea' id='block_1_21' title="bbox 2154 665 3815 746">
    <p class='ocr_par' dir='ltr' id='par_1_21' title="bbox 2154 665 3815 746">
     <span class='ocr_line' id='line_1_21' title="bbox 2154 665 3815 746; baseline -0.005 -16"><span class='ocrx_word' id='word_1_134' title='bbox 2154 675 2332 746; x_wconf 88' lang='lat' dir='ltr'>digna</span> <span class='ocrx_word' id='word_1_135' title='bbox 2361 675 2479 730; x_wconf 89' lang='lat' dir='ltr'>sint</span> <span class='ocrx_word' id='word_1_136' title='bbox 2511 690 2773 741; x_wconf 87' lang='lat' dir='ltr'>munera,</span> <span class='ocrx_word' id='word_1_137' title='bbox 2809 690 2934 745; x_wconf 76' lang='lat' dir='ltr'>qua:</span> <span class='ocrx_word' id='word_1_138' title='bbox 2956 671 3142 729; x_wconf 89' lang='lat' dir='ltr'>oculis</span> <span class='ocrx_word' id='word_1_139' title='bbox 3171 674 3283 726; x_wconf 68' lang='lat' dir='ltr'>tute</span> <span class='ocrx_word' id='word_1_140' title='bbox 3316 665 3641 741; x_wconf 76' lang='lat' dir='ltr'>majestatis</span> <span class='ocrx_word' id='word_1_141' title='bbox 3658 667 3815 723; x_wconf 77' lang='lat' dir='ltr'>oﬂ&#39;e-</span> 
     </span>
    </p>
   </div>
   <div class='ocr_carea' id='block_1_22' title="bbox 2154 756 3808 833">
    <p class='ocr_par' dir='ltr' id='par_1_22' title="bbox 2154 756 3808 833">
     <span class='ocr_line' id='line_1_22' title="bbox 2154 756 3808 833; baseline -0.006 -14"><span class='ocrx_word' id='word_1_142' title='bbox 2154 764 2362 831; x_wconf 87' lang='lat' dir='ltr'>rimus,</span> <span class='ocrx_word' id='word_1_143' title='bbox 2396 763 2727 819; x_wconf 86' lang='lat' dir='ltr'>subsidium</span> <span class='ocrx_word' id='word_1_144' title='bbox 2750 762 2919 818; x_wconf 90' lang='lat' dir='ltr'>nobis</span> <span class='ocrx_word' id='word_1_145' title='bbox 2949 764 3060 817; x_wconf 69' lang='lat' dir='ltr'>tua:</span> <span class='ocrx_word' id='word_1_146' title='bbox 3084 758 3320 833; x_wconf 89' lang='lat' dir='ltr'>pietatis</span> <span class='ocrx_word' id='word_1_147' title='bbox 3342 756 3633 831; x_wconf 83' lang='lat' dir='ltr'>impende.</span> <span class='ocrx_word' id='word_1_148' title='bbox 3665 756 3808 813; x_wconf 85' lang='lat' dir='ltr'>Per.</span> 
     </span>
    </p>
   </div>
   <div class='ocr_carea' id='block_1_23' title="bbox 2225 847 3810 919">
    <p class='ocr_par' dir='ltr' id='par_1_23' title="bbox 2225 847 3810 919">
     <span class='ocr_line' id='line_1_23' title="bbox 2225 847 3810 919; baseline -0.008 -7"><span class='ocrx_word' id='word_1_149' title='bbox 2225 854 2568 912; x_wconf 79' lang='lat' dir='ltr'>Communia.</span> <span class='ocrx_word' id='word_1_150' title='bbox 2601 852 2970 919; x_wconf 78' lang='lat' dir='ltr'>Quaesumus,</span> <span class='ocrx_word' id='word_1_151' title='bbox 3010 848 3249 905; x_wconf 87' lang='lat' dir='ltr'>Domine</span> <span class='ocrx_word' id='word_1_152' title='bbox 3278 848 3434 904; x_wconf 87' lang='lat' dir='ltr'>Deus</span> <span class='ocrx_word' id='word_1_153' title='bbox 3481 848 3700 914; x_wconf 80' lang='lat' dir='ltr'>noster,</span> <span class='ocrx_word' id='word_1_154' title='bbox 3736 847 3810 899; x_wconf 82' lang='lat' dir='ltr'>ut</span> 
     </span>
    </p>
   </div>
   <div class='ocr_carea' id='block_1_24' title="bbox 2151 934 3807 1014">
    <p class='ocr_par' dir='ltr' id='par_1_24' title="bbox 2151 934 3807 1014">
     <span class='ocr_line' id='line_1_24' title="bbox 2151 934 3807 1014; baseline -0.005 -15"><span class='ocrx_word' id='word_1_155' title='bbox 2151 946 2524 999; x_wconf 88' lang='lat' dir='ltr'>sacrosancta</span> <span class='ocrx_word' id='word_1_156' title='bbox 2546 940 2840 1014; x_wconf 85' lang='lat' dir='ltr'>mysteria,</span> <span class='ocrx_word' id='word_1_157' title='bbox 2868 957 2995 1012; x_wconf 77' lang='lat' dir='ltr'>quae</span> <span class='ocrx_word' id='word_1_158' title='bbox 3027 955 3129 1012; x_wconf 91' lang='lat' dir='ltr'>pro</span> <span class='ocrx_word' id='word_1_159' title='bbox 3161 934 3545 1010; x_wconf 87' lang='lat' dir='ltr'>reparationis</span> <span class='ocrx_word' id='word_1_160' title='bbox 3584 937 3807 990; x_wconf 64' lang='lat' dir='ltr'>nostra:</span> 
     </span>
    </p>
   </div>
   <div class='ocr_carea' id='block_1_25' title="bbox 2151 1023 3807 1097">
    <p class='ocr_par' dir='ltr' id='par_1_25' title="bbox 2151 1023 3807 1097">
     <span class='ocr_line' id='line_1_25' title="bbox 2151 1023 3807 1097; baseline -0.006 -8"><span class='ocrx_word' id='word_1_161' title='bbox 2151 1031 2476 1089; x_wconf 84' lang='lat' dir='ltr'>munimine</span> <span class='ocrx_word' id='word_1_162' title='bbox 2525 1028 2844 1097; x_wconf 77' lang='lat' dir='ltr'>contulisti,</span> <span class='ocrx_word' id='word_1_163' title='bbox 2897 1028 3291 1085; x_wconf 85' lang='lat' dir='ltr'>intercedente</span> <span class='ocrx_word' id='word_1_164' title='bbox 3340 1026 3512 1081; x_wconf 83' lang='lat' dir='ltr'>beata</span> <span class='ocrx_word' id='word_1_165' title='bbox 3558 1023 3807 1097; x_wconf 80' lang='lat' dir='ltr'>Virgine</span> 
     </span>
    </p>
   </div>
   <div class='ocr_carea' id='block_1_26' title="bbox 2152 1112 3806 1192">
    <p class='ocr_par' dir='ltr' id='par_1_26' title="bbox 2152 1112 3806 1192">
     <span class='ocr_line' id='line_1_26' title="bbox 2152 1112 3806 1192; baseline -0.005 -16"><span class='ocrx_word' id='word_1_166' title='bbox 2152 1120 2333 1176; x_wconf 84' lang='lat' dir='ltr'>Maria</span> <span class='ocrx_word' id='word_1_167' title='bbox 2363 1124 2422 1175; x_wconf 86' lang='lat' dir='ltr'>et</span> <span class='ocrx_word' id='word_1_168' title='bbox 2450 1135 2707 1192; x_wconf 81' lang='lat' dir='ltr'>praesens</span> <span class='ocrx_word' id='word_1_169' title='bbox 2765 1118 2933 1176; x_wconf 90' lang='lat' dir='ltr'>nobis</span> <span class='ocrx_word' id='word_1_170' title='bbox 2982 1117 3308 1173; x_wconf 84' lang='lat' dir='ltr'>remedium</span> <span class='ocrx_word' id='word_1_171' title='bbox 3362 1130 3491 1172; x_wconf 88' lang='lat' dir='ltr'>esse</span> <span class='ocrx_word' id='word_1_172' title='bbox 3536 1112 3718 1179; x_wconf 78' lang='lat' dir='ltr'>facias</span> <span class='ocrx_word' id='word_1_173' title='bbox 3742 1115 3806 1168; x_wconf 84' lang='lat' dir='ltr'>et</span> 
     </span>
    </p>
   </div>
   <div class='ocr_carea' id='block_1_27' title="bbox 2150 1208 2593 1264">
    <p class='ocr_par' dir='ltr' id='par_1_27' title="bbox 2150 1208 2593 1264">
     <span class='ocr_line' id='line_1_27' title="bbox 2150 1208 2593 1264; baseline -0.005 -1"><span class='ocrx_word' id='word_1_174' title='bbox 2150 1209 2434 1264; x_wconf 81' lang='lat' dir='ltr'>futurum.</span> <span class='ocrx_word' id='word_1_175' title='bbox 2471 1208 2593 1263; x_wconf 90' lang='lat' dir='ltr'>Per.</span> 
     </span>
    </p>
   </div>
   <div class='ocr_carea' id='block_1_28' title="bbox 2484 1298 3465 1369">
    <p class='ocr_par' dir='ltr' id='par_1_28' title="bbox 2484 1298 3465 1369">
     <span class='ocr_line' id='line_1_28' title="bbox 2484 1298 3465 1369; baseline -0.003 -19"><span class='ocrx_word' id='word_1_176' title='bbox 2484 1298 2560 1369; x_wconf 79' lang='grc'>(9)</span> <span class='ocrx_word' id='word_1_177' title='bbox 2601 1313 2659 1351; x_wconf 69' lang='lat' dir='ltr'>XN</span> <span class='ocrx_word' id='word_1_178' title='bbox 2706 1312 2999 1352; x_wconf 53' lang='lat' dir='ltr'>carrucam</span> <span class='ocrx_word' id='word_1_179' title='bbox 3039 1311 3236 1350; x_wconf 72' lang='lat' dir='ltr'>SANCTI</span> <span class='ocrx_word' id='word_1_180' title='bbox 3279 1309 3465 1361; x_wconf 78' lang='lat' dir='ltr'>PETRI.</span> 
     </span>
    </p>
   </div>
   <div class='ocr_carea' id='block_1_29' title="bbox 2220 1377 3799 1458">
    <p class='ocr_par' dir='ltr' id='par_1_29' title="bbox 2220 1377 3799 1458">
     <span class='ocr_line' id='line_1_29' title="bbox 2220 1377 3799 1458; baseline -0.006 -16"><span class='ocrx_word' id='word_1_181' title='bbox 2220 1388 2373 1442; x_wconf 90' lang='lat' dir='ltr'>Deus</span> <span class='ocrx_word' id='word_1_182' title='bbox 2405 1386 2505 1458; x_wconf 89' lang='lat' dir='ltr'>qui</span> <span class='ocrx_word' id='word_1_183' title='bbox 2537 1387 2705 1442; x_wconf 87' lang='lat' dir='ltr'>beato</span> <span class='ocrx_word' id='word_1_184' title='bbox 2737 1384 2999 1457; x_wconf 86' lang='lat' dir='ltr'>apostolo</span> <span class='ocrx_word' id='word_1_185' title='bbox 3033 1389 3133 1439; x_wconf 91' lang='lat' dir='ltr'>tuo</span> <span class='ocrx_word' id='word_1_186' title='bbox 3161 1383 3324 1438; x_wconf 88' lang='lat' dir='ltr'>Petro</span> <span class='ocrx_word' id='word_1_187' title='bbox 3357 1379 3589 1438; x_wconf 87' lang='lat' dir='ltr'>collatis</span> <span class='ocrx_word' id='word_1_188' title='bbox 3618 1377 3799 1434; x_wconf 85' lang='lat' dir='ltr'>clavi-</span> 
     </span>
    </p>
   </div>
   <div class='ocr_carea' id='block_1_30' title="bbox 2148 1468 3797 1548">
    <p class='ocr_par' dir='ltr' id='par_1_30' title="bbox 2148 1468 3797 1548">
     <span class='ocr_line' id='line_1_30' title="bbox 2148 1468 3797 1548; baseline -0.004 -17"><span class='ocrx_word' id='word_1_189' title='bbox 2148 1477 2259 1531; x_wconf 92' lang='lat' dir='ltr'>bus</span> <span class='ocrx_word' id='word_1_190' title='bbox 2292 1475 2453 1548; x_wconf 84' lang='lat' dir='ltr'>regni</span> <span class='ocrx_word' id='word_1_191' title='bbox 2488 1474 2756 1541; x_wconf 84' lang='lat' dir='ltr'>ccelestis,</span> <span class='ocrx_word' id='word_1_192' title='bbox 2793 1473 3021 1531; x_wconf 88' lang='lat' dir='ltr'>animas</span> <span class='ocrx_word' id='word_1_193' title='bbox 3049 1472 3271 1546; x_wconf 83' lang='lat' dir='ltr'>ligandi</span> <span class='ocrx_word' id='word_1_194' title='bbox 3320 1474 3496 1543; x_wconf 85' lang='lat' dir='ltr'>atque</span> <span class='ocrx_word' id='word_1_195' title='bbox 3535 1468 3797 1527; x_wconf 87' lang='lat' dir='ltr'>solvendi</span> 
     </span>
    </p>
   </div>
   <div class='ocr_carea' id='block_1_31' title="bbox 2148 1557 3799 1637">
    <p class='ocr_par' dir='ltr' id='par_1_31' title="bbox 2148 1557 3799 1637">
     <span class='ocr_line' id='line_1_31' title="bbox 2148 1557 3799 1637; baseline -0.002 -18"><span class='ocrx_word' id='word_1_196' title='bbox 2148 1565 2509 1637; x_wconf 80' lang='lat' dir='ltr'>pontificium</span> <span class='ocrx_word' id='word_1_197' title='bbox 2548 1563 2861 1633; x_wconf 80' lang='lat' dir='ltr'>tradidisti,</span> <span class='ocrx_word' id='word_1_198' title='bbox 2894 1563 3142 1618; x_wconf 87' lang='lat' dir='ltr'>concede</span> <span class='ocrx_word' id='word_1_199' title='bbox 3184 1557 3622 1617; x_wconf 84' lang='lat' dir='ltr'>intercessionis</span> <span class='ocrx_word' id='word_1_200' title='bbox 3666 1557 3799 1627; x_wconf 84' lang='lat' dir='ltr'>ejus</span> 
     </span>
    </p>
   </div>
   <div class='ocr_carea' id='block_1_32' title="bbox 2147 1645 3795 1726">
    <p class='ocr_par' dir='ltr' id='par_1_32' title="bbox 2147 1645 3795 1726">
     <span class='ocr_line' id='line_1_32' title="bbox 2147 1645 3795 1726; baseline -0.004 -17"><span class='ocrx_word' id='word_1_201' title='bbox 2147 1654 2362 1709; x_wconf 86' lang='lat' dir='ltr'>auxilio</span> <span class='ocrx_word' id='word_1_202' title='bbox 2393 1672 2426 1709; x_wconf 91' lang='lat' dir='ltr'>a</span> <span class='ocrx_word' id='word_1_203' title='bbox 2485 1659 2855 1726; x_wconf 87' lang='lat' dir='ltr'>peccatorum</span> <span class='ocrx_word' id='word_1_204' title='bbox 2908 1656 3241 1708; x_wconf 88' lang='lat' dir='ltr'>nostrorum</span> <span class='ocrx_word' id='word_1_205' title='bbox 3293 1649 3537 1705; x_wconf 82' lang='lat' dir='ltr'>nexibus</span> <span class='ocrx_word' id='word_1_206' title='bbox 3586 1645 3795 1703; x_wconf 87' lang='lat' dir='ltr'>libere-</span> 
     </span>
    </p>
   </div>
   <div class='ocr_carea' id='block_1_33' title="bbox 387 1739 2453 1849">
    <p class='ocr_par' dir='ltr' id='par_1_33' title="bbox 387 1739 2453 1849">
     <span class='ocr_line' id='line_1_33' title="bbox 387 1739 2453 1849; baseline 0.001 -53"><span class='ocrx_word' id='word_1_207' title='bbox 387 1757 493 1796; x_wconf 89' lang='lat' dir='ltr'>nee</span> <span class='ocrx_word' id='word_1_208' title='bbox 522 1740 711 1796; x_wconf 89' lang='lat' dir='ltr'>valeat</span> <span class='ocrx_word' id='word_1_209' title='bbox 740 1740 838 1794; x_wconf 89' lang='lat' dir='ltr'>ille</span> <span class='ocrx_word' id='word_1_210' title='bbox 871 1739 1168 1813; x_wconf 87' lang='lat' dir='ltr'>malignus</span> <span class='ocrx_word' id='word_1_211' title='bbox 1199 1741 1456 1812; x_wconf 90' lang='lat' dir='ltr'>amplius</span> <span class='ocrx_word' id='word_1_212' title='bbox 1510 1740 1835 1812; x_wconf 86' lang='lat' dir='ltr'>inquietare</span> <span class='ocrx_word' id='word_1_213' title='bbox 1884 1740 2036 1809; x_wconf 89' lang='lat' dir='ltr'>illos,</span> <span class='ocrx_word' id='word_1_214' title='bbox 2071 1780 2119 1849; x_wconf 80' lang='grc' dir='ltr'><strong>Β</strong></span> <span class='ocrx_word' id='word_1_215' title='bbox 2150 1760 2300 1799; x_wconf 86' lang='lat' dir='ltr'>mur.</span> <span class='ocrx_word' id='word_1_216' title='bbox 2330 1743 2402 1798; x_wconf 88' lang='lat' dir='ltr'>Pe</span> <span class='ocrx_word' id='word_1_217' title='bbox 2441 1787 2453 1798; x_wconf 96' lang='lat'>.</span> 
     </span>
     <span class='ocr_line' id='line_1_34' title="bbox 396 1828 2398 1849; baseline 0.001 0"><span class='ocrx_word' id='word_1_218' title='bbox 396 1845 533 1849; x_wconf 73' lang='lat'>_-___</span> <span class='ocrx_word' id='word_1_219' title='bbox 571 1828 750 1849; x_wconf 47' lang='grc' dir='ltr'>--με</span> <span class='ocrx_word' id='word_1_220' title='bbox 792 1828 1219 1849; x_wconf 19' lang='lat' dir='ltr'>suumsuum:</span> <span class='ocrx_word' id='word_1_221' title='bbox 1547 1830 1729 1849; x_wconf 39' lang='grc' dir='ltr'>ρηεᾼ,</span> <span class='ocrx_word' id='word_1_222' title='bbox 2387 1837 2398 1849; x_wconf 93' lang='grc'>.</span> 
     </span>
    </p>
   </div>
   <div class='ocr_carea' id='block_1_34' title="bbox 389 1828 2036 1901">
    <p class='ocr_par' dir='ltr' id='par_1_34' title="bbox 389 1828 2036 1901">
     <span class='ocr_line' id='line_1_35' title="bbox 389 1828 2036 1901; baseline -0.001 -17"><span class='ocrx_word' id='word_1_223' title='bbox 389 1845 537 1901; x_wconf 91' lang='lat' dir='ltr'>quos</span> <span class='ocrx_word' id='word_1_224' title='bbox 567 1828 751 1887; x_wconf 87' lang='lat' dir='ltr'>sancti</span> <span class='ocrx_word' id='word_1_225' title='bbox 785 1828 1123 1885; x_wconf 85' lang='lat' dir='ltr'>chrismatis</span> <span class='ocrx_word' id='word_1_226' title='bbox 1139 1828 1223 1883; x_wconf 92' lang='lat' dir='ltr'>tui</span> <span class='ocrx_word' id='word_1_227' title='bbox 1253 1830 1524 1885; x_wconf 90' lang='lat' dir='ltr'>unctione</span> <span class='ocrx_word' id='word_1_228' title='bbox 1546 1830 1731 1885; x_wconf 86' lang='lat' dir='ltr'>fecisti</span> <span class='ocrx_word' id='word_1_229' title='bbox 1762 1846 1889 1885; x_wconf 90' lang='lat' dir='ltr'>esse</span> <span class='ocrx_word' id='word_1_230' title='bbox 1912 1847 2036 1884; x_wconf 90' lang='lat' dir='ltr'>mu-</span> 
     </span>
    </p>
   </div>
   <div class='ocr_carea' id='block_1_35' title="bbox 390 1916 2042 1991">
    <p class='ocr_par' dir='ltr' id='par_1_35' title="bbox 390 1916 2042 1991">
     <span class='ocr_line' id='line_1_36' title="bbox 390 1916 2042 1991; baseline 0.001 -18"><span class='ocrx_word' id='word_1_231' title='bbox 390 1918 566 1991; x_wconf 82' lang='lat' dir='ltr'>nitos.</span> <span class='ocrx_word' id='word_1_232' title='bbox 599 1916 886 1975; x_wconf 88' lang='lat' dir='ltr'>Benedico</span> <span class='ocrx_word' id='word_1_233' title='bbox 922 1917 1030 1974; x_wconf 88' lang='lat' dir='ltr'>hos</span> <span class='ocrx_word' id='word_1_234' title='bbox 1057 1934 1254 1974; x_wconf 91' lang='lat' dir='ltr'>cereos</span> <span class='ocrx_word' id='word_1_235' title='bbox 1283 1919 1340 1972; x_wconf 90' lang='lat' dir='ltr'>in</span> <span class='ocrx_word' id='word_1_236' title='bbox 1375 1918 1612 1975; x_wconf 89' lang='lat' dir='ltr'>nomine</span> <span class='ocrx_word' id='word_1_237' title='bbox 1662 1918 1758 1975; x_wconf 93' lang='lat' dir='ltr'>Dei</span> <span class='ocrx_word' id='word_1_238' title='bbox 1792 1923 1819 1985; x_wconf 61' lang='grc' dir='ltr'>’ί</span> <span class='ocrx_word' id='word_1_239' title='bbox 1856 1918 2042 1974; x_wconf 87' lang='lat' dir='ltr'>Patris</span> 
     </span>
    </p>
   </div>
   <div class='ocr_carea' id='block_1_36' title="bbox 387 2005 2038 2080">
    <p class='ocr_par' dir='ltr' id='par_1_36' title="bbox 387 2005 2038 2080">
     <span class='ocr_line' id='line_1_37' title="bbox 387 2005 2038 2080; baseline 0.001 -19"><span class='ocrx_word' id='word_1_240' title='bbox 387 2006 829 2077; x_wconf 81' lang='lat' dir='ltr'>omnipotentis,</span> <span class='ocrx_word' id='word_1_241' title='bbox 862 2010 917 2062; x_wconf 89' lang='lat' dir='ltr'>et</span> <span class='ocrx_word' id='word_1_242' title='bbox 946 2005 1072 2060; x_wconf 82' lang='lat' dir='ltr'>Filii</span> <span class='ocrx_word' id='word_1_243' title='bbox 1095 2011 1123 2072; x_wconf 56' lang='grc' dir='ltr'>τι</span> <span class='ocrx_word' id='word_1_244' title='bbox 1146 2007 1275 2077; x_wconf 85' lang='lat' dir='ltr'>ejus</span> <span class='ocrx_word' id='word_1_245' title='bbox 1308 2006 1610 2079; x_wconf 87' lang='lat' dir='ltr'>unigeniti,</span> <span class='ocrx_word' id='word_1_246' title='bbox 1643 2011 1701 2063; x_wconf 92' lang='lat' dir='ltr'>et</span> <span class='ocrx_word' id='word_1_247' title='bbox 1732 2006 2038 2080; x_wconf 58' lang='lat' dir='ltr'>SpiritusiL</span> 
     </span>
    </p>
   </div>
   <div class='ocr_carea' id='block_1_37' title="bbox 389 2093 2041 2168">
    <p class='ocr_par' dir='ltr' id='par_1_37' title="bbox 389 2093 2041 2168">
     <span class='ocr_line' id='line_1_38' title="bbox 389 2093 2041 2168; baseline 0 -18"><span class='ocrx_word' id='word_1_248' title='bbox 389 2094 575 2151; x_wconf 86' lang='lat' dir='ltr'>sancti</span> <span class='ocrx_word' id='word_1_249' title='bbox 609 2093 906 2166; x_wconf 87' lang='lat' dir='ltr'>paracleti,</span> <span class='ocrx_word' id='word_1_250' title='bbox 939 2099 1003 2149; x_wconf 92' lang='lat' dir='ltr'>ut</span> <span class='ocrx_word' id='word_1_251' title='bbox 1034 2095 1111 2149; x_wconf 89' lang='lat' dir='ltr'>sit</span> <span class='ocrx_word' id='word_1_252' title='bbox 1145 2095 1364 2166; x_wconf 90' lang='lat' dir='ltr'>ubique</span> <span class='ocrx_word' id='word_1_253' title='bbox 1386 2095 1601 2150; x_wconf 88' lang='lat' dir='ltr'>diaboli</span> <span class='ocrx_word' id='word_1_254' title='bbox 1635 2097 1928 2168; x_wconf 81' lang='lat' dir='ltr'>eii‘ugatio,</span> <span class='ocrx_word' id='word_1_255' title='bbox 1957 2100 2041 2151; x_wconf 88' lang='lat' dir='ltr'>at-</span> 
     </span>
    </p>
   </div>
   <div class='ocr_carea' id='block_1_38' title="bbox 388 2182 2038 2255">
    <p class='ocr_par' dir='ltr' id='par_1_38' title="bbox 388 2182 2038 2255">
     <span class='ocr_line' id='line_1_39' title="bbox 388 2182 2038 2255; baseline 0 -16"><span class='ocrx_word' id='word_1_256' title='bbox 388 2199 502 2255; x_wconf 89' lang='lat' dir='ltr'>que</span> <span class='ocrx_word' id='word_1_257' title='bbox 531 2183 795 2238; x_wconf 82' lang='lat' dir='ltr'>omnium</span> <span class='ocrx_word' id='word_1_258' title='bbox 818 2182 1585 2240; x_wconf 82' lang='lat' dir='ltr'>contubernaliumsuorum</span> <span class='ocrx_word' id='word_1_259' title='bbox 1616 2185 2038 2250; x_wconf 84' lang='lat' dir='ltr'>exterminatio,</span> 
     </span>
    </p>
   </div>
   <div class='ocr_carea' id='block_1_39' title="bbox 388 2270 2040 2345">
    <p class='ocr_par' dir='ltr' id='par_1_39' title="bbox 388 2270 2040 2345">
     <span class='ocr_line' id='line_1_40' title="bbox 388 2270 2040 2345; baseline 0.001 -19"><span class='ocrx_word' id='word_1_260' title='bbox 388 2270 707 2326; x_wconf 84' lang='lat' dir='ltr'>auxiliante</span> <span class='ocrx_word' id='word_1_261' title='bbox 736 2270 939 2326; x_wconf 88' lang='lat' dir='ltr'>eadem</span> <span class='ocrx_word' id='word_1_262' title='bbox 953 2275 1157 2327; x_wconf 89' lang='lat' dir='ltr'>sancta</span> <span class='ocrx_word' id='word_1_263' title='bbox 1185 2277 1243 2327; x_wconf 87' lang='lat' dir='ltr'>et</span> <span class='ocrx_word' id='word_1_264' title='bbox 1273 2271 1574 2328; x_wconf 87' lang='lat' dir='ltr'>individua</span> <span class='ocrx_word' id='word_1_265' title='bbox 1599 2273 2040 2345; x_wconf 78' lang='lat' dir='ltr'>Trinitate,quae</span> 
     </span>
    </p>
   </div>
   <div class='ocr_carea' id='block_1_40' title="bbox 390 2359 2042 2434">
    <p class='ocr_par' dir='ltr' id='par_1_40' title="bbox 390 2359 2042 2434">
     <span class='ocr_line' id='line_1_41' title="bbox 390 2359 2042 2434; baseline 0.002 -21"><span class='ocrx_word' id='word_1_266' title='bbox 390 2360 448 2415; x_wconf 89' lang='lat' dir='ltr'>in</span> <span class='ocrx_word' id='word_1_267' title='bbox 484 2359 736 2415; x_wconf 87' lang='lat' dir='ltr'>Unitatis</span> <span class='ocrx_word' id='word_1_268' title='bbox 765 2360 1024 2415; x_wconf 86' lang='lat' dir='ltr'>essentia</span> <span class='ocrx_word' id='word_1_269' title='bbox 1049 2377 1281 2433; x_wconf 86' lang='lat' dir='ltr'>semper</span> <span class='ocrx_word' id='word_1_270' title='bbox 1300 2361 1674 2434; x_wconf 89' lang='lat' dir='ltr'>permanetin</span> <span class='ocrx_word' id='word_1_271' title='bbox 1702 2361 1914 2418; x_wconf 60' lang='lat' dir='ltr'>smcula</span> <span class='ocrx_word' id='word_1_272' title='bbox 1935 2379 2042 2417; x_wconf 79' lang='lat' dir='ltr'>sae-</span> 
     </span>
    </p>
   </div>
   <div class='ocr_carea' id='block_1_41' title="bbox 391 2438 918 2505">
    <p class='ocr_par' dir='ltr' id='par_1_41' title="bbox 391 2438 918 2505">
     <span class='ocr_line' id='line_1_42' title="bbox 391 2438 918 2505; baseline -0.004 0"><span class='ocrx_word' id='word_1_273' title='bbox 391 2438 679 2505; x_wconf 75' lang='lat' dir='ltr'>colorum.</span> <span class='ocrx_word' id='word_1_274' title='bbox 711 2450 918 2504; x_wconf 90' lang='lat' dir='ltr'>Amen.</span> 
     </span>
    </p>
   </div>
   <div class='ocr_carea' id='block_1_42' title="bbox 459 2555 2040 2627">
    <p class='ocr_par' dir='ltr' id='par_1_42' title="bbox 459 2555 2040 2627">
     <span class='ocr_line' id='line_1_43' title="bbox 459 2555 2040 2627; baseline 0.001 -16"><span class='ocrx_word' id='word_1_275' title='bbox 459 2555 718 2612; x_wconf 68' lang='lat' dir='ltr'>Sacerdos</span> <span class='ocrx_word' id='word_1_276' title='bbox 745 2555 1005 2627; x_wconf 80' lang='lat' dir='ltr'>primitus</span> <span class='ocrx_word' id='word_1_277' title='bbox 1054 2556 1312 2623; x_wconf 76' lang='lat' dir='ltr'>accendat</span> <span class='ocrx_word' id='word_1_278' title='bbox 1359 2573 1573 2614; x_wconf 78' lang='lat' dir='ltr'>cereum</span> <span class='ocrx_word' id='word_1_279' title='bbox 1602 2562 1653 2615; x_wconf 82' lang='lat' dir='ltr'>et</span> <span class='ocrx_word' id='word_1_280' title='bbox 1700 2560 1909 2614; x_wconf 58' lang='lat' dir='ltr'>caeteris</span> <span class='ocrx_word' id='word_1_281' title='bbox 1940 2561 2040 2613; x_wconf 78' lang='lat' dir='ltr'>tri-</span> 
     </span>
    </p>
   </div>
   <div class='ocr_carea' id='block_1_43' title="bbox 391 2644 2038 2717">
    <p class='ocr_par' dir='ltr' id='par_1_43' title="bbox 391 2644 2038 2717">
     <span class='ocr_line' id='line_1_44' title="bbox 391 2644 2038 2717; baseline 0.002 -18"><span class='ocrx_word' id='word_1_282' title='bbox 391 2644 538 2713; x_wconf 85' lang='lat' dir='ltr'>buat,</span> <span class='ocrx_word' id='word_1_283' title='bbox 596 2648 649 2699; x_wconf 84' lang='lat' dir='ltr'>et</span> <span class='ocrx_word' id='word_1_284' title='bbox 701 2649 825 2717; x_wconf 81' lang='lat' dir='ltr'>post</span> <span class='ocrx_word' id='word_1_285' title='bbox 883 2647 1258 2701; x_wconf 78' lang='lat' dir='ltr'>accensionem</span> <span class='ocrx_word' id='word_1_286' title='bbox 1312 2646 1459 2701; x_wconf 74' lang='lat' dir='ltr'>dicat</span> <span class='ocrx_word' id='word_1_287' title='bbox 1513 2646 1655 2701; x_wconf 84' lang='lat' dir='ltr'>hanc</span> <span class='ocrx_word' id='word_1_288' title='bbox 1704 2648 2038 2703; x_wconf 79' lang='lat' dir='ltr'>arationem:</span> 
     </span>
    </p>
   </div>
   <div class='ocr_carea' id='block_1_44' title="bbox 392 2733 2041 2807">
    <p class='ocr_par' dir='ltr' id='par_1_44' title="bbox 392 2733 2041 2807">
     <span class='ocr_line' id='line_1_45' title="bbox 392 2733 2041 2807; baseline 0.001 -17"><span class='ocrx_word' id='word_1_289' title='bbox 392 2733 772 2806; x_wconf 88' lang='lat' dir='ltr'>Omnipotens</span> <span class='ocrx_word' id='word_1_290' title='bbox 785 2733 1137 2805; x_wconf 89' lang='lat' dir='ltr'>sempiterne</span> <span class='ocrx_word' id='word_1_291' title='bbox 1149 2734 1320 2800; x_wconf 89' lang='lat' dir='ltr'>Deus,</span> <span class='ocrx_word' id='word_1_292' title='bbox 1350 2735 1447 2806; x_wconf 89' lang='lat' dir='ltr'>qui</span> <span class='ocrx_word' id='word_1_293' title='bbox 1482 2735 1856 2807; x_wconf 88' lang='lat' dir='ltr'>Unigenitum</span> <span class='ocrx_word' id='word_1_294' title='bbox 1871 2740 2041 2791; x_wconf 90' lang='lat' dir='ltr'>tuum</span> 
     </span>
    </p>
   </div>
   <div class='ocr_carea' id='block_1_45' title="bbox 393 2821 2042 2895">
    <p class='ocr_par' dir='ltr' id='par_1_45' title="bbox 393 2821 2042 2895">
     <span class='ocr_line' id='line_1_46' title="bbox 393 2821 2042 2895; baseline 0.001 -17"><span class='ocrx_word' id='word_1_295' title='bbox 393 2822 671 2879; x_wconf 87' lang='lat' dir='ltr'>hodierna</span> <span class='ocrx_word' id='word_1_296' title='bbox 700 2823 794 2876; x_wconf 89' lang='lat' dir='ltr'>die</span> <span class='ocrx_word' id='word_1_297' title='bbox 822 2821 983 2877; x_wconf 86' lang='lat' dir='ltr'>ulnis</span> <span class='ocrx_word' id='word_1_298' title='bbox 1014 2823 1200 2879; x_wconf 87' lang='lat' dir='ltr'>sancti</span> <span class='ocrx_word' id='word_1_299' title='bbox 1223 2822 1515 2878; x_wconf 89' lang='lat' dir='ltr'>Simeonis</span> <span class='ocrx_word' id='word_1_300' title='bbox 1546 2823 1608 2879; x_wconf 88' lang='lat' dir='ltr'>in</span> <span class='ocrx_word' id='word_1_301' title='bbox 1676 2824 1893 2895; x_wconf 85' lang='lat' dir='ltr'>templo</span> <span class='ocrx_word' id='word_1_302' title='bbox 1942 2828 2042 2880; x_wconf 89' lang='lat' dir='ltr'>tuo</span> 
     </span>
    </p>
   </div>
   <div class='ocr_carea' id='block_1_46' title="bbox 394 2910 2041 2985">
    <p class='ocr_par' dir='ltr' id='par_1_46' title="bbox 394 2910 2041 2985">
     <span class='ocr_line' id='line_1_47' title="bbox 394 2910 2041 2985; baseline 0.001 -18"><span class='ocrx_word' id='word_1_303' title='bbox 394 2915 593 2967; x_wconf 84' lang='lat' dir='ltr'>sancto</span> <span class='ocrx_word' id='word_1_304' title='bbox 625 2910 1065 2984; x_wconf 86' lang='lat' dir='ltr'>suscipiendum</span> <span class='ocrx_word' id='word_1_305' title='bbox 1097 2912 1483 2984; x_wconf 69' lang='lat' dir='ltr'>prmsentasti,</span> <span class='ocrx_word' id='word_1_306' title='bbox 1514 2918 1572 2969; x_wconf 90' lang='lat' dir='ltr'>te</span> <span class='ocrx_word' id='word_1_307' title='bbox 1603 2912 1898 2985; x_wconf 88' lang='lat' dir='ltr'>supplices</span> <span class='ocrx_word' id='word_1_308' title='bbox 1938 2913 2041 2969; x_wconf 89' lang='lat' dir='ltr'>de-</span> 
     </span>
    </p>
   </div>
   <div class='ocr_carea' id='block_1_47' title="bbox 395 2999 2041 3072">
    <p class='ocr_par' dir='ltr' id='par_1_47' title="bbox 395 2999 2041 3072">
     <span class='ocr_line' id='line_1_48' title="bbox 395 2999 2041 3072; baseline 0.001 -19"><span class='ocrx_word' id='word_1_309' title='bbox 395 3015 722 3071; x_wconf 89' lang='lat' dir='ltr'>precamur,</span> <span class='ocrx_word' id='word_1_310' title='bbox 760 3005 820 3054; x_wconf 90' lang='lat' dir='ltr'>ut</span> <span class='ocrx_word' id='word_1_311' title='bbox 846 2999 953 3056; x_wconf 91' lang='lat' dir='ltr'>hos</span> <span class='ocrx_word' id='word_1_312' title='bbox 985 3016 1180 3056; x_wconf 87' lang='lat' dir='ltr'>cereos</span> <span class='ocrx_word' id='word_1_313' title='bbox 1204 3005 1335 3057; x_wconf 90' lang='lat' dir='ltr'>tuos</span> <span class='ocrx_word' id='word_1_314' title='bbox 1367 3018 1516 3072; x_wconf 92' lang='lat' dir='ltr'>quos</span> <span class='ocrx_word' id='word_1_315' title='bbox 1536 3001 1737 3056; x_wconf 82' lang='lat' dir='ltr'>famuli</span> <span class='ocrx_word' id='word_1_316' title='bbox 1773 3002 1855 3056; x_wconf 91' lang='lat' dir='ltr'>tui</span> <span class='ocrx_word' id='word_1_317' title='bbox 1881 3002 2041 3056; x_wconf 80' lang='lat' dir='ltr'>omni</span> 
     </span>
    </p>
   </div>
   <div class='ocr_carea' id='block_1_48' title="bbox 394 3086 2043 3162">
    <p class='ocr_par' dir='ltr' id='par_1_48' title="bbox 394 3086 2043 3162">
     <span class='ocr_line' id='line_1_49' title="bbox 394 3086 2043 3162; baseline 0.001 -18"><span class='ocrx_word' id='word_1_318' title='bbox 394 3088 829 3161; x_wconf 83' lang='lat' dir='ltr'>magnificentia</span> <span class='ocrx_word' id='word_1_319' title='bbox 859 3086 1248 3161; x_wconf 80' lang='lat' dir='ltr'>suscipientes</span> <span class='ocrx_word' id='word_1_320' title='bbox 1272 3095 1497 3161; x_wconf 87' lang='lat' dir='ltr'>gestare</span> <span class='ocrx_word' id='word_1_321' title='bbox 1514 3091 1786 3162; x_wconf 84' lang='lat' dir='ltr'>cupimus</span> <span class='ocrx_word' id='word_1_322' title='bbox 1805 3090 1930 3145; x_wconf 90' lang='lat' dir='ltr'>luce</span> <span class='ocrx_word' id='word_1_323' title='bbox 1955 3106 2043 3146; x_wconf 87' lang='lat' dir='ltr'>ac-</span> 
     </span>
    </p>
   </div>
   <div class='ocr_carea' id='block_1_49' title="bbox 391 3178 2041 3251">
    <p class='ocr_par' dir='ltr' id='par_1_49' title="bbox 391 3178 2041 3251">
     <span class='ocr_line' id='line_1_50' title="bbox 391 3178 2041 3251; baseline 0.002 -20"><span class='ocrx_word' id='word_1_324' title='bbox 391 3193 617 3243; x_wconf 89' lang='lat' dir='ltr'>censos,</span> <span class='ocrx_word' id='word_1_325' title='bbox 650 3178 1032 3243; x_wconf 62' lang='lat' dir='ltr'>benetdicere</span> <span class='ocrx_word' id='word_1_326' title='bbox 1061 3183 1117 3233; x_wconf 89' lang='lat' dir='ltr'>et</span> <span class='ocrx_word' id='word_1_327' title='bbox 1143 3178 1547 3244; x_wconf 65' lang='lat' dir='ltr'>sanctifﬁcare</span> <span class='ocrx_word' id='word_1_328' title='bbox 1581 3179 2041 3251; x_wconf 86' lang='lat' dir='ltr'>digneris,atque</span> 
     </span>
    </p>
   </div>
   <div class='ocr_carea' id='block_1_50' title="bbox 389 3266 2041 3340">
    <p class='ocr_par' dir='ltr' id='par_1_50' title="bbox 389 3266 2041 3340">
     <span class='ocr_line' id='line_1_51' title="bbox 389 3266 2041 3340; baseline 0.002 -20"><span class='ocrx_word' id='word_1_329' title='bbox 389 3266 614 3322; x_wconf 89' lang='lat' dir='ltr'>lumine</span> <span class='ocrx_word' id='word_1_330' title='bbox 643 3282 894 3338; x_wconf 88' lang='lat' dir='ltr'>superne</span> <span class='ocrx_word' id='word_1_331' title='bbox 916 3266 1376 3334; x_wconf 66' lang='lat' dir='ltr'>beneidictionis</span> <span class='ocrx_word' id='word_1_332' title='bbox 1390 3269 1723 3335; x_wconf 80' lang='lat' dir='ltr'>accendere,</span> <span class='ocrx_word' id='word_1_333' title='bbox 1748 3274 2041 3340; x_wconf 83' lang='lat' dir='ltr'>quatenus</span> 
     </span>
    </p>
   </div>
   <div class='ocr_carea' id='block_1_51' title="bbox 390 3355 2043 3430">
    <p class='ocr_par' dir='ltr' id='par_1_51' title="bbox 390 3355 2043 3430">
     <span class='ocr_line' id='line_1_52' title="bbox 390 3355 2043 3430; baseline 0.002 -20"><span class='ocrx_word' id='word_1_334' title='bbox 390 3371 490 3411; x_wconf 89' lang='lat' dir='ltr'>eos</span> <span class='ocrx_word' id='word_1_335' title='bbox 520 3355 628 3411; x_wconf 88' lang='lat' dir='ltr'>tibi</span> <span class='ocrx_word' id='word_1_336' title='bbox 688 3355 934 3411; x_wconf 88' lang='lat' dir='ltr'>Domino</span> <span class='ocrx_word' id='word_1_337' title='bbox 984 3361 1098 3412; x_wconf 86' lang='lat' dir='ltr'>Deo</span> <span class='ocrx_word' id='word_1_338' title='bbox 1159 3361 1357 3413; x_wconf 89' lang='lat' dir='ltr'>nostro</span> <span class='ocrx_word' id='word_1_339' title='bbox 1417 3357 1709 3412; x_wconf 73' lang='lat' dir='ltr'>offerendo</span> <span class='ocrx_word' id='word_1_340' title='bbox 1769 3358 1952 3430; x_wconf 81' lang='lat' dir='ltr'>digni,</span> <span class='ocrx_word' id='word_1_341' title='bbox 1986 3362 2043 3413; x_wconf 87' lang='lat' dir='ltr'>et</span> 
     </span>
    </p>
   </div>
   <div class='ocr_carea' id='block_1_52' title="bbox 390 3444 2039 3517">
    <p class='ocr_par' dir='ltr' id='par_1_52' title="bbox 390 3444 2039 3517">
     <span class='ocr_line' id='line_1_53' title="bbox 390 3444 2039 3517; baseline 0.001 -17"><span class='ocrx_word' id='word_1_342' title='bbox 390 3449 594 3500; x_wconf 88' lang='lat' dir='ltr'>sancto</span> <span class='ocrx_word' id='word_1_343' title='bbox 629 3445 761 3517; x_wconf 83' lang='lat' dir='ltr'>igne</span> <span class='ocrx_word' id='word_1_344' title='bbox 792 3448 905 3499; x_wconf 70' lang='lat' dir='ltr'>tua:</span> <span class='ocrx_word' id='word_1_345' title='bbox 958 3444 1287 3501; x_wconf 88' lang='lat' dir='ltr'>dulcedinis</span> <span class='ocrx_word' id='word_1_346' title='bbox 1344 3445 1646 3501; x_wconf 87' lang='lat' dir='ltr'>charitatis</span> <span class='ocrx_word' id='word_1_347' title='bbox 1700 3448 1949 3513; x_wconf 88' lang='lat' dir='ltr'>accensi,</span> <span class='ocrx_word' id='word_1_348' title='bbox 1981 3446 2039 3501; x_wconf 91' lang='lat' dir='ltr'>in</span> 
     </span>
    </p>
   </div>
   <div class='ocr_carea' id='block_1_53' title="bbox 388 3531 2039 3605">
    <p class='ocr_par' dir='ltr' id='par_1_53' title="bbox 388 3531 2039 3605">
     <span class='ocr_line' id='line_1_54' title="bbox 388 3531 2039 3605; baseline 0.002 -19"><span class='ocrx_word' id='word_1_349' title='bbox 388 3531 608 3602; x_wconf 87' lang='lat' dir='ltr'>templo</span> <span class='ocrx_word' id='word_1_350' title='bbox 667 3537 869 3587; x_wconf 89' lang='lat' dir='ltr'>sancto</span> <span class='ocrx_word' id='word_1_351' title='bbox 926 3532 1120 3604; x_wconf 64' lang='lat' dir='ltr'>gloriae</span> <span class='ocrx_word' id='word_1_352' title='bbox 1177 3538 1291 3589; x_wconf 67' lang='lat' dir='ltr'>tua:</span> <span class='ocrx_word' id='word_1_353' title='bbox 1362 3534 1760 3605; x_wconf 69' lang='lat' dir='ltr'>repraesentari</span> <span class='ocrx_word' id='word_1_354' title='bbox 1820 3551 2039 3591; x_wconf 87' lang='lat' dir='ltr'>merea-</span> 
     </span>
    </p>
   </div>
   <div class='ocr_carea' id='block_1_54' title="bbox 391 3620 708 3680">
    <p class='ocr_par' dir='ltr' id='par_1_54' title="bbox 391 3620 708 3680">
     <span class='ocr_line' id='line_1_55' title="bbox 391 3620 708 3680; baseline 0.003 -6"><span class='ocrx_word' id='word_1_355' title='bbox 391 3636 545 3680; x_wconf 89' lang='lat' dir='ltr'>mur.</span> <span class='ocrx_word' id='word_1_356' title='bbox 580 3620 708 3675; x_wconf 89' lang='lat' dir='ltr'>Per.</span> 
     </span>
    </p>
   </div>
   <div class='ocr_carea' id='block_1_55' title="bbox 883 3750 1551 3793">
    <p class='ocr_par' dir='ltr' id='par_1_55' title="bbox 883 3750 1551 3793">
     <span class='ocr_line' id='line_1_56' title="bbox 883 3750 1551 3793; baseline 0.004 -3"><span class='ocrx_word' id='word_1_357' title='bbox 883 3750 1053 3791; x_wconf 77' lang='lat' dir='ltr'>MISSA</span> <span class='ocrx_word' id='word_1_358' title='bbox 1091 3752 1151 3791; x_wconf 72' lang='lat' dir='ltr'>IN</span> <span class='ocrx_word' id='word_1_359' title='bbox 1191 3753 1285 3791; x_wconf 84' lang='lat' dir='ltr'>DIE</span> <span class='ocrx_word' id='word_1_360' title='bbox 1321 3752 1551 3793; x_wconf 73' lang='lat' dir='ltr'>SANCTO.</span> 
     </span>
    </p>
   </div>
   <div class='ocr_carea' id='block_1_56' title="bbox 463 3868 2043 3942">
    <p class='ocr_par' dir='ltr' id='par_1_56' title="bbox 463 3868 2043 3942">
     <span class='ocr_line' id='line_1_57' title="bbox 463 3868 2043 3942; baseline 0.003 -19"><span class='ocrx_word' id='word_1_361' title='bbox 463 3868 846 3941; x_wconf 81' lang='lat' dir='ltr'>Omnipotens</span> <span class='ocrx_word' id='word_1_362' title='bbox 877 3869 1227 3941; x_wconf 89' lang='lat' dir='ltr'>sempiterne</span> <span class='ocrx_word' id='word_1_363' title='bbox 1259 3869 1431 3937; x_wconf 90' lang='lat' dir='ltr'>Deus,</span> <span class='ocrx_word' id='word_1_364' title='bbox 1465 3872 1833 3942; x_wconf 65' lang='lat' dir='ltr'>maiestatem</span> <span class='ocrx_word' id='word_1_365' title='bbox 1881 3876 2043 3927; x_wconf 88' lang='lat' dir='ltr'>tuam</span> 
     </span>
    </p>
   </div>
   <div class='ocr_carea' id='block_1_57' title="bbox 394 3956 2045 4033">
    <p class='ocr_par' dir='ltr' id='par_1_57' title="bbox 394 3956 2045 4033">
     <span class='ocr_line' id='line_1_58' title="bbox 394 3956 2045 4033; baseline 0.002 -21"><span class='ocrx_word' id='word_1_366' title='bbox 394 3956 690 4029; x_wconf 91' lang='lat' dir='ltr'>supplices</span> <span class='ocrx_word' id='word_1_367' title='bbox 721 3973 1048 4022; x_wconf 84' lang='lat' dir='ltr'>exoramus,</span> <span class='ocrx_word' id='word_1_368' title='bbox 1080 3963 1144 4012; x_wconf 91' lang='lat' dir='ltr'>ut</span> <span class='ocrx_word' id='word_1_369' title='bbox 1177 3957 1680 4033; x_wconf 87' lang='lat' dir='ltr'>sicutunigenitus</span> <span class='ocrx_word' id='word_1_370' title='bbox 1696 3960 1875 4016; x_wconf 82' lang='lat' dir='ltr'>Filius</span> <span class='ocrx_word' id='word_1_371' title='bbox 1908 3966 2045 4016; x_wconf 90' lang='lat' dir='ltr'>tuus</span> 
     </span>
    </p>
   </div>
   <div class='ocr_carea' id='block_1_58' title="bbox 380 4045 2043 4127">
    <p class='ocr_par' dir='ltr' id='par_1_58' title="bbox 380 4045 2043 4127">
     <span class='ocr_line' id='line_1_59' title="bbox 380 4045 2043 4127; baseline 0.004 -28"><span class='ocrx_word' id='word_1_372' title='bbox 380 4045 676 4127; x_wconf 77' lang='lat' dir='ltr'>hodierna</span> <span class='ocrx_word' id='word_1_373' title='bbox 706 4046 800 4102; x_wconf 89' lang='lat' dir='ltr'>die</span> <span class='ocrx_word' id='word_1_374' title='bbox 830 4064 964 4102; x_wconf 89' lang='lat' dir='ltr'>cum</span> <span class='ocrx_word' id='word_1_375' title='bbox 988 4050 1199 4103; x_wconf 70' lang='lat' dir='ltr'>nostrae</span> <span class='ocrx_word' id='word_1_376' title='bbox 1232 4048 1423 4104; x_wconf 90' lang='lat' dir='ltr'>carnis</span> <span class='ocrx_word' id='word_1_377' title='bbox 1457 4049 1793 4105; x_wconf 87' lang='lat' dir='ltr'>substantia</span> <span class='ocrx_word' id='word_1_378' title='bbox 1814 4050 1873 4105; x_wconf 89' lang='lat' dir='ltr'>in</span> <span class='ocrx_word' id='word_1_379' title='bbox 1899 4055 2043 4106; x_wconf 81' lang='lat' dir='ltr'>tem—</span> 
     </span>
    </p>
   </div>
   <div class='ocr_carea' id='block_1_59' title="bbox 458 4160 2045 4231">
    <p class='ocr_par' dir='ltr' id='par_1_59' title="bbox 458 4160 2045 4231">
     <span class='ocr_line' id='line_1_60' title="bbox 458 4160 2045 4231; baseline 0.001 -14"><span class='ocrx_word' id='word_1_380' title='bbox 458 4160 543 4231; x_wconf 84' lang='lat'>(9)</span> <span class='ocrx_word' id='word_1_381' title='bbox 573 4161 867 4217; x_wconf 73' lang='lat' dir='ltr'>Cathedra:</span> <span class='ocrx_word' id='word_1_382' title='bbox 899 4162 1096 4218; x_wconf 87' lang='lat' dir='ltr'>Sancti</span> <span class='ocrx_word' id='word_1_383' title='bbox 1132 4163 1278 4217; x_wconf 86' lang='lat' dir='ltr'>Petri</span> <span class='ocrx_word' id='word_1_384' title='bbox 1316 4164 1501 4219; x_wconf 85' lang='lat' dir='ltr'>festus</span> <span class='ocrx_word' id='word_1_385' title='bbox 1523 4164 1647 4219; x_wconf 90' lang='lat' dir='ltr'>dies</span> <span class='ocrx_word' id='word_1_386' title='bbox 1680 4164 1955 4219; x_wconf 90' lang='lat' dir='ltr'>recolitur</span> <span class='ocrx_word' id='word_1_387' title='bbox 1985 4165 2045 4219; x_wconf 89' lang='lat' dir='ltr'>in</span> 
     </span>
    </p>
   </div>
   <div class='ocr_carea' id='block_1_60' title="bbox 393 4233 2048 4304">
    <p class='ocr_par' dir='ltr' id='par_1_60' title="bbox 393 4233 2048 4304">
     <span class='ocr_line' id='line_1_61' title="bbox 393 4233 2048 4304; baseline 0.004 -19"><span class='ocrx_word' id='word_1_388' title='bbox 393 4237 592 4304; x_wconf 66' lang='lat' dir='ltr'>nostra</span> <span class='ocrx_word' id='word_1_389' title='bbox 624 4233 846 4304; x_wconf 88' lang='lat' dir='ltr'>missali</span> <span class='ocrx_word' id='word_1_390' title='bbox 880 4238 1013 4304; x_wconf 88' lang='lat' dir='ltr'>post</span> <span class='ocrx_word' id='word_1_391' title='bbox 1057 4234 1329 4289; x_wconf 81' lang='lat' dir='ltr'>festivum</span> <span class='ocrx_word' id='word_1_392' title='bbox 1389 4235 1817 4290; x_wconf 82' lang='lat' dir='ltr'>Puriﬁcationis</span> <span class='ocrx_word' id='word_1_393' title='bbox 1866 4236 2048 4291; x_wconf 64' lang='lat' dir='ltr'>beata:</span> 
     </span>
    </p>
   </div>
   <div class='ocr_carea' id='block_1_61' title="bbox 392 4299 2046 4375">
    <p class='ocr_par' dir='ltr' id='par_1_61' title="bbox 392 4299 2046 4375">
     <span class='ocr_line' id='line_1_62' title="bbox 392 4299 2046 4375; baseline 0.003 -19"><span class='ocrx_word' id='word_1_394' title='bbox 392 4299 586 4375; x_wconf 69' lang='lat' dir='ltr'>Mariae</span> <span class='ocrx_word' id='word_1_395' title='bbox 630 4299 897 4375; x_wconf 63' lang='lat' dir='ltr'>virginis,</span> <span class='ocrx_word' id='word_1_396' title='bbox 951 4304 1196 4375; x_wconf 82' lang='lat' dir='ltr'>ideoque</span> <span class='ocrx_word' id='word_1_397' title='bbox 1250 4321 1449 4359; x_wconf 85' lang='lat' dir='ltr'>mense</span> <span class='ocrx_word' id='word_1_398' title='bbox 1505 4306 1836 4373; x_wconf 85' lang='lat' dir='ltr'>februario;</span> <span class='ocrx_word' id='word_1_399' title='bbox 1892 4306 2046 4375; x_wconf 88' lang='lat' dir='ltr'>quod</span> 
     </span>
    </p>
   </div>
   <div class='ocr_carea' id='block_1_62' title="bbox 391 4371 2046 4449">
    <p class='ocr_par' dir='ltr' id='par_1_62' title="bbox 391 4371 2046 4449">
     <span class='ocr_line' id='line_1_63' title="bbox 391 4371 2046 4449; baseline 0.003 -24"><span class='ocrx_word' id='word_1_400' title='bbox 391 4371 758 4449; x_wconf 77' lang='lat' dir='ltr'>apertissime</span> <span class='ocrx_word' id='word_1_401' title='bbox 789 4375 1051 4449; x_wconf 73' lang='lat' dir='ltr'>ostendit</span> <span class='ocrx_word' id='word_1_402' title='bbox 1079 4371 1267 4449; x_wconf 75' lang='lat' dir='ltr'>neque</span> <span class='ocrx_word' id='word_1_403' title='bbox 1288 4374 1651 4449; x_wconf 77' lang='lat' dir='ltr'>temporibus</span> <span class='ocrx_word' id='word_1_404' title='bbox 1679 4371 1864 4449; x_wconf 69' lang='lat' dir='ltr'>sancti</span> <span class='ocrx_word' id='word_1_405' title='bbox 1896 4371 2046 4431; x_wconf 84' lang='lat' dir='ltr'>Petri</span> 
     </span>
    </p>
   </div>
   <div class='ocr_carea' id='block_1_63' title="bbox 392 4442 2046 4502">
    <p class='ocr_par' dir='ltr' id='par_1_63' title="bbox 392 4442 2046 4502">
     <span class='ocr_line' id='line_1_64' title="bbox 392 4442 2046 4502; baseline 0.004 -7"><span class='ocrx_word' id='word_1_406' title='bbox 392 4442 659 4496; x_wconf 80' lang='lat' dir='ltr'>Uamiani</span> <span class='ocrx_word' id='word_1_407' title='bbox 696 4444 750 4495; x_wconf 90' lang='lat' dir='ltr'>in</span> <span class='ocrx_word' id='word_1_408' title='bbox 782 4443 1090 4498; x_wconf 85' lang='lat' dir='ltr'>Ordinario</span> <span class='ocrx_word' id='word_1_409' title='bbox 1126 4442 1384 4499; x_wconf 75' lang='lat' dir='ltr'>Romano</span> <span class='ocrx_word' id='word_1_410' title='bbox 1412 4442 1720 4500; x_wconf 31' lang='lat' dir='ltr'>‘cathedra:</span> <span class='ocrx_word' id='word_1_411' title='bbox 1773 4448 2046 4502; x_wconf 67' lang='lat' dir='ltr'>Romanae</span> 
     </span>
    </p>
   </div>
   <div class='ocr_carea' id='block_1_64' title="bbox 392 4506 2126 4584">
    <p class='ocr_par' dir='ltr' id='par_1_64' title="bbox 392 4506 2126 4584">
     <span class='ocr_line' id='line_1_65' title="bbox 392 4506 2126 4584; baseline 0.004 -19"><span class='ocrx_word' id='word_1_412' title='bbox 392 4513 608 4584; x_wconf 87' lang='lat' dir='ltr'>festum</span> <span class='ocrx_word' id='word_1_413' title='bbox 641 4513 819 4576; x_wconf 90' lang='lat' dir='ltr'>diem,</span> <span class='ocrx_word' id='word_1_414' title='bbox 853 4514 953 4584; x_wconf 90' lang='lat' dir='ltr'>qui</span> <span class='ocrx_word' id='word_1_415' title='bbox 982 4516 1264 4570; x_wconf 87' lang='lat' dir='ltr'>Januario</span> <span class='ocrx_word' id='word_1_416' title='bbox 1290 4531 1489 4570; x_wconf 89' lang='lat' dir='ltr'>mense</span> <span class='ocrx_word' id='word_1_417' title='bbox 1520 4517 1812 4579; x_wconf 88' lang='lat' dir='ltr'>recolitur,</span> <span class='ocrx_word' id='word_1_418' title='bbox 1868 4519 2048 4574; x_wconf 82' lang='lat' dir='ltr'>fuisse</span> <span class='ocrx_word' id='word_1_419' title='bbox 2078 4506 2126 4572; x_wconf 88' lang='lat' dir='ltr'>D</span> 
     </span>
    </p>
   </div>
   <div class='ocr_carea' id='block_1_65' title="bbox 395 4583 2047 4657">
    <p class='ocr_par' dir='ltr' id='par_1_65' title="bbox 395 4583 2047 4657">
     <span class='ocr_line' id='line_1_66' title="bbox 395 4583 2047 4657; baseline 0.005 -19"><span class='ocrx_word' id='word_1_420' title='bbox 395 4583 778 4657; x_wconf 76' lang='lat' dir='ltr'>descriptum.</span> <span class='ocrx_word' id='word_1_421' title='bbox 798 4583 920 4640; x_wconf 83' lang='lat' dir='ltr'>lmo</span> <span class='ocrx_word' id='word_1_422' title='bbox 946 4603 1123 4656; x_wconf 84' lang='lat' dir='ltr'>penes</span> <span class='ocrx_word' id='word_1_423' title='bbox 1138 4604 1229 4642; x_wconf 86' lang='lat' dir='ltr'>me.</span> <span class='ocrx_word' id='word_1_424' title='bbox 1254 4592 1341 4642; x_wconf 90' lang='lat' dir='ltr'>est</span> <span class='ocrx_word' id='word_1_425' title='bbox 1370 4587 1676 4657; x_wconf 87' lang='lat' dir='ltr'>antiquum</span> <span class='ocrx_word' id='word_1_426' title='bbox 1694 4589 2047 4646; x_wconf 83' lang='lat' dir='ltr'>breviarium</span> 
     </span>
    </p>
   </div>
   <div class='ocr_carea' id='block_1_66' title="bbox 396 4656 2046 4717">
    <p class='ocr_par' dir='ltr' id='par_1_66' title="bbox 396 4656 2046 4717">
     <span class='ocr_line' id='line_1_67' title="bbox 396 4656 2046 4717; baseline 0.005 -8"><span class='ocrx_word' id='word_1_427' title='bbox 396 4656 909 4710; x_wconf 86' lang='lat' dir='ltr'>membranaceum</span> <span class='ocrx_word' id='word_1_428' title='bbox 932 4657 1142 4712; x_wconf 63' lang='lat' dir='ltr'>szeculo</span> <span class='ocrx_word' id='word_1_429' title='bbox 1173 4675 1265 4713; x_wconf 78' lang='lat' dir='ltr'>xw</span> <span class='ocrx_word' id='word_1_430' title='bbox 1286 4656 1569 4717; x_wconf 80' lang='lat' dir='ltr'>scriptum</span> <span class='ocrx_word' id='word_1_431' title='bbox 1605 4660 1701 4715; x_wconf 93' lang='lat' dir='ltr'>ubi</span> <span class='ocrx_word' id='word_1_432' title='bbox 1734 4663 1919 4716; x_wconf 88' lang='lat' dir='ltr'>sancti</span> <span class='ocrx_word' id='word_1_433' title='bbox 1945 4663 2046 4717; x_wconf 87' lang='lat' dir='ltr'>Pe-</span> 
     </span>
    </p>
   </div>
   <div class='ocr_carea' id='block_1_67' title="bbox 390 4675 2045 4799">
    <p class='ocr_par' dir='ltr' id='par_1_67' title="bbox 390 4675 2045 4799">
     <span class='ocr_line' id='line_1_68' title="bbox 396 4675 2045 4717; baseline 0.005 -8"><span class='ocrx_word' id='word_1_434' title='bbox 396 4675 909 4710; x_wconf 83' lang='lat' dir='ltr'>memoranaceum</span> <span class='ocrx_word' id='word_1_435' title='bbox 932 4675 1142 4712; x_wconf 61' lang='lat' dir='ltr'>SiPCUIO</span> <span class='ocrx_word' id='word_1_436' title='bbox 1173 4675 1265 4713; x_wconf 72' lang='lat' dir='ltr'>XIV</span> <span class='ocrx_word' id='word_1_437' title='bbox 1286 4675 1396 4713; x_wconf 78' lang='lat' dir='ltr'>SCl‘l</span> <span class='ocrx_word' id='word_1_438' title='bbox 1446 4675 1569 4713; x_wconf 80' lang='lat' dir='ltr'>tum</span> <span class='ocrx_word' id='word_1_439' title='bbox 1605 4675 1701 4715; x_wconf 77' lang='lat' dir='ltr'>UDI</span> <span class='ocrx_word' id='word_1_440' title='bbox 1734 4675 1919 4716; x_wconf 81' lang='lat' dir='ltr'>sancti</span> <span class='ocrx_word' id='word_1_441' title='bbox 1948 4675 2045 4717; x_wconf 71' lang='grc' dir='ltr'>ΡΘ-</span> 
     </span>
     <span class='ocr_line' id='line_1_69' title="bbox 390 4675 2045 4799; baseline 0.004 -19"><span class='ocrx_word' id='word_1_442' title='bbox 390 4727 465 4799; x_wconf 86' lang='lat' dir='ltr'>tri</span> <span class='ocrx_word' id='word_1_443' title='bbox 502 4726 788 4799; x_wconf 75' lang='lat' dir='ltr'>cathedra</span> <span class='ocrx_word' id='word_1_444' title='bbox 818 4743 932 4782; x_wconf 88' lang='lat' dir='ltr'>non</span> <span class='ocrx_word' id='word_1_445' title='bbox 980 4728 1229 4783; x_wconf 85' lang='lat' dir='ltr'>habetur</span> <span class='ocrx_word' id='word_1_446' title='bbox 1265 4745 1336 4783; x_wconf 80' lang='lat' dir='ltr'>xv</span> <span class='ocrx_word' id='word_1_447' title='bbox 1382 4675 1674 4787; x_wconf 46' lang='lat' dir='ltr'>Igalendas</span> <span class='ocrx_word' id='word_1_448' title='bbox 1723 4732 2045 4790; x_wconf 87' lang='lat' dir='ltr'>Februarii.</span> 
     </span>
    </p>
   </div>
   <div class='ocr_carea' id='block_1_68' title="bbox 394 4798 2051 4859">
    <p class='ocr_par' dir='ltr' id='par_1_68' title="bbox 394 4798 2051 4859">
     <span class='ocr_line' id='line_1_70' title="bbox 394 4798 2051 4859; baseline 0.003 -7"><span class='ocrx_word' id='word_1_449' title='bbox 394 4798 725 4855; x_wconf 81' lang='lat' dir='ltr'>Putandum</span> <span class='ocrx_word' id='word_1_450' title='bbox 756 4804 947 4853; x_wconf 86' lang='lat' dir='ltr'>tamen</span> <span class='ocrx_word' id='word_1_451' title='bbox 983 4807 1201 4855; x_wconf 89' lang='lat' dir='ltr'>nonest</span> <span class='ocrx_word' id='word_1_452' title='bbox 1233 4800 1430 4855; x_wconf 89' lang='lat' dir='ltr'>haberi</span> <span class='ocrx_word' id='word_1_453' title='bbox 1450 4800 1542 4855; x_wconf 90' lang='lat' dir='ltr'>hic</span> <span class='ocrx_word' id='word_1_454' title='bbox 1565 4804 1776 4857; x_wconf 79' lang='lat' dir='ltr'>festum</span> <span class='ocrx_word' id='word_1_455' title='bbox 1810 4805 1962 4859; x_wconf 90' lang='lat' dir='ltr'>diem</span> <span class='ocrx_word' id='word_1_456' title='bbox 1981 4805 2051 4858; x_wconf 86' lang='lat' dir='ltr'>de</span> 
     </span>
    </p>
   </div>
   <div class='ocr_carea' id='block_1_69' title="bbox 391 4869 2052 4941">
    <p class='ocr_par' dir='ltr' id='par_1_69' title="bbox 391 4869 2052 4941">
     <span class='ocr_line' id='line_1_71' title="bbox 391 4869 2052 4941; baseline 0.002 -16"><span class='ocrx_word' id='word_1_457' title='bbox 391 4869 514 4926; x_wconf 78' lang='lat' dir='ltr'>sola</span> <span class='ocrx_word' id='word_1_458' title='bbox 554 4869 841 4924; x_wconf 86' lang='lat' dir='ltr'>Cathedra</span> <span class='ocrx_word' id='word_1_459' title='bbox 897 4872 1274 4937; x_wconf 83' lang='lat' dir='ltr'>Antiochena,</span> <span class='ocrx_word' id='word_1_460' title='bbox 1326 4872 1427 4941; x_wconf 89' lang='lat' dir='ltr'>qui</span> <span class='ocrx_word' id='word_1_461' title='bbox 1487 4890 1687 4928; x_wconf 84' lang='lat' dir='ltr'>mense</span> <span class='ocrx_word' id='word_1_462' title='bbox 1739 4874 2052 4931; x_wconf 85' lang='lat' dir='ltr'>Februario</span> 
     </span>
    </p>
   </div>
   <div class='ocr_carea' id='block_1_70' title="bbox 390 4941 2053 5012">
    <p class='ocr_par' dir='ltr' id='par_1_70' title="bbox 390 4941 2053 5012">
     <span class='ocr_line' id='line_1_72' title="bbox 390 4941 2053 5012; baseline 0.002 -17"><span class='ocrx_word' id='word_1_463' title='bbox 390 4941 745 5001; x_wconf 79' lang='lat' dir='ltr'>celebratur.</span> <span class='ocrx_word' id='word_1_464' title='bbox 779 4959 845 4996; x_wconf 89' lang='lat' dir='ltr'>eo</span> <span class='ocrx_word' id='word_1_465' title='bbox 874 4941 957 4996; x_wconf 88' lang='lat' dir='ltr'>vel</span> <span class='ocrx_word' id='word_1_466' title='bbox 992 4945 1245 4997; x_wconf 76' lang='lat' dir='ltr'>maxime</span> <span class='ocrx_word' id='word_1_467' title='bbox 1286 4945 1425 5012; x_wconf 84' lang='lat' dir='ltr'>quia</span> <span class='ocrx_word' id='word_1_468' title='bbox 1453 4945 1521 4998; x_wconf 88' lang='lat' dir='ltr'>de</span> <span class='ocrx_word' id='word_1_469' title='bbox 1574 4944 1837 4999; x_wconf 80' lang='lat' dir='ltr'>Romana</span> <span class='ocrx_word' id='word_1_470' title='bbox 1894 4946 2053 4999; x_wconf 85' lang='lat' dir='ltr'>nulla</span> 
     </span>
    </p>
   </div>
   <div class='ocr_carea' id='block_1_71' title="bbox 393 5012 2056 5071">
    <p class='ocr_par' dir='ltr' id='par_1_71' title="bbox 393 5012 2056 5071">
     <span class='ocr_line' id='line_1_73' title="bbox 393 5012 2056 5071; baseline 0.003 -5"><span class='ocrx_word' id='word_1_471' title='bbox 393 5014 459 5066; x_wconf 88' lang='lat' dir='ltr'>lit</span> <span class='ocrx_word' id='word_1_472' title='bbox 508 5012 792 5068; x_wconf 84' lang='lat' dir='ltr'>memoria</span> <span class='ocrx_word' id='word_1_473' title='bbox 844 5012 901 5067; x_wconf 91' lang='lat' dir='ltr'>in</span> <span class='ocrx_word' id='word_1_474' title='bbox 964 5013 1130 5069; x_wconf 86' lang='lat' dir='ltr'>libris</span> <span class='ocrx_word' id='word_1_475' title='bbox 1185 5019 1689 5069; x_wconf 85' lang='lat' dir='ltr'>sacramentorum</span> <span class='ocrx_word' id='word_1_476' title='bbox 1750 5017 1964 5071; x_wconf 79' lang='lat' dir='ltr'>Gelasii</span> <span class='ocrx_word' id='word_1_477' title='bbox 1998 5021 2056 5071; x_wconf 89' lang='lat' dir='ltr'>et</span> 
     </span>
    </p>
   </div>
   <div class='ocr_carea' id='block_1_72' title="bbox 393 5083 2054 5157">
    <p class='ocr_par' dir='ltr' id='par_1_72' title="bbox 393 5083 2054 5157">
     <span class='ocr_line' id='line_1_74' title="bbox 393 5083 2054 5157; baseline 0.003 -19"><span class='ocrx_word' id='word_1_478' title='bbox 393 5083 674 5157; x_wconf 79' lang='lat' dir='ltr'>Gregorii.</span> <span class='ocrx_word' id='word_1_479' title='bbox 710 5084 1026 5157; x_wconf 78' lang='lat' dir='ltr'>Menardus</span> <span class='ocrx_word' id='word_1_480' title='bbox 1055 5086 1235 5157; x_wconf 79' lang='lat' dir='ltr'>enim,</span> <span class='ocrx_word' id='word_1_481' title='bbox 1266 5085 1586 5157; x_wconf 80' lang='lat' dir='ltr'>etquidem</span> <span class='ocrx_word' id='word_1_482' title='bbox 1610 5103 1753 5141; x_wconf 89' lang='lat' dir='ltr'>sano</span> <span class='ocrx_word' id='word_1_483' title='bbox 1784 5088 2054 5151; x_wconf 84' lang='lat' dir='ltr'>consilio,</span> 
     </span>
    </p>
   </div>
   <div class='ocr_carea' id='block_1_73' title="bbox 395 5154 2055 5227">
    <p class='ocr_par' dir='ltr' id='par_1_73' title="bbox 395 5154 2055 5227">
     <span class='ocr_line' id='line_1_75' title="bbox 395 5154 2055 5227; baseline 0.002 -20"><span class='ocrx_word' id='word_1_484' title='bbox 395 5154 565 5227; x_wconf 72' lang='lat' dir='ltr'>putat</span> <span class='ocrx_word' id='word_1_485' title='bbox 598 5156 714 5227; x_wconf 76' lang='lat' dir='ltr'>hac</span> <span class='ocrx_word' id='word_1_486' title='bbox 734 5154 827 5210; x_wconf 88' lang='lat' dir='ltr'>die</span> <span class='ocrx_word' id='word_1_487' title='bbox 859 5155 929 5210; x_wconf 89' lang='lat' dir='ltr'>de</span> <span class='ocrx_word' id='word_1_488' title='bbox 942 5160 1191 5227; x_wconf 80' lang='lat' dir='ltr'>utraque</span> <span class='ocrx_word' id='word_1_489' title='bbox 1214 5154 1501 5211; x_wconf 82' lang='lat' dir='ltr'>Cathedra</span> <span class='ocrx_word' id='word_1_490' title='bbox 1520 5158 1865 5213; x_wconf 86' lang='lat' dir='ltr'>memoriam</span> <span class='ocrx_word' id='word_1_491' title='bbox 1882 5159 2055 5214; x_wconf 88' lang='lat' dir='ltr'>recoli</span> 
     </span>
    </p>
   </div>
   <div class='ocr_carea' id='block_1_74' title="bbox 394 5224 2056 5298">
    <p class='ocr_par' dir='ltr' id='par_1_74' title="bbox 394 5224 2056 5298">
     <span class='ocr_line' id='line_1_76' title="bbox 394 5224 2056 5298; baseline 0.003 -20"><span class='ocrx_word' id='word_1_492' title='bbox 394 5224 468 5298; x_wconf 68' lang='lat' dir='ltr'>ab</span> <span class='ocrx_word' id='word_1_493' title='bbox 500 5224 778 5298; x_wconf 79' lang='lat' dir='ltr'>Ecclesia,</span> <span class='ocrx_word' id='word_1_494' title='bbox 812 5227 967 5298; x_wconf 90' lang='lat' dir='ltr'>quod</span> <span class='ocrx_word' id='word_1_495' title='bbox 1001 5224 1198 5283; x_wconf 76' lang='lat' dir='ltr'>revera</span> <span class='ocrx_word' id='word_1_496' title='bbox 1224 5228 1568 5284; x_wconf 86' lang='lat' dir='ltr'>auctoritate</span> <span class='ocrx_word' id='word_1_497' title='bbox 1592 5228 1777 5284; x_wconf 86' lang='lat' dir='ltr'>nostri</span> <span class='ocrx_word' id='word_1_498' title='bbox 1804 5229 2056 5284; x_wconf 88' lang='lat' dir='ltr'>missalis</span> 
     </span>
    </p>
   </div>
   <div class='ocr_carea' id='block_1_75' title="bbox 393 5293 2060 5375">
    <p class='ocr_par' dir='ltr' id='par_1_75' title="bbox 393 5293 2060 5375">
     <span class='ocr_line' id='line_1_77' title="bbox 393 5293 2060 5375; baseline 0.005 -29"><span class='ocrx_word' id='word_1_499' title='bbox 393 5293 883 5375; x_wconf 33' lang='lat' dir='ltr'>lhibriﬂpmbatu&#39;r,</span> <span class='ocrx_word' id='word_1_500' title='bbox 942 5298 1039 5352; x_wconf 90' lang='lat' dir='ltr'>ubi</span> <span class='ocrx_word' id='word_1_501' title='bbox 1108 5299 1289 5375; x_wconf 81' lang='lat' dir='ltr'>missa</span> <span class='ocrx_word' id='word_1_502' title='bbox 1357 5299 1611 5375; x_wconf 64' lang='lat' dir='ltr'>habetur</span> <span class='ocrx_word' id='word_1_503' title='bbox 1666 5298 1725 5375; x_wconf 65' lang='lat' dir='ltr'>in</span> <span class='ocrx_word' id='word_1_504' title='bbox 1780 5299 2060 5375; x_wconf 80' lang='lat' dir='ltr'>cathedra</span> 
     </span>
    </p>
   </div>
   <div class='ocr_carea' id='block_1_76' title="bbox 391 5364 2057 5446">
    <p class='ocr_par' dir='ltr' id='par_1_76' title="bbox 391 5364 2057 5446">
     <span class='ocr_line' id='line_1_78' title="bbox 391 5364 2057 5446; baseline 0.006 -30"><span class='ocrx_word' id='word_1_505' title='bbox 391 5364 784 5446; x_wconf 28' lang='lat' dir='ltr'>Sa_noti“Petri</span> <span class='ocrx_word' id='word_1_506' title='bbox 820 5369 950 5446; x_wconf 80' lang='lat' dir='ltr'>sine</span> <span class='ocrx_word' id='word_1_507' title='bbox 990 5370 1390 5446; x_wconf 69' lang='lat' dir='ltr'>_ei_rpressione,</span> <span class='ocrx_word' id='word_1_508' title='bbox 1441 5387 1521 5446; x_wconf 79' lang='lat' dir='ltr'>an</span> <span class='ocrx_word' id='word_1_509' title='bbox 1554 5369 1651 5425; x_wconf 88' lang='lat' dir='ltr'>illa</span> <span class='ocrx_word' id='word_1_510' title='bbox 1684 5371 1952 5446; x_wconf 67' lang='lat' dir='ltr'>Rpmana</span> <span class='ocrx_word' id='word_1_511' title='bbox 1977 5371 2057 5426; x_wconf 87' lang='lat' dir='ltr'>sit</span> 
     </span>
    </p>
   </div>
   <div class='ocr_carea' id='block_1_77' title="bbox 393 5432 2057 5497">
    <p class='ocr_par' dir='ltr' id='par_1_77' title="bbox 393 5432 2057 5497">
     <span class='ocr_line' id='line_1_79' title="bbox 393 5432 2057 5497; baseline 0.006 -10"><span class='ocrx_word' id='word_1_512' title='bbox 393 5432 480 5489; x_wconf 84' lang='lat' dir='ltr'>vel</span> <span class='ocrx_word' id='word_1_513' title='bbox 514 5434 891 5493; x_wconf 79' lang='lat' dir='ltr'>Antiochena.</span> <span class='ocrx_word' id='word_1_514' title='bbox 929 5439 1007 5495; x_wconf 84' lang='lat' dir='ltr'>Ad</span> <span class='ocrx_word' id='word_1_515' title='bbox 1041 5432 1189 5495; x_wconf 72' lang='lat' dir='ltr'>hanc</span> <span class='ocrx_word' id='word_1_516' title='bbox 1207 5432 1557 5496; x_wconf 84' lang='lat' dir='ltr'>sententiam</span> <span class='ocrx_word' id='word_1_517' title='bbox 1591 5440 2057 5497; x_wconf 83' lang='lat' dir='ltr'>confirmandam</span> 
     </span>
    </p>
   </div>
   <div class='ocr_carea' id='block_1_78' title="bbox 396 5504 2060 5568">
    <p class='ocr_par' dir='ltr' id='par_1_78' title="bbox 396 5504 2060 5568">
     <span class='ocr_line' id='line_1_80' title="bbox 396 5504 2060 5568; baseline 0.005 -7"><span class='ocrx_word' id='word_1_518' title='bbox 396 5504 653 5561; x_wconf 88' lang='lat' dir='ltr'>multum</span> <span class='ocrx_word' id='word_1_519' title='bbox 686 5509 995 5565; x_wconf 75' lang='lat' dir='ltr'>conferunt</span> <span class='ocrx_word' id='word_1_520' title='bbox 1041 5511 1392 5567; x_wconf 62' lang='lat' dir='ltr'>doctissima:</span> <span class='ocrx_word' id='word_1_521' title='bbox 1438 5518 1589 5567; x_wconf 63' lang='lat' dir='ltr'>notae</span> <span class='ocrx_word' id='word_1_522' title='bbox 1642 5511 1832 5568; x_wconf 83' lang='lat' dir='ltr'>Patris</span> <span class='ocrx_word' id='word_1_523' title='bbox 1888 5512 2060 5568; x_wconf 85' lang='lat' dir='ltr'>Blan-</span> 
     </span>
    </p>
   </div>
   <div class='ocr_carea' id='block_1_79' title="bbox 396 5574 2058 5655">
    <p class='ocr_par' dir='ltr' id='par_1_79' title="bbox 396 5574 2058 5655">
     <span class='ocr_line' id='line_1_81' title="bbox 396 5574 2058 5655; baseline 0.005 -23"><span class='ocrx_word' id='word_1_524' title='bbox 396 5574 555 5655; x_wconf 80' lang='lat' dir='ltr'>chini</span> <span class='ocrx_word' id='word_1_525' title='bbox 588 5576 659 5655; x_wconf 76' lang='lat' dir='ltr'>ad</span> <span class='ocrx_word' id='word_1_526' title='bbox 694 5576 953 5655; x_wconf 81' lang='lat' dir='ltr'>libellum</span> <span class='ocrx_word' id='word_1_527' title='bbox 988 5582 1320 5655; x_wconf 72' lang='lat' dir='ltr'>orationum</span> <span class='ocrx_word' id='word_1_528' title='bbox 1353 5581 2058 5655; x_wconf 77' lang='lat' dir='ltr'>Gothico-Hispanarum,</span> 
     </span>
    </p>
   </div>
   <div class='ocr_carea' id='block_1_80' title="bbox 399 5647 2058 5731">
    <p class='ocr_par' dir='ltr' id='par_1_80' title="bbox 399 5647 2058 5731">
     <span class='ocr_line' id='line_1_82' title="bbox 399 5647 2058 5731; baseline 0.002 -22"><span class='ocrx_word' id='word_1_529' title='bbox 399 5648 459 5709; x_wconf 85' lang='lat' dir='ltr'>in</span> <span class='ocrx_word' id='word_1_530' title='bbox 491 5663 606 5727; x_wconf 89' lang='lat' dir='ltr'>quo</span> <span class='ocrx_word' id='word_1_531' title='bbox 638 5647 886 5709; x_wconf 83' lang='lat' dir='ltr'>habetur</span> <span class='ocrx_word' id='word_1_532' title='bbox 917 5666 1118 5711; x_wconf 84' lang='lat' dir='ltr'>mense</span> <span class='ocrx_word' id='word_1_533' title='bbox 1147 5652 1484 5725; x_wconf 86' lang='lat' dir='ltr'>Februario,</span> <span class='ocrx_word' id='word_1_534' title='bbox 1514 5669 1619 5716; x_wconf 78' lang='lat' dir='ltr'>vui</span> <span class='ocrx_word' id='word_1_535' title='bbox 1671 5647 1795 5713; x_wconf 86' lang='lat' dir='ltr'>Kal.</span> <span class='ocrx_word' id='word_1_536' title='bbox 1844 5647 2058 5731; x_wconf 74' lang='lat' dir='ltr'>Martii,</span> 
     </span>
    </p>
   </div>
   <div class='ocr_carea' id='block_1_81' title="bbox 2221 1826 3795 1901">
    <p class='ocr_par' dir='ltr' id='par_1_81' title="bbox 2221 1826 3795 1901">
     <span class='ocr_line' id='line_1_83' title="bbox 2221 1826 3795 1901; baseline -0.003 -14"><span class='ocrx_word' id='word_1_537' title='bbox 2221 1832 2455 1888; x_wconf 71' lang='lat' dir='ltr'>Secreta.</span> <span class='ocrx_word' id='word_1_538' title='bbox 2494 1830 2755 1888; x_wconf 63' lang='lat' dir='ltr'>Ecclesiae</span> <span class='ocrx_word' id='word_1_539' title='bbox 2786 1835 2920 1896; x_wconf 67' lang='lat' dir='ltr'>tute,</span> <span class='ocrx_word' id='word_1_540' title='bbox 2954 1845 3314 1901; x_wconf 69' lang='lat' dir='ltr'>quaesumus,</span> <span class='ocrx_word' id='word_1_541' title='bbox 3347 1826 3615 1896; x_wconf 90' lang='lat' dir='ltr'>Domine,</span> <span class='ocrx_word' id='word_1_542' title='bbox 3666 1840 3795 1897; x_wconf 51' lang='lat' dir='ltr'>ple</span> 
     </span>
    </p>
   </div>
   <div class='ocr_carea' id='block_1_82' title="bbox 2150 1915 3797 1990">
    <p class='ocr_par' dir='ltr' id='par_1_82' title="bbox 2150 1915 3797 1990">
     <span class='ocr_line' id='line_1_84' title="bbox 2150 1915 3797 1990; baseline -0.004 -13"><span class='ocrx_word' id='word_1_543' title='bbox 2150 1938 2246 1977; x_wconf 89' lang='lat' dir='ltr'>ces</span> <span class='ocrx_word' id='word_1_544' title='bbox 2305 1928 2360 1977; x_wconf 90' lang='lat' dir='ltr'>et</span> <span class='ocrx_word' id='word_1_545' title='bbox 2417 1921 2642 1977; x_wconf 89' lang='lat' dir='ltr'>hostias</span> <span class='ocrx_word' id='word_1_546' title='bbox 2698 1920 2848 1976; x_wconf 87' lang='lat' dir='ltr'>beati</span> <span class='ocrx_word' id='word_1_547' title='bbox 2905 1919 3055 1974; x_wconf 88' lang='lat' dir='ltr'>Petri</span> <span class='ocrx_word' id='word_1_548' title='bbox 3119 1916 3365 1990; x_wconf 86' lang='lat' dir='ltr'>apostoli</span> <span class='ocrx_word' id='word_1_549' title='bbox 3423 1915 3797 1971; x_wconf 79' lang='lat' dir='ltr'>commendet</span> 
     </span>
    </p>
   </div>
   <div class='ocr_carea' id='block_1_83' title="bbox 2150 2004 3797 2081">
    <p class='ocr_par' dir='ltr' id='par_1_83' title="bbox 2150 2004 3797 2081">
     <span class='ocr_line' id='line_1_85' title="bbox 2150 2004 3797 2081; baseline -0.003 -17"><span class='ocrx_word' id='word_1_550' title='bbox 2150 2010 2356 2076; x_wconf 81' lang='lat' dir='ltr'>oratio,</span> <span class='ocrx_word' id='word_1_551' title='bbox 2390 2015 2455 2065; x_wconf 89' lang='lat' dir='ltr'>ut</span> <span class='ocrx_word' id='word_1_552' title='bbox 2484 2010 2638 2081; x_wconf 91' lang='lat' dir='ltr'>quod</span> <span class='ocrx_word' id='word_1_553' title='bbox 2674 2025 2777 2081; x_wconf 92' lang='lat' dir='ltr'>pro</span> <span class='ocrx_word' id='word_1_554' title='bbox 2808 2007 2966 2063; x_wconf 91' lang='lat' dir='ltr'>illius</span> <span class='ocrx_word' id='word_1_555' title='bbox 2993 2007 3177 2081; x_wconf 87' lang='lat' dir='ltr'>gloria</span> <span class='ocrx_word' id='word_1_556' title='bbox 3207 2005 3592 2071; x_wconf 87' lang='lat' dir='ltr'>celebramus,</span> <span class='ocrx_word' id='word_1_557' title='bbox 3628 2004 3797 2059; x_wconf 85' lang='lat' dir='ltr'>nobis</span> 
     </span>
    </p>
   </div>
   <div class='ocr_carea' id='block_1_84' title="bbox 2150 2098 2883 2171">
    <p class='ocr_par' dir='ltr' id='par_1_84' title="bbox 2150 2098 2883 2171">
     <span class='ocr_line' id='line_1_86' title="bbox 2150 2098 2883 2171; baseline -0.001 -18"><span class='ocrx_word' id='word_1_558' title='bbox 2150 2100 2337 2171; x_wconf 87' lang='lat' dir='ltr'>prosit</span> <span class='ocrx_word' id='word_1_559' title='bbox 2366 2100 2437 2154; x_wconf 90' lang='lat' dir='ltr'>ad</span> <span class='ocrx_word' id='word_1_560' title='bbox 2472 2099 2724 2155; x_wconf 89' lang='lat' dir='ltr'>veniam.</span> <span class='ocrx_word' id='word_1_561' title='bbox 2757 2098 2883 2153; x_wconf 87' lang='lat' dir='ltr'>Per.</span> 
     </span>
    </p>
   </div>
   <div class='ocr_carea' id='block_1_85' title="bbox 2224 2182 3796 2255">
    <p class='ocr_par' dir='ltr' id='par_1_85' title="bbox 2224 2182 3796 2255">
     <span class='ocr_line' id='line_1_87' title="bbox 2224 2182 3796 2255; baseline -0.004 -13"><span class='ocrx_word' id='word_1_562' title='bbox 2224 2189 2557 2243; x_wconf 80' lang='lat' dir='ltr'>Communia.</span> <span class='ocrx_word' id='word_1_563' title='bbox 2619 2191 2830 2242; x_wconf 85' lang='lat' dir='ltr'>Sancta</span> <span class='ocrx_word' id='word_1_564' title='bbox 2859 2190 2960 2242; x_wconf 90' lang='lat' dir='ltr'>tua</span> <span class='ocrx_word' id='word_1_565' title='bbox 2981 2203 3108 2249; x_wconf 90' lang='lat' dir='ltr'>nos,</span> <span class='ocrx_word' id='word_1_566' title='bbox 3131 2182 3396 2250; x_wconf 90' lang='lat' dir='ltr'>Domine,</span> <span class='ocrx_word' id='word_1_567' title='bbox 3429 2197 3796 2255; x_wconf 66' lang='lat' dir='ltr'>quaesumus,</span> 
     </span>
    </p>
   </div>
   <div class='ocr_carea' id='block_1_86' title="bbox 2152 2272 3796 2348">
    <p class='ocr_par' dir='ltr' id='par_1_86' title="bbox 2152 2272 3796 2348">
     <span class='ocr_line' id='line_1_88' title="bbox 2152 2272 3796 2348; baseline -0.003 -17"><span class='ocrx_word' id='word_1_568' title='bbox 2152 2280 2393 2348; x_wconf 87' lang='lat' dir='ltr'>sumpta</span> <span class='ocrx_word' id='word_1_569' title='bbox 2423 2275 2736 2341; x_wconf 83' lang='lat' dir='ltr'>viviticent,</span> <span class='ocrx_word' id='word_1_570' title='bbox 2768 2280 2825 2330; x_wconf 91' lang='lat' dir='ltr'>et</span> <span class='ocrx_word' id='word_1_571' title='bbox 2853 2275 3246 2331; x_wconf 84' lang='lat' dir='ltr'>intercedente</span> <span class='ocrx_word' id='word_1_572' title='bbox 3268 2273 3435 2328; x_wconf 88' lang='lat' dir='ltr'>beato</span> <span class='ocrx_word' id='word_1_573' title='bbox 3466 2272 3635 2327; x_wconf 87' lang='lat' dir='ltr'>Petro</span> <span class='ocrx_word' id='word_1_574' title='bbox 3656 2286 3796 2343; x_wconf 85' lang='lat' dir='ltr'>apo-</span> 
     </span>
    </p>
   </div>
   <div class='ocr_carea' id='block_1_87' title="bbox 2151 2362 3795 2436">
    <p class='ocr_par' dir='ltr' id='par_1_87' title="bbox 2151 2362 3795 2436">
     <span class='ocr_line' id='line_1_89' title="bbox 2151 2362 3795 2436; baseline -0.003 -16"><span class='ocrx_word' id='word_1_575' title='bbox 2151 2364 2297 2421; x_wconf 91' lang='lat' dir='ltr'>stolo</span> <span class='ocrx_word' id='word_1_576' title='bbox 2328 2369 2449 2430; x_wconf 90' lang='lat' dir='ltr'>tuo,</span> <span class='ocrx_word' id='word_1_577' title='bbox 2482 2362 2894 2420; x_wconf 60' lang='lat' dir='ltr'>misericordiae</span> <span class='ocrx_word' id='word_1_578' title='bbox 2926 2362 3291 2436; x_wconf 85' lang='lat' dir='ltr'>sempiternae</span> <span class='ocrx_word' id='word_1_579' title='bbox 3341 2363 3672 2433; x_wconf 73' lang='lat' dir='ltr'>praeparent</span> <span class='ocrx_word' id='word_1_580' title='bbox 3700 2375 3795 2415; x_wconf 79' lang='lat' dir='ltr'>ex-</span> 
     </span>
    </p>
   </div>
   <div class='ocr_carea' id='block_1_88' title="bbox 2150 2451 2519 2525">
    <p class='ocr_par' dir='ltr' id='par_1_88' title="bbox 2150 2451 2519 2525">
     <span class='ocr_line' id='line_1_90' title="bbox 2150 2451 2519 2525; baseline 0 -18"><span class='ocrx_word' id='word_1_581' title='bbox 2150 2453 2358 2525; x_wconf 88' lang='lat' dir='ltr'>piatos.</span> <span class='ocrx_word' id='word_1_582' title='bbox 2395 2451 2519 2508; x_wconf 87' lang='lat' dir='ltr'>Per.</span> 
     </span>
    </p>
   </div>
   <div class='ocr_carea' id='block_1_89' title="bbox 2478 2541 3471 2613">
    <p class='ocr_par' dir='ltr' id='par_1_89' title="bbox 2478 2541 3471 2613">
     <span class='ocr_line' id='line_1_91' title="bbox 2478 2541 3471 2613; baseline 0 -20"><span class='ocrx_word' id='word_1_583' title='bbox 2478 2541 2591 2613; x_wconf 76' lang='lat'>(10)</span> <span class='ocrx_word' id='word_1_584' title='bbox 2633 2559 2687 2597; x_wconf 82' lang='lat' dir='ltr'>IN</span> <span class='ocrx_word' id='word_1_585' title='bbox 2720 2558 2873 2596; x_wconf 82' lang='lat' dir='ltr'>FEST.</span> <span class='ocrx_word' id='word_1_586' title='bbox 2918 2557 3113 2596; x_wconf 64' lang='lat' dir='ltr'>SAXCTI</span> <span class='ocrx_word' id='word_1_587' title='bbox 3153 2555 3471 2596; x_wconf 78' lang='lat' dir='ltr'>BENEDICTI.</span> 
     </span>
    </p>
   </div>
   <div class='ocr_carea' id='block_1_90' title="bbox 2223 2623 3802 2703">
    <p class='ocr_par' dir='ltr' id='par_1_90' title="bbox 2223 2623 3802 2703">
     <span class='ocr_line' id='line_1_92' title="bbox 2223 2623 3802 2703; baseline -0.003 -18"><span class='ocrx_word' id='word_1_588' title='bbox 2223 2630 2601 2703; x_wconf 90' lang='lat' dir='ltr'>Omnipotens</span> <span class='ocrx_word' id='word_1_589' title='bbox 2642 2629 2995 2703; x_wconf 86' lang='lat' dir='ltr'>sempiterne</span> <span class='ocrx_word' id='word_1_590' title='bbox 3054 2629 3227 2696; x_wconf 90' lang='lat' dir='ltr'>Deus,</span> <span class='ocrx_word' id='word_1_591' title='bbox 3260 2628 3361 2700; x_wconf 90' lang='lat' dir='ltr'>qui</span> <span class='ocrx_word' id='word_1_592' title='bbox 3392 2644 3496 2699; x_wconf 91' lang='lat' dir='ltr'>per</span> <span class='ocrx_word' id='word_1_593' title='bbox 3541 2623 3802 2699; x_wconf 84' lang='lat' dir='ltr'>gloriosa</span> 
     </span>
    </p>
   </div>
   <div class='ocr_carea' id='block_1_91' title="bbox 2151 2714 3799 2789">
    <p class='ocr_par' dir='ltr' id='par_1_91' title="bbox 2151 2714 3799 2789">
     <span class='ocr_line' id='line_1_93' title="bbox 2151 2714 3799 2789; baseline -0.002 -16"><span class='ocrx_word' id='word_1_594' title='bbox 2151 2719 2303 2775; x_wconf 86' lang='lat' dir='ltr'>beati</span> <span class='ocrx_word' id='word_1_595' title='bbox 2336 2718 2626 2774; x_wconf 86' lang='lat' dir='ltr'>Benedicti</span> <span class='ocrx_word' id='word_1_596' title='bbox 2661 2719 2891 2774; x_wconf 88' lang='lat' dir='ltr'>abbatis</span> <span class='ocrx_word' id='word_1_597' title='bbox 2923 2717 3188 2789; x_wconf 82' lang='lat' dir='ltr'>exempla</span> <span class='ocrx_word' id='word_1_598' title='bbox 3212 2714 3564 2771; x_wconf 85' lang='lat' dir='ltr'>humilitatis</span> <span class='ocrx_word' id='word_1_599' title='bbox 3586 2714 3799 2770; x_wconf 86' lang='lat' dir='ltr'>trium—</span> 
     </span>
    </p>
   </div>
   <div class='ocr_carea' id='block_1_92' title="bbox 2152 2803 3802 2877">
    <p class='ocr_par' dir='ltr' id='par_1_92' title="bbox 2152 2803 3802 2877">
     <span class='ocr_line' id='line_1_94' title="bbox 2152 2803 3802 2877; baseline -0.002 -16"><span class='ocrx_word' id='word_1_600' title='bbox 2152 2806 2320 2877; x_wconf 86' lang='lat' dir='ltr'>phale</span> <span class='ocrx_word' id='word_1_601' title='bbox 2352 2807 2521 2864; x_wconf 91' lang='lat' dir='ltr'>nobis</span> <span class='ocrx_word' id='word_1_602' title='bbox 2552 2808 2662 2863; x_wconf 84' lang='lat' dir='ltr'>iter</span> <span class='ocrx_word' id='word_1_603' title='bbox 2688 2806 3017 2871; x_wconf 86' lang='lat' dir='ltr'>ostendisti,</span> <span class='ocrx_word' id='word_1_604' title='bbox 3050 2806 3142 2869; x_wconf 83' lang='lat' dir='ltr'>da,</span> <span class='ocrx_word' id='word_1_605' title='bbox 3178 2820 3540 2877; x_wconf 66' lang='lat' dir='ltr'>quaesumus,</span> <span class='ocrx_word' id='word_1_606' title='bbox 3564 2803 3802 2861; x_wconf 80' lang='lat' dir='ltr'>utviam</span> 
     </span>
    </p>
   </div>
   <div class='ocr_carea' id='block_1_93' title="bbox 2152 2890 3807 2968">
    <p class='ocr_par' dir='ltr' id='par_1_93' title="bbox 2152 2890 3807 2968">
     <span class='ocr_line' id='line_1_95' title="bbox 2152 2890 3807 2968; baseline -0.002 -19"><span class='ocrx_word' id='word_1_607' title='bbox 2152 2896 2250 2950; x_wconf 89' lang='lat' dir='ltr'>libi</span> <span class='ocrx_word' id='word_1_608' title='bbox 2281 2895 2503 2967; x_wconf 72' lang='lat' dir='ltr'>placitae</span> <span class='ocrx_word' id='word_1_609' title='bbox 2530 2895 2892 2962; x_wconf 71' lang='lat' dir='ltr'>obcdientian,</span> <span class='ocrx_word' id='word_1_610' title='bbox 2928 2911 3029 2968; x_wconf 91' lang='lat' dir='ltr'>per</span> <span class='ocrx_word' id='word_1_611' title='bbox 3058 2910 3235 2966; x_wconf 89' lang='lat' dir='ltr'>quam</span> <span class='ocrx_word' id='word_1_612' title='bbox 3258 2890 3601 2948; x_wconf 84' lang='lat' dir='ltr'>venerabilis</span> <span class='ocrx_word' id='word_1_613' title='bbox 3630 2891 3807 2946; x_wconf 84' lang='lat' dir='ltr'>Pater</span> 
     </span>
    </p>
   </div>
   <div class='ocr_carea' id='block_1_94' title="bbox 2152 2980 3803 3053">
    <p class='ocr_par' dir='ltr' id='par_1_94' title="bbox 2152 2980 3803 3053">
     <span class='ocr_line' id='line_1_96' title="bbox 2152 2980 3803 3053; baseline -0.004 -13"><span class='ocrx_word' id='word_1_614' title='bbox 2152 2984 2497 3040; x_wconf 84' lang='lat' dir='ltr'>Benedictus</span> <span class='ocrx_word' id='word_1_615' title='bbox 2521 2983 2738 3040; x_wconf 66' lang='lat' dir='ltr'>illaesus</span> <span class='ocrx_word' id='word_1_616' title='bbox 2769 2983 3170 3050; x_wconf 85' lang='lat' dir='ltr'>antecedebat,</span> <span class='ocrx_word' id='word_1_617' title='bbox 3205 3000 3311 3038; x_wconf 89' lang='lat' dir='ltr'>nos</span> <span class='ocrx_word' id='word_1_618' title='bbox 3342 2980 3636 3053; x_wconf 68' lang='lat' dir='ltr'>praeclaris</span> <span class='ocrx_word' id='word_1_619' title='bbox 3667 2980 3803 3051; x_wconf 81' lang='lat' dir='ltr'>ejus</span> 
     </span>
    </p>
   </div>
   <div class='ocr_carea' id='block_1_95' title="bbox 2152 3069 3750 3143">
    <p class='ocr_par' dir='ltr' id='par_1_95' title="bbox 2152 3069 3750 3143">
     <span class='ocr_line' id='line_1_97' title="bbox 2152 3069 3750 3143; baseline -0.003 -16"><span class='ocrx_word' id='word_1_620' title='bbox 2152 3074 2380 3129; x_wconf 88' lang='lat' dir='ltr'>meritis</span> <span class='ocrx_word' id='word_1_621' title='bbox 2410 3074 2593 3143; x_wconf 84' lang='lat' dir='ltr'>adjuti</span> <span class='ocrx_word' id='word_1_622' title='bbox 2626 3074 2753 3129; x_wconf 89' lang='lat' dir='ltr'>sine</span> <span class='ocrx_word' id='word_1_623' title='bbox 2784 3090 2977 3128; x_wconf 87' lang='lat' dir='ltr'>errore</span> <span class='ocrx_word' id='word_1_624' title='bbox 3006 3072 3463 3143; x_wconf 85' lang='lat' dir='ltr'>subsequamur.</span> <span class='ocrx_word' id='word_1_625' title='bbox 3495 3069 3621 3125; x_wconf 87' lang='lat' dir='ltr'>Per.</span> <span class='ocrx_word' id='word_1_626' title='bbox 3744 3086 3750 3091; x_wconf 53' lang='grc' dir='ltr'><strong>ί</strong></span> 
     </span>
    </p>
   </div>
   <div class='ocr_carea' id='block_1_96' title="bbox 2072 3147 3803 3231">
    <p class='ocr_par' dir='ltr' id='par_1_96' title="bbox 2072 3147 3803 3231">
     <span class='ocr_line' id='line_1_98' title="bbox 2072 3147 3803 3231; baseline -0.002 -17"><span class='ocrx_word' id='word_1_627' title='bbox 2072 3147 2114 3214; x_wconf 89' lang='lat' dir='ltr'>C</span> <span class='ocrx_word' id='word_1_628' title='bbox 2219 3161 2722 3216; x_wconf 69' lang='lat' dir='ltr'>Secreta..Paternis</span> <span class='ocrx_word' id='word_1_629' title='bbox 2746 3157 3572 3231; x_wconf 81' lang='lat' dir='ltr'>intercessionibusmagniiici</span> <span class='ocrx_word' id='word_1_630' title='bbox 3598 3163 3803 3229; x_wconf 86' lang='lat' dir='ltr'>pasto-</span> 
     </span>
    </p>
   </div>
   <div class='ocr_carea' id='block_1_97' title="bbox 2153 3245 3802 3322">
    <p class='ocr_par' dir='ltr' id='par_1_97' title="bbox 2153 3245 3802 3322">
     <span class='ocr_line' id='line_1_99' title="bbox 2153 3245 3802 3322; baseline -0.002 -18"><span class='ocrx_word' id='word_1_631' title='bbox 2153 3251 2232 3305; x_wconf 89' lang='lat' dir='ltr'>ris</span> <span class='ocrx_word' id='word_1_632' title='bbox 2264 3250 2576 3317; x_wconf 88' lang='lat' dir='ltr'>Benedicti,</span> <span class='ocrx_word' id='word_1_633' title='bbox 2611 3266 2949 3322; x_wconf 73' lang='lat' dir='ltr'>quzesumus</span> <span class='ocrx_word' id='word_1_634' title='bbox 2995 3247 3224 3304; x_wconf 72' lang='lat' dir='ltr'>familiar</span> <span class='ocrx_word' id='word_1_635' title='bbox 3257 3253 3391 3317; x_wconf 73' lang='lat' dir='ltr'>tute,</span> <span class='ocrx_word' id='word_1_636' title='bbox 3425 3245 3802 3318; x_wconf 77' lang='lat' dir='ltr'>omnipotens</span> 
     </span>
    </p>
   </div>
   <div class='ocr_carea' id='block_1_98' title="bbox 2151 3335 3797 3409">
    <p class='ocr_par' dir='ltr' id='par_1_98' title="bbox 2151 3335 3797 3409">
     <span class='ocr_line' id='line_1_100' title="bbox 2151 3335 3797 3409; baseline -0.003 -14"><span class='ocrx_word' id='word_1_637' title='bbox 2151 3340 2326 3408; x_wconf 90' lang='lat' dir='ltr'>Deus,</span> <span class='ocrx_word' id='word_1_638' title='bbox 2360 3339 2804 3394; x_wconf 89' lang='lat' dir='ltr'>commendetur</span> <span class='ocrx_word' id='word_1_639' title='bbox 2832 3335 3797 3409; x_wconf 84' lang='lat' dir='ltr'>oblatio,cujusvitalibusdecora-</span> 
     </span>
    </p>
   </div>
   <div class='ocr_carea' id='block_1_99' title="bbox 2152 3427 2729 3499">
    <p class='ocr_par' dir='ltr' id='par_1_99' title="bbox 2152 3427 2729 3499">
     <span class='ocr_line' id='line_1_101' title="bbox 2152 3427 2729 3499; baseline -0.002 -17"><span class='ocrx_word' id='word_1_640' title='bbox 2152 3434 2247 3483; x_wconf 90' lang='lat' dir='ltr'>tur</span> <span class='ocrx_word' id='word_1_641' title='bbox 2275 3427 2575 3499; x_wconf 79' lang='lat' dir='ltr'>exemplis.</span> <span class='ocrx_word' id='word_1_642' title='bbox 2605 3428 2729 3483; x_wconf 87' lang='lat' dir='ltr'>Per.</span> 
     </span>
    </p>
   </div>
   <div class='ocr_carea' id='block_1_100' title="bbox 2223 3514 3806 3588">
    <p class='ocr_par' dir='ltr' id='par_1_100' title="bbox 2223 3514 3806 3588">
     <span class='ocr_line' id='line_1_102' title="bbox 2223 3514 3806 3588; baseline -0.003 -17"><span class='ocrx_word' id='word_1_643' title='bbox 2223 3516 2559 3572; x_wconf 79' lang='lat' dir='ltr'>Communia.</span> <span class='ocrx_word' id='word_1_644' title='bbox 2594 3516 2906 3588; x_wconf 87' lang='lat' dir='ltr'>Perceptis,</span> <span class='ocrx_word' id='word_1_645' title='bbox 2961 3516 3203 3571; x_wconf 86' lang='lat' dir='ltr'>Domine</span> <span class='ocrx_word' id='word_1_646' title='bbox 3251 3514 3404 3570; x_wconf 91' lang='lat' dir='ltr'>Deus</span> <span class='ocrx_word' id='word_1_647' title='bbox 3452 3518 3671 3579; x_wconf 88' lang='lat' dir='ltr'>noster,</span> <span class='ocrx_word' id='word_1_648' title='bbox 3708 3528 3806 3567; x_wconf 86' lang='lat' dir='ltr'>sa-</span> 
     </span>
    </p>
   </div>
   <div class='ocr_carea' id='block_1_101' title="bbox 2152 3600 3810 3675">
    <p class='ocr_par' dir='ltr' id='par_1_101' title="bbox 2152 3600 3810 3675">
     <span class='ocr_line' id='line_1_103' title="bbox 2152 3600 3810 3675; baseline -0.004 -15"><span class='ocrx_word' id='word_1_649' title='bbox 2152 3606 2467 3661; x_wconf 75' lang='lat' dir='ltr'>cramentis</span> <span class='ocrx_word' id='word_1_650' title='bbox 2498 3604 2857 3660; x_wconf 85' lang='lat' dir='ltr'>salutaribus</span> <span class='ocrx_word' id='word_1_651' title='bbox 2897 3604 3234 3660; x_wconf 86' lang='lat' dir='ltr'>humilitate</span> <span class='ocrx_word' id='word_1_652' title='bbox 3278 3604 3681 3675; x_wconf 89' lang='lat' dir='ltr'>deprecamur,</span> <span class='ocrx_word' id='word_1_653' title='bbox 3715 3600 3810 3655; x_wconf 79' lang='lat' dir='ltr'>in-</span> 
     </span>
    </p>
   </div>
   <div class='ocr_carea' id='block_1_102' title="bbox 2152 3688 3811 3764">
    <p class='ocr_par' dir='ltr' id='par_1_102' title="bbox 2152 3688 3811 3764">
     <span class='ocr_line' id='line_1_104' title="bbox 2152 3688 3811 3764; baseline -0.002 -14"><span class='ocrx_word' id='word_1_654' title='bbox 2152 3695 2480 3751; x_wconf 84' lang='lat' dir='ltr'>tercedente</span> <span class='ocrx_word' id='word_1_655' title='bbox 2510 3694 2678 3750; x_wconf 84' lang='lat' dir='ltr'>beato</span> <span class='ocrx_word' id='word_1_656' title='bbox 2708 3693 3020 3750; x_wconf 88' lang='lat' dir='ltr'>Benedicto</span> <span class='ocrx_word' id='word_1_657' title='bbox 3052 3694 3280 3760; x_wconf 87' lang='lat' dir='ltr'>abbate,</span> <span class='ocrx_word' id='word_1_658' title='bbox 3332 3708 3461 3764; x_wconf 64' lang='lat' dir='ltr'>quae</span> <span class='ocrx_word' id='word_1_659' title='bbox 3491 3708 3595 3764; x_wconf 88' lang='lat' dir='ltr'>pro</span> <span class='ocrx_word' id='word_1_660' title='bbox 3642 3688 3811 3747; x_wconf 83' lang='lat' dir='ltr'>illius</span> 
     </span>
    </p>
   </div>
   <div class='ocr_carea' id='block_1_103' title="bbox 2150 3779 3834 3855">
    <p class='ocr_par' dir='ltr' id='par_1_103' title="bbox 2150 3779 3834 3855">
     <span class='ocr_line' id='line_1_105' title="bbox 2150 3779 3834 3855; baseline -0.002 -17"><span class='ocrx_word' id='word_1_661' title='bbox 2150 3783 2478 3839; x_wconf 88' lang='lat' dir='ltr'>venerando</span> <span class='ocrx_word' id='word_1_662' title='bbox 2509 3783 2741 3855; x_wconf 87' lang='lat' dir='ltr'>agimus</span> <span class='ocrx_word' id='word_1_663' title='bbox 2772 3783 2959 3851; x_wconf 89' lang='lat' dir='ltr'>obitu,</span> <span class='ocrx_word' id='word_1_664' title='bbox 2986 3783 3152 3838; x_wconf 90' lang='lat' dir='ltr'>nobis</span> <span class='ocrx_word' id='word_1_665' title='bbox 3202 3781 3513 3855; x_wconf 80' lang='lat' dir='ltr'>proﬁciant</span> <span class='ocrx_word' id='word_1_666' title='bbox 3542 3780 3614 3836; x_wconf 89' lang='lat' dir='ltr'>ad</span> <span class='ocrx_word' id='word_1_667' title='bbox 3646 3779 3834 3835; x_wconf 44' lang='lat' dir='ltr'>salum</span> 
     </span>
    </p>
   </div>
   <div class='ocr_carea' id='block_1_104' title="bbox 2156 3873 2455 3929">
    <p class='ocr_par' dir='ltr' id='par_1_104' title="bbox 2156 3873 2455 3929">
     <span class='ocr_line' id='line_1_106' title="bbox 2156 3873 2455 3929; baseline -0.003 -1"><span class='ocrx_word' id='word_1_668' title='bbox 2156 3880 2295 3929; x_wconf 89' lang='lat' dir='ltr'>tem.</span> <span class='ocrx_word' id='word_1_669' title='bbox 2333 3873 2455 3928; x_wconf 84' lang='lat' dir='ltr'>Per.</span> 
     </span>
    </p>
   </div>
   <div class='ocr_carea' id='block_1_105' title="bbox 2369 3963 3588 4033">
    <p class='ocr_par' dir='ltr' id='par_1_105' title="bbox 2369 3963 3588 4033">
     <span class='ocr_line' id='line_1_107' title="bbox 2369 3963 3588 4033; baseline -0.003 -16"><span class='ocrx_word' id='word_1_670' title='bbox 2369 3963 2479 4033; x_wconf 84' lang='grc'>(11)</span> <span class='ocrx_word' id='word_1_671' title='bbox 2512 3978 2570 4016; x_wconf 82' lang='grc' dir='ltr'>ΙΝ</span> <span class='ocrx_word' id='word_1_672' title='bbox 2608 3978 3073 4017; x_wconf 71' lang='lat' dir='ltr'>ANNUNTIATIONE</span> <span class='ocrx_word' id='word_1_673' title='bbox 3111 3979 3333 4016; x_wconf 62' lang='lat' dir='ltr'>sanum:</span> <span class='ocrx_word' id='word_1_674' title='bbox 3371 3975 3588 4027; x_wconf 57' lang='lat' dir='ltr'>suum.</span> 
     </span>
    </p>
   </div>
   <div class='ocr_carea' id='block_1_106' title="bbox 2226 4046 3815 4122">
    <p class='ocr_par' dir='ltr' id='par_1_106' title="bbox 2226 4046 3815 4122">
     <span class='ocr_line' id='line_1_108' title="bbox 2226 4046 3815 4122; baseline 0 -17"><span class='ocrx_word' id='word_1_675' title='bbox 2226 4056 2398 4119; x_wconf 89' lang='lat' dir='ltr'>Deus,</span> <span class='ocrx_word' id='word_1_676' title='bbox 2434 4050 2533 4122; x_wconf 89' lang='lat' dir='ltr'>qui</span> <span class='ocrx_word' id='word_1_677' title='bbox 2566 4049 2846 4106; x_wconf 85' lang='lat' dir='ltr'>hodierna</span> <span class='ocrx_word' id='word_1_678' title='bbox 2875 4051 2966 4107; x_wconf 91' lang='lat' dir='ltr'>die</span> <span class='ocrx_word' id='word_1_679' title='bbox 2994 4050 3252 4106; x_wconf 79' lang='lat' dir='ltr'>Verbum</span> <span class='ocrx_word' id='word_1_680' title='bbox 3275 4055 3444 4105; x_wconf 88' lang='lat' dir='ltr'>tuum</span> <span class='ocrx_word' id='word_1_681' title='bbox 3475 4049 3656 4104; x_wconf 71' lang='lat' dir='ltr'>beata:</span> <span class='ocrx_word' id='word_1_682' title='bbox 3678 4046 3815 4105; x_wconf 68' lang='grc' dir='ltr'><strong><em>ΥΠ·-</em></strong></span> 
     </span>
    </p>
   </div>
   <div class='ocr_carea' id='block_1_107' title="bbox 2156 4159 3829 4233">
    <p class='ocr_par' dir='ltr' id='par_1_107' title="bbox 2156 4159 3829 4233">
     <span class='ocr_line' id='line_1_109' title="bbox 2156 4159 3829 4233; baseline -0.003 -15"><span class='ocrx_word' id='word_1_683' title='bbox 2156 4164 2440 4219; x_wconf 89' lang='lat' dir='ltr'>Cathedra</span> <span class='ocrx_word' id='word_1_684' title='bbox 2470 4165 2663 4220; x_wconf 82' lang='lat' dir='ltr'>Sancti</span> <span class='ocrx_word' id='word_1_685' title='bbox 2687 4165 2859 4233; x_wconf 88' lang='lat' dir='ltr'>Petri,</span> <span class='ocrx_word' id='word_1_686' title='bbox 2891 4168 2955 4219; x_wconf 92' lang='lat' dir='ltr'>ut</span> <span class='ocrx_word' id='word_1_687' title='bbox 2985 4164 3042 4219; x_wconf 91' lang='lat' dir='ltr'>in</span> <span class='ocrx_word' id='word_1_688' title='bbox 3068 4168 3288 4228; x_wconf 85' lang='lat' dir='ltr'>nostro,</span> <span class='ocrx_word' id='word_1_689' title='bbox 3322 4166 3379 4218; x_wconf 92' lang='lat' dir='ltr'>et</span> <span class='ocrx_word' id='word_1_690' title='bbox 3406 4167 3603 4223; x_wconf 85' lang='lat' dir='ltr'>tamen</span> <span class='ocrx_word' id='word_1_691' title='bbox 3646 4159 3829 4232; x_wconf 84' lang='lat' dir='ltr'>hym--</span> 
     </span>
    </p>
   </div>
   <div class='ocr_carea' id='block_1_108' title="bbox 2159 4233 3808 4308">
    <p class='ocr_par' dir='ltr' id='par_1_108' title="bbox 2159 4233 3808 4308">
     <span class='ocr_line' id='line_1_110' title="bbox 2159 4233 3808 4308; baseline -0.001 -19"><span class='ocrx_word' id='word_1_692' title='bbox 2159 4252 2293 4308; x_wconf 79' lang='lat' dir='ltr'>nus,</span> <span class='ocrx_word' id='word_1_693' title='bbox 2346 4234 2444 4308; x_wconf 86' lang='lat' dir='ltr'>qui</span> <span class='ocrx_word' id='word_1_694' title='bbox 2486 4235 2564 4289; x_wconf 90' lang='lat' dir='ltr'>ibi</span> <span class='ocrx_word' id='word_1_695' title='bbox 2624 4236 2856 4308; x_wconf 88' lang='lat' dir='ltr'>legitur,</span> <span class='ocrx_word' id='word_1_696' title='bbox 2918 4242 3113 4307; x_wconf 85' lang='lat' dir='ltr'>aperte</span> <span class='ocrx_word' id='word_1_697' title='bbox 3170 4235 3536 4290; x_wconf 86' lang='lat' dir='ltr'>demonstrat</span> <span class='ocrx_word' id='word_1_698' title='bbox 3566 4233 3808 4308; x_wconf 55' lang='lat' dir='ltr'>festum</span> 
     </span>
    </p>
   </div>
   <div class='ocr_carea' id='block_1_109' title="bbox 2157 4303 3814 4378">
    <p class='ocr_par' dir='ltr' id='par_1_109' title="bbox 2157 4303 3814 4378">
     <span class='ocr_line' id='line_1_111' title="bbox 2157 4303 3814 4378; baseline -0.002 -17"><span class='ocrx_word' id='word_1_699' title='bbox 2157 4306 2319 4361; x_wconf 90' lang='lat' dir='ltr'>illum</span> <span class='ocrx_word' id='word_1_700' title='bbox 2354 4303 2508 4361; x_wconf 87' lang='lat' dir='ltr'>diem</span> <span class='ocrx_word' id='word_1_701' title='bbox 2541 4303 2984 4362; x_wconf 43' lang='lat' dir='ltr'>essevstatutum</span> <span class='ocrx_word' id='word_1_702' title='bbox 3016 4308 3084 4362; x_wconf 90' lang='lat' dir='ltr'>ad</span> <span class='ocrx_word' id='word_1_703' title='bbox 3117 4311 3422 4378; x_wconf 89' lang='lat' dir='ltr'>utramque</span> <span class='ocrx_word' id='word_1_704' title='bbox 3471 4303 3814 4373; x_wconf 85' lang='lat' dir='ltr'>cathedram</span> 
     </span>
    </p>
   </div>
   <div class='ocr_carea' id='block_1_110' title="bbox 2159 4379 3011 4447">
    <p class='ocr_par' dir='ltr' id='par_1_110' title="bbox 2159 4379 3011 4447">
     <span class='ocr_line' id='line_1_112' title="bbox 2159 4379 3011 4447; baseline 0.001 -15"><span class='ocrx_word' id='word_1_705' title='bbox 2159 4379 2548 4447; x_wconf 88' lang='lat' dir='ltr'>recolendam,</span> <span class='ocrx_word' id='word_1_706' title='bbox 2583 4395 2717 4433; x_wconf 91' lang='lat' dir='ltr'>cum</span> <span class='ocrx_word' id='word_1_707' title='bbox 2749 4379 3011 4433; x_wconf 88' lang='lat' dir='ltr'>dicatur:</span> 
     </span>
    </p>
   </div>
   <div class='ocr_carea' id='block_1_111' title="bbox 2479 4484 3212 4555">
    <p class='ocr_par' dir='ltr' id='par_1_111' title="bbox 2479 4484 3212 4555">
     <span class='ocr_line' id='line_1_113' title="bbox 2479 4484 3212 4555; baseline 0.001 -16"><span class='ocrx_word' id='word_1_708' title='bbox 2479 4486 2633 4541; x_wconf 69' lang='lat' dir='ltr'>Adest</span> <span class='ocrx_word' id='word_1_709' title='bbox 2661 4485 2794 4551; x_wconf 64' lang='lat' dir='ltr'>ilics,</span> <span class='ocrx_word' id='word_1_710' title='bbox 2829 4502 2931 4555; x_wconf 82' lang='lat' dir='ltr'>quo</span> <span class='ocrx_word' id='word_1_711' title='bbox 2956 4484 3212 4541; x_wconf 73' lang='lat' dir='ltr'>Romulea</span> 
     </span>
    </p>
   </div>
   <div class='ocr_carea' id='block_1_112' title="bbox 2478 4557 3179 4612">
    <p class='ocr_par' dir='ltr' id='par_1_112' title="bbox 2478 4557 3179 4612">
     <span class='ocr_line' id='line_1_114' title="bbox 2478 4557 3179 4612; baseline -0.001 -1"><span class='ocrx_word' id='word_1_712' title='bbox 2478 4558 2537 4611; x_wconf 79' lang='grc' dir='ltr'>1η</span> <span class='ocrx_word' id='word_1_713' title='bbox 2567 4557 2699 4611; x_wconf 79' lang='lat' dir='ltr'>urbe</span> <span class='ocrx_word' id='word_1_714' title='bbox 2728 4566 3063 4612; x_wconf 74' lang='lat' dir='ltr'>consecratus</span> <span class='ocrx_word' id='word_1_715' title='bbox 3088 4573 3142 4610; x_wconf 67' lang='lat' dir='ltr'>es</span> <span class='ocrx_word' id='word_1_716' title='bbox 3160 4575 3179 4610; x_wconf 88' lang='grc'><strong>.-</strong></span> 
     </span>
    </p>
   </div>
   <div class='ocr_carea' id='block_1_113' title="bbox 2160 4657 3815 4735">
    <p class='ocr_par' dir='ltr' id='par_1_113' title="bbox 2160 4657 3815 4735">
     <span class='ocr_line' id='line_1_115' title="bbox 2160 4657 3815 4735; baseline -0.004 -17"><span class='ocrx_word' id='word_1_717' title='bbox 2160 4664 2494 4735; x_wconf 88' lang='lat' dir='ltr'>Opportune</span> <span class='ocrx_word' id='word_1_718' title='bbox 2513 4661 2815 4735; x_wconf 81' lang='lat' dir='ltr'>subdit_vir_</span> <span class='ocrx_word' id='word_1_719' title='bbox 2838 4660 2934 4716; x_wconf 92' lang='lat' dir='ltr'>ille</span> <span class='ocrx_word' id='word_1_720' title='bbox 2949 4661 3328 4735; x_wconf 81' lang='lat' dir='ltr'>doctissimus</span> <span class='ocrx_word' id='word_1_721' title='bbox 3342 4659 3565 4735; x_wconf 33' lang='lat' dir='ltr'>(tomrl,</span> <span class='ocrx_word' id='word_1_722' title='bbox 3582 4675 3640 4731; x_wconf 93' lang='lat' dir='ltr'>p.</span> <span class='ocrx_word' id='word_1_723' title='bbox 3669 4657 3815 4733; x_wconf 65' lang='lat'>172):</span> 
     </span>
    </p>
   </div>
   <div class='ocr_carea' id='block_1_114' title="bbox 2163 4682 3815 4788">
    <p class='ocr_par' dir='ltr' id='par_1_114' title="bbox 2163 4682 3815 4788">
     <span class='ocr_line' id='line_1_116' title="bbox 2163 4682 3815 4734; baseline -0.003 -17"><span class='ocrx_word' id='word_1_724' title='bbox 2163 4682 2203 4717; x_wconf 82' lang='grc' dir='ltr'>υ</span> <span class='ocrx_word' id='word_1_725' title='bbox 2252 4682 2494 4734; x_wconf 80' lang='lat' dir='ltr'>portune</span> <span class='ocrx_word' id='word_1_726' title='bbox 2513 4682 2713 4715; x_wconf 82' lang='lat' dir='ltr'>sunun.</span> <span class='ocrx_word' id='word_1_727' title='bbox 2726 4682 2811 4715; x_wconf 69' lang='grc' dir='ltr'>νην</span> <span class='ocrx_word' id='word_1_728' title='bbox 2838 4682 2934 4716; x_wconf 86' lang='lat' dir='ltr'>me</span> <span class='ocrx_word' id='word_1_729' title='bbox 2949 4682 3506 4732; x_wconf 60' lang='lat' dir='ltr'>uocussrmusiwxn.</span> <span class='ocrx_word' id='word_1_730' title='bbox 3527 4682 3565 4723; x_wconf 87' lang='grc' dir='ltr'>ι,</span> <span class='ocrx_word' id='word_1_731' title='bbox 3584 4682 3640 4731; x_wconf 88' lang='lat' dir='ltr'>p.</span> <span class='ocrx_word' id='word_1_732' title='bbox 3669 4682 3815 4733; x_wconf 61' lang='lat' dir='ltr'>iis);</span> 
     </span>
     <span class='ocr_line' id='line_1_117' title="bbox 2163 4682 3815 4788; baseline -0.002 -3"><span class='ocrx_word' id='word_1_733' title='bbox 2163 4759 2189 4785; x_wconf 87' lang='grc'>‹‹</span> <span class='ocrx_word' id='word_1_734' title='bbox 2212 4682 2295 4788; x_wconf 47' lang='grc' dir='ltr'>ἵξῃ</span> <span class='ocrx_word' id='word_1_735' title='bbox 2323 4735 2593 4788; x_wconf 57' lang='lat' dir='ltr'>Romana:</span> <span class='ocrx_word' id='word_1_736' title='bbox 2611 4732 2899 4786; x_wconf 76' lang='lat' dir='ltr'>cathedrae</span> <span class='ocrx_word' id='word_1_737' title='bbox 2926 4750 3059 4787; x_wconf 88' lang='lat' dir='ltr'>cum</span> <span class='ocrx_word' id='word_1_738' title='bbox 3078 4732 3438 4787; x_wconf 80' lang='lat' dir='ltr'>Antiochena</span> <span class='ocrx_word' id='word_1_739' title='bbox 3456 4730 3815 4785; x_wconf 85' lang='lat' dir='ltr'>commemo-</span> 
     </span>
    </p>
   </div>
   <div class='ocr_carea' id='block_1_115' title="bbox 2164 4800 3817 4873">
    <p class='ocr_par' dir='ltr' id='par_1_115' title="bbox 2164 4800 3817 4873">
     <span class='ocr_line' id='line_1_118' title="bbox 2164 4800 3817 4873; baseline -0.004 -14"><span class='ocrx_word' id='word_1_740' title='bbox 2164 4806 2311 4860; x_wconf 84' lang='lat' dir='ltr'>ratio</span> <span class='ocrx_word' id='word_1_741' title='bbox 2340 4821 2414 4857; x_wconf 85' lang='lat' dir='ltr'>vn</span> <span class='ocrx_word' id='word_1_742' title='bbox 2454 4804 2570 4857; x_wconf 85' lang='lat' dir='ltr'>Kal.</span> <span class='ocrx_word' id='word_1_743' title='bbox 2608 4803 2818 4858; x_wconf 86' lang='lat' dir='ltr'>Martii.</span> <span class='ocrx_word' id='word_1_744' title='bbox 2860 4827 2885 4853; x_wconf 88' lang='grc'>››</span> <span class='ocrx_word' id='word_1_745' title='bbox 2919 4804 3107 4858; x_wconf 87' lang='lat' dir='ltr'>Etiam</span> <span class='ocrx_word' id='word_1_746' title='bbox 3142 4804 3343 4859; x_wconf 87' lang='lat' dir='ltr'>Pinius</span> <span class='ocrx_word' id='word_1_747' title='bbox 3378 4804 3566 4873; x_wconf 73' lang='lat' dir='ltr'>(num.</span> <span class='ocrx_word' id='word_1_748' title='bbox 3590 4801 3717 4870; x_wconf 74' lang='grc'><strong>444)</strong></span> <span class='ocrx_word' id='word_1_749' title='bbox 3747 4800 3817 4873; x_wconf 76' lang='lat' dir='ltr'>de</span> 
     </span>
    </p>
   </div>
   <div class='ocr_carea' id='block_1_116' title="bbox 2162 4870 3820 4946">
    <p class='ocr_par' dir='ltr' id='par_1_116' title="bbox 2162 4870 3820 4946">
     <span class='ocr_line' id='line_1_119' title="bbox 2162 4870 3820 4946; baseline -0.003 -17"><span class='ocrx_word' id='word_1_750' title='bbox 2162 4875 2446 4929; x_wconf 87' lang='lat' dir='ltr'>Cathedra</span> <span class='ocrx_word' id='word_1_751' title='bbox 2473 4875 2669 4946; x_wconf 75' lang='lat' dir='ltr'>Sancti</span> <span class='ocrx_word' id='word_1_752' title='bbox 2705 4874 2851 4946; x_wconf 87' lang='lat' dir='ltr'>Petri</span> <span class='ocrx_word' id='word_1_753' title='bbox 2887 4876 3026 4944; x_wconf 78' lang='lat' dir='ltr'>agit,</span> <span class='ocrx_word' id='word_1_754' title='bbox 3049 4879 3105 4929; x_wconf 88' lang='lat' dir='ltr'>et</span> <span class='ocrx_word' id='word_1_755' title='bbox 3135 4870 3391 4946; x_wconf 78' lang='lat' dir='ltr'>quidem</span> <span class='ocrx_word' id='word_1_756' title='bbox 3411 4870 3820 4946; x_wconf 66' lang='lat' dir='ltr'>luculenterin</span> 
     </span>
    </p>
   </div>
   <div class='ocr_carea' id='block_1_117' title="bbox 2165 4944 3819 5017">
    <p class='ocr_par' dir='ltr' id='par_1_117' title="bbox 2165 4944 3819 5017">
     <span class='ocr_line' id='line_1_120' title="bbox 2165 4944 3819 5017; baseline -0.002 -17"><span class='ocrx_word' id='word_1_757' title='bbox 2165 4963 2271 5000; x_wconf 86' lang='lat' dir='ltr'>suo</span> <span class='ocrx_word' id='word_1_758' title='bbox 2302 4951 2551 4999; x_wconf 82' lang='lat' dir='ltr'>tractatu</span> <span class='ocrx_word' id='word_1_759' title='bbox 2605 4944 3013 5017; x_wconf 81' lang='lat' dir='ltr'>chronologico</span> <span class='ocrx_word' id='word_1_760' title='bbox 3046 4947 3117 5000; x_wconf 68' lang='lat' dir='ltr'>De</span> <span class='ocrx_word' id='word_1_761' title='bbox 3154 4944 3393 5017; x_wconf 66' lang='lat' dir='ltr'>lilurgia</span> <span class='ocrx_word' id='word_1_762' title='bbox 3440 4946 3671 5015; x_wconf 75' lang='lat' dir='ltr'>antiqua</span> <span class='ocrx_word' id='word_1_763' title='bbox 3724 4944 3819 4997; x_wconf 80' lang='lat' dir='ltr'>Hi-</span> 
     </span>
    </p>
   </div>
   <div class='ocr_carea' id='block_1_118' title="bbox 2168 5033 2411 5071">
    <p class='ocr_par' dir='ltr' id='par_1_118' title="bbox 2168 5033 2411 5071">
     <span class='ocr_line' id='line_1_121' title="bbox 2168 5033 2411 5071; baseline -0.008 0"><span class='ocrx_word' id='word_1_764' title='bbox 2168 5033 2411 5071; x_wconf 76' lang='lat' dir='ltr'>samum.</span> 
     </span>
    </p>
   </div>
   <div class='ocr_carea' id='block_1_119' title="bbox 2191 5036 3820 5157">
    <p class='ocr_par' dir='ltr' id='par_1_119' title="bbox 2191 5036 3820 5157">
     <span class='ocr_line' id='line_1_122' title="bbox 2191 5036 3820 5157; baseline -0.004 -15"><span class='ocrx_word' id='word_1_765' title='bbox 2191 5036 2460 5157; x_wconf 51' lang='grc' dir='ltr'>ΡῗῖὶόῖαᾸὶ)</span> <span class='ocrx_word' id='word_1_766' title='bbox 2485 5086 2592 5141; x_wconf 87' lang='lat' dir='ltr'>hac</span> <span class='ocrx_word' id='word_1_767' title='bbox 2623 5087 2807 5141; x_wconf 86' lang='lat' dir='ltr'>sancti</span> <span class='ocrx_word' id='word_1_768' title='bbox 2844 5087 3135 5143; x_wconf 84' lang='lat' dir='ltr'>Benedicti</span> <span class='ocrx_word' id='word_1_769' title='bbox 3153 5088 3383 5143; x_wconf 86' lang='lat' dir='ltr'>abbatis</span> <span class='ocrx_word' id='word_1_770' title='bbox 3406 5085 3591 5141; x_wconf 86' lang='lat' dir='ltr'>missa</span> <span class='ocrx_word' id='word_1_771' title='bbox 3612 5083 3820 5157; x_wconf 81' lang='lat' dir='ltr'>liquet,</span> 
     </span>
    </p>
   </div>
   <div class='ocr_carea' id='block_1_120' title="bbox 2166 5154 3822 5228">
    <p class='ocr_par' dir='ltr' id='par_1_120' title="bbox 2166 5154 3822 5228">
     <span class='ocr_line' id='line_1_123' title="bbox 2166 5154 3822 5228; baseline -0.002 -14"><span class='ocrx_word' id='word_1_772' title='bbox 2166 5154 2376 5228; x_wconf 21' lang='lat' dir='ltr'>ut‘jam</span> <span class='ocrx_word' id='word_1_773' title='bbox 2407 5158 2548 5220; x_wconf 86' lang='lat' dir='ltr'>dixi,</span> <span class='ocrx_word' id='word_1_774' title='bbox 2573 5159 2726 5213; x_wconf 90' lang='lat' dir='ltr'>hunc</span> <span class='ocrx_word' id='word_1_775' title='bbox 2748 5158 3044 5213; x_wconf 87' lang='lat' dir='ltr'>missalem</span> <span class='ocrx_word' id='word_1_776' title='bbox 3076 5159 3291 5214; x_wconf 87' lang='lat' dir='ltr'>librum</span> <span class='ocrx_word' id='word_1_777' title='bbox 3320 5159 3391 5214; x_wconf 86' lang='lat' dir='ltr'>ad</span> <span class='ocrx_word' id='word_1_778' title='bbox 3423 5168 3597 5211; x_wconf 86' lang='lat' dir='ltr'>usum</span> <span class='ocrx_word' id='word_1_779' title='bbox 3634 5154 3822 5228; x_wconf 80' lang='lat' dir='ltr'>fuisse</span> 
     </span>
    </p>
   </div>
   <div class='ocr_carea' id='block_1_121' title="bbox 2168 5226 3825 5299">
    <p class='ocr_par' dir='ltr' id='par_1_121' title="bbox 2168 5226 3825 5299">
     <span class='ocr_line' id='line_1_124' title="bbox 2168 5226 3825 5299; baseline -0.001 -15"><span class='ocrx_word' id='word_1_780' title='bbox 2168 5226 2588 5285; x_wconf 80' lang='lat' dir='ltr'>monachorum</span> <span class='ocrx_word' id='word_1_781' title='bbox 2621 5229 2843 5284; x_wconf 88' lang='lat' dir='ltr'>ordinis</span> <span class='ocrx_word' id='word_1_782' title='bbox 2874 5229 3062 5285; x_wconf 86' lang='lat' dir='ltr'>sancti</span> <span class='ocrx_word' id='word_1_783' title='bbox 3098 5229 3410 5295; x_wconf 89' lang='lat' dir='ltr'>Benedicti,</span> <span class='ocrx_word' id='word_1_784' title='bbox 3444 5234 3501 5283; x_wconf 86' lang='lat' dir='ltr'>et</span> <span class='ocrx_word' id='word_1_785' title='bbox 3533 5226 3825 5299; x_wconf 57' lang='lat' dir='ltr'>principue</span> 
     </span>
    </p>
   </div>
   <div class='ocr_carea' id='block_1_122' title="bbox 2169 5301 3827 5372">
    <p class='ocr_par' dir='ltr' id='par_1_122' title="bbox 2169 5301 3827 5372">
     <span class='ocr_line' id='line_1_125' title="bbox 2169 5301 3827 5372; baseline -0.002 -17"><span class='ocrx_word' id='word_1_786' title='bbox 2169 5318 2202 5355; x_wconf 89' lang='lat' dir='ltr'>a</span> <span class='ocrx_word' id='word_1_787' title='bbox 2233 5301 2419 5371; x_wconf 89' lang='lat' dir='ltr'>prima</span> <span class='ocrx_word' id='word_1_788' title='bbox 2448 5307 2506 5355; x_wconf 89' lang='lat' dir='ltr'>et</span> <span class='ocrx_word' id='word_1_789' title='bbox 2536 5319 2568 5355; x_wconf 89' lang='lat' dir='ltr'>a</span> <span class='ocrx_word' id='word_1_790' title='bbox 2599 5302 2858 5357; x_wconf 86' lang='lat' dir='ltr'>secunda</span> <span class='ocrx_word' id='word_1_791' title='bbox 2889 5302 3170 5365; x_wconf 79' lang='lat' dir='ltr'>oratione,</span> <span class='ocrx_word' id='word_1_792' title='bbox 3197 5301 3413 5372; x_wconf 91' lang='lat' dir='ltr'>quibus</span> <span class='ocrx_word' id='word_1_793' title='bbox 3448 5304 3596 5367; x_wconf 87' lang='lat' dir='ltr'>Deus</span> <span class='ocrx_word' id='word_1_794' title='bbox 3625 5312 3827 5372; x_wconf 78' lang='lat' dir='ltr'>exora-</span> 
     </span>
    </p>
   </div>
   <div class='ocr_carea' id='block_1_123' title="bbox 2167 5370 3828 5444">
    <p class='ocr_par' dir='ltr' id='par_1_123' title="bbox 2167 5370 3828 5444">
     <span class='ocr_line' id='line_1_126' title="bbox 2167 5370 3828 5444; baseline -0.002 -18"><span class='ocrx_word' id='word_1_795' title='bbox 2167 5370 2285 5437; x_wconf 78' lang='lat' dir='ltr'>tur,</span> <span class='ocrx_word' id='word_1_796' title='bbox 2322 5378 2384 5426; x_wconf 87' lang='lat' dir='ltr'>ut</span> <span class='ocrx_word' id='word_1_797' title='bbox 2408 5373 2667 5442; x_wconf 88' lang='lat' dir='ltr'>paternis</span> <span class='ocrx_word' id='word_1_798' title='bbox 2716 5370 3226 5428; x_wconf 41' lang='lat' dir='ltr'>intercamanibus‘</span> <span class='ocrx_word' id='word_1_799' title='bbox 3254 5372 3535 5444; x_wconf 76' lang='lat' dir='ltr'>magniﬁci</span> <span class='ocrx_word' id='word_1_800' title='bbox 3585 5370 3828 5444; x_wconf 61' lang='lat' dir='ltr'>pastoris</span> 
     </span>
    </p>
   </div>
   <div class='ocr_carea' id='block_1_124' title="bbox 2171 5440 3825 5514">
    <p class='ocr_par' dir='ltr' id='par_1_124' title="bbox 2171 5440 3825 5514">
     <span class='ocr_line' id='line_1_127' title="bbox 2171 5440 3825 5514; baseline -0.002 -18"><span class='ocrx_word' id='word_1_801' title='bbox 2171 5440 2466 5497; x_wconf 81' lang='lat' dir='ltr'>Benedicti</span> <span class='ocrx_word' id='word_1_802' title='bbox 2496 5444 2696 5499; x_wconf 78' lang='lat' dir='ltr'>ablatio</span> <span class='ocrx_word' id='word_1_803' title='bbox 2740 5447 3052 5499; x_wconf 61' lang='lat' dir='ltr'>monasticae</span> <span class='ocrx_word' id='word_1_804' title='bbox 3105 5440 3359 5514; x_wconf 50' lang='lat' dir='ltr'>familia&quot;</span> <span class='ocrx_word' id='word_1_805' title='bbox 3400 5440 3825 5514; x_wconf 65' lang='lat' dir='ltr'>carnmendetur.</span> 
     </span>
    </p>
   </div>
   <div class='ocr_carea' id='block_1_125' title="bbox 2173 5513 3833 5587">
    <p class='ocr_par' dir='ltr' id='par_1_125' title="bbox 2173 5513 3833 5587">
     <span class='ocr_line' id='line_1_128' title="bbox 2173 5513 3833 5587; baseline -0.001 -19"><span class='ocrx_word' id='word_1_806' title='bbox 2173 5516 2234 5587; x_wconf 77' lang='lat' dir='ltr'>in</span> <span class='ocrx_word' id='word_1_807' title='bbox 2265 5514 2392 5583; x_wconf 86' lang='lat' dir='ltr'>ejus</span> <span class='ocrx_word' id='word_1_808' title='bbox 2422 5515 2672 5569; x_wconf 89' lang='lat' dir='ltr'>transitu</span> <span class='ocrx_word' id='word_1_809' title='bbox 2709 5514 2954 5587; x_wconf 69' lang='lat' dir='ltr'>habetur</span> <span class='ocrx_word' id='word_1_810' title='bbox 3000 5514 3234 5587; x_wconf 90' lang='lat' dir='ltr'>propria</span> <span class='ocrx_word' id='word_1_811' title='bbox 3286 5513 3545 5585; x_wconf 66' lang='lat' dir='ltr'>praelatio</span> <span class='ocrx_word' id='word_1_812' title='bbox 3592 5515 3833 5568; x_wconf 79' lang='lat' dir='ltr'>exarata</span> 
     </span>
    </p>
   </div>
   <div class='ocr_carea' id='block_1_126' title="bbox 2173 5585 2941 5658">
    <p class='ocr_par' dir='ltr' id='par_1_126' title="bbox 2173 5585 2941 5658">
     <span class='ocr_line' id='line_1_129' title="bbox 2173 5585 2941 5658; baseline -0.001 -17"><span class='ocrx_word' id='word_1_813' title='bbox 2173 5585 2233 5643; x_wconf 88' lang='lat' dir='ltr'>in</span> <span class='ocrx_word' id='word_1_814' title='bbox 2264 5590 2561 5658; x_wconf 73' lang='lat' dir='ltr'>postrema</span> <span class='ocrx_word' id='word_1_815' title='bbox 2590 5585 2941 5658; x_wconf 77' lang='lat' dir='ltr'>Appendice.</span> 
     </span>
    </p>
   </div>
   <div class='ocr_carea' id='block_1_127' title="bbox 2244 5653 3830 5736">
    <p class='ocr_par' dir='ltr' id='par_1_127' title="bbox 2244 5653 3830 5736">
     <span class='ocr_line' id='line_1_130' title="bbox 2244 5653 3830 5736; baseline -0.001 -22"><span class='ocrx_word' id='word_1_816' title='bbox 2244 5653 2356 5736; x_wconf 76' lang='grc'>(11)</span> <span class='ocrx_word' id='word_1_817' title='bbox 2416 5653 2796 5718; x_wconf 70' lang='lat' dir='ltr'>Festas&#39;dies</span> <span class='ocrx_word' id='word_1_818' title='bbox 2869 5654 3346 5716; x_wconf 84' lang='lat' dir='ltr'>Annuntiationis</span> <span class='ocrx_word' id='word_1_819' title='bbox 3403 5656 3584 5720; x_wconf 64' lang='lat' dir='ltr'>beata</span> <span class='ocrx_word' id='word_1_820' title='bbox 3631 5653 3830 5716; x_wconf 69' lang='lat' dir='ltr'>Maria</span> 
     </span>
    </p>
   </div>
  </div>
