3982 6172
346 293 477 363 843

347 424 540 497 cuncti
566 420 1022 480 resurrexissent
1051 437 1085 475 a
1113 419 1381 475 mortuis.
1402 417 1709 487 Propterea
1734 418 1791 467 et
1818 411 1993 467 turba
2020 413 2075 477 Α

350 530 485 570 cum
498 510 677 568 ramis
689 510 1018 584 palmarum
1030 506 1328 564 obviantes
1342 504 1688 561 clamabant:
1698 502 1994 565 Hosanna,

354 602 699 660 benedictus
730 600 829 674 qui
855 598 1019 661 venit,
1040 598 1098 653 in
1130 597 1366 652 nomine
1396 592 1627 651 Domini
1659 592 1779 647 Rex
1797 587 1993 644 Israel.

357 693 740 765 Quapropter,
789 703 1124 760 quaesumus
1175 682 1541 741 clementiam
1579 685 1766 747 tuam,
1800 682 1864 733 ut
1893 693 1997 731 nos

360 774 615 837 famulos
634 778 892 849 tuos,qui
925 776 1107 848 hujus
1135 775 1215 830 rei
1246 774 1493 847 gratiam
1518 775 1575 826 et
1594 769 1768 824 ﬁdem
1790 765 1998 821 verita-

359 869 439 927 tis
467 867 847 943 percipimus,
882 882 1052 922 eruas
1074 868 1131 921 et
1154 880 1332 919 exuas
1364 862 1435 916 de
1464 875 1562 916 ore
1594 855 1888 922 inierni,et
1907 852 1999 908 ad-

352 958 639 1031 jutorium
668 956 867 1030 gratia:
884 960 996 1011 tuae
1018 953 1188 1010 nobis
1208 952 1460 1007 tribuere
1480 944 2002 1020 digneris,utjuste

360 1049 419 1102 et
448 1042 547 1119 pie
562 1049 876 1117 sancteque
900 1044 1156 1101 viventes
1187 1057 1320 1096 cum
1353 1037 1552 1094 electis
1585 1034 1758 1090 facias
1790 1032 2003 1087 habere

360 1134 740 1191 consortium.
774 1134 882 1189 Per
910 1148 1085 1204 quem
1119 1130 1260 1197 haec,
1296 1126 1560 1191 Domine,
1593 1139 1823 1194 semper
1851 1120 2005 1175 bona

359 1240 543 1292 creas,
576 1221 965 1289 sancti’yﬁcas,
996 1219 1311 1285 vivifﬁcas,
1352 1212 1685 1281 bene’rdicis
1732 1214 1790 1266 et
1836 1206 2005 1264 nobis

361 1312 546 1384 servis
574 1311 694 1367 tuis
718 1310 958 1383 largiter
989 1313 1250 1382 praestas.
1284 1311 1393 1360 Per
1422 1302 1617 1359 omnia
1647 1299 1861 1356 saecula
1901 1315 2004 1354 sae-

362 1400 650 1459 culorum.
677 1402 884 1455 Amen.

430 1491 559 1546 Alia
597 1492 791 1546 ora-tio.
841 1488 1016 1553 Deus,
1061 1485 1164 1558 qui
1213 1483 1425 1539 Filium
1474 1485 1644 1537 tuum
1692 1477 2006 1534 Dominum

363 1583 631 1635 nostrum
686 1578 890 1635 Jesum
947 1575 1246 1632 Christum
1300 1590 1403 1645 pro
1454 1574 1659 1626 nostra
1713 1566 1902 1624 salute
1947 1564 2006 1618 in

363 1667 523 1723 hunc
553 1668 843 1722 mundum
873 1665 1108 1731 misisti,
1153 1668 1219 1719 ut
1264 1679 1325 1718 se
1372 1658 1712 1716 humiliaret
1760 1656 1831 1711 ad
1880 1670 2008 1719 nos,

366 1758 425 1810 et
452 1757 747 1811 revocaret
793 1754 865 1809 ad
897 1757 972 1821 te,
1005 1753 1107 1824 qui
1136 1751 1313 1807 etiam
1344 1751 1484 1805 dum
1512 1744 1870 1802 Hierusalem
1916 1758 2009 1797 ve-
2042 1779 2088 1842 Β

366 1842 536 1912 niret,
571 1847 630 1899 et
651 1842 997 1914 adimpleret
1026 1841 1380 1912 Scripturas,
1426 1834 1787 1892 credentium
1826 1848 2008 1904 popu-

365 1930 559 1987 lorum
590 1932 763 1987 turba
792 1930 1137 1986 ﬁdelissima
1166 1926 1487 1984 devotionis
1517 1942 1636 1980 suae
1664 1920 2012 1978 vestimenta

367 2035 503 2076 cum
533 2020 714 2076 ramis
770 2018 1102 2091 palmarum
1150 2018 1210 2071 in
1255 2016 1349 2071 via
1398 2013 1754 2081 sternebant,
1799 2014 2014 2081 praesta

366 2125 731 2181 qumsumus,
761 2111 827 2163 ut
864 2107 945 2162 illi
978 2107 1111 2162 ﬁdei
1139 2106 1292 2162 viam
1324 2116 1738 2175 praeparemus,
1779 2098 1850 2153 de
1896 2113 2014 2169 qua

365 2201 588 2254 remoto
616 2196 810 2269 lapide
852 2195 1190 2251 offensionis
1239 2198 1296 2250 et
1349 2195 1510 2264 pctra
1541 2188 1823 2255 scandali,
1853 2188 2010 2242 fron-

367 2285 504 2342 deat
530 2301 703 2358 opere
720 2285 962 2356 justitiae
994 2288 1282 2352 ramos,ut
1313 2283 1441 2353 ejus
1469 2278 1713 2351 vestigia
1734 2274 2010 2346 consequi

368 2388 720 2430 mereamur.
755 2374 880 2429 Per.

436 2464 558 2518 Haec
588 2466 669 2518 est
695 2462 813 2517 alia
843 2463 1037 2517 oratio.
1070 2459 1330 2516 Petimus
1360 2462 1434 2526 te,
1470 2460 1669 2529 sancte
1698 2456 1866 2511 Pater
1887 2469 2012 2508 om—

365 2550 659 2623 nipotens,
690 2554 901 2606 aeterne
936 2555 1103 2617 Deus,
1139 2555 1202 2604 ut
1228 2547 1511 2620 respicere
1542 2543 1798 2617 digneris
1838 2558 2013 2614 super

365 2637 518 2694 hanc
547 2642 872 2694 creaturam
904 2636 1065 2693 oliva:
1099 2642 1154 2693 ct
1187 2636 1543 2709 paln1a3,quzs
1566 2652 1635 2690 ex
1664 2631 1809 2705 ligni
1836 2636 2015 2686 mate-

366 2725 455 2784 ria
469 2727 699 2800 prodire
709 2728 735 2800 j
747 2727 1154 2798 ussisti,quam
1187 2725 1458 2782 columba
1478 2722 1707 2779 rediens
1724 2721 1794 2776 ad
1818 2736 2013 2776 arcam

369 2816 605 2889 proprio
644 2816 886 2889 protulit
932 2832 1028 2872 ore
1072 2814 1451 2880 benefdicere
1508 2816 1564 2867 et
1612 2809 2015 2874 sanctitﬁcare

369 2906 650 2977 digneris,
683 2910 749 2961 ut
778 2905 1113 2977 quicunque
1142 2920 1211 2958 ex
1242 2920 1310 2958 ea
1339 2899 1719 2973 sumpserint,
1770 2895 2016 2968 accipiat

367 2996 483 3052 sibi
532 2995 604 3050 ad
643 2994 1052 3067 perfectionem
1102 2993 1310 3049 animae
1358 2996 1413 3046 et
1464 2988 1742 3060 corporis,
1774 2987 2012 3056 ﬁatque,

365 3083 632 3151 Domine,
666 3086 877 3139 nostrae
917 3081 1128 3139 salutis
1156 3079 1499 3146 remedium,
1532 3083 1643 3133 tua:
1669 3076 1867 3149 gratiae
1917 3090 2010 3129 sa-

1534 277 1727 344 SzEC.
1772 274 1854 341 ΧῙ
1899 270 2210 339 MONUM.
2254 266 2569 335 LITURG.

3625 255 3752 318 844

2176 408 2404 462 Secreta.
2462 409 2593 475 Ipse
2642 400 2766 467 tibi,
2817 414 3175 472 quassumus,
3236 393 3478 449 Domine
3525 394 3751 469 sancte,

2104 497 2270 552 Pater
2299 493 2688 565 omnipotens,
2712 488 3064 546 sacriﬁcium
3110 486 3377 541 nostrum
3421 480 3752 565 reddat'ac-

2103 583 2464 657 ceptum,qui
2494 578 2799 652 discipulis
2830 576 2954 634 suis
2984 576 3043 631 in
3074 574 3167 631 sui
3200 559 3757 629 commemoratione

2105 674 2213 728 hoc
2245 672 2369 727 ﬁeri
2407 669 2690 726 hodierna
2736 666 3049 722 traditione
3098 658 3462 718 monstravit.
3514 657 3621 723 Qui
3669 660 3759 711 te-

2107 779 2265 818 cum.

2178 851 2331 921 Infra
2360 848 2648 903 actionem.
2684 841 3196 900 Communicantes
3227 841 3284 894 et
3313 836 3465 892 diem
3492 831 3766 890 sacratis-

2110 939 2323 994 simum
2384 935 2763 1002 celebrantes,
2817 948 2931 1004 quo
2990 928 3275 985 Dominus
3331 928 3529 981 noster
3583 921 3760 977 Jesus

2108 1027 2376 1083 Christus
2410 1042 2511 1098 pro
2544 1023 2711 1079 nobis
2742 1025 2831 1078 est
2860 1019 3133 1085 traditus,
3164 1016 3265 1072 sed
3311 1017 3373 1070 et
3412 1010 3761 1068 memoriam

2109 1117 2473 1186 venerantes.

2185 1204 2523 1259 Communia.
2566 1199 2778 1255 Refecti
2831 1194 3191 1253 salutaribus
3236 1189 3552 1254 alimentis,
3603 1203 3764 1259 qua:-

2113 1310 2344 1358 sumus,
2388 1290 2660 1359 Domine,
2713 1293 2862 1342 Deus
2920 1287 3136 1346 noster,
3182 1284 3246 1335 ut
3294 1278 3451 1351 quod
3498 1281 3771 1347 tempore

2114 1386 2323 1437 nostra:
2358 1376 2730 1434 mortalitatis
2760 1365 3621 1446 exsequimur,immortalitatis
3653 1367 3771 1419 tuae

2115 1486 2355 1527 munere
2383 1481 2837 1538 consequamur.
2872 1463 3001 1518 Per.

2702 1616 2760 1653 IN
2792 1612 3150 1653 PARASCEVEN
3159 1636 3172 1648 .

2190 1736 2456 1798 Oremus,
2490 1728 2853 1787 dileclissimi
2902 1727 3094 1797 nobis,
3129 1740 3232 1796 pro
3276 1719 3538 1778 Ecclesia
3566 1721 3775 1773 sancta

2124 1825 2249 1891 Dei,
2282 1828 2346 1879 ut
2377 1839 2505 1877 eam
2538 1821 2688 1876 Deus
2718 1822 2776 1874 et
2804 1815 3087 1873 Dominus
3120 1815 3317 1869 noster
3364 1807 3673 1883 paciﬁcare
3714 1808 3776 1860 et

2121 1912 2418 1969 custodire
2449 1910 2721 1981 dignetur
2748 1910 2868 1962 toto
2890 1905 3028 1960 orbe
3051 1896 3695 1968 terrarum,subjicicns
3717 1894 3773 1949 ei

2122 2001 2484 2075 principatus
2513 2005 2571 2052 et
2601 1998 2938 2069 potestates,
2976 1992 3189 2063 detque
3220 1988 3391 2044 nobis
3420 1986 3684 2058 quietam
3715 1988 3779 2038 et

2120 2072 2501 2159 tranquillam
2531 2087 2711 2140 vitam
2742 2082 3089 2155 degentibus
3117 2077 3440 2151 gloriﬁcare
3464 2079 3647 2129 Deum
3670 2072 3778 2127 Pa-

2123 2183 2272 2233 trem
2307 2176 2786 2247 omnipotentem.

2192 2267 2436 2323 Oremus.
2468 2265 2768 2319 Flectamus
2794 2275 2989 2331 genua.
3024 2256 3406 2328 Omnipotens
3425 2250 3785 2324 sempiterne

2124 2356 2300 2423 Deus,
2335 2353 2433 2426 qui
2463 2351 2709 2425 gloriam
2737 2354 2899 2405 tuam
2929 2346 3204 2404 omnibus
3237 2344 3299 2399 in
3328 2342 3557 2398 Christo
3589 2338 3784 2413 genti-

2121 2446 2236 2501 bus
2273 2440 2558 2507 revelasti,
2591 2438 2819 2494 custodi
2870 2452 3045 2509 Opera
3091 2429 3501 2489 misericordiae
3542 2432 3680 2493 tuas,
3712 2431 3787 2481 ut

2123 2531 2382 2589 Ecclesia
2407 2533 2526 2583 toto
2559 2528 2697 2583 orbe
2727 2522 3162 2591 diﬁ‘usa,stabili
3184 2520 3297 2576 ﬁde
3319 2519 3378 2574 in
3408 2517 3780 2574 confessione

2122 2620 2213 2677 tui
2245 2617 2501 2675 nominis
2532 2619 2876 2689 perseveret.
2910 2614 3017 2668 Per
3039 2611 3335 2668 eumdem.

2199 2708 2444 2764 Oremus
2475 2711 2530 2761 et
2562 2721 2664 2777 pro
2698 2702 3035 2759 beatissimo
3057 2716 3208 2773 papa
3233 2701 3432 2753 nostro
3449 2693 3590 2750 N.ut
3619 2693 3787 2748 Deus

2120 2800 2177 2853 et
2206 2794 2490 2851 Dominus
2524 2796 2723 2848 noster
2745 2790 2845 2862 qui
2876 2789 3053 2862 elegit
3071 2803 3207 2844 eum
3238 2786 3299 2841 in
3329 2784 3533 2841 ordine
3552 2781 3784 2853 episco-

2124 2890 2298 2958 patus
2332 2882 2557 2939 salvum
2589 2884 2765 2952 atque
2787 2878 3139 2934 incolumem
3172 2873 3464 2931 custodiat
3504 2869 3780 2927 Ecclesiae

2127 2957 2339 3032 sanctae
2373 2989 2492 3028 suae
2523 2971 2595 3027 ad
2623 2968 2942 3043 regendum
2974 2964 3256 3039 pepulum
3279 2965 3548 3019 sanctum
3578 2957 3702 3014 Dei.

2192 3067 2444 3121 Oremus.
2468 3055 3187 3128 Flectamusﬂmnipotens
3218 3051 3572 3123 sempiterne
3596 3052 3778 3109 Deus,

2037 3140 2080 3206 C
2118 3155 2289 3224 cujus
2312 3149 2535 3223 judicio
2581 3147 2857 3204 universa
2884 3139 3457 3212 fundantur,respice
3488 3135 3787 3210 propitius

2109 3242 2180 3297 ad
2212 3256 2412 3313 preces
2442 3242 2694 3303 nostras,
2727 3240 2783 3291 et
2833 3233 3085 3291 electum
3113 3229 3281 3286 nobis
3320 3226 3643 3284 antistitem
3678 3229 3789 3280 tua

2110 3330 2320 3403 pietate
2349 3343 2642 3394 conserva,
2676 3329 2742 3380 ut
2773 3322 2993 3379 Christi
3015 3338 3127 3377 ana
3154 3319 3339 3392 plebs,
3367 3332 3494 3388 qum
3524 3313 3626 3403 tali
3676 3329 3790 3387 gu-

360 3177 749 3237 cramentum.
776 3172 899 3228 Per.

852 3304 1063 3344 INCIPIT
1100 3303 1268 3343 MISSA
1306 3302 1366 3343 ιΝ
1406 3302 1515 3340 DIE.

435 3384 817 3457 Omnipotens
848 3382 1204 3455 sempiterne
1251 3383 1424 3447 Deus,
1457 3378 1559 3451 qui
1602 3379 1859 3433 humano
1910 3393 2008 3450 ge-

368 3473 495 3531 neri
522 3475 595 3529 ad
624 3472 978 3528 imitandum
1008 3469 1358 3525 humilitatis
1386 3467 1716 3539 exemplum
1747 3465 2010 3522 Salvato-

369 3578 496 3619 rem
541 3565 809 3617 nostrum
856 3575 1090 3615 carnem
1144 3574 1393 3625 sumere,
1436 3561 1493 3612 et
1537 3572 1771 3611 crucem
1814 3553 2010 3610 subire

365 3648 622 3716 voluisti,
656 3647 907 3703 concede
936 3647 1244 3718 prOpitius,
1280 3652 1343 3700 ut
1387 3650 1444 3700 et
1488 3629 1779 3717 patientiae
1822 3643 2011 3715 ipsius

367 3738 583 3794 habere
614 3737 964 3794 documenta
991 3740 1048 3791 et
1080 3733 1521 3791 resurrectionis
1552 3731 1845 3788 consortia
1897 3748 2012 3786 me-

373 3841 629 3883 reamur.
660 3825 785 3881 Per.

444 3916 678 3971 Secreta.
732 3913 993 3969 Concede
1037 3928 1396 3984 quasumus,
1439 3909 1703 3975 Domine,
1738 3912 1802 3963 ut
1830 3906 2014 3963 oculis

372 4008 487 4077 tua:
519 4002 847 4076 maiestatis
877 4018 1094 4067 munus
1142 4000 1403 4055 oblatum
1455 4003 1511 4055 et
1551 3998 1801 4071 gratiam
1846 3997 2015 4053 nobis

373 4097 489 4150 tua:
520 4090 843 4148 devotionis
872 4090 1132 4146 obtineat
1158 4094 1215 4145 et
1242 4089 1513 4144 eli'ectum
1543 4088 1721 4143 beatae
1753 4084 2016 4158 perenni-

374 4181 516 4238 tatis
545 4180 827 4253 acquirat.
862 4178 988 4234 Per.

446 4269 1000 4341 Prw/atiehEterne
1023 4272 1303 4337 Deus,per
1323 4282 1498 4336 quem
1520 4263 1688 4319 nobis
1711 4262 1807 4317 ind
1819 4261 2015 4332 uigen-

378 4357 462 4413 tia
488 4356 752 4428 largitur,
786 4358 843 4410 et
872 4371 984 4426 pax
1011 4371 1113 4425 per
1138 4369 1311 4409 omne
1336 4352 1615 4406 sazculum
1646 4349 2016 4422 praedicatur.

378 4444 655 4501 Traditur
682 4442 908 4497 cunctis
937 4440 1310 4495 credentibus
1337 4437 1669 4511 disciplina,
1702 4441 1769 4492 ut
1806 4436 2018 4492 sancti-

380 4533 585 4588 ﬁcatos
608 4546 714 4585 nos
744 4528 930 4601 possit
978 4528 1101 4583 dies
1151 4532 1431 4582 venturus
1479 4527 1760 4598 excipere.
1793 4527 1865 4581 Et
1894 4525 2022 4581 ideo

386 4635 523 4676 cum
545 4616 787 4691 angelis.

452 4698 793 4786 Communia.
827 4706 932 4761 Per
961 4705 1160 4776 hujus,
1197 4705 1455 4772 Domine,
1479 4706 1872 4778 operationem
1904 4720 2024 4776 my-

382 4796 565 4865 sterii,
617 4800 675 4851 et
718 4794 857 4850 vitia
885 4800 1085 4851 nostra
1113 4798 1437 4867 purgentur
1467 4799 1523 4850 et
1542 4795 1708 4866 justa
1736 4792 2027 4849 desideria

382 4884 806 4959 compleantur.
830 4884 955 4939 Per.

774 5015 953 5070 ,rsmA
990 5016 1048 5066 v,
1087 5016 1143 5053 IN
1185 5016 1359 5054 COENA
1397 5000 1632 5055 Doamu.

452 5099 610 5155 Deus
640 5114 674 5153 a
704 5114 818 5170 quo
839 5101 895 5153 et
912 5096 1096 5152 Judas
1127 5101 1321 5153 reatus
1341 5097 1431 5151 sui
1463 5113 1715 5169 poenam,
1731 5101 1789 5151 et
1809 5094 2029 5150 confes-

384 5187 548 5264 sione
577 5190 680 5242 tua
708 5186 855 5242 latro
909 5185 1213 5257 praemium
1263 5185 1537 5257 sumpsit,
1571 5184 1820 5240 concede
1859 5181 2026 5238 nobis

384 5277 497 5328 tum
530 5275 959 5345 propitiationis
990 5276 1352 5341 eﬁ‘ectum,ut
1373 5275 1525 5329 sicut
1546 5275 1602 5328 in
1630 5272 1898 5344 passione
1922 5288 2029 5326 sua

384 5360 414 5415 J
423 5375 560 5414 esus
588 5361 854 5417 Christus
884 5363 1165 5417 Dominus
1191 5366 1388 5416 noster
1408 5361 1635 5416 diversa
1656 5360 1919 5431 utrisque
1938 5359 2027 5415 in-

384 5445 523 5503 tulit
552 5447 847 5518 stipendia
874 5450 1329 5516 meritorum,ita
1358 5449 1526 5505 nobis
1553 5448 1743 5505 ablato
1771 5453 2030 5506 vetusta-

386 5534 466 5628 tis
496 5550 688 5591 errore
719 5539 1160 5597 resurrectionis
1190 5557 1307 5598 suae
1337 5539 1585 5615 gratiam
1616 5538 2030 5614 largiatur.Qui

386 5626 586 5697 tecum
610 5626 768 5689 vivit.

2112 3401 2392 3474 bernatur
2447 3424 2701 3480 auctore,
2760 3412 2869 3468 sub
2920 3414 3087 3466 tanto
3114 3405 3387 3482 pontiﬁce
3417 3401 3791 3460 credulitatis

2118 3523 2237 3562 suis
2260 3504 2485 3560 meritis
2514 3505 2814 3573 augeatur.
2848 3500 2971 3556 Per.
3786 3560 3792 3566 ⁸

2193 3594 2439 3649 Oremus
2488 3596 2547 3646 et
2596 3608 2698 3661 pro
2746 3588 3022 3645 omnibus
3053 3583 3372 3658 episcopis,
3406 3579 3789 3655 presbyteris,

2115 3681 2482 3747 diaconibus,
2550 3677 3039 3744 subdiaconibus,
3094 3671 3398 3746 acolythis,
3458 3668 3788 3735 exorcistis,

2115 3769 2453 3834 lectoribus,
2484 3766 2764 3832 ostiariis,
2797 3782 2906 3821 con
2923 3763 3269 3827 fessoribus,
3317 3758 3664 3832 virginibus,
3696 3757 3791 3813 vi-

2119 3858 2274 3923 duis,
2305 3855 2602 3928 orphanis,
2632 3860 2689 3910 et
2722 3872 2824 3927 pro
2856 3853 3017 3909 omni
3056 3849 3270 3923 populo
3300 3852 3504 3906 sancto
3536 3845 3657 3902 Dei.

2192 3947 2432 4003 Oremus.
2458 3944 2795 3998 Flectamus.
2819 3941 3206 4012 Omnipotens
3231 3936 3584 4008 sempiterne
3605 3933 3786 3999 Deus,

2121 4038 2291 4106 cujus
2319 4031 2537 4104 Spiritu
2566 4035 2761 4086 totum
2791 4046 3003 4101 corpus
3025 4026 3291 4083 Ecclesia:
3313 4023 3714 4081 sanctiﬁcatur
3732 4025 3791 4076 et

2124 4123 2363 4196 regitur,
2385 4119 2593 4176 exaudi
2628 4135 2740 4174 nos
2777 4135 2878 4190 pro
2909 4116 3198 4172 universis
3227 4113 3536 4169 ordinibus
3566 4108 3791 4181 suppliv

2124 4217 2344 4276 cantes,
2376 4214 2442 4264 ut
2471 4207 2675 4281 gratiae
2710 4211 2821 4262 tum
2847 4222 3090 4261 munere
3121 4205 3193 4259 ab
3230 4201 3507 4258 omnibus
3535 4198 3642 4254 tibi
3659 4213 3794 4270 gra-

2127 4300 2299 4355 dibus
2329 4296 2581 4353 ﬁdeliter
2617 4295 2924 4351 serviatur.
2958 4294 3084 4349 Per.

2199 4388 2447 4443 Oremus
2472 4388 2528 4440 et
2550 4400 2653 4456 pro
2681 4380 3186 4438 Christianissimo
3207 4379 3558 4451 imperatore
3585 4378 3791 4431 nostro

2054 4503 2101 4565 Ι)
2129 4478 2197 4533 Ν.
2234 4480 2298 4531 ut
2329 4481 2480 4531 Deus
2511 4478 2569 4528 et
2597 4472 2885 4528 Dominus
2919 4473 3115 4526 noster
3159 4466 3426 4524 subditas
3478 4462 3560 4518 illi
3611 4461 3793 4519 faciat

2131 4582 2334 4622 omnes
2364 4563 2645 4619 barbaras
2695 4559 2961 4615 nationes
3005 4559 3077 4613 ad
3126 4561 3390 4613 nostram
3440 4556 3791 4626 perpetuam

2133 4670 2361 4726 pacem.

2184 4744 2447 4798 Oremus.
2473 4734 3183 4808 Flectamusﬂmnipotens
3212 4732 3565 4805 sempiterne
3599 4729 3782 4794 Deus,

2130 4831 2192 4886 in
2223 4832 2393 4901 cujus
2440 4843 2652 4883 manus
2703 4828 2844 4881 sunt
2882 4841 3086 4880 omnes
3135 4825 3470 4896 potestates,
3502 4821 3561 4874 et
3589 4816 3794 4874 omnia

2125 4921 2263 4991 jura
2293 4915 2854 4989 regnorum,respice
2885 4914 2957 4969 ad
2991 4913 3321 4968 Romanum
3351 4908 3645 4980 benignus
3674 4906 3792 4961 im-

2135 5008 2383 5080 perium,
2417 5010 2480 5059 ut
2509 5009 2732 5076 gentes,
2762 5020 2889 5074 quae
2921 5002 2978 5056 in
3018 5018 3128 5057 sua
3177 4999 3407 5055 feritate
3459 4994 3787 5063 conﬁdunt,

2134 5095 2404 5168 potentiae
2434 5098 2547 5148 tuae
2578 5093 2815 5148 dextera
2844 5088 3327 5162 comprimantur.
3361 5086 3488 5142 Per.

2207 5184 2453 5239 Oremus
2492 5186 2549 5237 et
2595 5198 2699 5253 pro
2748 5177 3185 5238 catechumenis
3232 5174 3472 5242 nostris,
3519 5176 3586 5228 ut
3631 5171 3792 5227 Deus

2135 5277 2192 5328 et
2223 5272 2506 5327 Dominus
2536 5274 2734 5326 noster
2782 5269 3007 5342 aperiat
3052 5283 3225 5323 aures
3274 5262 3659 5337 praecordium
3698 5259 3791 5331 ip-

2138 5378 2359 5429 sorum,
2384 5362 2752 5432 januamque
2784 5355 3218 5423 misericordiae,
3251 5358 3315 5409 ut
3347 5368 3449 5426 per
3487 5349 3790 5405 lavacrum

2138 5449 2595 5523 regenerationis
2651 5451 2886 5521 accepta
2939 5444 3283 5504 remissione
3335 5439 3601 5497 omnium
3656 5452 3788 5508 pec-

2139 5522 2425 5609 ceterum,
2449 5544 2505 5599 et
2534 5539 2646 5613 ipsi
2680 5536 3052 5599 inveniantur
3079 5534 3140 5593 in
3173 5531 3404 5593 Christo
3429 5528 3570 5588 Jesu
3602 5522 3793 5587 Domi-

2140 5644 2216 5695 no
2246 5632 2465 5692 DOStI‘O.
