3982 6172
246 307 363 371 845

217 502 221 510 λ
321 442 565 497 Oremus.
652 443 973 499 Flectamus.

243 531 417 599 Deus,
452 531 1059 604 quiEcclesiamtuam
1093 545 1481 601 novasemper
1510 528 1669 599 prole
1692 529 1887 583 fecun-

242 620 369 691 das,
401 636 551 692 auge
576 620 751 676 ﬁdem
782 618 1210 676 etintellectum
1227 615 1658 674 catechumenis
1676 616 1890 671 nostris

241 713 308 765 ut
337 709 523 765 renati
582 709 738 765 fonte
786 708 1160 782 baptismatis
1220 705 1555 780 adoptionis
1611 710 1722 761 tuae
1754 704 1890 762 ﬁliis

238 801 596 871 aggregentu
608 816 652 853 r.
689 798 814 854 Per.
1761 865 1768 873 .

309 887 577 954 Oremus,
593 887 959 943 dilectissimi
974 887 1160 956 nobis,
1177 887 1360 941 Deum
1376 889 1600 957 patrem
1619 882 1890 957 omnipo-

236 979 479 1043 tentem,
508 980 570 1031 ut
599 975 824 1033 cunctis
843 977 1131 1032 mundum
1151 979 1359 1047 purget
1389 972 1706 1034 erroribus.
1735 990 1889 1029 mor-

236 1066 344 1123 bos
376 1067 621 1132 auferat,
654 1066 868 1121 famem
900 1063 1174 1137 depellat,
1206 1064 1429 1135 apcriat
1458 1078 1740 1129 carceres,
1763 1061 1891 1116 vin-

238 1154 372 1211 cula
401 1153 700 1221 dissolvat,
722 1153 1230 1227 peregrinantibus
1245 1153 1517 1219 reditum,
1545 1152 1815 1206 intirman
1827 1150 1894 1206 ti-

238 1245 349 1301 bus
380 1243 712 1312 sanitatem,
747 1242 1157 1316 navigantibus
1188 1246 1419 1314 portum
1453 1240 1662 1296 salutis
1692 1238 1887 1294 indul-

236 1336 393 1407 geat.
896 1384 897 1387 η

305 1422 553 1477 Oremus.
588 1422 917 1476 Flectamus.
943 1420 1328 1492 Omnipotens
1358 1418 1714 1489 sempiterna
1739 1422 1891 1472 Deus

234 1514 582 1566 mmstorum
601 1509 943 1576 consolatio,
962 1508 1360 1564 laborantium
1381 1507 1658 1563 fortitudo
1690 1522 1890 1578 perve-

234 1600 402 1655 niant
431 1600 571 1655 adte
586 1615 784 1672 preces
804 1603 1036 1662 nostrze,
1051 1599 1122 1653 de
1140 1612 1490 1669 quacunque
1515 1594 1890 1650 tribulatione

235 1688 638 1756 clamantium,
675 1692 739 1742 ut
769 1704 971 1744 omnes
1003 1687 1110 1743 sibi
1164 1687 1222 1740 in
1274 1685 1722 1741 necessitatibus
1766 1683 1892 1739 suis

234 1777 701 1834 misericordiam
734 1781 895 1832 tuam
926 1777 1219 1849 gaudeant
1246 1775 1525 1831 adfuisse.
1562 1778 1687 1829 Per.
1923 1809 1971 1874 Β

310 1867 558 1922 Oremus
589 1870 645 1921 et
677 1882 779 1937 pro
802 1864 1087 1921 haereticis
1117 1868 1174 1920 et
1193 1863 1622 1929 schismaticis,
1655 1865 1719 1917 ut
1740 1862 1894 1918 Deus

233 1961 293 2012 et
322 1955 607 2011 Dominus
642 1958 840 2010 noster
869 1958 1034 2009 eruat
1061 1969 1160 2009 eos
1187 1952 1260 2007 ab
1273 1949 1894 2018 erroribusuniversis,

234 2049 293 2101 et
323 2044 395 2101 ad
457 2047 723 2100 sanctam
774 2047 1023 2098 matrem
1072 2040 1386 2096 Eeclesiam
1438 2039 1783 2095 catholicam
1840 2042 1897 2093 et

237 2132 619 2206 apostolicam
652 2148 919 2188 revocare
949 2131 1242 2203 dignetur.

190 2290 197 2299 ἡ
307 2221 558 2277 Oremus.
591 2222 915 2277 Flectamus.
951 2217 1701 2290 Omnipotenssempiterne
1724 2218 1895 2280 Deus,

231 2312 332 2384 qui
366 2309 556 2367 salvas
587 2326 811 2375 omnes,
844 2313 901 2364 et
915 2308 1207 2365 neminem
1240 2307 1324 2362 vis
1338 2306 1547 2379 perire,
1572 2322 1663 2361 res
1683 2305 1894 2376 picead

238 2401 473 2457 animas
505 2398 793 2456 diabolica
824 2398 1027 2454 fraude
1048 2397 1341 2468 deceptas,
1360 2400 1422 2450 ut
1451 2393 1899 2451 omnihzeretica

239 2489 526 2563 pravitate
554 2489 839 2562 deposita,
886 2487 1208 2543 errantium
1240 2486 1417 2541 corda
1445 2484 1816 2556 resipiscant,
1841 2488 1898 2537 et

236 2578 313 2636 ad
345 2578 606 2634 veritatis
638 2582 752 2633 tum
778 2577 1018 2633 redeant
1048 2574 1353 2631 unitatem.
1387 2573 1511 2629 Per.

310 2667 564 2724 Oremus
595 2670 653 2721 et
683 2683 786 2738 pro
817 2664 1058 2737 perﬁdis
1083 2662 1324 2727 Judaeis,
1360 2665 1423 2717 ut
1452 2662 1606 2717 Deus
1622 2663 1679 2717 et
1703 2658 1892 2715 Domi-

241 2774 357 2812 nus
390 2760 589 2813 noster
617 2754 841 2810 auferat
871 2753 1132 2808 velumen
1163 2753 1233 2807 de
1278 2750 1551 2806 cordibus
1582 2765 1806 2818 eorum,
1832 2752 1898 2803 ut

240 2852 298 2902 et
329 2845 442 2919 ipsi
472 2847 827 2917 cognoscant
881 2846 935 2896 te
967 2841 1167 2898 Jesum
1228 2840 1526 2896 Christum
1579 2838 1893 2894 Dominum

246 2939 540 2991 nostrum.

313 3026 411 3080 Hic
439 3039 549 3078 non
576 3022 793 3078 dicatur
846 3021 1168 3076 Flectamus.
1222 3019 1606 3091 Omnipotens
1673 3016 1893 3088 sempi-

238 3117 403 3169 terne
429 3112 584 3167 Deus
623 3109 723 3182 qui
755 3108 931 3165 etiam
948 3107 1570 3180 perﬁdiamJudaicam
1603 3124 1635 3162 a
1664 3105 1888 3161 tuami-

1420 302 2148 370 SECRAMENTARIUM
2192 302 2475 368 VETUS.

1069 440 1452 512 Omnipotens
1539 440 1892 512 sempiterne
1923 442 1976 505 Α
2007 438 2160 492 sicut
2192 439 2387 494 fumus
2412 438 2629 509 jeceris
2659 438 2856 510 piscis,
2892 456 3065 510 quem
3101 438 3353 514 Raphael
3393 441 3647 499 archan-

3530 310 3651 370 846

1998 525 2166 599 gelus
2196 532 2335 583 tuus
2364 527 2558 582 Tobiaz
2616 526 2834 583 famulo
2865 531 2966 585 tuo
3024 528 3222 584 docuit
3276 530 3512 587 accendi
3570 531 3643 588 ad

1999 619 2264 670 sanctam
2295 615 2718 671 liberationem.
2752 616 3078 673 Descendat
3107 635 3285 691 super
3326 617 3479 675 hanc
3509 635 3641 693 spe-

2000 703 2145 759 ciem
2168 705 2388 760 incensi
2405 704 2575 777 plena
2586 706 2970 777 benetdictio,
2986 709 3052 762 ut
3081 708 3160 764 sit
3187 708 3295 765 tibi
3314 713 3638 782 acceptum;

2000 792 2150 849 sicut
2179 793 2296 861 ille,
2311 794 2382 849 de
2413 811 2527 866 quo
2545 794 2718 849 David
2732 794 3167 869 prophetatuus
3186 797 3399 855 cecinit
3418 797 3638 856 dicens:

1998 882 2296 955 Dirigatur
2326 882 2508 938 oratio
2540 900 2689 951 mea,
2723 884 2874 940 sicut
2901 884 3207 942 incensum
3237 886 3299 942 in
3329 890 3643 961 conspectu

1999 988 2127 1026 suo.
2162 971 2250 1026 Sit
2280 972 2448 1028 nobis
2481 973 2624 1028 odor
2675 974 3092 1033 consolationis
3124 993 3191 1032 ac
3246 977 3557 1035 suavitatis
3587 981 3647 1036 et

1998 1060 2218 1131 gratiae,
2253 1064 2317 1116 ut
2364 1061 2563 1117 furnus
2622 1064 2750 1134 ejus
2804 1064 3018 1138 effuget
3047 1082 3251 1122 omnes
3302 1066 3644 1139 phantasias

2000 1150 2213 1205 mentis
2240 1155 2298 1205 et
2352 1151 2630 1223 corporis,
2664 1156 2730 1207 ut
2785 1153 2995 1221 simus,
3047 1153 3312 1228 Apostoli
3341 1156 3426 1211 tui
3483 1172 3643 1221 voce,

2001 1237 2134 1293 boni
2167 1239 2363 1294 odoris
2420 1238 2556 1307 Deo,
2613 1240 2854 1313 effugiat
2906 1259 2941 1296 a
2999 1242 3142 1299 facie
3185 1242 3364 1316 hujus
3421 1245 3645 1302 incensi

2000 1327 2192 1382 omnis
2223 1328 2554 1383 daemonum
2575 1327 2868 1397 incursus,
2883 1329 3035 1387 sicut
3049 1330 3443 1404 pulvisafacie
3463 1334 3643 1404 venti,

1999 1420 2055 1470 et
2085 1416 2236 1470 sicut
2266 1416 2466 1472 fumus
2498 1433 2531 1471 a
2560 1416 2704 1472 facie
2734 1418 2909 1491 ignis.
2962 1419 3177 1476 Praesta
3206 1420 3336 1490 hoc,
3382 1421 3649 1495 piissime

2000 1505 2186 1572 Pater,
2221 1522 2323 1577 per
2383 1505 2756 1579 Unigenitum
2814 1512 3006 1577 tuum,
3039 1524 3172 1565 cum
3229 1527 3346 1583 quo
3397 1511 3544 1567 vivis
3592 1514 3651 1568 et

2000 1610 2210 1664 regnas
2241 1610 2374 1650 cum
2407 1595 2626 1668 Spiritu
2659 1601 2861 1653 sancto
2894 1598 3047 1654 Deus
3076 1598 3135 1654 in
3166 1598 3381 1657 sarcula
3413 1599 3651 1658 seculo-

2001 1700 2154 1738 rum.
2189 1686 2395 1740 Amen.

2467 1835 2801 1875 BENEDIC‘TIO
2840 1834 2994 1877 IGNlS
3034 1837 3186 1877 NOVI.

2077 1951 2459 2022 Omnipotens
2507 1952 2881 2024 sempiterne,
2932 1958 3145 2010 aeterne
3200 1954 3355 2012 Deus
3423 1959 3656 2013 Greater

2007 2041 2271 2094 omnium
2305 2057 2521 2109 rerum,
2556 2046 2610 2096 te
2641 2041 2945 2099 humiliter
2974 2044 3377 2117 deprecamur,
3409 2047 3475 2100 ut
3494 2045 3653 2101 hunc

2006 2129 2200 2200 ignem
2232 2145 2467 2195 novum,
2515 2129 2658 2185 ecelo
2688 2135 2852 2186 terrae
2903 2132 3203 2206 largitum,
3253 2133 3654 2203 sanctifﬁcare

2005 2222 2063 2272 et
2095 2217 2471 2283 bene’rdicere
2527 2219 2809 2291 digneris,
2869 2224 2927 2276 et
2957 2222 3109 2277 sicut
3139 2222 3200 2277 in
3246 2223 3498 2280 adventu
3551 2228 3653 2280 tuo

2005 2304 2292 2361 elementa
2323 2308 2666 2380 contagione
2710 2313 3079 2380 peccatorum
3129 2310 3358 2384 polluta
3403 2328 3653 2385 purgare

2006 2395 2296 2466 polliceris
2321 2413 2333 2463 ;
2364 2396 2445 2451 ita
2475 2402 2531 2451 et
2561 2396 2657 2453 hic
2690 2397 2845 2470 ignis
2875 2415 3060 2456 novus
3088 2400 3485 2458 tabernaculis
3511 2402 3652 2460 fide-

2006 2482 2151 2538 lium
2180 2488 2414 2538 tuorum
2431 2484 2736 2540 habendus
2750 2485 3158 2559 purgationem
3176 2487 3490 2559 perfectam
3508 2489 3655 2545 obti-

2006 2577 2160 2639 neat,
2207 2577 2264 2627 et
2318 2572 2638 2628 obstaculis
2696 2572 2947 2631 invictus
3004 2579 3209 2632 contra
3261 2592 3497 2633 omnem
3557 2593 3654 2633 ne-

2006 2660 2254 2732 quitiam
2286 2659 2529 2733 maligni
2561 2660 2805 2734 spiritus
2836 2664 3193 2736 perﬁciatur.

2078 2751 2216 2805 Lect.
2247 2768 2283 2805 l.
2319 2750 2380 2806 In
2413 2750 2698 2824 principio
2730 2753 2963 2808 creavit.

2077 2839 2281 2895 Oratio.
2317 2845 2487 2910 Deus,
2522 2841 2619 2913 qui
2654 2840 3001 2898 mirabiliter
3021 2842 3231 2900 creasti
3262 2843 3563 2901 hominem
3593 2850 3652 2902 et

2006 2928 2300 2984 mirabilia
2331 2929 2652 3001 redemisti,
2685 2930 2760 2986 da
2790 2931 2980 2998 nobis,
3034 2949 3395 3006 quaesumus,
3450 2938 3653 2992 contra

2004 3018 2430 3074 oblectamenta
2460 3020 2678 3089 peccati
2711 3020 2926 3076 mentis
2958 3021 3184 3078 ratione
3214 3023 3544 3095 persistere,
3587 3028 3652 3079 ut

2005 3124 2337 3162 mereamur
2366 3108 2433 3162 ad
2467 3108 2682 3179 gaudia
2710 3113 2926 3164 mterna
2948 3111 3267 3181 pervenire.
3300 3112 3426 3167 Per.

237 3200 557 3256 sericordia
587 3174 700 3254 non
733 3174 983 3270 repellis,
1016 3196 1223 3253 exaudi
1256 3213 1455 3269 preces
1486 3199 1715 3251 nostras
1737 3211 1883 3267 quas
1913 3174 1956 3242 (ἶ
2067 3200 2209 3252 Lect.
2244 3212 2284 3251 ιι
2338 3174 2575 3251 Factum
2633 3201 2721 3252 est
2751 3196 2810 3252 in
2858 3174 3073 3270 vigilia.
3132 3200 3284 3272 Resp.
3335 3199 3652 3259 Cantemus

237 3306 343 3362 pro
377 3287 536 3343 illius
564 3285 765 3360 populi
798 3284 1182 3342 obcaecatione
1222 3284 1561 3351 deferimus,
1605 3289 1668 3339 ut
1692 3286 1891 3356 agnita

234 3376 498 3434 veritatis
528 3380 638 3432 tua:
669 3374 816 3443 luce,
850 3392 977 3447 quae
994 3373 1264 3430 Christus
1292 3381 1401 3443 est,
1421 3391 1454 3429 a
1485 3373 1609 3429 suis
1638 3372 1891 3429 tenebris

239 3470 546 3524 eruantur.
584 3466 707 3521 Per.

311 3555 560 3612 Oremus
592 3559 649 3610 et
672 3571 774 3627 pro
799 3553 1067 3627 paganis,
1102 3557 1166 3607 ut
1191 3552 1344 3607 Deus
1374 3552 1599 3609 auferat
1620 3550 1890 3624 iniquita-

237 3649 362 3701 tem
388 3645 459 3700 de
489 3643 765 3700 cordibus
795 3659 1020 3710 eorum,
1056 3648 1114 3697 et
1145 3641 1361 3697 relictis
1394 3641 1565 3697 idolis
1595 3640 1720 3709 suis
1757 3657 1894 3695 con-

237 3737 543 3790 vertantur
562 3732 630 3787 ad
666 3730 981 3788 Dominum
1002 3731 1197 3786 vivum
1230 3734 1287 3786 et
1315 3747 1541 3797 verum,
1574 3735 1632 3787 et
1655 3729 1895 3785 unicum

242 3822 456 3879 Filium
487 3823 615 3893 ejus
645 3820 850 3876 Jesum
895 3818 1214 3886 Christum,
1250 3819 1434 3875 Deum
1487 3822 1543 3874 et
1582 3817 1897 3874 Dominum

243 3915 537 3975 nostrum,
568 3926 701 3966 cum
717 3927 833 3982 quo
862 3907 1426 3982 vivitetregnatcum
1455 3908 1674 3979 Spiritu
1697 3912 1898 3963 sancto

242 4001 401 4057 Deus
434 4016 536 4072 per
564 3999 763 4055 omnia
792 3996 1007 4054 saecula
1040 3996 1407 4053 saeculorum.

319 4087 562 4143 Oremus.
582 4089 906 4145 Flectamus.
937 4087 1319 4159 Omnipotens
1343 4085 1696 4159 sempiterna
1723 4085 1899 4150 Deus,

213 4177 347 4250 'qui
380 4194 494 4233 non
528 4181 774 4232 mortem
806 4180 1174 4248 peccatorum
1207 4175 1308 4231 sed
1342 4175 1519 4230 vitam
1552 4189 1786 4245 semper
1807 4173 1895 4227 in-

247 4264 460 4336 quiris,
496 4264 728 4338 suscipe
751 4264 1075 4320 orationem
1098 4267 1380 4329 nostram,
1410 4269 1466 4318 et
1498 4262 1683 4318 libera
1710 4279 1808 4318 eos
1829 4263 1902 4317 ab

246 4352 545 4409 idolorum
576 4352 825 4418 cultura,
859 4354 916 4407 et
948 4368 1199 4424 aggrega
1247 4350 1514 4406 Ecclesia:
1550 4355 1658 4406 tua:
1690 4356 1903 4407 sanctae

254 4442 329 4497 ad
361 4440 599 4496 laudem
631 4445 688 4497 et
712 4439 960 4513 gloriam
993 4439 1250 4496 nominis
1279 4438 1385 4495 tui.
1418 4443 1547 4494 Per.

2000 3283 2268 3340 Domino.

2074 3374 2284 3429 Oratio.
2319 3373 2470 3428 Deus
2503 3374 2673 3444 cujus
2705 3374 2949 3447 antiqua
2975 3375 3259 3432 miracula
3288 3376 3347 3433 in
3377 3378 3650 3451 presenti

2002 3479 2234 3534 quoque
2265 3461 2476 3517 saeculo
2509 3479 2814 3519 coruscare
2832 3463 3143 3534 sentimus,
3163 3471 3394 3538 praesta,
3422 3483 3651 3540 quaesu-

2003 3568 2158 3619 mus,
2192 3555 2255 3607 ut
2286 3551 2437 3607 sicut
2466 3552 2720 3624 priorem
2751 3552 3034 3626 populum
3068 3554 3140 3611 ab
3170 3556 3457 3629 Egyptiis
3505 3555 3652 3614 libe-

2004 3641 2164 3708 rasti,
2200 3640 2307 3697 hoc
2342 3642 2413 3696 ad
2433 3639 2683 3697 salutem
2703 3642 2987 3716 gentium,
3009 3660 3308 3719 peraquas
3337 3646 3656 3721 baptisma—

2004 3730 2081 3786 tis
2111 3731 2387 3803 opereris.
2425 3730 2549 3786 Per.
3060 3788 3067 3796 ,

2074 3821 2216 3875 Lact.
2252 3818 2661 3891 Apprehendet
2692 3824 2916 3893 septem
2947 3820 3242 3879 mulieres.
3290 3824 3442 3897 Resp.
3472 3824 3659 3882 Vinea

2009 3908 2160 3964 facta
2188 3912 2297 3963 est.

2080 3996 2283 4052 Oratio.
2316 3995 2489 4063 Deus,
2524 3997 2624 4068 qui
2656 4014 2763 4052 nos
2794 3999 2868 4053 od
2917 3997 3332 4054 celebrandum
3382 3999 3657 4073 paschale

2010 4089 2440 4141 sacramentum
2456 4086 2761 4157 utriusque
2778 4085 3141 4141 Testamenti
3168 4085 3399 4160 paginis
3419 4086 3657 4155 intruis,

2012 4174 2087 4229 da
2117 4173 2284 4230 nobis
2312 4173 2635 4246 intelligere
2652 4172 3117 4229 misericordiam
3136 4178 3319 4242 tuam,
3355 4178 3414 4231 et
3432 4191 3502 4231 ea
3529 4191 3660 4249 per-

2013 4264 2277 4336 ceptione
2308 4263 2683 4336 praesentium
2717 4278 3030 4319 munerum
3061 4264 3235 4321 ﬁrma
3263 4264 3341 4320 sit
3368 4270 3662 4338 exspecta-

2012 4353 2092 4409 tio
2123 4354 2476 4409 futurorum.
2512 4352 2635 4408 Per.

2085 4446 2224 4500 Lect.
2256 4444 2384 4499 Hzec
2414 4448 2502 4498 est
2532 4443 2743 4499 hasredi
2755 4447 2860 4499 tas.
2892 4445 3045 4516 Resp.
3079 4445 3328 4502 Attende
3357 4443 3589 4502 caelum.

250 4530 364 4602 (13)
428 4530 770 4585 Βεκιςοιοτιο
825 4545 1199 4584 THIMIAMATIS
1256 4545 1314 4582 IN
1368 4544 1616 4582 SABBATO
1671 4544 1883 4583 sauc'ro

2088 4534 2291 4588 Oratio.
2310 4532 2484 4597 Deus,
2501 4531 2600 4604 qui
2616 4531 2936 4589 Ecclesiam
2949 4536 3111 4589 tuam
3148 4550 3381 4607 semper
3398 4534 3663 4608 gentium

324 4619 619 4675 zEternam
654 4624 711 4674 et
730 4617 1124 4689 justissimam
1142 4617 1417 4689 pietatem
1434 4622 1593 4671 tuam
1611 4617 1907 4687 deprecor,

252 4707 496 4764 Domine
529 4711 750 4772 sancte,
784 4707 951 4763 Pater
980 4704 1372 4778 omnipotens,
1404 4709 1615 4760 aeterne
1647 4704 1819 4769 Deus,
1846 4707 1910 4759 ut

256 4798 636 4863 benefdicere
677 4795 938 4869 digneris
985 4795 1135 4851 hanc
1183 4795 1437 4868 speciem
1483 4793 1908 4867 thymiamatis,

255 4884 344 4940 vel
378 4882 697 4956 cujuslibet
726 4883 963 4956 speciei,
999 4889 1063 4939 ut
1108 4884 1184 4940 sit
1229 4884 1532 4940 incensum
1587 4881 1912 4955 majestatis

237 4977 376 5029 tuae
405 4973 726 5028 in‘odorem
789 4971 1094 5029 suavitatis
1148 4975 1475 5044 acceptum.
1508 4976 1564 5028 et
1594 4988 1628 5025 a
1669 4976 1745 5039 te,
1800 4971 1913 5027 Do-

257 5062 440 5131 mine,
473 5061 879 5131 benedicatur,
912 5061 996 5116 ita
1029 5060 1362 5133 ubicunque
1394 5061 1535 5117 odor
1566 5059 1912 5134 pervenerit,

258 5150 577 5209 extricetur
601 5153 657 5207 et
686 5150 975 5222 eﬁ‘ugetur
1016 5166 1188 5208 omne
1234 5166 1421 5223 genus
1469 5149 1912 5218 daemoniorum,

337 5398 447 5471 (l3)
484 5398 816 5473 Benedictio
848 5399 1260 5473 thymiamatis
1282 5397 1720 5473 apudMartene
1749 5399 1921 5457 habe-

260 5475 384 5536 tur,
415 5469 514 5525 sed
551 5475 641 5543 est
674 5469 960 5543 posterior
991 5489 1019 5527 s
1041 5471 1178 5525 incti
1222 5469 1481 5543 Gregorii
1531 5473 1919 5543 temporibus,

260 5559 371 5613 nec
402 5540 701 5613 reperitur
741 5542 801 5597 in
829 5542 947 5598 ullo
1006 5543 1122 5599 alio
1180 5540 1420 5613 antiquo
1466 5540 1924 5601 sacramentario

257 5612 418 5675 libro
450 5612 507 5670 ἐι
539 5612 754 5673 saeculi.
791 5615 855 5672 In
890 5614 1113 5673 Missali
1169 5612 1545 5673 Mozarabum
1605 5614 1774 5673 adest
1802 5616 1925 5673 haec

262 5682 542 5755 rubrica:
601 5684 805 5748 Deinde
861 5684 1137 5747 benedz’cat
1191 5686 1431 5779 quinque
1508 5701 1686 5763 grana
1746 5689 1927 5750 thuris

2019 4621 2318 4675 vocatione
2342 4620 2720 4692 multiplices,
2762 4622 3012 4677 concede
3060 4621 3368 4695 propitius,
3420 4626 3487 4678 ut
3517 4634 3665 4694 quos

2017 4724 2170 4779 aqua
2198 4708 2570 4779 baptismatis
2602 4708 2813 4779 abluis,
2828 4710 3109 4766 continua
3122 4711 3478 4782 proiectione
3500 4716 3665 4767 tuea-

2019 4796 2118 4852 ris.
2154 4795 2278 4851 Per.

2092 4885 2245 4956 Resp.
2277 4883 2438 4939 Sicut
2467 4901 2690 4941 cervus.

2095 4974 2305 5030 Oratio.
2333 4972 2611 5042 Concede,
2635 4973 3386 5046 quaesumus,omnipotens
3415 4973 3671 5042 Deus,ut

2025 5062 2127 5135 qui
2158 5063 2305 5118 festa
2335 5061 2629 5134 paschalia
2643 5063 2876 5135 agimus
2892 5062 3228 5120 ccelestibus
3257 5061 3564 5120 desideriis
3584 5079 3673 5120 ac-

2025 5151 2208 5222 censi,
2241 5150 2398 5206 fonte
2426 5150 2552 5205 vita
2584 5149 2888 5208 satiemur.
2923 5150 3049 5208 Per.

2031 5400 2309 5473 inﬁgenda
2337 5416 2504 5457 cereo.
2540 5401 2719 5466 Quem
2744 5398 2924 5473 ritum
2958 5403 3120 5473 notat
3152 5400 3209 5455 in
3226 5400 3487 5472 margine
3510 5400 3678 5458 Blan-

2032 5470 2264 5529 cbinius
2296 5473 2526 5527 initium
2545 5470 2874 5543 sumpsisse
2890 5471 3098 5528 saeculo
3128 5490 3183 5527 x.
3212 5475 3284 5527 At
3304 5470 3463 5528 inea
3494 5474 3679 5530 missa

2034 5545 2195 5624 nulla
2225 5544 2516 5624 ﬁtmentio
2545 5542 3031 5624 debenedictione
3044 5543 3465 5622 thymiamatis,
3489 5561 3680 5624 neque

2033 5616 2224 5676 thuris
2255 5616 2657 5674 comburendi.
