3982 6172
355 282 471 343 847

427 414 540 486 (14)
570 414 651 471 Ad
677 417 905 473 missam
933 418 1141 475 dicitur
1170 420 1350 476 Gloria
1381 419 1437 473 in
1467 418 1690 474 excelsis
1721 418 1844 472 Deo.

433 510 612 579 Deus,
644 508 744 580 qui
777 508 928 564 hanc
960 509 1415 565 sacratissimam
1434 511 1661 563 noctem
1693 505 1879 580 gloria
1902 510 2000 562 Do-

351 599 585 657 mihiea:
616 597 1057 657 resurrectionis
1107 596 1388 666 illustras,
1443 613 1720 652 conserva
1750 596 1807 651 in
1855 613 2001 650 nova

349 687 585 746 familia:
616 690 727 743 tuae
770 685 1044 759 progenie
1101 686 1430 758 adoptionis
1486 684 1780 758 spiritum,
1826 701 1999 756 quem

347 776 585 845 dedisti,
622 778 685 831 ut
714 791 954 847 corpore
987 778 1043 830 et
1073 778 1266 830 mente
1299 774 1583 843 renovati,
1632 790 1840 847 puram
1896 773 1999 830 tibi

349 866 661 923 exhibeant
692 862 1054 919 servitutem.
1089 863 1197 919 Per
1224 864 1518 920 eumdem.

418 955 653 1011 Secreta.
687 951 946 1024 Suscipe,
979 951 1245 1019 Domine,
1278 969 1635 1026 quaesumus,
1669 967 1869 1024 preces
1900 967 1999 1023 po-

348 1043 471 1118 puli
501 1041 586 1100 tui
611 1057 745 1097 cum
758 1040 1154 1097 oblationibus
1168 1040 1519 1109 hostiarum,
1547 1044 1612 1095 ut
1623 1038 2002 1113 paschalibus

346 1130 575 1187 initiata
605 1128 901 1204 mysteriis
933 1130 1005 1185 ad
1036 1129 1376 1186 aeternitatis
1408 1130 1578 1186 nobis
1628 1128 1913 1185 medelam
1944 1132 2001 1185 te

345 1224 620 1294 operante
650 1220 975 1292 proﬁciant.
1012 1218 1137 1275 Per.

415 1309 702 1381 Prxfatio.
738 1308 843 1381 (ᾧ)
888 1312 1144 1380 Equum
1196 1310 1253 1363 et
1313 1306 1586 1375 salutare,
1640 1312 1695 1363 te
1741 1306 1999 1380 quidem,

345 1397 615 1466 Domine,
677 1396 838 1453 omni
891 1400 1173 1468 tempore,
1207 1397 1308 1452 sed
1369 1396 1424 1452 in
1468 1396 1576 1452 hac
1626 1395 1999 1469 potissimum

349 1491 516 1543 nocte
554 1484 867 1559 gloriosius
898 1484 1232 1557 praedicare,
1290 1502 1422 1541 cum
1468 1484 1686 1558 pascha
1734 1489 2001 1540 nostrum

346 1575 689 1632 immolatus
721 1578 809 1631 est
837 1573 1271 1647 Christus.Ipse
1293 1575 1448 1630 enim
1480 1590 1650 1630 verus
1680 1575 2000 1647 estAgnus,

351 1663 454 1734 qui
484 1662 726 1719 abstulit
756 1665 993 1733 peccata
1023 1662 1249 1731 mundi,
1301 1662 1398 1735 qui
1446 1666 1691 1717 mortem
1742 1665 2002 1717 nostram

1541 284 1727 351 S/EC.
1771 282 1849 344 XI
1881 279 2202 345 .MONUM.
2249 279 2563 346 LITURG.

2024 417 2081 485 Α
2108 415 2321 484 steriis,
2355 416 2427 471 ad
2459 414 2798 471 aeternitatis
2829 414 2998 471 nobis
3039 411 3327 471 medelam
3373 417 3431 471 te
3473 420 3761 489 operante

3633 282 3759 347 848

2108 504 2434 579 proﬁciant.
2474 504 2599 560 Per.

2176 593 2562 666 (>14).Equum
2612 598 2670 650 et
2726 593 3002 651 salutare.
3063 594 3144 650 Te
3202 591 3472 666 quidem;
3535 595 3763 667 require

2108 691 2274 738 retro.

2178 770 2722 838 Communicantes;
2755 772 2974 843 require
3003 772 3062 826 in
3092 773 3243 827 nocte
3270 778 3478 827 sancta.

2181 858 2339 915 Hanc
2373 859 2554 932 igitur
2578 877 2592 927 ;
2620 860 2900 915 similiter.

2179 949 2635 1003 Pasicommunio.
2668 947 2951 1020 Spiritum
2970 948 3141 1004 nobis
3160 947 3405 1004 Domine
3434 952 3550 1005 tua:
3564 949 3770 1006 chari-

2107 1036 2245 1092 tatis
2300 1036 2562 1105 infunde,
2623 1042 2689 1092 ut
2746 1054 2893 1110 quos
2943 1036 3328 1093 sacramentis
3382 1037 3768 1110 paschalibus

2109 1126 2355 1194 satiasti,
2390 1130 2492 1182 tua
2524 1126 2700 1182 facias
2731 1126 2945 1199 pietate
2975 1126 3312 1183 concordes.
3348 1127 3472 1183 Per.

2615 1233 2780 1271 FERIA
2820 1232 2882 1281 II,
2923 1232 2978 1271 IN
3018 1232 3252 1271 PASCHA.

2183 1322 2354 1390 Deus,
2391 1322 2492 1394 qui
2522 1320 2889 1378 solemnitate
2938 1320 3199 1394 paschali
3245 1322 3466 1380 mundo
3505 1323 3769 1380 remedia

2109 1411 2430 1479 contulisti,
2462 1410 2745 1484 populum
2778 1415 2943 1466 tuum
2959 1409 3179 1467 ccelesti
3214 1410 3366 1467 dono
3385 1427 3768 1485 prosequere,

2112 1505 2176 1555 ut
2205 1505 2262 1555 et
2287 1502 2603 1572 perfectam
2648 1498 2974 1556 libertatem
3026 1500 3304 1572 consequi
3356 1507 3671 1568 mereatur,
3704 1506 3767 1559 et

2112 1589 2181 1643 ad
2215 1589 2392 1643 vitam
2426 1587 2692 1660 proficiat
2723 1589 3166 1660 sempiternam.
3200 1588 3325 1645 Per.

2182 1681 2415 1733 Secreta.
2444 1676 2751 1733 Paschales
2768 1676 2991 1733 hostias
3013 1680 3402 1748 recensentes,
3421 1693 3767 1751 quasumus

352 1750 653 1855 moriendo
684 1750 987 1821 destruxit,
1020 1753 1077 1807 et
1105 1750 1286 1807 vitam
1305 1750 1663 1824 resurgendo
1694 1749 2000 1822 reparavit.
2036 1790 2085 1855 Β
2117 1765 2379 1835 nomine,
2411 1766 2645 1838 utquod
2664 1766 3105 1838 frequentamus
3119 1770 3274 1836 actu,
3300 1749 3766 1841 οοωῇι-θδθιιάι.

350 1839 419 1895 Et
450 1839 601 1895 ideo.

421 1930 580 1999 Infra
609 1928 894 1984 actionem.
928 1927 1442 1984 Communicantes
1474 1932 1531 1983 et
1560 1932 1786 1983 noctem
1811 1944 2001 1983 sacra-

352 2016 645 2074 tissimam
676 2015 1035 2073 celebrantes
1068 2017 1516 2073 resurrectionis
1547 2016 1778 2073 Domini
1821 2016 2004 2073 nostri

347 2104 737 2161 Jesu‘Christi
769 2106 1096 2161 secundum
1129 2121 1387 2174 carnem,
1421 2106 1517 2161 sed
1556 2112 1612 2162 et
1659 2106 2003 2162 memoriam

348 2198 693 2251 venerantes
705 2193 999 2267 imprimis
1015 2194 1280 2269 gloriosa;
1294 2210 1524 2267 semper
1543 2194 1785 2268 virginis
1808 2195 2002 2250 Maria:

350 2282 650 2356 genitricis
680 2284 943 2355 ejusdem
978 2284 1073 2340 Dei
1089 2283 1389 2340 etDomini
1409 2283 1743 2341 nostriJesu
1765 2283 2002 2352 Christi,

350 2372 453 2428 sed
484 2376 541 2427 et
568 2372 874 2428 beatorum
906 2371 1324 2445 apostolorum.

424 2460 581 2517 Hanc
607 2459 789 2534 igitur
815 2461 1169 2517 oblationem
1202 2461 1501 2518 servitutis
1533 2466 1767 2527 nostrae,
1812 2461 1915 2517 sed
1946 2464 2005 2517 et

351 2553 571 2606 cunctae
604 2550 837 2606 familiae
870 2554 1000 2620 tua),
1035 2568 1395 2623 quaesumus,
1416 2551 1679 2619 Domine,
1699 2567 1877 2624 quam
1895 2549 2002 2606 tibi

353 2639 653 2695 offerimus
683 2655 787 2712 pro
818 2639 910 2694 his
934 2656 1165 2712 quoque
1186 2657 1334 2712 quos
1367 2656 1704 2713 regenerare
1725 2640 2002 2713 dignatus

352 2744 415 2785 es
446 2744 515 2784 ex
545 2744 701 2801 aqua
726 2732 784 2785 et
804 2728 1023 2800 Spiritu
1058 2734 1258 2785 sancto
1290 2730 1554 2786 tribuens
1592 2729 1676 2785 eis
1708 2728 2002 2786 remissio-

351 2824 486 2891 nem
520 2816 784 2873 omnium
816 2821 1211 2888 peccatorum,
1242 2834 1602 2890 quaasumus,
1642 2816 1904 2885 Domine,
1940 2823 2004 2872 ut

349 2904 615 2978 placatus
645 2905 771 2961 anei
779 2905 925 2978 pias.
964 2910 1088 2963 Per.

420 2996 878 3052 Postcommunio.
913 2995 1201 3069 Spiritum
1234 2995 1424 3063 nobis,
1456 2995 1719 3062 Domine,
1744 2994 2003 3052 tuzecha-

352 3082 539 3139 ritatis
569 3083 831 3153 infunde,
860 3088 926 3141 ut
984 3102 1132 3157 quos
1181 3085 1564 3142 sacramentis
1620 3084 2001 3157 paschalibus

354 3172 602 3241 satiasti,
635 3177 737 3230 tua
763 3173 943 3230 facias
973 3174 1187 3247 pietate
1218 3175 1554 3231 concordes.
1590 3174 1761 3231 Per...
1793 3173 1853 3229 in
1876 3174 2002 3229 uni-
2033 3158 2075 3224 C

353 3264 471 3317 tate
501 3262 765 3333 ejusdem
796 3263 1045 3336 Spiritus
1074 3263 1261 3320 sancti
1286 3264 1459 3320 Deus.

638 3367 699 3408 IN
738 3368 831 3407 DIE
868 3369 1162 3409 DOMINIC.’E
1198 3369 1427 3409 εΑΝστιε
1464 3368 1713 3409 ΡΑΒΟΗΕ.

427 3438 604 3507 Deus,
666 3439 767 3510 qui
813 3440 1094 3496 hodierna
1147 3441 1239 3496 die
1271 3459 1374 3513 per
1422 3440 1797 3513 Unigenitum
1830 3444 1999 3497 tuum

350 3526 692 3595 eternitatis
723 3528 892 3585 nobis
924 3529 1148 3585 aditum
1195 3530 1421 3585 devicta
1467 3534 1652 3585 morte
1701 3530 1996 3602 reserasti,

347 3619 484 3671 vota
501 3620 723 3685 nostra,
756 3632 884 3687 quas
919 3617 1323 3690 praeveniendo
1349 3618 1595 3691 aspiras,
1628 3619 1804 3674 etiam
1828 3620 1993 3691 adju-

345 3704 534 3773 vando
564 3721 934 3777 prosequere.
968 3707 1076 3762 Per
1103 3708 1397 3762 eumdem.

417 3792 647 3849 Secreta.
682 3794 945 3867 Suscipe,
968 3794 1232 3863 Domine,
1255 3798 1454 3867 preces
1513 3795 1711 3868 populi
1754 3795 1992 3853 tuicum

343 3880 737 3939 oblationibus
760 3882 1107 3953 hostiarum,
1143 3887 1207 3939 ut
1230 3883 1605 3956 paschalibus
1634 3883 1863 3943 initiata
1876 3902 1996 3960 my-

411 4035 525 4109 (μ)
548 4034 683 4109 Duo
714 4036 773 4090 in
808 4035 918 4092 hac
948 4034 1130 4109 missa
1173 4040 1321 4109 sunt
1359 4036 1736 4109 potissimum
1786 4039 1986 4094 adver-

338 4106 842 4180 ienda.'Primum,
874 4112 1006 4180 post
1035 4106 1501 4180 benedictio—nem
1532 4109 1723 4165 thuris
1766 4115 1824 4165 et
1855 4109 1987 4165 novi

334 4176 490 4260 ignis
523 4176 1113 4260 pragcipi_tur:cantus
1166 4178 1367 4260 hymni
1414 4180 1663 4260 angelici.
1713 4180 1895 4235 Gloria
1928 4183 1988 4236 in

333 4249 560 4323 exceisis
590 4249 718 4304 Deo;
744 4251 834 4323 _Ea
864 4250 973 4323 fuit
1004 4249 1314 4323 olimerga
1333 4249 1619 4323 hymnum
1651 4251 1806 4323 hunc
1833 4267 1986 4307 reve-

336 4319 542 4393 rentia,
576 4320 815 4393 ut_solis
838 4320 1135 4393 episcopis
1154 4319 1307 4376 intra
1320 4319 1538 4376 annum
1572 4322 1986 4393 concederetur

332 4388 519 4513 ipsius
550 4390 810 4445 recitatio
836 4388 898 4444 in
928 4388 1145 4456 missa;
1180 4393 1401 4447 czeteris
1431 4409 1563 4447 vero
1580 4391 1982 4449 sacerdotibus

373 4459 423 4513 ie
454 4464 683 4513 tantum
717 4461 961 4513 solemni
993 4462 1231 4513 Pascha.
1285 4463 1384 4513 (mi
1420 4480 1547 4513 mos
1599 4479 1786 4513 usmie
1817 4465 1887 4513 ad
1919 4481 1975 4513 x1

373 4459 423 4514 ie
454 4464 683 4535 tantum
717 4461 961 4535 solemni
993 4462 1231 4535 Pascha,
1285 4463 1384 4534 qui
1420 4480 1547 4519 mos
1599 4479 1786 4535 usque
1817 4465 1888 4519 ad
1919 4481 1975 4519 x1

2116 1871 2249 1909 mus
2279 1854 2508 1910 affectu.
2544 1854 2669 1911 Per.

2184 1942 2963 2016 PoslcommunioJmpleatur
2977 1943 3036 1999 in
3052 1943 3242 2011 nobis,
3269 1960 3632 2016 quaesumus,
3650 1946 3765 2003 Do-

2114 2035 2289 2100 mine,
2323 2032 2673 2088 sacramenti
2705 2031 3000 2105 paschalis
3032 2036 3234 2088 sancta
3262 2031 3489 2101 libatio,
3538 2051 3767 2108 nosque

2111 2122 2182 2177 de
2214 2121 2461 2176 terrenis
2481 2121 2784 2178 all‘ectibus
2815 2121 2886 2177 ad
2914 2120 3204 2178 coalestem
3240 2122 3552 2179 transferat
3591 2122 3763 2180 iusti-

2112 2215 2329 2266 tutum.
2363 2210 2486 2266 Per.
2900 2214 2903 2215 ⁷

2600 2298 2767 2337 nam
2805 2297 2889 2349 ιιι,
2931 2298 2989 2337 IN
3029 2297 3264 2338 pasam.

2182 2387 2357 2456 Deus,
2392 2387 2492 2460 qui
2525 2386 2844 2444 Ecclesiam
2862 2393 3024 2445 tuam
3057 2405 3450 2462 novosemper
3471 2389 3590 2446 fetu
3613 2390 3767 2448 mul-

2110 2476 2368 2549 tiplicas,
2400 2477 2649 2532 concede
2682 2476 2921 2533 famulis
2954 2478 3071 2535 tuis
3101 2483 3166 2534 ut
3206 2483 3644 2535 sacramentum
3666 2480 3762 2537 vi-

2111 2566 2296 2621 vendo
2329 2570 2581 2631 teneant,
2617 2565 2774 2637 quod
2801 2566 2915 2623 fide
2944 2571 3345 2640 perceperunt.
3379 2567 3505 2623 Per.

2180 2654 2415 2711 Secreta.
2449 2653 2712 2726 Suscipe,
2763 2654 3027 2725 Domine,
3084 2655 3347 2712 ﬁdelium
3394 2672 3597 2729 preces
3626 2674 3769 2716 eum

2112 2743 2507 2800 oblationibus
2536 2743 2889 2813 hostiarum,
2918 2748 2982 2800 ut
3011 2761 3114 2817 per
3142 2743 3263 2801 haec
3296 2742 3403 2817 pim
3444 2743 3772 2805 devotionis

2112 2834 2323 2903 oliicia,
2356 2833 2427 2889 ad
2460 2831 2750 2890 caelestem
2784 2831 3029 2906 gloriam
3061 2839 3451 2892 transeamus.
3486 2835 3611 2891 Per.

2182 2923 2638 2979 Postcommunio.
2673 2922 2953 2990 Concede,
2988 2938 3349 2994 quaesumus,
3391 2923 3770 2997 omnipotens

2110 3016 2285 3080 Deus,
2318 3016 2383 3068 ut
2414 3009 2709 3085 paschalis
2737 3011 3031 3084 perceptio
3060 3013 3434 3083 sacramenti,
3487 3014 3772 3073 continua

2112 3102 2171 3156 in
2196 3102 2412 3158 nostris
2444 3100 2739 3157 mentibus
2769 3105 3116 3172 perseveret.
3152 3100 3277 3157 Per.

2636 3208 2697 3246 IN
2737 3206 2943 3245 OCTAVA
2983 3205 3235 3246 PASCHIE.

2182 3280 2421 3347 Prtesta,
2477 3296 2836 3352 quaesumus,
2897 3279 3268 3352 omnipotens
3305 3282 3476 3347 Deus,
3531 3284 3601 3337 ut
3657 3281 3758 3355 qui

2109 3369 2408 3443 paschalia
2428 3370 2575 3425 festa
2603 3368 3071 3442 peregimushasc
3088 3372 3144 3425 te
3173 3367 3458 3441 largiente
3489 3370 3760 3429 moribus

2109 3464 2171 3516 et
2195 3458 2312 3515 vita
2340 3463 2665 3515 teneamus.
2700 3458 2825 3514 Per.

2175 3552 2412 3605 Secreta.
2464 3547 2705 3619 Suscipe
2754 3563 3019 3614 munera,
3071 3563 3435 3619 quaesumus,
3487 3548 3758 3618 Domine,

2105 3636 2453 3693 exsultantis
2498 3634 2784 3701 Ecclesiae,
2844 3640 2902 3691 et
2931 3635 3022 3692 cui
3072 3652 3311 3694 causam
3363 3637 3511 3693 tanti
3556 3638 3762 3711 gaudii

2104 3724 2448 3799 praestitisti,
2474 3730 2820 3797 perpetuum
2837 3725 3087 3780 fructum
3105 3725 3357 3781 concede
3386 3724 3625 3781 laetitias.
3653 3726 3764 3784 Per

2171 3815 2623 3871 Postcommum‘o.
2655 3812 3023 3880 Quaesumus,
3060 3812 3304 3868 Domine
3353 3812 3512 3869 Deus
3537 3819 3759 3884 noster,

2100 3916 2166 3967 ut
2194 3915 2566 3968 sacrosancta
2590 3909 2870 3983 mysteria
2884 3926 3009 3983 qua:
3024 3927 3126 3985 pro
3143 3911 3528 3984 reparationis
3542 3918 3759 3970 nostra

2096 4041 2215 4093 tres
2244 4037 2527 4092 duntaxat
2556 4035 2788 4091 missas.
2815 4035 2882 4091 Et
2903 4037 3070 4107 apud
3096 4034 3475 4107 reardinalem
3528 4037 3755 4094 Bonam

2098 4107 2222 4189 (lib.
2257 4125 2296 4189 ξ,
2329 4124 2379 4176 c,
2438 4108 2525 4175 l8;
2581 4108 2638 4178 5)
2695 4106 2969 4189 exempla
3001 4106 3377 4189 oolliguptun
3406 4112 3754 4189 sanciprum

2094 4177 2192 4251 qui
2230 4178 2425 4251 plures
2455 4194 2807 4251 unoquoque
2828 4177 2921 4233 die
2951 4177 3182 4251 sacrum
3214 4177 3527 4244 faciebant,
3549 4179 3755 4251 ibique

2095 4248 2392 4305 indu—citur
2415 4248 2627 4306 sanctae
2648 4248 2934 4305 Romanae
2964 4248 3231 4305 Ecclesiae
3262 4250 3626 4309 consuetudo
3654 4248 3753 4309 bis

2094 4327 2297 4394 terque
2330 4338 2445 4394 uno
2478 4322 2570 4394 die
2602 4320 3289 4394 sacrificiumuotl'ereudi
3312 4319 3486 4376 certis
3507 4321 3754 4393 quibus-

2093 4390 2229 4464 dam
2263 4393 2485 4448 festivis
2514 4393 2742 4448 diebus.
2773 4390 3095 4448 Concilium
3110 4390 3436 4464 Oxoniense
3464 4390 3739 4464 tempore

2091 4463 2326 4520 Honorii
2358 4465 2432 4520 Ill
2462 4464 2763 4520 mandavit
2794 4479 2971 4519 unam
2999 4467 3229 4519 tantum
3260 4463 3502 4519 missam
3527 4463 3740 4521 eodem

331 4531 635 4606 saeculum,
665 4537 723 4587 et
752 4532 990 4606 praecise
1021 4534 1092 4606 ad
1110 4526 1330 4589 annum
1359 4536 1498 4606 1040
1524 4526 1781 4590 creditur
1799 4537 1977 4591 conti-
2007 4526 2053 4590 D
2085 4536 2177 4591 die
2206 4534 2534 4603 dicendam,
2568 4535 2823 4606 exceptis
2852 4535 3062 4606 diebus
3094 4533 3315 4606 Natalis
3363 4538 3422 4591 et
3451 4534 3737 4591 Resurre-

330 4604 954 4676 nuatus._Secundum,
988 4604 1188 4671 missa,
1224 4621 1400 4676 quam
1453 4605 1545 4660 hic
1593 4606 1878 4663 habemus
1908 4606 1967 4662 in

324 4672 624 4797 privilegio
656 4674 886 4730 Pascha:
917 4672 1378 4731 Resurrectionis
1408 4676 1662 4743 Domini,
1709 4676 1968 4733 celebra-

366 4750 498 4797 atur
528 4752 715 4797 nocte-
751 4752 815 4797 ut
863 4746 1046 4797 liquet
1075 4763 1143 4797 ex
1185 4749 1476 4797 nreeihus.
1509 4749 1630 4797 Non
1678 4749 1967 4797 immerito

366 4750 498 4819 atur
528 4746 715 4819 nocte,
751 4752 815 4819 ut
844 4746 1046 4819 liquet
1075 4763 1143 4819 ex
1185 4749 1476 4819 precibus.
1508 4749 1632 4804 Non
1678 4749 1967 4806 immerito

322 4814 503 4899 igitur
532 4814 1075 4899 solemnisnhic'dies
1103 4814 1257 4899 inter
1276 4820 1707 4899 polyliturgieos
1729 4826 1817 4875 est
1836 4822 1967 4899 reji-

322 4888 589 4965 ciendus,
615 4890 775 4965 _s_icut
801 4888 1350 4965 NatalitiusChristi
1374 4888 1621 4949 Domitii:
1650 4892 1774 4947 d'es
1810 4888 1964 4965 nol'y-

322 4958 577 5033 lit_u|_'gici
614 4960 649 5015 ii
685 4966 826 5033 sunt
853 4961 911 5015 in
929 4961 1231 5033 quibus-ab
1258 4962 1424 5017 unico
1440 4964 1738 5018 sacerdote
1770 4958 1965 5033 plures

321 5030 691 5104 celebrantur
712 5031 924 5104 missae,
944 5030 1191 5104 quorum
1207 5033 1355 5088 duos
1387 5034 1670 5088 habemus
1686 5033 1743 5086 in
1766 5030 1962 5090 nostro

321 5102 545 5175 missali
580 5103 748 5169 libro;
773 5103 925 5158 diem
951 5102 1159 5175 nempe
1191 5104 1452 5160 Natalem
1471 5104 1699 5159 Domini
1727 5108 1781 5159 et
1806 5105 1960 5161 diem

321 5169 802 5230 Resurrectionis.
832 5175 1003 5231 Varia
1033 5169 1238 5230 suntin
1254 5175 1664 5232 ecclesiasticis
1697 5175 1960 5234 historiis

2078 4607 2290 4663 ctionis
2320 4606 2574 4677 Domini,
2594 4611 2658 4677 et
2673 4605 2732 4661 in
2748 4605 3038 4677 exsequiis
3063 4622 3129 4661 ac
3143 4605 3448 4677 sepultura
3468 4610 3733 4663 mortuo-

2078 4696 2233 4735 rum.
2265 4679 2325 4733 In
2351 4694 2528 4750 regno
2555 4676 2915 4750 Valentizeet
2930 4676 3059 4750 aliis
3085 4676 3371 4750 Hispania:
3385 4677 3732 4750 regionibus

2079 4746 2531 4807 sacerdotes'bis
2562 4752 2619 4802 et
2648 4753 2735 4803 ter
2764 4746 3137 4804 celebrabant
3162 4746 3256 4803 die
3286 4746 3737 4805 Commemora-

2076 4821 2253 4876 tionis
2282 4819 2546 4892 omnium
2561 4818 3137 4892 Defunctornmmive
3151 4836 3232 4892 ex
3261 4819 3583 4892 privilegio,
3609 4819 3736 4892 sive

2076 4909 2141 4946 ex
2171 4891 2613 4946 consuetudine.
2648 4890 2744 4946 SS.
2779 4890 2843 4945 D.
2874 4889 2942 4945 N.
2975 4889 3324 4947 Benedictus
3352 4889 3498 4947 XIV.
3548 4891 3613 4949 P.
3648 4891 3731 4947 Μ.

2073 4982 2181 5017 sua
2210 4962 2485 5017 decretali
2520 4961 3007 5033 novissimeiedita
3027 4961 3371 5033 bujusmodi
3403 4966 3734 5033 consuetu-

2071 5033 2266 5090 dinem
2301 5036 2605 5105 conlirmat
2627 5031 2961 5105 etiampliat.
2993 5031 3263 5105 His—ergo
3285 5033 3436 5105 fixus
3468 5032 3731 5105 rationi-

2071 5105 2183 5177 bus
2202 5106 2355 5159 inter
2375 5103 2817 5177 polyliturgicos
2831 5104 2995 5177 diesL
3008 5103 3164 5177 sicut
3182 5103 3447 5177 Natalem
3463 5103 3729 5173 Domini,

2071 5176 2151 5232 ita
2181 5174 2394 5233 festum
2456 5174 2915 5232 Resurrectionis
2964 5174 3194 5230 Domini
3255 5192 3554 5232 recensere
3602 5192 3725 5232 non

2069 5248 2322 5320 ambigo.
2354 5247 2501 5304 Atei
2535 5247 2669 5320 quis
2698 5245 2872 5315 dicat,
2905 5246 3241 5320 utquidam
3296 5263 3555 5320 asserere
3600 5263 3720 5303 non

2066 5317 2357 5387 dubitant,
2396 5335 2510 5375 non
2539 5317 2759 5391 abuno
2780 5317 3107 5391 sacerdote,
3133 5318 3234 5391 sed
3264 5335 3299 5375 a
3329 5317 3606 5391 pluribus
3621 5334 3721 5374 sa-

2066 5390 2355 5463 criﬁcium
2374 5391 2565 5446 offerri
2595 5389 2712 5463 illis
2768 5389 2989 5463 festivis
3038 5388 3268 5459 diebus,
3301 5388 3520 5463 quibus
3575 5389 3712 5463 due

2066 5462 2257 5517 missae
2289 5462 2573 5534 adnotatas
2590 5459 3084 5534 leguntur,_l_egat,
3098 5458 3337 5534 quisse;
3350 5458 3715 5534 cardinalem

2066 5479 2257 5517 missae
2289 5477 2573 5517 adnotatas
2602 5477 3084 5534 leguntur,legat,
3142 5478 3317 5529 ιιωεο,
3350 5477 3715 5518 caramanem

2062 5533 2281 5611 Bonam
2314 5533 2371 5587 in
2405 5532 2530 5611 suis
2560 5532 2849 5611 litui-ginis
2900 5531 3064 5611 libris
3091 5477 3196 5611 in.
3232 5534 3289 5607 8)
3340 5532 3443 5611 qui
3474 5547 3715 5597 summa

2059 5605 2387 5666 eruditione
2418 5605 2570 5664 hanc
2600 5602 2934 5682 opinionem
2968 5602 3200 5668 refellit.

318 5243 581 5323 exempla
610 5245 679 5300 de
708 5246 817 5301 hoc
846 5247 1256 5323 antiquissimo
1307 5247 1735 5323 ritu.___Ca_utum
1766 5253 1855 5302 est
1885 5249 1957 5323 ab

318 5264 581 5323 exempla
610 5264 679 5300 ne
708 5264 817 5301 noc
846 5264 991 5301 anm
1016 5264 1256 5301 mssuno
1307 5264 1438 5301 mn.
1490 5264 1735 5302 uautum
1766 5264 1855 5302 eet
1885 5264 1954 5305 an

318 5310 676 5391 Emeritense
703 5317 945 5391 concilio
978 5264 1127 5389 δεδι).
1162 5318 1250 5391 lii)
1282 5319 1392 5373 sub
1436 5318 1718 5391 Vitaliano
1768 5322 1954 5391 ponti-

314 5380 420 5464 fice
453 5389 609 5464 post_
638 5387 901 5464 medium
927 5380 998 5464 vii
1058 5380 1356 5464 sacculum,
1402 5396 1493 5464 ut
1528 5380 1807 5464 presbyter
1861 5394 1959 5464 qui

303 5452 495 5535 plures
523 5454 620 5535 sui)
647 5470 742 5535 suo
782 5461 1073 5535 regimine,
1095 5461 1284 5535 habet
1305 5452 1598 5535 ecclesias,
1625 5452 1955 5535 inusingzilis

306 5523 667 5603 die‘domim'
720 5523 934 5603 socrum
960 5533 1150 5601 faciat.
1193 5529 1744 5603 Salegunstadiense
1798 5523 1951 5590 cele-

304 5594 539 5683 bratum
572 5612 724 5683 au‘no
758 5600 893 5683 10.7.2
923 5594 1070 5683 (cap:
1102 5603 1158 5675 5)
1190 5594 1452 5683 praefixit
1473 5619 1781 5683 numerum
1809 5606 1945 5683 mis:

306 5682 500 5743 arum,
534 5671 591 5730 et
620 5668 870 5730 decrevit
899 5668 1107 5751 nequis
1137 5668 1463 5749 praesumat
1530 5675 1952 5741 celebrarenisi
