3982 6172
203 390 321 456 8‘9

1375 389 2105 456 SACRAMENTARIUM
2152 392 2432 460 VETUS.

3493 389 3616 452 850

204 522 534 583 munimine
563 523 880 596 contulisti,
915 529 972 584 et
1009 542 1266 601 praesens
1316 527 1484 584 nobis
1529 527 1854 584 remedium
1883 523 1939 592 Α
1966 526 2179 597 vimus,
2215 527 2456 602 implere
2486 522 2699 586 caelesti
2732 524 3112 601 inspiratione
3150 524 3610 584 valeamus.Per'

202 631 329 674 esse
353 615 535 672 facias
567 620 624 672 et
654 616 940 673 futurum.
973 617 1097 674 Per.

351 723 462 795 (15)
493 741 552 779 IN
593 741 788 780 ΝΑτΑω
828 741 1019 780 suam
1064 743 1239 781 suam
1281 742 1694 781 svmcnmsnn.

270 829 450 894 Deus,
483 829 582 902 qui
614 830 768 887 hanc
798 831 974 897 diem,
997 831 1235 904 gloriosi
1283 833 1432 888 beati
1467 833 1644 887 Marci
1675 849 1852 888 evan-

197 918 418 992 gelista:
449 919 533 974 tui
568 920 848 992 martyrio
869 920 1244 989 consecrasti,
1270 926 1852 993 prsesta,qua3sumus

197 1011 263 1062 ut
293 1008 419 1080 ipse
450 1009 603 1080 apud
625 1013 682 1064 te
713 1026 815 1080 pro
846 1009 1014 1065 nobis
1045 1009 1254 1065 existat
1284 1010 1610 1082 precipuus
1641 1012 1848 1065 suifra-

194 1100 381 1170 gator,
431 1095 531 1168 qui
573 1097 867 1170 Unigeniti
927 1099 1011 1154 tui
1053 1099 1176 1154 ﬁeri
1214 1099 1428 1154 meruit
1479 1099 1849 1171 evangelicus

192 1185 555 1259 praedicator.
591 1186 700 1252 Qui
731 1190 945 1242 tecum.

260 1276 499 1330 Secreta.
535 1274 800 1346 Suscipe,
834 1292 1196 1347 quaesumus,
1232 1277 1496 1340 Domine,
1537 1279 1847 1350 dignanter

193 1363 409 1431 oblata,
443 1367 500 1418 et
528 1363 681 1419 beati
742 1363 922 1420 Marci
973 1365 1341 1437 evangelista:
1382 1366 1844 1438 suifragantibus

190 1451 416 1508 meritis
447 1451 520 1507 ad
552 1455 763 1508 nostra:
795 1452 1004 1509 salutis
1051 1453 1331 1509 auxilium
1375 1453 1676 1526 provenire
1706 1471 1841 1510 con-

184 1541 348 1598 cede.
381 1541 507 1596 Per.

258 1631 714 1686 Pastcammunia.
748 1631 1114 1698 leestibus,
1162 1633 1425 1699 Domine,
1479 1633 1674 1689 refecti
1705 1651 1841 1689 mu-

182 1719 432 1776 neribus
462 1719 758 1792 supplices
780 1722 1179 1793 deprecamur,
1204 1727 1269 1777 ut
1288 1722 1440 1778 beati
1465 1723 1644 1778 Marci
1673 1739 1840 1778 evan-

179 1807 404 1882 gelista
433 1812 489 1864 et
518 1809 794 1881 martyris
823 1811 908 1866 tui
955 1815 1331 1882 protegamur
1370 1811 1624 1876 auxiliis,
1667 1812 1840 1883 cujus

179 1897 407 1953 devotis
437 1897 738 1953 mentibus
769 1897 1135 1955 celebramus
1167 1900 1556 1972 triumphum.
1592 1901 1715 1956 Per.

577 2021 635 2060 IN
674 2021 766 2060 DIE
803 2022 1166 2061 ASCENSIONIS
1206 2023 1430 2062 DOMINI.

253 2110 534 2181 Concede,
569 2129 930 2184 quaesumus,
983 2112 1356 2184 omnipotens
1407 2117 1576 2177 Deus,
1629 2117 1694 2167 ut
1732 2110 1832 2184 qui

173 2199 464 2256 hodierna
493 2200 587 2255 die
617 2201 996 2274 Unigenitum
1029 2207 1198 2256 tuum
1230 2202 1656 2273 redemptorem
1698 2218 1831 2256 nos-

172 2293 340 2345 trum
390 2289 461 2345 ad
494 2288 670 2346 ccelos
720 2289 1055 2346 ascendisse
1086 2291 1410 2362 credimus,
1440 2290 1551 2362 ipsi
1601 2307 1831 2362 quoque

173 2381 374 2434 mente
404 2377 462 2432 in
493 2377 826 2434 caelestibus
857 2378 1208 2435 habitemus.
1253 2379 1358 2433 Per
1400 2380 1672 2434 eumdem
1724 2383 1829 2433 Do-

173 2465 411 2523 minum
443 2471 734 2523 nostrum.

250 2555 484 2612 Secreta.
517 2555 779 2627 Suscipe,
815 2555 1074 2625 Domine,
1109 2573 1373 2621 munera,
1407 2573 1533 2629 quae
1563 2573 1664 2628 pro
1703 2555 1830 2611 Filii

171 2643 265 2700 tui
295 2643 549 2715 gloriosa
580 2644 924 2700 ascensione
954 2645 1288 2713 deferimus,
1323 2650 1379 2700 et
1415 2647 1664 2702 concede
1704 2662 1831 2717 pro-

170 2731 453 2804 pitius,ut
483 2747 517 2786 a
541 2733 926 2803 praesentibus
975 2733 1249 2805 periculis
1297 2733 1634 2802 liberemur,
1672 2738 1728 2789 et
1757 2734 1827 2788 ad

169 2820 356 2876 vitam
380 2819 787 2891 perveniamus
818 2825 1115 2877 aeternam.
1153 2822 1256 2877 Per
1286 2823 1577 2878 eumdem.

245 2908 531 2978 Praefatio.
569 2909 649 2979 (γι)
679 2909 908 2965 .Eterne
957 2914 1130 2977 Deus,
1163 2928 1264 2983 per
1311 2911 1602 2967 Christum
1638 2912 1828 2968 Domi-

171 3012 324 3053 num
360 3000 651 3052 nostrum.
703 2997 809 3062 Qui
843 3004 975 3071 post
1025 3000 1506 3056 resurrectionem
1554 3001 1828 3057 omnibus

171 3084 490 3156 discipulis
524 3086 648 3142 suis
697 3087 1046 3144 manifestus
1087 3090 1379 3161 apparuit,
1412 3094 1468 3145 et
1516 3090 1660 3160 ipsis
1714 3107 1831 3145 cer-

171 3172 458 3230 nentibus
490 3181 578 3230 est
609 3174 865 3232 elevatus
896 3177 954 3232 in
987 3178 1216 3244 malum,
1251 3183 1314 3233 ut
1357 3195 1462 3234 nos
1506 3178 1827 3235 divinitatis

169 3279 293 3321 suae
321 3263 604 3319 tribueret
634 3280 762 3320 esse
796 3265 1126 3338 participes.
1160 3269 1230 3322 Et
1259 3267 1408 3321 ideo.

243 3351 762 3410 Communicantes
793 3358 849 3410 et
862 3355 1016 3410 diem
1040 3355 1506 3411 sacratissimum
1539 3355 1828 3412 celebran-

170 3442 281 3507 tes,
315 3457 433 3512 quo
484 3441 768 3499 Dominus
824 3449 1022 3499 noster
1073 3443 1407 3516 unigenitus
1467 3444 1649 3500 Filius
1692 3451 1831 3501 tuus

171 3528 402 3584 unitam
418 3529 531 3586 sibi
553 3530 887 3603 fragilitatis
911 3536 1120 3588 nostrae
1143 3533 1534 3588 substantiam
1554 3533 1612 3588 in
1636 3533 1830 3605 gloriae

170 3622 284 3674 tuae
316 3618 555 3682 dextera
582 3618 907 3676 collocavit.
942 3621 1054 3676 Sed
1087 3625 1143 3676 et
1173 3621 1536 3677 memoriam.

243 3709 592 3764 Communia.
628 3709 842 3765 Prazsta
873 3710 1060 3776 nobis,
1085 3727 1446 3782 quaesumus,
1466 3710 1832 3783 omnipotens

170 3798 229 3850 et
259 3795 596 3851 misericors
627 3796 873 3862 Deus,ut
903 3813 1028 3868 quae
1060 3795 1390 3852 visibilibus
1417 3798 1710 3870 mysteriis
1742 3815 1833 3853 su-

170 3883 390 3940 menda
419 3884 814 3956 percepimus,
840 3883 1120 3940 invisibili
1143 3901 1579 3957 consequamur
1600 3886 1828 3944 effectu.

173 3972 301 4029 Per.

484 4077 737 4117 SABBATO
768 4078 980 4117 SANCTO
1022 4079 1080 4117 IN
1115 4079 1516 4118 PENTECOSTEN.

247 4167 391 4223 Lact.
427 4167 694 4222 Tentavit
725 4167 899 4223 Deus.
934 4169 1083 4239 Resp.
1118 4170 1430 4224 Cantemus
1463 4175 1596 4225 Deo.

247 4253 458 4310 Oratio.
494 4254 648 4310 Deus
680 4256 781 4326 qui
812 4255 871 4310 in
904 4257 1144 4311 Abrahae
1178 4257 1379 4312 famuli
1412 4258 1494 4312 tui
1528 4276 1698 4330 opere
1729 4259 1833 4314 hu-

175 4359 353 4400 mano
383 4343 582 4416 generi
607 4343 951 4399 obedientiaa
975 4343 1238 4416 exempla
1254 4346 1832 4416 praebuisti,concede

178 4431 353 4488 nobis
373 4448 442 4488 ex
472 4438 683 4488 nostrae
724 4431 1042 4490 voluntatis
1081 4434 1423 4505 pravitatem
1461 4436 1742 4507 frangere,
1777 4442 1834 4494 et

176 4526 420 4576 tuorum
453 4527 874 4593 praeceptorum
907 4521 1315 4578 rectitudinem
1346 4522 1404 4577 in
1433 4524 1707 4579 omnibus
1739 4527 1833 4581 ad-

178 4608 443 4681 implere.
482 4608 604 4664 Per.

251 4701 400 4754 Lact.
435 4696 680 4769 Scripsit
713 4698 958 4772 Moyses.
993 4701 1145 4771 Resp.
1180 4700 1427 4755 Attende
1447 4699 1677 4756 cmlum.

254 4787 466 4842 Oratio.
520 4791 696 4852 Deus,
761 4787 860 4858 qui
915 4787 1084 4844 nobis
1115 4805 1218 4860 per
1257 4789 1673 4861 prophetarum
1734 4808 1835 4847 ora

182 4875 508 4947 prmeepisti
540 4875 886 4948 temporalia
915 4875 1263 4948 relinquere,
1298 4883 1470 4950 atque
1509 4880 1581 4934 ad
1622 4884 1835 4936 acterna

183 4963 485 5033 festinare,
520 4964 594 5020 da
625 4963 866 5020 famulis
896 4965 1034 5032 tuis,
1067 4970 1132 5020 ut
1153 4983 1278 5037 quae
1308 4984 1341 5022 a
1370 4969 1607 5039 tcjussa
1625 4986 1834 5042 cogno-

255 5123 372 5190 (15)
397 5122 461 5178 In
494 5121 680 5195 prima
712 5124 894 5195 hujus
926 5125 1120 5180 missa:
1153 5126 1411 5184 oratione
1431 5134 1670 5184 sanctus
1693 5131 1840 5185 Mar-

185 5209 292 5275 cus
320 5195 586 5265 martyrii
619 5194 806 5267 gloria
833 5197 1141 5275 decoratur
1170 5204 1372 5254 contra
1394 5203 1703 5270 quosdam,
1739 5203 1838 5275 qui

186 5274 385 5343 ipsum
417 5281 450 5319 e
504 5282 748 5343 numero
796 5274 1113 5343 martyrum
1163 5278 1528 5342 expungunt,
1573 5274 1842 5343 quamvis

186 5334 472 5411 Gelasius
490 5354 645 5411 papa
670 5337 822 5411 clare
855 5334 1018 5393 illu'm
1049 5334 1603 5411 ιιιειιιιῐδῖιέξῐῐῖνορεὲι.⁵
1627 5344 1838 5398 Eorum

189 5406 388 5478 opinio
407 5406 509 5483 bis
541 5406 865 5483 rationibus
879 5411 1165 5483 praecipue
1189 5406 1562 5483 nititur,quia
1580 5415 1846 5470 videlicet

188 5493 379 5558 neque
407 5478 718 5546 Eusebius,
733 5481 850 5558 qui
867 5478 1026 5537 illius
1049 5478 1178 5558 acta
1199 5478 1576 5558 scripsit—(lib.
1598 5502 1661 5549 ιι,
1686 5488 1844 5558 p.14,

193 5547 407 5616 15;'lib.
443 5566 526 5617 ιιι,
561 5567 688 5622 cap.
723 5547 878 5621 u'lt.),
909 5570 1100 5624 neque
1142 5547 1402 5611 Isidorus
1445 5547 1655 5610 vocent
1681 5547 1845 5612 illum

192 5623 530 5700 martyrem,
549 5623 1098 5700 nequcniartyrium
1129 5625 1538 5700 dicantt'uisse
1563 5644 1804 5700 passum
1834 5646 1848 5696 ;

194 5689 443 5763 ideoque
469 5689 701 5766 Marcus
731 5689 1018 5759 (idem'dic
1049 5696 1118 5750 de
1138 5697 1395 5766 Luca),in
1413 5689 1633 5754 canone
1657 5689 1850 5756 missaé

197 5777 311 5818 non
345 5768 434 5820 est
471 5765 784 5838 ascriptus,
839 5783 970 5821 cum
1019 5766 1264 5824 dubium
1294 5765 1391 5824 sit
1423 5787 1494 5825 an
1525 5771 1857 5828 occubuerit

2037 619 2175 674 Lact.
2207 619 2659 690 Apprehendent
2689 621 2910 690 septem
2941 617 3236 674 mulieres.
3271 619 3421 688 Resp.
3456 615 3618 671 Sicut

1963 695 2188 763 οέννιιε.

2035 798 2239 854 Oratio.
2274 798 2426 854 Deus
2458 796 2958 854 incommutabilis
2987 796 3195 864 virtus,
3226 795 3427 853 lumen
3456 799 3621 852 aster-

1962 903 2128 953 num,
2161 886 2382 959 respice
2415 887 2703 958 prapitius
2736 887 2808 940 ad
2858 885 3037 942 totius
3066 885 3331 941 Ecclesiae
3357 889 3468 942 tuas
3501 885 3610 940 mi-

1960 973 2142 1029 rabile
2170 979 2624 1040 sacramentum,
2657 980 2713 1030 et
2765 993 2913 1047 opus
2943 974 3150 1030 salutis
3180 973 3450 1030 humanm
3482 991 3610 1046 per-

1957 1067 2142 1134 petua:
2173 1063 2575 1135 dispositionis
2605 1066 2808 1119 effectu
2831 1063 3206 1134 tranquillius
3229 1075 3486 1134 operare,
3520 1067 3607 1119 to-

1957 1156 2171 1224 tusque
2203 1153 2461 1207 mundus
2491 1153 2824 1224 experiatur
2853 1157 2908 1206 et
2951 1152 3144 1206 videat
3183 1152 3407 1222 dejec‘ta
3437 1151 3603 1222 erigi,

1955 1241 2272 1296 inveterata
2301 1241 2519 1307 novari,
2551 1246 2607 1297 et
2633 1259 2736 1313 per
2765 1241 2960 1312 ipsum
2995 1240 3181 1295 redire
3210 1240 3410 1295 omnia
3439 1240 3497 1294 in
3521 1240 3606 1295 in-

1951 1334 2205 1403 tegrum,
2239 1347 2269 1384 a
2303 1348 2416 1402 quo
2449 1346 2754 1402 sumpsere
2785 1329 3157 1402 principium.
3196 1319 3315 1384 Per.

2025 1421 2230 1474 Oratio.
2264 1421 2497 1487 Prazsta,
2533 1436 2893 1491 quazsumus,
2936 1418 3305 1490 omnipotens
3335 1417 3509 1486 Deus,
3540 1421 3605 1473 ut

1952 1507 2235 1564 claritatis
2267 1513 2376 1563 tua:
2411 1508 2687 1580 splendor
2731 1507 3024 1580 eﬂ’ulgeat,
3071 1511 3127 1562 et
3159 1507 3259 1562 lux
3287 1511 3400 1562 tua:
3451 1506 3602 1583 lucis

1950 1597 2124 1652 corda
2153 1614 2376 1664 eorum,
2413 1598 2511 1668 qui
2554 1614 2657 1669 per
2703 1597 2952 1668 gratiam
2995 1600 3160 1651 tuam
3205 1595 3387 1651 renati
3437 1598 3597 1661 sunt,

1949 1686 2135 1742 sancti
2159 1685 2411 1757 Spiritus
2443 1685 2834 1741 illustrations
2865 1685 3185 1740 conﬁrmet.
3223 1684 3348 1738 Per.

2019 1775 2252 1829 Secreta.
2283 1775 2548 1841 Munera,
2575 1773 2842 1841 Domine,‘
2864 1788 3226 1844 quaesumus,
3249 1771 3446 1826 oblata
3466 1787 3598 1826 san-

1869 1897 1915 1961 Β
1947 1862 2156 1929 ctiﬁca,
2190 1867 2247 1918 et
2277 1863 2451 1917 corda
2473 1865 2671 1918 nostra
2700 1861 2882 1916 sancti
2917 1860 3172 1933 Spiritus
3213 1857 3600 1915 illustrations

1945 1951 2219 2006 emunda.
2255 1955 2382 2007 Per.

2015 2040 2532 2096 Communicantes
2585 2043 2642 2095 et
2688 2040 2842 2095 diem
2885 2037 3352 2094 sacratissimum
3399 2037 3599 2092 Pente-

1943 2132 2142 2182 costen
2176 2128 2560 2195 celebrantes,
2593 2145 2707 2200 quo
2741 2128 2996 2199 Spiritus
3045 2131 3285 2183 sanctus
3317 2124 3598 2198 apostolis

1946 2217 2001 2271 in
2032 2217 2208 2272 variis
2241 2217 2461 2289 linguis
2491 2217 2784 2289 apparuit.
2820 2217 2930 2272 Sed
2963 2220 3020 2271 et
3053 2215 3416 2272 memoriam.

2014 2306 2172 2361 Hanc
2203 2306 2382 2377 igitur
2413 2305 2768 2361 oblationem
2801 2305 3100 2361 servitutis
3144 2308 3377 2370 nostrai,
3411 2303 3512 2359 sed
3543 2307 3600 2358 et

1942 2398 2162 2448 cunctas
2194 2394 2428 2448 familiae
2462 2400 2597 2465 tuae,
2655 2411 2836 2465 quam
2884 2392 2988 2448 tibi
3041 2392 3342 2448 offerimus
3373 2409 3475 2464 pro
3507 2391 3601 2448 his

1939 2499 2174 2554 quoque
2203 2499 2351 2554 quos
2382 2499 2720 2554 regenerare
2749 2483 3024 2554 dignatus
3054 2498 3194 2538 esex
3216 2498 3369 2553 aqua
3397 2485 3454 2538 et
3476 2481 3599 2553 Spi-

1940 2571 2056 2626 ritu
2089 2576 2290 2626 sancto
2324 2570 2590 2626 tribuens
2621 2571 2706 2626 eis
2737 2570 3142 2626 remissionem
3175 2570 3440 2626 omnium
3472 2587 3597 2642 pec-

1940 2664 2227 2730 catorum,
2260 2677 2624 2732 quaesumus,
2658 2659 2994 2727 Domine,ut
3024 2657 3289 2730 placatus
3319 2657 3592 2731 accipias,

1940 2749 2182 2820 diesque
2213 2755 2464 2805 nostros.

2014 2837 2353 2893 Communia.
2388 2837 2581 2894 Sancti
2603 2835 2880 2908 Spiritus,
2913 2835 3172 2905 Domine,
3193 2837 3371 2892 corda
3391 2840 3591 2893 nostra

1939 2928 2184 2983 mundet
2211 2926 2451 2992 infusio,
2483 2930 2540 2982 et
2586 2926 2676 2982 sui
2729 2925 2876 2982 roris
2927 2924 3264 2998 aSpersione
3295 2925 3586 2982 fecundat.

1940 3016 2002 3071 In
2035 3015 2279 3071 unitate.

2328 3121 2383 3159 ΙΝ
2417 3121 2510 3159 DIE
2539 3121 2752 3158 SANCTO
2786 3119 3192 3160 PENTECOSTES.

2009 3197 2180 3259 Deus,
2216 3193 2313 3264 qui
2375 3192 2659 3246 hodierna
2709 3191 2804 3246 die
2853 3191 3028 3246 corda
3087 3190 3349 3245 ﬁdelium
3399 3191 3587 3246 sancti

1860 3258 1902 3324 C
1944 3258 2197 3353 Spiritus
2230 3258 2618 3336 illustrations
2663 3278 2931 3344 docuisti,
2964 3280 3038 3334 da
3085 3278 3255 3334 nobis
3295 3277 3356 3333 in
3386 3279 3588 3335 eodem

1939 3369 2149 3442 spiritu
2181 3374 2337 3424 recta
2365 3384 2588 3440 sapere,
2613 3372 2666 3422 ct
2701 3368 2772 3422 de
2794 3367 2922 3437 ejus
2947 3383 3178 3439 semper
3193 3367 3588 3424 consolatione

1939 3459 2210 3531 gaudere.
2247 3458 2371 3512 Per.

2013 3549 2244 3604 Secreta.
2279 3549 2540 3611 Munera,
2575 3562 2934 3619 quaesumus,
2959 3545 3220 3615 Domine,
3240 3544 3435 3602 oblata
3464 3563 3593 3602 san-

1941 3637 2131 3692 ctiﬁca
2160 3642 2217 3692 et
2245 3637 2420 3692 corda
2450 3641 2650 3691 nostra
2679 3635 2866 3691 sancti
2914 3634 3166 3708 Spiritus
3205 3633 3594 3693 illustratione

1940 3726 2214 3782 emunda.
2252 3729 2378 3780 Per.

2012 3817 2293 3884 Praefatio.
2330 3815 2409 3884 (λγ)
2440 3814 2668 3868 {literne
2716 3813 2870 3868 Deus
2917 3829 3022 3884 per
3058 3812 3358 3868 Christum
3391 3812 3590 3868 Domi-

1943 3921 2086 3958 num
2121 3902 2523 3972 nostrum,qui
2558 3902 2880 3957 ascendens
2924 3917 3100 3972 super
3141 3917 3345 3956 omnes
3391 3900 3588 3968 cmlos,

1942 3993 2269 4062 sedensque
2299 3990 2370 4044 ad
2404 3991 2698 4044 dexteram
2723 3993 2906 4053 tuam,
2933 3989 3289 4060 promissum
3309 3988 3590 4060 Spiritum

1941 4084 2211 4134 sanctum
2243 4078 2520 4133 hodierna
2555 4078 2648 4132 dic
2697 4078 2754 4131 in
2805 4076 2957 4132 ﬁlios
3000 4076 3332 4148 adoptionis
3363 4077 3587 4146 effudit,

1940 4173 2296 4239 quapropter
2325 4166 2584 4238 profusis
2603 4165 2834 4238 gaudiis
2865 4168 3022 4220 totus
3045 4164 3102 4219 in
3134 4165 3270 4220 orbe
3301 4168 3587 4222 terrarum

1941 4257 2199 4312 mundus
2231 4254 2500 4320 exsultat,
2535 4255 2634 4309 sed
2686 4259 2741 4308 et
2794 4271 3056 4326 superna:
3103 4253 3370 4322 virtutes,
3417 4258 3590 4327 atque

1941 4345 2213 4418 angelicae
2240 4347 2556 4417 potestates
2587 4343 2872 4415 hymnum
2895 4341 3090 4415 gloriae
3117 4343 3435 4400 concinunt
3465 4344 3591 4402 sine

1941 4436 2055 4490 ﬁne
2085 4435 2363 4490 dicentes.

2013 4524 2546 4589 Cnmmunicantes,
2585 4531 2641 4578 ut
2670 4539 2860 4594 supra.

1862 4624 1910 4687 ι)
2013 4612 2170 4667 Hanc
2202 4613 2399 4684 igitur.
2438 4615 2501 4669 Ut
2529 4629 2714 4683 supra.

2018 4702 2355 4756 Communia.
2415 4701 2608 4755 Sancti
2669 4701 2946 4772 Spiritus,
3006 4701 3272 4770 Domine,
3332 4707 3590 4758 tuorum.

1944 4790 2171 4860 Reliqua
2203 4791 2262 4843 in
2295 4790 2503 4859 vigilia.

2401 4893 2458 4932 ΙΝ
2500 4895 2870 4933 DEDICATIUNE
2907 4895 3114 4932 TEMPLI
3125 4921 3138 4932 .

2015 4968 2192 5034 Deus,
2225 4967 2325 5039 qui
2363 4966 2529 5021 nobis
2563 4983 2663 5038 per
2695 4966 2960 5039 singulos
2992 4983 3178 5022 annos
3208 4966 3386 5037 hujus
3409 4966 3596 5023 sancti

1950 5131 2259 5199 martyr.ln
2294 5141 2513 5199 canone
2543 5123 2696 5180 enim
2717 5123 2908 5179 locum
2931 5124 3156 5199 habent
3171 5125 3357 5199 sancti
3386 5129 3600 5199 marty-

1950 5218 2068 5256 res.
2098 5195 2530 5252 conl’cssoribus
2566 5212 2797 5266 semper
2825 5195 3260 5266 exclusis,teste
3289 5195 3449 5251 Bona
3470 5195 3595 5266 (lib.

1951 5271 2354 5337 u,c.t:2,n.tl.)
2373 5271 2643 5322 Attamen
2673 5265 2837 5321 tanta
2867 5271 2955 5322 est
3001 5267 3059 5321 in
3109 5265 3365 5323 Ecclesia
3385 5265 3599 5322 Gelasii

1953 5342 2265 5396 auctoritas
2299 5347 2361 5395 ut
2391 5356 2625 5394 omnem
2657 5338 3047 5408 suspicionem
3074 5337 3400 5405 tollat,cum
3424 5338 3597 5394 dicat:

1952 5415 2014 5468 In
2045 5415 2334 5483 A‘ngptum
2362 5413 2600 5466 directus
2625 5412 2866 5483 verbum
2887 5411 3153 5479 puritatis
3181 5411 3517 5483 praedicavit,
3551 5417 3603 5483 at

1953 5480 2194 5554 gloriose
2216 5484 2610 5538 consmmnavit
2631 5482 2982 5552 nmrlyrium.
3015 5480 3360 5554 Auctaritati
3386 5480 3603 5554 Gelasii

1957 5552 2139 5611 altera
2171 5556 2389 5610 accedit
2422 5555 2598 5608 nastri
2643 5552 3110 5624 Sacramentarii,
3146 5553 3204 5607 in
3237 5569 3349 5624 quo
3377 5552 3605 5624 saeculo

1956 5645 2011 5682 ιιι
2043 5625 2369 5698 appellatur
2396 5630 2632 5698 martyr.
2661 5623 3022 5698 Testimonio
3051 5624 3197 5698 l’rinii
3219 5623 3429 5698 saeculo
3462 5641 3496 5678 v
3517 5623 3603 5678 vel

1959 5715 2014 5752 vx
2046 5694 2260 5767 legitur
2289 5697 2347 5751 iu
2392 5694 2715 5767 fragmento
2766 5694 3094 5750 Kalendarii
3147 5695 3520 5751 Mozarabum
3551 5711 3607 5748 Vl

1963 5769 2040 5826 Id.
2073 5768 2228 5826 Febr.
2261 5770 2436 5825 sancti
2464 5769 2643 5828 Marci
2661 5768 3006 5839 evangelislw
3031 5773 3082 5825 at
3110 5769 3392 5840 martyris.
