3982 6172
350 249 470 324 355

1536 251 1724 320 SEO.
1769 250 1846 313 XI
1891 249 2202 315 MONUM.
2251 250 2564 314 LlTURG.

3628 240 3755 303 836

347 384 721 457 solemnitate
748 381 1033 454 laetiﬁcas,
1062 383 1308 443 concede
1367 384 1662 457 propitius
1711 388 1775 440 ut
1823 383 1994 457 cujus
2021 388 2077 455 Α
2105 383 2326 440 sanctis
2343 383 2414 440 ad
2437 381 2703 457 gloriam,
2721 381 2803 440 ita
2825 379 3011 449 nobis,
3035 391 3394 452 quaesumus,
3419 371 3492 434 ad
3509 375 3750 434 veniam

349 477 616 543 natalitia
643 477 910 543 colimus,
961 476 1136 531 etiam
1167 475 1420 530 actiones
1453 474 1771 530 imitemur.
1795 473 1920 528 Per.

369 561 372 563 Α
421 569 660 624 Secreta.
693 565 924 622 Hostias
954 564 1078 629 tibi,
1113 563 1377 627 Domine,
1411 562 1564 618 beati
1589 562 1819 618 Cmsarii
1851 579 1999 618 mar-

349 655 495 731 tyris
527 655 612 712 tui
645 654 888 718 dicatas,
922 651 1145 708 meritis
1185 651 1476 723 benignus
1535 668 1790 716 assume,
1823 656 1881 706 et
1927 652 1998 706 ad

350 748 699 820 perpetuum
732 741 900 798 nobis
930 741 1122 796 tribue
1152 739 1450 813 pervenire
1483 739 1836 794 subsidium.
1870 740 1998 795 Per.

427 833 762 892 Communia.
805 830 1188 902 Omnipotens
1244 833 1415 894 Deus,
1471 833 1535 882 ut
1590 828 1690 899 qui
1743 828 2002 883 caelestia

354 919 632 980 alimenta
659 919 1047 992 percepimus,
1090 916 1482 973 intercedente
1542 917 1707 971 beato
1755 916 2000 972 Caesarie

354 1014 610 1083 martyre
638 1012 739 1064 tuo
769 1025 873 1082 per
900 1008 1022 1062 haec
1043 1010 1246 1063 contra
1275 1005 1474 1061 omnia
1502 1007 1745 1062 adversa
1776 1005 2002 1062 munia-

355 1115 510 1156 mur.
544 1098 670 1154 Per.

567 1186 681 1257 (22)
713 1201 773 1241 IN
812 1200 963 1239 ηδτ.
993 1199 1188 1240 SANCTI
1228 1199 1468 1238 MARTINI
1509 1199 1785 1238 arrscorr.

427 1276 602 1341 Deus,
637 1273 736 1346 qui
767 1271 1059 1343 conspicis
1090 1271 1230 1341 quia
1257 1287 1325 1326 ex
1356 1270 1522 1325 nulla
1553 1275 1753 1326 nostra
1790 1271 2002 1326 virtute

355 1362 760 1429 subeistimus,
817 1361 1068 1417 concede
1127 1359 1414 1430 propitius
1464 1365 1529 1414 ut
1585 1359 2002 1415 intercessione

355 1451 512 1510 beati
543 1449 777 1508 Martini
808 1447 1160 1505 confessoris
1181 1447 1265 1503 tui
1293 1453 1495 1504 contra
1525 1447 1723 1503 omnia
1761 1448 2003 1502 adversa

357 1539 717 1599 muniamur.
751 1538 878 1594 Per.

431 1627 664 1684 Secreta.
687 1626 793 1691 Da,
824 1624 1157 1680 misericors
1175 1625 1349 1690 Deus,
1365 1628 1428 1678 ut
1450 1625 1571 1679 haec
1593 1641 1698 1679 nos
1725 1625 2002 1679 salutaris

359 1713 578 1776 oblatio
604 1716 662 1770 et
691 1729 724 1768 ο.
745 1712 995 1784 propriis
1015 1712 1277 1768 rentibus
1300 1712 1694 1817 indesinenter
1713 1714 2000 1785 expediat,
2035 1752 2082 1817 Β

359 1806 418 1862 et
448 1803 519 1858 ab
545 1800 819 1858 omnibus
849 1805 1126 1856 tueantur
1155 1799 1432 1856 adversis.
1465 1799 1589 1854 Per.

433 1889 770 1952 Communia.
827 1889 1060 1956 Praesta,
1123 1904 1484 1959 quaasumus,
1543 1888 1786 1943 Domine
1854 1890 2006 1944 Deus

359 1983 580 2046 noster,
615 1981 681 2033 ut
709 1994 958 2048 quorum
1016 1976 1326 2031 festivitate
1380 1977 1568 2032 votiva
1621 1983 1760 2033 sunt
1813 1994 2007 2033 sacra-

359 2072 579 2132 menta,
602 2081 802 2121 eorum
826 2064 1106 2120 salutaria
1127 2065 1297 2120 nobis
1318 2064 1731 2120 intercessione
1759 2067 2005 2121 reddan-

357 2155 476 2209 tur.
509 2150 635 2208 Per.

785 2256 844 2294 IN
875 2256 1026 2295 ηδτ.
1063 2255 1259 2295 SANCTI
1289 2257 1544 2298 ANDREJE.

431 2329 794 2401 Maiestatem
824 2333 1010 2396 tuam,
1035 2327 1296 2396 Domine,
1317 2328 1660 2400 suppliciter
1677 2347 2006 2396 exoramus,

359 2421 427 2474 ut
445 2417 598 2474 sicut
624 2416 892 2473 Ecclesia
923 2421 1035 2472 tuaa
1067 2418 1271 2472 beatus
1300 2418 1563 2473 Andreas
1583 2419 1883 2488 apostolus
1913 2437 2006 2475 ex-

359 2505 511 2563 stitit
539 2505 884 2578 pradicator
910 2510 969 2561 et
997 2510 1206 2574 rector,
1240 2505 1322 2560 ita
1342 2506 1494 2576 apud
1518 2511 1574 2560 te
1601 2507 1677 2560 sit
1706 2523 1810 2578 pro
1839 2507 2009 2563 nobis

361 2599 678 2667 perpetuus
708 2594 1079 2650 intercessor.
1115 2594 1238 2648 Per.

432 2683 664 2738 Secreta.
696 2681 1056 2738 Sacrificium
1087 2686 1352 2736 nostrum
1381 2681 1509 2746 tibi,
1561 2683 1818 2748 Domine,
1853 2701 2007 2754 quae-

358 2785 569 2829 sumus
597 2769 750 2826 beati
789 2770 1030 2824 Andreae
1085 2769 1338 2841 precatio
1396 2775 1597 2826 sancta
1625 2771 1911 2838 conciliet,
1945 2777 2010 2827 ut

359 2859 530 2930 cuius
558 2858 778 2916 honore
807 2855 1146 2913 solemniter
1169 2857 1492 2925 exhibetur,
1527 2859 1752 2914 meritis
1792 2860 2008 2915 efficia-

358 2949 469 3011 tur.
485 2951 808 3018 acceptum.
840 2945 968 3000 Per.

431 3034 768 3090 Communia.
800 3033 1195 3104 Sumpsimus,
1224 3034 1490 3101 Domine,
1513 3034 1708 3090 divina
1729 3038 2007 3110 mysteria

2108 473 2382 545 prodesse
2413 471 2700 544 perﬁcies.
2735 472 2859 526 Per.

2277 571 2389 640 (23)
2433 589 2487 624 IN
2529 586 2679 624 rss'r.
2722 585 2913 624 SAXCTI
2962 582 3183 621 manu:
3222 580 3471 621 EPISCOPI
3513 581 3582 620 ετ

2731 655 3126 694 CONl-‘ESSORIS.

2180 729 2561 800 Omnipotens
2592 729 2942 799 sempiterno
2986 731 3152 792 Deus,
3185 725 3285 797 qui
3333 725 3614 781 hodierna
3660 724 3758 780 die

2108 817 2514 874 beatissimum
2545 816 2950 872 confessorem.
2982 820 3150 870 tuum
3199 819 3373 885 atque
3417 814 3756 885 pontiﬁcem

2109 905 2433 971 Nicolaum,
2449 905 2695 961 aetherea
2717 920 2894 976 regna
2918 907 3220 975 penetrare
3241 902 3426 959 fecisti
3450 901 3577 970 ,da,
3602 918 3760 974 quie-

2111 1012 2340 1065 sumus,
2373 992 2739 1066 supplicibus
2770 992 2888 1049 tuis
2917 991 3091 1065 digne
3114 991 3272 1047 illius
3303 989 3590 1047 solemnia
3609 991 3759 1047 oete-

2109 1084 2298 1150 brare,
2332 1086 2397 1138 ut
2425 1099 2527 1154 per
2551 1082 2678 1152 ejus
2698 1080 3088 1136 venerandam
3111 1078 3486 1136 festivitatem
3500 1078 3754 1136 salutem

2111 1187 2544 1243 consequamur
2573 1175 2629 1225 et
2657 1186 2876 1242 pacem.
2909 1169 3034 1224 Per.

2183 1260 2413 1316 Sacrata.
2447 1261 2687 1315 Munera
2714 1258 2842 1318 tibi.
2876 1258 3138 1322 Domine,
3190 1256 3384 1312 dicata
3429 1255 3754 1320 sanctifica,

2111 1353 2169 1404 et
2194 1347 2586 1404 intercedente
2615 1347 2782 1403 beato
2815 1345 3048 1402 Nicolao
3079 1345 3408 1402 confessore
3436 1350 3535 1401 tuo
3579 1349 3757 1416 atque

2113 1436 2403 1509 pontiﬁce,
2437 1452 2539 1508 per
2568 1436 2771 1492 eadem
2803 1450 2911 1494 nos
2939 1433 3204 1506 placatus
3235 1433 3489 1491 intende.
3524 1433 3652 1490 Per.

2183 1525 2519 1580 Communia.
2555 1523 2813 1596 Protege,
2846 1539 3205 1594 qumoumus,
3237 1521 3501 1587 Domine,
3524 1520 3756 1593 plebem

2113 1611 2452 1680 tuam,beati
2469 1611 2683 1668 Nicolai
2708 1611 2973 1683 praesulis
2995 1610 3315 1683 patrocinio
3341 1610 3754 1677 conﬁdentem,

2113 1707 2169 1757 et
2198 1719 2374 1773 quam
2405 1701 2616 1757 divinis
2648 1717 2872 1757 recreas
2903 1700 3310 1767 sacramentis,
3349 1700 3438 1756 fac
3485 1716 3616 1757 eam
3659 1699 3758 1771 ju-

2114 1790 2264 1864 giter
2293 1790 2413 1846 tuis
2441 1790 2722 1846 inhaerere
2754 1789 3066 1846 mandatis.
3099 1789 3225 1845 Per.

2425 1888 2536 1959 (24)
2569 1904 2733 1944 mssa
2776 1903 2847 1941 DE
2884 1904 3092 1942 suam
3129 1903 3445 1942 'ramrrxrs.

2185 1975 2567 2048 Omnipotens
2598 1975 2949 2048 sempiterno
2970 1975 3145 2042 Deus,
3168 1974 3267 2047 qui
3288 1973 3499 2031 dedisti
3522 1972 3772 2030 famulis»

2115 2065 2234 2120 tuis
2265 2064 2324 2119 in
2375 2064 2738 2120 confessione
2795 2080 2940 2119 veras
2999 2064 3133 2118 fidei
3181 2068 3410 2120 aeternas
3455 2063 3762 2118 Trinitatis

2115 2153 2359 2225 gloriam
2382 2169 2716 2226 agnoscere,
2731 2157 2787 2208 et
2806 2152 2866 2207 in
2894 2153 3150 2224 potentia
3171 2151 3496 2223 majestatis
3517 2151 3765 2207 adorare

2116 2241 2428 2306 Unitatem,
2457 2257 2796 2312 qumsumus
2829 2245 2894 2296 ut
2922 2241 3186 2312 ejusdem
3219 2240 3353 2296 fidei
3384 2240 3660 2295 ﬁrmitate
3687 2240 3761 2294 ab

2116 2330 2392 2384 omnibus
2423 2345 2654 2400 semper
2686 2329 3026 2384 muniamur
3050 2329 3328 2384 adversis.
3362 2328 3486 2383 Per.

2189 2417 2422 2471 Secreta.
2478 2415 2808 2485 Sanctiﬁca,
2862 2433 3220 2488 quasumus,
3282 2416 3526 2472 Domine
3581 2416 3760 2483 Deus,

2116 2521 2218 2576 per
2247 2505 2331 2560 tui
2368 2504 2624 2560 nominis
2649 2504 3072 2561 invocationem
3103 2505 3282 2575 hujus
3312 2503 3627 2560 oblationis
3656 2504 3766 2560 ho-

2117 2593 2312 2659 stiam,
2341 2597 2398 2648 et
2427 2609 2529 2664 per
2556 2609 2684 2648 eam
2718 2593 3109 2666 nosmetipsos
3139 2594 3242 2648 tibi
3285 2593 3494 2665 perfice
3543 2609 3768 2648 munus

2117 2686 2418 2737 aeternum.
2455 2681 2578 2737 Per.

2187 2770 2469 2840 Praefatio.
2530 2771 2757 2826 [Eterne
2789 2770 2963 2834 Deus,
2995 2771 3093 2842 qui
3123 2787 3255 2825 cum
3289 2770 3586 2842 unigenito
3620 2768 3768 2826 Filio
3844 2769 3858 2778 ’

2117 2860 2218 2912 tuo
2243 2861 2298 2912 et
2324 2857 2538 2928 Spiritu
2569 2862 2769 2914 sancto
2802 2875 2955 2914 unus
2983 2875 3046 2914 es
3081 2861 3248 2926 Deus,
3282 2876 3436 2915 unus
3465 2875 3529 2915 es
3561 2859 3769 2914 Domi-

2116 2961 2265 3000 nus:
2301 2962 2417 3000 non
2449 2945 2505 3000 in
2539 2945 2714 3001 unius
2745 2946 3147 3019 singularitate
3203 2963 3484 3018 personae,
3539 2947 3640 3002 sed
3703 2947 3768 3002 in

2116 3034 2292 3088 unius
2304 3032 2606 3089 Trinitatis
2627 3034 2978 3090 substantia.
2997 3036 3157 3100 Quod
3181 3035 3334 3090 enim
3358 3036 3430 3090 de
3454 3039 3556 3090 tua
3577 3034 3770 3107 gloria

357 3122 512 3182 beati
539 3123 780 3179 Andron
810 3122 1122 3178 festivitate
1176 3121 1458 3190 laetantes,
1492 3140 1619 3195 quas
1677 3124 1830 3180 sicut
1883 3125 2003 3182 tuis
2035 3110 2078 3178 C
2115 3120 2401 3176 revelante
2431 3125 2504 3190 te,
2537 3123 2853 3190 credimus,
2889 3123 2997 3179 hoc
3028 3125 3099 3179 de
3146 3123 3287 3180 Filio
3342 3127 3464 3192 tuo,
3525 3122 3636 3179 hoc
3685 3123 3771 3178 de

359 3280 644 3353 Cesarius
668 3281 1008 3353 scriptorem
1050 3299 1290 3337 suorum
1340 3288 1642 3338 auctorum
1673 3283 1998 3340 Albericum

358 3352 670 3422 diaconum
701 3352 1036 3408 Casinensis
1070 3353 1339 3420 cmnobii,
1362 3359 1506 3409 teste
1538 3355 1702 3410 Petro
1733 3357 1998 3422 diacono,

359 3421 508 3478 libro
538 3423 619 3478 De
644 3421 784 3497 viris
815 3423 1143 3497 illustribus
1166 3425 1315 3497 (cap.
1347 3425 1452 3497 ti).
1481 3425 1744 3497 Gelasius
1767 3427 1813 3480 Il
1841 3421 1997 3497 pont,

357 3508 536 3564 mox"
559 3495 741 3564 antea
754 3493 1076 3564 monachus
1095 3493 1450 3557 Casiniensis,
1477 3496 1662 3564 ipsius
1683 3499 1811 3550 acta
1833 3493 1999 3552 versi-

356 3563 469 3635 bus
476 3562 792 3635 exornavit.
819 3563 1012 3618 Romae
1035 3565 1275 3635 antiqua
1297 3562 1734 3620 SanctiCzcsarii
1759 3567 2002 3623 ecclesia

353 3631 732 3690 celeberrima
760 3637 904 3706 erat,
939 3651 1056 3706 una
1103 3631 1193 3706 ex'
1217 3635 1419 3706 viginti
1473 3636 1702 3691 duabus
1750 3638 2000 3693 abbatiis

353 3719 501 3784 quas
532 3706 762 3784 notatas
777 3703 1777 3784 viditid‘em_Baronjus_,in_antiquo
1804 3709 1998 3784 ritu‘ali

347 3772 520 3839 libro,
553 3773 652 3840 qui
684 3778 872 3830 exstat
901 3775 957 3830 in
987 3774 1266 3831 Vaticana
1297 3772 1761 3840 Bibliothecafin
1803 3780 1999 3835 codice

348 3845 652 3919 ms._Liber
677 3861 937 3902 consuum
967 3852 1322 3919 nuncupata,
1357 3849 1529 3919 cujus
1559 3849 1812 3904 ecclesia)
1830 3851 1997 3906 titulo

349 3917 524 3972 modo
552 3923 908 3972 exornantur
937 3923 1148 3973 sancta
1174 3917 1453 3973 Romanae
1495 3920 1759 3975 Ecclesiae
1808 3923 1996 3976 cardi-

351 3986 534 4060 nales.
561 3988 763 4060 Sancti
791 3987 1019 4044 Casarii
1051 4005 1262 4060 corpus
1294 3990 1364 4044 ad
1424 3996 1636 4046 sanctae
1696 3993 1897 4048 Crucis
1936 3993 1994 4047 in

347 4057 675 4132 Jerusalem
701 4058 761 4114 in
793 4076 931 4132 agro
954 4057 1294 4132 Sessoriano
1319 4061 1740 4118 monachorum
1762 4063 1996 4118 Benedi-

349 4128 998 4214 ctino-Cistercen'sium
1034 4131 1205 4186 hodie
1235 4133 1513 4214 quiescit;
1540 4133 1814 4214 Hisnergo
1851 4136 1995 4214 fisus

351 4201 736 4271 argumentis,
795 4201 1040 4270 conjicio
1099 4201 1418 4257 monachos
1475 4201 1880 4259 Benedict‘inos
1920 4206 1990 4259 ad

353 4270 706 4343 prbcipuam
738 4287 877 4343 erga
898 4275 1169 4343 sanctum
1190 4272 1514 4343 Caesarium
1547 4273 1782 4329 allectos
1814 4275 1993 4330 fuisse

351 4339 782 4412 venerationem
807 4339 1090 4412 {ideoque
1107 4342 1164 4395 in
1189 4342 1296 4397 hoc
1319 4348 1515 4397 nostro
1529 4344 1991 4401 Sacramentario

351 4413 473 4483 tam
507 4409 755 4483 insignis
787 4411 973 4483 ipsius
996 4409 1288 4483 memoria
1309 4414 1599 4482 recolitur,
1625 4417 1828 4470 uidua:
1850 4417 1992 4473 forte

352 4479 547 4562 missae
567 4479 684 4562 hac
714 4479 842 4562 ipsa
872 4481 962 4537 die
990 4481 1328 4562 solemniter
1349 4479 1749 4562 cantarentur.

422 4550 533 4676 $22)
566 4551 646 4632 En
678 4550 861 4607 alium
893 4569 1068 4624 quem
1093 4553 1502 4610 Benedictinus
1543 4557 1682 4612 ordo
1707 4559 1997 4632 praecipuo

449 4625 510 4676 tu
536 4621 647 4676 fuit
677 4629 1042 4676 prosecutus.
1077 4630 1346 4676 sanctum
1408 4627 1631 4676 scilicet
1685 4630 1994 4676 Martinnm

348 4621 510 4701 cultu
536 4621 647 4678 fuit
676 4621 1042 4701 prosecutus,
1077 4630 1346 4701 sanctum
1408 4627 1631 4701 scilicet
1661 4621 1997 4701 ,Martin'um

345 4694 690 4764 episcopum
735 4694 1357 4768 Turo_nen_sem,cujus
1417 4699 1600 4754 missa
1657 4700 1907 4757 habetur
1936 4703 1995 4758 in

344 4769 843 4845 sacramentorum
884 4765 1070 4845 libris,
1105 4765 1278 4845 etiam
1338 4768 1647 4845 chasiano
1679 4777 1734 4826 et
1781 4773 1993 4845 Grego-

345 4833 530 4892 riana.
566 4835 817 4900 Ipsemet
873 4844 1113 4893 sanctus
1173 4838 1520 4895 Benedictus
1578 4833 1993 4900 oratoriumuin

343 4910 540 4962 monte
572 4907 780 4965 Casino
811 4910 994 4964 erexit
1022 4909 1080 4964 in
1112 4908 1276 4965 illius
1300 4910 1600 4968 honorem.
1622 4914 1818 4970 Sancti
1844 4916 1994 4970 Mar-

342 4975 452 5031 tini
476 4977 726 5051 festivus
755 4979 882 5035 dies
911 4985 1041 5051 post
1073 4980 1198 5051 ejus
1226 4979 1448 5036 obitum
1484 4983 1682 5038 statim
1715 4986 1992 5042 celebrari

342 5048 812 5125 cmpit,_id_eoqu_e
843 5048 1548 5125 solus__e'confessoribus
1599 5056 1898 5125 proprium
1934 5059 1991 5112 in

337 5119 752 5198 vetustissimis
779 5121 1093 5198 breviariis
1133 5123 1390 5198 officium
1448 5119 1639 5190 habet,
1689 5119 1825 5197 quin
1884 5129 1992 5198 ipsi

342 5189 534 5262 primo
562 5193 836 5260 publicus
865 5194 937 5249 ab
967 5191 1223 5248 Ecclesia
1270 5193 1463 5250 cultus
1491 5204 1578 5250 est
1622 5189 1995 5262 tributum-ut

343 5259 610 5339 observat
640 5262 797 5319 Bona
827 5263 949 5339 (lib.
986 5282 1044 5324 ιι,
1079 5281 1204 5339 cap.
1238 5264 1327 5334 l2,
1359 5279 1422 5339 ῃ.
1459 5265 1565 5339 19).
1603 5271 1663 5339 in
1697 5259 1996 5339 postrema

339 5330 677 5406 Appendice
707 5337 940 5406 propria
974 5330 1741 5406 prmia-tionedistinguitur.

384 5400 526 5478 “(23)
558 5400 751 5478 Sancti
784 5400 1004 5478 Nicoln'i
1033 5405 1313 5478 solemnis
1345 5400 1626 5478 memoria
1656 5408 1854 5466 haberi
1889 5429 1994 5468 coe-

338 5471 426 5541 pit
457 5474 589 5540 post
614 5471 778 5552 illius
811 5476 1242 5552 sacriAcorporis
1264 5477 1703 5552 translationem
1734 5483 1987 5551 Barium,

339 5555 465 5611 qua
493 5544 737 5611 contigit
773 5561 924 5600 anno
954 5544 1176 5612 807,_ut
1209 5548 1410 5604 scribit
1459 5551 1812 5622 Sigebertus.
1845 5544 1988 5610 Ante

2112 3279 2232 3335 hanc
2263 3283 2525 3352 tempora
2555 3281 2644 3354 vix
2674 3280 2890 3354 Nicolai
2918 3287 3108 3354 exstat
3135 3284 3418 3339 memoria
3447 3283 3505 3338 in
3537 3299 3650 3339 ms.
3677 3300 3771 3338 sa-

2111 3355 2541 3427 cramentorum
2573 3352 2762 3427 libris,
2796 3353 2879 3427 vel
2913 3352 2977 3408 in
3004 3354 3766 3427 Gregoriano_ordine,_sed

2111 3438 2297 3492 neque
2330 3423 2387 3498 i_n
2423 3439 2549 3498 meo
2587 3423 3348 3498 Breviarioqmembr'anaceo
3371 3425 3600 3498 legitur.
3627 3425 3770 3498 Ejus

2111 3500 2306 3547 autem
2340 3494 2579 3548 festivus
2611 3495 2738 3550 Dies
2761 3495 3066 3551 institutus
3090 3497 3198 3550 fuit
3219 3494 3598 3560 seculo'xrmt
3616 3494 3764 3552 scri-

2109 3563 2196 3616 bit
2224 3563 2519 3619 Gavantus
2546 3564 2602 3618 in
2634 3565 2792 3620 Actis
2827 3567 3011 3620 sancti
3043 3567 3222 3622 Alexii
3275 3568 3622 3624 auctoritate
3658 3569 3766 3623 Zo-

2109 3635 2468 3709 nargemam.
2499 3637 2710 3709 inrui).
2747 3638 2901 3709 B_rev.
2927 3639 2962 3709 ἓ
2987 3637 3042 3702 7,
3078 3655 3205 3709 cap.
3239 3639 3318 3709 2.)

2181 3706 2465 3777 (24)AAnte
2495 3706 2749 3777 primam
2772 3707 3133 3764 Dominicam
3149 3706 3454 3764 Adventus
3475 3708 3768 3765 habemus

2107 3773 2201 3851 hic
2236 3773 2579 3851 missam'de
2610 3778 2711 3851 SS_.
2736 3778 3041 3851 Trinitate,
3069 3781 3224 3851 quod
3255 3784 3343 3836 est
3372 3778 3536 3851 valde
3558 3784 3767 3851 notan-

2107 3846 2268 3900 dum.
2290 3846 2641 3920 Opportune
2672 3848 2781 3920 legi
2814 3851 2983 3904 debet
3016 3846 3310 3906 decretum
3349 3849 3653 3905 Alexandri
3691 3851 3762 3914 Ιῐ,

2107 3934 2221 3987 quo
2253 3917 2337 3972 sic
2368 3924 2608 3973 cautum
2641 3917 2776 3974 est':
2812 3923 3098 3976 Festivitas
3119 3924 3483 3977 sanctissimae
3522 3922 3762 3976 Trinita-

2106 3989 2177 4041 tis
2207 3989 2504 4042 secundum
2524 3991 2977 4046 consuetudinem
2997 3992 3339 4047 diversarum
3359 3994 3762 4058 hcclesiarum,

2103 4075 2139 4130 α
2168 4059 2490 4129 quibusdam
2520 4064 2798 4117 consuevit
2830 4064 2886 4116 in
2916 4065 3115 4118 octavis
3146 4069 3498 4130 Pentecostes,
3532 4063 3600 4117 ab
3631 4064 3763 4120 aliis

2101 4129 2387 4184 Dominica
2414 4133 2594 4200 prima
2630 4131 2898 4187 Adventus
2937 4135 3155 4188 Domini
3184 4129 3492 4190 celebrari.
3520 4135 3765 4191 Ecclesia

2099 4200 2370 4278 siquidem
2399 4201 2684 4278 Damim'ca
2703 4206 2771 4278 in
2799 4221 2899 4278 usu
2928 4221 3032 4258 non
3069 4205 3247 4272 habet,
3301 4205 3440 4278 quod
3469 4207 3526 4259 in
3573 4206 3762 4276 aliqua

2105 4275 2346 4347 tempore
2397 4273 2709 4347 Itujusmodi
2753 4276 2985 4347 celebret
3040 4273 3336 4346 specialia}
3363 4273 3756 4347 festivitatem,

2099 4355 2223 4396 cum
2251 4343 2486 4412 singulis
2517 4345 2706 4400 diebus
2737 4345 2921 4400 Gloria.
2970 4343 3150 4414 Patri,
3184 4355 3316 4412 etc.,
3363 4343 3638 4402 similiter
3664 4343 3759 4402 di;

2108 4424 2308 4490 cantur
2338 4415 2407 4490 ad
2435 4417 2650 4490 laudem
2690 4419 3367 4490 pertinentia”Trinitatis.
3404 4417 3759 4490 Micrologus

2035 4473 2078 4536 Ι)
2110 4484 2315 4558 scribit
2338 4485 2484 4558 (cap.
2513 4487 2568 4553 6)
2601 4488 2671 4542 ab
2690 4473 2990 4557 aliquibus
3013 4473 3280 4545 Ecclesiis
3303 4489 3457 4544 hunc
3482 4473 3760 4546 festiv‘um

2107 4555 2260 4610 diem
2294 4555 2526 4629 prap’ria
2559 4555 2904 4614 auctoritate
2957 4559 3136 4615 fuisse
3177 4560 3555 4616 celebratum.
3590 4562 3757 4626 Quod

2108 4629 2442 4698 redarguit;
2468 4630 2677 4684 asserit
2707 4629 2881 4683 etiam
2913 4630 3092 4684 fuisse
3124 4632 3365 4686 missam
3398 4633 3468 4686 ab
3511 4630 3760 4688 Alcuino

2107 4699 2519 4775 compositai‘n,
2575 4700 2969 4775 praefationem
3001 4719 3035 4755 a
3065 4701 3293 4775 Pelagio
3345 4703 3753 4775 approbatam.

2108 4768 2402 4848 Rupertus
2419 4771 2487 4848 de
2507 4768 2614 4848 hoc
2638 4773 2782 4825 festo
2809 4771 2900 4826 die
2931 4768 3494 4848 loquiturtanqu'am
3517 4775 3756 4844 jamdiu

2107 4839 2372 4913 instituto
2405 4846 2458 4894 et
2488 4841 2702 4913 ubique
2735 4849 2982 4913 recepto.
3009 4839 3203 4913 Ipsius
3225 4839 3647 4910 memoria-non
3673 4863 3759 4901 re-

2146 4911 2326 4996 eri‘tur
2354 4928 2458 4966 nec
2567 4911 2776 4996 missis
2808 4911 3203 4996 Moaarabum,
3230 4932 3430 4996 neque
3464 4916 3524 4996 in
3552 4913 3753 4996 libello

2156 4982 2445 5036 rationum
2477 4983 2875 5039 Gothicarum.
2913 4987 3164 5041 Ecclesia
3187 4982 3749 5044 'Antissiodorensis

2105 5069 2266 5128 nono
2297 5054 2422 5128 12!?
2457 5053 2782 5128 celebrabat
2814 5056 2919 5110 hoc
2978 5058 3104 5128 ipso
3133 5058 3244 5124 die,
3283 5074 3490 5128 nempe
3537 5058 3753 5116 ultima

2105 5124 2402 5177 Dominira
2437 5130 2559 5192 post
2597 5127 2634 5179 Ρ
2659 5124 3015 5194 -ntcrnsten,—
3048 5129 3258 5184 festum
3293 5131 3364 5185 de
3411 5124 3512 5185 SS.
3558 5129 3751 5185 Trini-

2103 5201 2250 5272 tnte,_
2276 5207 2336 5272 ut
2372 5197 2598 5272 legitur
2622 5199 2951 5272 instatutis
3000 5201 3129 5271 ejus
3175 5200 3443 5257 Ecclesiae
3496 5218 3622 5272 cap.
3660 5219 3751 5257 LIX

2101 5266 2250 5354 apud
2274 5266 2582 5354 [balineum
2610 5271 2778 5350 (Bibl.
2812 5287 2954 5354 nov”
2988 5266 3130 5354 tom.
3162 5274 3238 5354 ll,
3273 5289 3327 5354 p.
3364 5273 3511 5354 498:)
3545 5266 3746 5354 Mona:

2099 5337 2240 5392 chos
2271 5337 2685 5414 Cisterciens‘es
2733 5340 2984 5414 singulis
3017 5337 3328 5400 Dominicis
3377 5344 3586 5399 diebus
3616 5349 3750 5414 post

2099 5425 2313 5463 nonam
2348 5409 2485 5464 olim
2519 5416 2788 5466 cantasse
2819 5409 3061 5468 missam
3093 5415 3164 5469 de
3206 5415 3486 5471 Trinitate
3535 5409 3750 5472 asserit

2096 5479 2411 5536 cardinalis
2437 5482 2592 5538 Bona
2619 5482 2744 5550 (lib.
2781 5501 2816 5551 1,
2851 5501 2977 5556 cap.
3011 5486 3064 5552 8,
3095 5503 3151 5540 η.
3191 5487 3298 5556 10.)
