3982 6172
146 363 262 428 887

1321 345 2058 419 SACRAMEN'PABIUM
2093 345 2374 412 VETUS.

3429 338 3549 402 838

145 497 368 571 Spiritu
385 490 742 563 sancto,sine
763 485 1794 554 diﬂ‘ereritiadiscretionissentimus,
1825 484 1879 552 Α
1981 482 2323 571 Communia.
2356 479 2518 544 Quod
2552 477 2776 571 caelesti
2822 485 3060 571 recreas?
3100 493 3385 571 munere,_
3421 491 3552 548 per-

145 592 214 643 ut
241 586 302 642 in
333 583 697 641 confessione
725 599 872 638 verre
917 579 1402 652 sempiternaeque
1449 578 1705 645 deitatis,
1738 581 1794 632 et

148 676 209 732 in
239 674 508 748 personis
538 672 883 745 proprietas,
915 675 971 726 et
1000 670 1059 725 in
1091 668 1347 725 essentia
1377 668 1596 735 unitas,
1645 671 1703 723 et
1733 666 1793 722 in

149 765 457 836 majestate
470 761 746 818 adoretur
764 759 1088 833 inqualitas.
1114 759 1296 823 Quem
1317 757 1561 813 laudant
1581 755 1792 828 angeli,

147 855 500 909 venerantur
529 848 883 922 archangeli,
915 846 1131 914 throni,
1157 845 1606 912 dominationes,
1643 844 1797 917 prin-

151 942 381 1013 cipatus
411 943 468 995 et
495 941 833 1010 potestates,
873 936 1120 992 virtutes
1176 935 1450 990 ccelorum
1510 935 1794 1000 adorant;

149 1045 329 1102 quem
355 1027 659 1084 cherubim
690 1029 747 1082 et
777 1025 1072 1098 seraphim
1128 1041 1242 1080 non
1275 1027 1510 1080 cessant
1547 1022 1800 1078 clamare

153 1119 434 1175 dicentes.

222 1205 682 1263 Postoommunio.
716 1202 960 1259 Domine
988 1201 1159 1269 Deus,
1195 1201 1363 1256 Pater
1409 1200 1799 1271 omnipotens,

150 1312 266 1352 nos
294 1293 546 1350 famulos
565 1297 720 1358 tuos,
742 1296 854 1346 tua;
887 1289 1178 1362 majestati
1198 1290 1516 1361 subjectos,
1546 1305 1649 1360 per
1680 1288 1805 1343 uni-

152 1398 291 1438 cum
319 1381 528 1438 Filium
561 1385 727 1437 tuum
758 1380 817 1435 in
839 1381 1055 1434 virtute
1071 1378 1322 1451 Spiritus
1345 1378 1531 1434 sancti
1562 1377 1802 1433 benedic

149 1487 405 1543 semper,
437 1475 495 1527 et
541 1474 797 1544 protege,
857 1472 922 1524 ut
951 1470 1022 1523 ab
1073 1467 1229 1523 omni
1281 1467 1445 1523 hoste
1498 1465 1686 1523 securi
1745 1465 1802 1520 in

151 1562 262 1614 tua
279 1559 504 1632 j‘ugiter
543 1559 717 1616 laude
773 1557 1056 1612 lmtemur.
1090 1557 1196 1612 Per
1251 1556 1544 1619 eumdem,
1578 1559 1710 1621 etc.,
1745 1555 1804 1610 in

156 1647 407 1705 unitate.

516 1751 792 1790 DOMINICA
846 1749 1028 1787 PRIMA
1065 1748 1136 1786 DE
1175 1749 1448 1788 ADVENTU.

227 1823 449 1890 Excita,
483 1837 845 1894 quassumus,
878 1820 1143 1888 Domine,
1179 1820 1496 1893 potentiam
1545 1825 1706 1876 tuam
1753 1824 1809 1876 et
1838 1853 1885 1918 Β

154 1911 406 1981 veni,ut
443 1911 514 1966 ab
562 1909 1009 1965 imminentibus
1056 1913 1423 1981 peccatorum
1474 1918 1807 1966 nostrorum

157 1999 434 2074 periculis
455 2004 512 2055 te
537 2015 869 2055 mereamur
889 2001 1228 2071 protegente
1258 1997 1422 2070 eripi,
1449 2002 1506 2054 te
1527 1998 1810 2054 liberante

161 2088 393 2151 salvari.
427 2088 531 2152 Qui
564 2087 730 2143 vivis.

234 2178 467 2236 Secreta.
501 2176 632 2232 Haac
662 2191 828 2230 saera
877 2192 983 2230 nos
1031 2175 1252 2248 potenti
1299 2174 1510 2231 virtute
1559 2177 1810 2231 munda-

161 2269 275 2332 tos,
307 2267 380 2322 ad
411 2281 586 2321 suum
618 2264 834 2321 faciant
872 2263 1136 2336 puriores
1177 2263 1374 2320 venire
1433 2264 1803 2337 principium.

164 2354 291 2411 Per.
1648 2354 1653 2360 ’

236 2443 577 2499 Communia.
608 2441 1036 2514 Suscipiamus,
1061 2441 1321 2508 Domine,
1353 2441 1813 2498 misericordiam

162 2535 328 2588 tuam
359 2532 417 2587 in
450 2531 642 2586 medio
670 2529 873 2602 templi
905 2530 1012 2594 tui,
1057 2533 1121 2584 ut
1171 2529 1554 2601 reparationis
1605 2534 1814 2586 nostra:

165 2625 426 2677 ventura.
443 2620 728 2677 solemnia
757 2619 1032 2691 congruis
1053 2617 1372 2674 honoribus
1394 2619 1811 2690 praecedamus.

170 2708 296 2766 Per.

292 2798 409 2869 (25)
448 2812 620 2853 MISSA
657 2811 717 2853 m
761 2812 992 2852 nemone
1056 2811 1286 2850 OMNIUM
1343 2811 1707 2852 sanc'roaum.

237 2885 523 2956 Concede,
554 2901 915 2956 quaesumus,
947 2882 1320 2955 omnipotens
1351 2888 1522 2952 Deus,
1557 2889 1622 2940 ut
1643 2886 1817 2942 inter-

177 2975 366 3031 cessio
396 2990 503 3029 nos
535 2977 748 3029 sancta:
809 2973 900 3027 Dei
956 2973 1257 3044 genitricis
1312 2973 1555 3043 virginis
1604 2973 1816 3040 Mariae,

170 3066 511 3120 sanctorum
533 3060 798 3117 omnium
812 3060 1820 3134 apostolorum,martyrum.cont‘es-

170 3166 374 3211 eorum
387 3154 562 3221 atque
579 3148 958 3221 virginum.et
978 3149 1241 3204 omnium
1256 3149 1821 3206 electorumtuorum

1903 577 2100 646 petuo,
2132 570 2400 636 Domino,
2433 569 2709 626 comitare
2740 569 3026 641 praesidio,
3062 573 3119 624 et
3165 583 3312 640 quos
3360 567 3554 624 fovere

1905 679 2018 718 non
2046 660 2286 729 desinis,
2321 659 2530 732 dignos
2577 658 2700 714 fieri
2747 658 3102 730 sempiterna
3154 656 3553 729 redemptione

1905 751 2178 807 concede.
2219 751 2343 805 Per.

2459 853 2629 892 MISSA
2683 853 2792 891 PRO
2849 851 3006 891 PACE.

1977 929 2152 995 Deus,
2185 944 2219 981 a
2247 942 2362 998 quo
2395 929 2599 980 sancta
2631 924 2938 989 desideria,
3005 929 3159 980 recta
3215 923 3462 982 consilia
3501 931 3560 981 et

1901 1019 2065 1090 justa
2082 1021 2219 1073 sunt
2241 1031 2436 1088 opera,
2459 1015 2534 1070 da
2553 1014 2734 1070 servis
2756 1013 2872 1070 tuis
2888 1013 3073 1079 illam,
3099 1031 3276 1086 quam
3297 1016 3558 1072 mundus

1910 1107 2048 1163 dare
2069 1123 2183 1162 non
2202 1108 2394 1178 potest
2414 1119 2636 1175 pacem,
2666 1107 2730 1158 ut
2754 1106 2810 1158 et
2831 1104 3006 1158 corda
3027 1107 3226 1158 nostra
3264 1102 3558 1158 mandatis

1908 1194 2028 1250 tuis
2058 1194 2270 1262 dedita,
2303 1197 2361 1249 et
2389 1193 2646 1248 hostium
2677 1191 2912 1247 sublata
2932 1192 3264 1259 tormidine,
3294 1195 3560 1264 tempora

1912 1283 2031 1340 sint
2059 1288 2160 1338 tua
2187 1282 2540 1354 protectione
2570 1280 2907 1352 tranquilla.
2942 1281 3066 1336 Per.

1983 1375 2216 1429 Secreta.
2251 1372 2426 1437 Deus,
2459 1370 2556 1442 qui
2592 1371 2893 1426 credentes
2924 1369 2981 1424 in
3014 1373 3069 1424 te
3107 1367 3352 1441 populos
3384 1367 3560 1425 nullis

1914 1461 2060 1518 sinis
2091 1458 2320 1516 concuti
2350 1459 2690 1525 terroribus,
2724 1459 2966 1530 dignare
2996 1474 3196 1529 preces
3235 1462 3292 1513 et
3338 1456 3560 1512 hostias

1915 1551 2116 1607 dicatis
2147 1550 2251 1605 tibi
2286 1547 2476 1622 plebis
2503 1547 2819 1620 suscipere,
2845 1552 2911 1603 ut
2935 1565 3047 1620 pax
3076 1552 3177 1603 tua
3202 1547 3414 1618 pietate
3431 1563 3563 1601 con-

1879 1645 1882 1648 ’
1916 1656 2100 1706 cessa,
2133 1637 2599 1694 Christianorum
2633 1637 2778 1694 ﬂues
2813 1639 2886 1693 ab
2945 1637 3104 1694 omni
3163 1637 3328 1692 hoste
3388 1635 3563 1692 faciat

1915 1744 2042 1784 esse
2073 1743 2328 1784 securos.
2365 1727 2488 1783 Per.

1991 1817 2328 1873 Communia.
2357 1816 2510 1872 Deus
2541 1820 2744 1872 auctor
2771 1815 2930 1888 pacis
2971 1819 3029 1871 et
3085 1816 3330 1880 amator,
3389 1829 3563 1885 quem

1917 1924 2088 1964 nosse
2119 1908 2326 1975 vivere,
2359 1906 2450 1961 cui
2505 1906 2720 1962 servire
2752 1921 2994 1978 regnare
3031 1908 3139 1972 est,
3200 1907 3438 1976 protege
3483 1902 3564 1957 ab

1918 1997 2193 2052 omnibus
2226 1995 2772 2068 impugnationibus
2793 1992 3085 2067 supplices
3115 1998 3269 2062 tuos,
3294 1996 3358 2048 ut
3382 1991 3483 2064 qui
3504 1991 3564 2046 in

1919 2084 2254 2140 defensione
2285 2088 2386 2140 tua
2407 2084 2777 2151 confidimus,
2803 2083 3025 2140 nullius
3044 2083 3382 2142 hostilitatis
3404 2100 3567 2141 arma

1919 2174 2254 2229 timeamus.
2291 2177 2417 2229 Per.

2293 2277 2466 2317 MISSA
2522 2278 2633 2316 PRO
2688 2278 2818 2317 ITER
2871 2278 3210 2317 AGENTIBUS.

1993 2351 2224 2413 Adesto,
2247 2350 2508 2418 Domine,
2532 2349 3057 2422 supplicationibus
3088 2350 3392 2419 nostris,et
3411 2349 3567 2405 viam

1924 2439 2278 2495 famulorum
2312 2442 2549 2494 tuorum
2581 2439 2791 2495 salutis
2819 2443 2931 2496 tum
2965 2433 3347 2512 prosperitate
3379 2437 3569 2513 dispo-

1925 2544 2018 2593 ne,
2050 2533 2114 2582 ut
2144 2529 2296 2583 inter
2315 2544 2520 2584 omnes
2546 2529 2648 2583 viae
2671 2529 2848 2600 hujus
2871 2529 3182 2585 varietates
3210 2533 3308 2584 tuo
3340 2543 3571 2600 semper

1924 2621 2304 2689 protegantur
2332 2615 2566 2672 auxilio.
2601 2616 2724 2671 Per.

1997 2704 2232 2761 Secreta.
2260 2703 2598 2776 Propitiare,
2628 2704 2890 2770 Domine,
2914 2703 3441 2776 supplicationibus
3467 2721 3570 2760 no-

1927 2794 2086 2862 stris,
2120 2798 2177 2849 et
2208 2793 2312 2848 has
2353 2793 2700 2860 oblationes,
2753 2811 2903 2864 quas
2957 2794 3063 2849 tibi
3116 2793 3416 2850 offerimus
3469 2810 3574 2866 pro

1929 2882 2167 2938 famulis
2199 2882 2317 2938 tuis
2338 2881 2446 2948 ill.,
2479 2881 2769 2954 benignus
2799 2899 3055 2946 assume,
3085 2886 3140 2937 et
3164 2882 3318 2937 viam
3341 2880 3573 2937 illorum

1929 2973 2286 3044 praecedente
2316 2970 2503 3043 gratia
2520 2975 2619 3047 tua
2639 2971 2878 3042 dirigas,
2902 2974 2960 3026 et
2989 2971 3381 3043 subsequente
3402 2969 3577 3027 comi-

1929 3061 2038 3115 tari
2072 3060 2353 3132 digneris,
2387 3065 2450 3115 ut
2479 3060 2550 3114 de
2582 3065 2712 3116 actu
2744 3066 2919 3132 atque
2948 3059 3347 3116 incolumitate
3374 3075 3575 3114 eorum

1931 3148 2255 3203 secundum
2291 3147 2700 3203 misericordia
2732 3153 2843 3203 tuae
2875 3147 3148 3220 praesidia
3191 3147 3572 3220 gaudeamus.

171 3238 392 3311 ubique
422 3218 696 3303 laetiﬁcat,
729 3241 795 3294 ut
825 3238 968 3292 dum
999 3253 1201 3292 eorum
1247 3237 1453 3292 merita
1485 3238 1820 3305 recolimus,
1852 3218 1894 3284 (ἶ
1931 3236 2056 3292 Per.

170 3326 500 3401 patrocinia
530 3326 874 3382 sentiamus.
912 3327 1036 3381 Per.

241 3414 751 3481 Sec'retthlatis,
781 3431 1142 3486 quaesumus,
1159 3415 1422 3480 Domine,
1447 3414 1678 3487 placare
1699 3431 1822 3470 mu-

168 3504 434 3570 neribus,
464 3509 522 3560 et
551 3503 943 3559 intercedente
960 3503 1130 3558 beata
1151 3519 1382 3575 semper
1400 3502 1624 3575 virgine
1643 3503 1825 3559 Maria

169 3609 306 3648 cum
338 3591 617 3648 omnibus
666 3592 886 3648 sanctis
945 3592 1060 3648 tuis
1093 3609 1126 3646 a
1157 3591 1385 3648 cunctis
1417 3609 1523 3648 nos
1580 3592 1824 3648 defende

166 3679 466 3753 periculis.
498 3685 626 3737 Per.

243 3769 584 3825 Communia.
633 3768 1031 3842 Sumpsimus,
1081 3768 1346 3838 Domine,
1409 3769 1586 3825 beata:
1631 3770 1824 3826 Mariae

167 3869 406 3930 scalper
424 3856 666 3930 virginis
687 3861 744 3913 et
765 3858 1026 3913 omnium
1055 3863 1389 3913 sanctorum
1417 3862 1649 3914 tuorum
1674 3876 1826 3914 com-

169 3945 657 4004 memorationem
688 3945 965 4001 facientes
999 3950 1368 4001 sacramenta
1389 3945 1663 4014 caelestia,
1688 3966 1826 4019 prae-

170 4039 286 4100 sta,
313 4050 675 4105 quaesumus,
701 4038 768 4088 ut
789 4035 943 4106 quod
969 4034 1367 4105 temporallter
1386 4035 1829 4108 gerimus,zeter-

168 4123 266 4183 nis
299 4122 533 4195 gaudiis
566 4138 1022 4194 consequamur.
1056 4124 1184 4179 Per.

567 4227 738 4266 MISSA
791 4228 902 4266 PRO
950 4227 1433 4267 CONGREGATIONE.

242 4298 628 4370 Omnipotens
659 4299 1014 4371 sempiterne
1037 4305 1208 4364 Deus,
1233 4301 1334 4372 qui
1359 4301 1502 4356 facis
1536 4303 1830 4360 mirabilia

168 4403 390 4459 magna
413 4388 596 4454 solus,
619 4389 918 4460 protende,
945 4405 1120 4460 super
1151 4388 1402 4444 famulos
1427 4394 1556 4446 tuos
1579 4396 1634 4445 et
1655 4409 1830 4464 super

169 4479 418 4535 cunctas
447 4477 929 4549 congregationes
962 4475 1077 4531 illis
1131 4477 1502 4543 commissas,
1555 4479 1829 4550 spiritum-

167 4563 374 4636 gratize
407 4563 702 4631 salutaris,
737 4570 793 4620 et
825 4570 887 4620 ut
917 4566 977 4620 in
1010 4564 1246 4620 veritate
1279 4566 1382 4620 tibi
1405 4567 1822 4639 complaceant,
1856 4587 1902 4650 D

168 4656 520 4726 perpetuum
559 4653 644 4710 eis
694 4671 882 4710 rorem
932 4660 1042 4710 tute
1089 4654 1508 4711 benedictionis
1556 4656 1817 4712 infunde.

167 4741 302 4797 Per.

241 4829 478 4890 Secreta.
542 4831 792 4897 Hostias,
855 4832 1120 4898 Domine,
1159 4833 1510 4889 famulorum
1582 4839 1819 4892 tuorum

167 4916 440 4990 placatus
470 4918 724 4987 intende,
758 4924 816 4975 et
855 4937 1002 4993 quas
1043 4920 1103 4976 in
1155 4921 1372 4977 honore
1423 4923 1680 4980 nominis
1738 4926 1820 4981 tui

164 5006 379 5062 devota
409 5011 600 5063 mente
630 5008 948 5075 celebrant,
984 5009 1258 5081 perﬁcere
1307 5011 1418 5066 sibi
1469 5013 1724 5069 sentiant
1755 5015 1824 5070 ad

168 5092 490 5150 medelam.
526 5094 651 5152 Per.

239 5237 358 5310 (25)
386 5239 528 5312 Qua:
563 5245 891 5312 sequuntur
913 5241 1103 5296 misere
1144 5241 1345 5296 votivze
1383 5243 1682 5312 appellata;
1705 5263 1830 5300 om-

164 5325 274 5381 nes
304 5310 688 5381 reperiuntur
717 5313 775 5366 in
824 5313 990 5367 libris
1048 5310 1546 5369 sacramentorum
1599 5317 1769 5373 editis
1801 5337 1834 5374 a

166 5380 452 5460 Menardo
487 5387 545 5460 et
573 5399 623 5460 an
638 5383 980 5460 Pamelio__in
1011 5385 1388 5460 Gregoriano,
1423 5389 1478 5438 et
1508 5403 1553 5460 Aa
1582 5387 1650 5441 cl.
1691 5407 1832 5460 prae-

165 5451 300 5527 sule
330 5452 553 5527 Angelo
589 5454 756 5510 Rota.
790 5487 858 5527 5—
892 5455 1019 5511 Haec
1048 5451 1360 5527 estvprima
1406 5456 1594 5512 votiva
1648 5451 1835 5516 missa

165 5523 227 5578 in
260 5522 372 5598 hoc
400 5522 889 5598 Sacramentario.
925 5527 1005 5598 Ne
1037 5522 1186 5598 quis
1213 5530 1404 5581 tamen
1469 5533 1634 5598 putet
1686 5530 1834 5587 hanc

167 5594 718 5668 esseiduplicatam,
751 5614 883 5654 cum
919 5597 1034 5653 alia
1055 5594 1359 5653 habeatur
1415 5594 1691 5656 Kalendis
1722 5603 1833 5658 No-

166 5667 470 5737 vembris;
508 5667 628 5724 haec
658 5669 814 5724 enim
838 5669 1075 5741 respicit
1097 5669 1528 5725 solemnitatem
1556 5673 1834 5729 Omnium

2001 3326 2458 3382 Poswommunio.
2493 3326 2618 3380 Tua
2670 3341 2797 3392 nos,
2831 3325 3095 3392 Domine,
3157 3327 3460 3396 sperantes
3517 3325 3577 3380 in

1929 3416 2004 3480 te,
2041 3429 2167 3483 quae
2201 3413 2566 3483 sumpsimus
2596 3417 2963 3469 sacramenta
3005 3413 3358 3480 custodiant,
3409 3417 3468 3469 et
3495 3413 3578 3469 fa-

1933 3500 2126 3555 mulos
2143 3505 2276 3557 tuos
2309 3506 2512 3557 contra
2549 3518 2751 3558 omnes
2802 3503 3017 3574 ubique
3059 3505 3336 3559 tueantur
3381 3501 3578 3558 incur-

1933 3605 2056 3644 sus.
2087 3589 2210 3645 Per.

2350 3696 2517 3734 MISSA
2572 3696 2683 3735 PRO
2742 3696 3169 3738 FAMILIARIBUS.

2005 3768 2386 3841 Omnipotens
2417 3770 2769 3842 sempiterne
2801 3771 2973 3836 Deus,
3008 3771 3285 3827 miserere
3345 3769 3585 3827 famulis

1938 3855 2052 3912 tuis
2083 3856 2190 3921 illi,
2223 3862 2280 3914 et
2308 3858 2493 3929 dirige
2523 3875 2624 3914 eos
2654 3860 2977 3916 secundum
3008 3864 3168 3915 tuam
3210 3860 3582 3916 clementiam

1934 3945 1993 4000 in
2025 3947 2178 4001 viam
2208 3948 2414 4003 salutis
2445 3953 2691 4018 internae,
2729 3953 2794 4004 ut
2821 3954 2876 4003 te
2915 3949 3166 4004 donante
3210 3947 3314 4003 tibi
3371 3947 3584 4020 placita

1936 4035 2194 4108 cupiant,
2230 4041 2286 4090 et
2311 4041 2432 4091 tota
2461 4037 2674 4092 virtute
2704 4037 3028 4108 perficiant.
3064 4037 3187 4092 Per.

2009 4125 2602 4193 Secreta.Proiiciant,
2675 4142 3034 4196 quaesumus,
3113 4123 3376 4191 Domine,
3438 4123 3580 4190 haec,

1938 4232 2066 4286 qua:
2093 4217 2205 4268 tua:
2237 4211 2534 4285 supplices
2556 4212 2857 4268 offerimus
2886 4212 3201 4284 majestati,
3237 4212 3308 4267 ad
3333 4209 3591 4290 salutem

1938 4301 2291 4358 famulorum
2325 4307 2560 4357 tuorum
2592 4300 2699 4370 ill.,
2735 4305 2798 4356 ut
2828 4305 2930 4358 tua
2973 4301 3332 4374 providentia
3379 4307 3583 4356 eorum

1937 4393 2056 4448 vita
2088 4393 2239 4448 inter
2270 4393 2514 4447 adversa
2564 4397 2621 4447 et
2676 4408 2956 4464 prospera
3005 4391 3224 4463 ubique
3272 4390 3580 4463 dirigatur.

1938 4481 2063 4536 Per.

2013 4571 2348 4624 Comma-nio.
2383 4570 2713 4632 Sumentes,
2742 4570 3005 4635 Domine,
3059 4575 3348 4642 perpetuae
3389 4585 3582 4624 sacra-

1935 4663 2131 4713 menta
2161 4657 2390 4724 salutis,
2423 4663 2583 4713 tuam
2629 4660 3014 4730 deprecamur
3065 4658 3460 4726 clementiam,
3522 4663 3586 4714 ut

1934 4763 2034 4818 per
2061 4763 2128 4801 ea
2157 4745 2408 4801 famulos
2443 4751 2572 4801 tuos
2602 4747 2674 4801 ab
2707 4748 2862 4801 omni
2896 4746 3240 4804 adversitate
3294 4752 3582 4819 protegas.

1935 4835 2060 4891 Per.

2534 4941 2698 4979 MlSSA
2755 4942 2975 4980 νοτινΑ.

2010 5013 2181 5078 Deus,
2219 5013 2316 5084 qui
2341 5011 2636 5083 justiﬁcas
2667 5013 2914 5084 impium
2942 5018 2998 5069 et
3035 5031 3146 5069 non
3197 5014 3282 5070 vis
3333 5017 3581 5070 mortem

1940 5101 2282 5175 peccatoris,
2318 5102 2681 5173 majestatem
2724 5105 2886 5157 tuam
2928 5102 3270 5174 suppliciter
3306 5103 3586 5174 depreca-

1941 5249 2284 5301 Sanetorum
2317 5244 2427 5298 sub
2459 5261 2574 5298 una
2605 5243 2974 5311 celebritate,
3012 5245 3202 5300 votiva
3239 5261 3371 5301 vero
3408 5249 3498 5301 est
3526 5246 3585 5302 in

1946 5320 2223 5374 honorem
2248 5315 2508 5398 omnium
2530 5317 2874 5401 'Sa'pctorum
2897 5315 3416 5401 ad‘implora'ndum
3435 5317 3587 5401 ipso-

1947 5407 2079 5445 rum
2113 5388 2494 5460 patrocinium
2508 5387 2678 5460 .lnfra
2703 5386 2917 5460 pariter
2932 5386 3114 5443 altera
3134 5387 3385 5446 habetur
3404 5386 3589 5446 missa

1948 5459 2366 5541 ihnter’votivas,
2399 5460 2568 5541 cujus
2599 5459 2808 5541 tituliis
2831 5464 2919 5541 est
2941 5475 2953 5513 :
2975 5462 3035 5514 In
3057 5460 3314 5541 honorem
3341 5463 3589 5541 omnium

1949 5533 2269 5603 Sanctorum
2293 5547 2395 5603 pro
2424 5531 2562 5586 vivis
2580 5533 2628 5585 et
2658 5531 3087 5603 defunctis,cum
3113 5533 3284 5587 unica
3304 5533 3586 5601 oratione,

1947 5602 2450 5678 etroliquiae’duee
2483 5602 3030 5678 fortedesumendze
3063 5610 3288 5678 suntex
3320 5607 3587 5678 praesenti

1950 5672 2310 5747 missa,'quae
2344 5673 2533 5745 prima
2562 5672 2812 5729 habetur
2840 5674 2992 5731 inter
3019 5675 3256 5732 votivas.
