3982 6172
467 300 586 365 859

1649 300 1840 365 ΒιΕΟ.
1886 298 1962 363 XI
2006 299 2319 365 MONUM.
2364 296 2680 364 LITURG.

3755 299 3870 362 860

467 453 619 505 mur,
643 440 709 493 ut
747 433 1034 494 famulum
1066 435 1164 509 (os)
1195 439 1359 493 tuum
1381 433 1477 509 (os)
1499 435 1569 492 de
1589 437 1692 492 tua
1712 434 2110 492 misericordia
2136 436 2191 503 Α
2220 434 2290 490 de
2318 450 2558 507 corpore
2588 431 2741 490 exire
2762 428 3033 504 jusseris,
3069 447 3204 506 pars
3249 428 3454 505 iniqua
3483 431 3541 488 in
3601 447 3698 489 me
3754 447 3870 489 non

465 526 854 582 conﬁdentem
885 527 983 599 (es)
1014 525 1233 582 cmlesti
1264 529 1534 598 protegas
1557 525 1846 598 benignus
1869 524 2102 592 auxilio,

463 619 522 670 et
549 615 787 670 assidua
817 632 949 669 eum
983 615 1079 686 (οδ)
1112 613 1467 685 protectione
1524 631 1849 678 conserves,
1907 618 1971 667 ut
2001 612 2105 666 tibi

456 704 680 777 jugiter
703 703 1021 758 famuletur
1051 703 1278 773 (antur),
1311 705 1367 757 et
1403 701 1582 756 nullis
1613 701 2032 757 tentationibus
2074 719 2107 756 a

461 798 517 849 te
547 795 848 864 separetur
877 791 1101 862 (antur).
1140 792 1262 846 Per.

532 883 818 952 Pra’fatzb.
850 885 1018 947 Deus,
1054 881 1143 935 cui
1179 880 1479 952 proprium
1513 883 1620 946 est,
1665 884 1772 934 etc.
1804 896 1816 946 ;
1848 878 2101 950 suscipe,

461 970 912 1028 clementissime
945 970 1130 1035 Pater,
1166 968 1417 1023 hostiam
1443 967 1786 1040 placationis
1804 971 1859 1022 et
1890 966 2102 1034 laudis,

461 1076 639 1133 quam
667 1076 771 1130 ego
798 1058 1076 1130 indignus
1108 1056 1364 1112 famulus
1396 1063 1532 1137 tuu's
1565 1057 1836 1111 sacerdos
1868 1056 1971 1110 tibi
2019 1057 2099 1111 of-

461 1151 608 1205 ferre
640 1163 928 1220 praesumo
958 1146 1028 1200 ad
1062 1145 1343 1199 honorem
1375 1149 1429 1199 et
1459 1144 1703 1216 gloriam
1734 1142 1988 1199 nominis
2019 1145 2102 1199 tui

461 1256 563 1311 pro
590 1235 990 1292 incolumitate
1021 1232 1223 1289 famuli
1255 1234 1449 1304 (orum)
1486 1233 1574 1288 tui
1606 1232 1870 1303 (tuorum)
1906 1232 2011 1299 ill.,
2043 1237 2104 1286 ut

458 1325 722 1382 omnium
755 1323 1098 1380 delictorum
1141 1340 1380 1378 suorum
1435 1321 1660 1377 veniam
1711 1325 2103 1392 consequatur

459 1416 690 1487 (antur).
719 1414 844 1468 Per.

528 1503 982 1560 Postcommunio.
1026 1500 1341 1555 Puriﬁcent
1387 1515 1512 1566 nos,
1576 1515 1934 1570 quaesumus,
1986 1497 2100 1552 Do-

458 1594 634 1660 mine,
673 1595 1037 1647 sacramenta
1079 1594 1282 1645 sancta
1313 1606 1438 1660 quae
1471 1587 1858 1659 sumpsimus,
1908 1590 1964 1641 et
2017 1586 2098 1641 fa-

457 1682 685 1738 mulum
716 1683 815 1752 (os)
847 1680 929 1734 ill.
966 1680 1035 1733 ab
1086 1677 1246 1734 omni
1304 1677 1476 1749 culpa
1535 1677 1782 1732 liberum
1818 1677 1914 1746 (os)
1973 1692 2100 1731 esse

455 1771 724 1837 concede,
758 1773 823 1824 ut
852 1768 949 1840 qui
984 1765 1354 1822 conscientias
1387 1783 1503 1820 suae
1555 1770 1712 1820 reatu
1747 1764 2100 1837 constringi-

455 1864 552 1920 tur
580 1859 849 1931 (guntur),
882 1859 953 1912 de
982 1855 1230 1911 cmlestis
1278 1853 1517 1910 remedii
1571 1853 1934 1925 plenitudine
1979 1852 2098 1925 glo-

452 1948 636 2005 rietur
664 1946 887 2020 (antur).
921 1947 1044 2001 Per.

956 2077 1126 2115 MISSA
1184 2075 1294 2114 PRO
1355 2075 1596 2114 INFIRMO
1605 2099 1617 2112 .

523 2169 903 2240 Omnipotens
934 2166 1286 2238 sempiterne
1311 2165 1486 2229 Deus,
1521 2163 1682 2219 salus
1711 2168 1927 2219 aeterna
1977 2179 2099 2218 cre-

451 2259 738 2328 dentium,
761 2255 968 2311 exaudi
994 2273 1098 2310 nos
1121 2272 1224 2326 pro
1247 2252 1464 2310 famulo
1489 2253 1578 2324 (is)
1601 2257 1699 2307 tuo
1722 2253 1830 2324 (is),
1859 2269 1959 2324 pro
1982 2268 2098 2322 quo

449 2346 686 2420 (quibus)
720 2343 1130 2400 misericordiae
1189 2348 1301 2398 tua:
1342 2341 1725 2413 imploramus
1774 2341 2076 2401 auxilium.

449 2441 516 2492 ut
544 2434 770 2491 reddita
798 2433 908 2489 sibi
944 2433 1194 2488 sanitate
1221 2431 1544 2503 gratiarum
1578 2429 1683 2484 tibi
1736 2430 1794 2484 in
1844 2429 2100 2484 Ecclesia

448 2529 550 2580 tua
581 2524 790 2578 referat
819 2523 958 2591 (ant)
990 2521 1273 2576 actionem
1307 2519 1423 2590 (es).
1454 2519 1578 2574 Per.

519 2611 754 2666 Secreta.
779 2610 952 2676 Deus,
978 2610 1086 2662 sub
1110 2609 1280 2679 cujus
1303 2607 1702 2661 moderamine
1731 2605 1861 2660 vita:
1885 2610 2096 2660 nostrae

449 2702 746 2754 momenta
775 2698 1117 2766 decurrunt,
1149 2695 1381 2766 suscipe
1412 2711 1611 2766 preces
1643 2699 1701 2748 et
1740 2693 1963 2749 hostias
2011 2695 2094 2748 fa-

451 2786 595 2842 muli
627 2786 735 2852 tui,
769 2802 872 2856 pro
903 2801 1018 2854 quo
1051 2783 1509 2839 misericordiam
1559 2787 1722 2837 tuam
1778 2786 2093 2854 mgrotante

448 2873 855 2946 imploramus,
889 2877 954 2928 ut
980 2873 1051 2928 de
1095 2873 1267 2942 cujus
1329 2870 1583 2944 periculo
1634 2870 1971 2939 metuimus,
2023 2873 2094 2928 de

449 2963 580 3036 ejus
602 2962 790 3019 salute
821 2962 1105 3017 laitemur.
1141 2961 1267 3017 Per.

521 3054 858 3108 Communio.
890 3056 1040 3106 Deus
1070 3047 1429 3104 inﬁrmitatis
1478 3047 1746 3103 humanae
1796 3048 2092 3122 singulare

449 3142 786 3216 praesidium
812 3139 1120 3196 auxiliitui
1173 3155 1347 3212 Super
1386 3138 1788 3211 inﬁrmum(os)
1806 3139 2090 3196 famulum
2123 3169 2166 3235 Ο

447 3233 550 3303 (os)
582 3235 750 3287 tuum
781 3232 882 3301 (os)
913 3229 1152 3285 ostende
1181 3229 1476 3293 virtutem,
1511 3234 1575 3282 ut
1613 3245 1720 3299 ope
1765 3228 2090 3284 misericor-

445 3319 553 3376 dias
586 3325 696 3377 tuae
730 3320 970 3390 adjutus
997 3319 1081 3389 (ti)
1106 3316 1367 3372 Ecclesiae
1395 3321 1506 3372 tuas
1537 3322 1749 3372 sancta:
1775 3322 2091 3388 praesenta-

446 3410 492 3464 ri
525 3413 820 3464 mereatur
847 3408 1077 3478 (antur).
1111 3407 1236 3461 Per.

973 3538 1143 3577 MISSA
1201 3539 1312 3577 PRO
1371 3538 1586 3578 SEIPSO.

517 3628 867 3702 Suppliciter
905 3633 980 3694 te,
1015 3628 1188 3694 Deus,
1222 3628 1390 3683 Pater
1440 3627 1831 3698 omnipotens,
1881 3627 1980 3699 qui
2027 3644 2088 3684 es

445 3723 667 3775 creator
683 3717 947 3773 omnium
971 3733 1187 3782 rerum,
1212 3717 1508 3788 deprecor,
1544 3722 1609 3771 ut
1634 3717 1774 3771 dum
1798 3733 1888 3772 me
1910 3717 2094 3772 famu-

444 3806 567 3863 lum
598 3811 764 3861 tuum
797 3822 993 3860 coram
1019 3804 1442 3876 omnipotentia
1464 3805 1787 3876 majestatis
1819 3809 1929 3861 tuae
1963 3822 2095 3879 gra-

443 3896 590 3952 viter
619 3894 937 3967 deliquisse
963 3894 1258 3959 conﬁteor,
1283 3909 1522 3947 manum
1550 3892 1962 3950 misericordiae
1984 3900 2095 3950 tuas

443 3985 586 4041 mihi
614 3984 899 4057 porrigas,
934 3987 1244 4056 quatenus,
1269 3983 1408 4038 dum
1431 3982 1580 4039 hanc
1601 3981 1950 4039 oblationem
1982 3987 2095 4039 tuae

444 4074 678 4147 pietatis
706 4073 904 4141 offero,
938 4072 1093 4144 quod
1127 4070 1392 4143 nequiter
1424 4071 1713 4141 commisi,
1757 4071 2097 4128 clementis-

442 4163 590 4218 sime
619 4161 878 4233 digneris
909 4158 1223 4215 absolvere.
1261 4159 1382 4214 Per.

513 4251 746 4306 Secreta.
801 4249 954 4304 Deus
981 4248 1413 4313 misericordias,
1454 4248 1607 4302 Deus
1652 4247 1907 4319 pietatis,
1944 4252 2094 4302 Deus

442 4337 840 4408 indulgentiae,
874 4337 1132 4409 indulge,
1161 4339 1441 4408 quaeso,et
1463 4335 1738 4390 miserere
1761 4336 1959 4401 mei,et
1986 4336 2095 4391 hoc

443 4424 816 4489 sacriﬁcium,
843 4425 995 4495 quod
1027 4425 1224 4495 pietati
1250 4429 1362 4478 tuae
1387 4423 1687 4478 humiliter
1707 4424 1902 4491 offero,
1931 4425 2093 4480 beni-

442 4530 554 4588 gne
584 4513 842 4585 digneris
876 4512 1195 4584 suscipere,
1229 4516 1285 4566 et
1314 4517 1569 4602 peccata,
1595 4528 1721 4583 qua:
1756 4512 2091 4572 labentibus
2123 4536 2169 4602 Ι)

439 4602 595 4658 vitiis
627 4601 908 4669 contraxi,
929 4601 1060 4672 pius
1094 4605 1150 4656 ct
1167 4601 1455 4672 propitius
1478 4618 1541 4656 ac
1566 4602 1879 4657 miseratus
1900 4603 1994 4659 ind
2006 4604 2089 4659 ul-

442 4708 600 4764 geas,
634 4695 698 4746 ut
722 4690 913 4746 locum
941 4689 1286 4763 poenitentiae
1308 4707 1373 4745 ac
1405 4690 1669 4762 plurimae
1695 4691 2086 4763 lacrymarum

440 4796 717 4836 concessa
749 4779 918 4834 venia
948 4783 1061 4834 ate
1093 4795 1318 4835 merear
1345 4779 1623 4851 accipere.
1657 4779 1782 4834 Per.

509 4870 961 4926 Postcommunio.
997 4868 1149 4924 Dcus
1181 4867 1484 4924 charitatis
1517 4873 1574 4923 ct
1622 4868 1801 4939 pacis,
1836 4870 1936 4940 qui
1983 4887 2087 4943 pro

440 4958 628 5015 salute
657 4955 887 5030 generis
919 4955 1163 5011 humani
1183 4957 1371 5012 crucis
1394 4956 1721 5028 patibulum
1755 4959 2085 5030 suscepisti,

438 5051 497 5103 et
517 5046 864 5118 sanguinem
895 5050 1065 5101 tuum
1098 5063 1198 5117 pro
1222 5046 1620 5116 redemptione
1645 5053 1844 5101 nostra
1862 5047 2083 5116 fudisti,

440 5152 638 5207 preces
671 5151 831 5191 meas
855 5135 1115 5206 placatus
1147 5141 1203 5190 et
1235 5135 1523 5206 benignus
1549 5135 1778 5206 suscipe
1824 5139 1880 5190 et
1912 5135 2084 5191 mise-

442 5223 752 5278 ricordiam
774 5227 936 5278 tuam
951 5222 1091 5278 mihi
1117 5225 1455 5293 concede,ut
1471 5240 1605 5278 cum
1623 5223 1881 5278 animam
1896 5241 2086 5279 meam

533 5329 623 5395 26)
645 5329 903 5400 Expletis
927 5330 1123 5386 missis
1146 5331 1372 5397 votivis,
1404 5329 1669 5400 sequitur
1695 5329 1877 5385 missa
1901 5332 2086 5387 sancti

443 5398 659 5474 Urbani
693 5398 850 5470 papae
877 5407 933 5456 et
958 5403 1235 5474 martyris
1263 5403 1320 5456 in
1357 5398 1565 5474 nostro
1602 5404 2083 5474 Sacramentario,

442 5468 595 5541 quod
631 5485 745 5545 non
770 5468 864 5524 est
895 5468 1223 5545 mirandum
1253 5492 1265 5541 ;
1292 5472 1568 5545 peculiari
1601 5471 1892 5542 siquidem
1925 5468 2087 5530 cultu

443 5538 804 5616 fn_o_nast_icus
821 5543 959 5598 ordo
973 5551 1240 5616 sanctum
1256 5538 1590 5616 pbntilicem
1605 5538 2084 5616 prosequebatur.

443 5613 766 5670 Videantur
807 5627 932 5684 qua:
993 5614 1099 5672 hac
1156 5613 1332 5689 sup—er
1385 5633 1446 5672 re
1505 5613 1659 5672 dicat
1706 5613 1962 5672 Martene
1993 5619 2089 5689 (De

2216 524 2428 580 habeat
2463 527 2828 596 potestatem,
2871 523 2971 579 sed
3016 522 3260 595 angelus
3298 527 3436 578 tuus
3495 523 3657 594 pacis
3722 521 3875 578 inter

2216 616 2448 667 sanctos
2479 616 2536 667 et
2564 611 2776 668 electos
2804 616 2935 666 tuos
2968 628 3060 666 me
3091 610 3351 679 collocat,
3382 611 3478 666 ubi
3513 610 3614 666 lux
3644 627 3872 684 perma-

2217 705 2313 756 net
2341 700 2679 757 indeﬁciens
2709 704 2766 756 et
2793 699 2909 756 vita
2955 704 3256 772 perpetua.
3292 698 3399 764 Qui
3461 701 3605 756 vivis
3666 705 3730 757 et
3781 717 3869 756 re-

2215 806 2382 862 gnas.

2705 895 2876 934 MISSA
2932 895 3044 934 PRO
3103 894 3377 933 OMNIBUS.

2287 968 2501 1022 Pietate
2531 972 2652 1031 tua,
2687 984 3048 1039 quaesumus,
3085 967 3346 1032 Domine,
3372 969 3711 1021 nostrorum
3745 981 3865 1022 om-

2214 1055 2377 1110 nium
2400 1056 2554 1112 solve
2575 1056 2807 1112 vincula
2826 1055 3260 1120 delictorum,ct
3286 1055 3675 1111 intercedente
3699 1055 3864 1110 beata

2213 1148 2269 1199 et
2297 1144 2551 1217 gloriosa
2582 1161 2811 1216 semper
2841 1144 3060 1217 virgine
3090 1145 3189 1199 Dei
3215 1144 3492 1217 genitrice
3524 1143 3710 1199 Maria
3733 1159 3862 1198 cum

2213 1235 2488 1289 omnibus
2520 1234 2738 1289 sanctis
2770 1234 2907 1300 tuis,
2941 1234 3221 1288 domnum
3276 1249 3505 1305 papam,
3558 1233 3862 1304 pontiﬁces

2213 1327 2269 1378 et
2300 1323 2567 1378 abbatem
2602 1325 2891 1387 nostrum,
2927 1338 3091 1394 reges
3123 1327 3178 1376 et
3200 1322 3491 1392 principes
3522 1324 3782 1386 nostros,
3813 1327 3862 1375 et

2211 1427 2443 1466 omnem
2460 1409 2740 1482 populum
2760 1409 3413 1478 Cbristianum,nosque
3429 1407 3681 1462 famulos
3708 1412 3860 1472 tuos,

2211 1504 2387 1571 atque
2410 1498 2601 1554 locum
2622 1497 2800 1553 istum
2825 1515 2956 1553 cum
2981 1493 3254 1553 omnibus
3277 1496 3681 1552 habitantibus
3712 1496 3775 1550 in
3799 1512 3858 1552 eo

2210 1587 2272 1642 in
2313 1588 2470 1643 omni
2503 1587 2808 1643 sanctitate
2829 1587 3081 1652 custodi,
3115 1601 3436 1656 omnesque
3476 1584 3768 1640 afﬁnitate
3799 1601 3857 1640 ac

2209 1676 2626 1742 familiaritate,
2657 1675 2775 1731 sive
2805 1675 3087 1730 orationis
3136 1673 3642 1730 commendatione
3690 1673 3856 1728 nobis

2211 1766 2554 1836 conjunctos
2585 1782 2617 1820 a
2647 1763 2800 1820 vitiis
2817 1780 3023 1836 purga,
3047 1763 3361 1818 virtutibus
3383 1761 3632 1829 illustra,
3655 1779 3854 1834 pacem

2211 1854 2526 1910 etsalutem
2552 1853 2720 1908 nobis
2744 1852 3158 1919 tribue,hostes
3178 1851 3439 1907 visibiles
3456 1855 3513 1906 et
3532 1850 3855 1906 invisibiles

2213 1958 2460 2008 remove,
2487 1941 2747 1997 carnalia
2775 1940 3064 1996 desideria
3084 1940 3318 2012 repelle,
3344 1957 3539 1996 aerem
3561 1939 3852 1995 salubrem

2211 2030 2468 2104 indulge,
2503 2031 2758 2086 inimicis
2820 2029 3036 2085 nostris
3094 2029 3440 2085 charitatem
3489 2028 3720 2101 largire,
3757 2046 3854 2085 nec

2211 2137 2325 2175 non
2358 2120 2456 2191 qui
2481 2137 2619 2175 suas
2651 2118 3048 2192 eleemosynas
3091 2117 3258 2174 nobis
3310 2117 3501 2190 largiti
3545 2122 3706 2183 sunt,
3761 2119 3855 2173 de-

2209 2209 2345 2264 licta
2374 2208 2692 2263 clementer
2720 2207 2978 2280 ignosce,
3010 2212 3066 2263 et
3096 2207 3372 2263 omnibus
3403 2205 3674 2262 ﬁdelibus
3713 2205 3855 2261 vivis

2208 2302 2262 2352 et
2289 2296 2577 2352 defunctis
2611 2298 2668 2351 in
2700 2301 2857 2353 terra
2887 2297 3207 2352 viventium
3242 2297 3421 2352 vitam
3453 2295 3673 2368 pariter
3693 2301 3749 2352 et
3779 2315 3857 2352 re-

2209 2387 2404 2458 quiem
2436 2389 2711 2441 mternam
2742 2385 3010 2441 concede.
3045 2385 3152 2440 Per
3181 2386 3472 2441 eumdem.

2279 2475 2509 2531 Secreta.
2543 2475 2717 2540 Deus,
2751 2474 2851 2546 qui
2882 2473 3168 2547 singulari
3201 2473 3459 2546 corporis
3517 2474 3602 2529 tui
3666 2474 3858 2531 hostia

2205 2564 2384 2620 totius
2411 2563 2615 2619 mundi
2638 2563 2862 2619 solvisti
2886 2563 3112 2631 delicta,
3148 2563 3255 2618 hac
3277 2563 3568 2618 oblatione
3593 2563 3856 2635 placatus

2207 2651 2468 2709 maculas
2499 2652 2788 2708 scelerum
2820 2655 3153 2708 nostrorum
3185 2653 3473 2724 absterge,
3507 2655 3564 2706 et
3589 2652 3856 2708 omnium

2204 2740 2462 2796 ﬁdelium
2481 2740 2949 2796 Christianorum
2973 2741 3232 2796 vivorum
3254 2757 3320 2795 ac
3339 2746 3704 2795 mortuorum
3727 2757 3857 2812 pec-

2203 2835 2334 2885 cata
2365 2829 2612 2894 dimitte,
2646 2829 2848 2900 eisque
2900 2828 3138 2901 praemia
3167 2835 3382 2885 mterna
3441 2830 3716 2885 concede.
3751 2831 3858 2896 Qui

2202 2918 2366 2974 vivis.
3673 2917 3676 2920 ’

2271 3009 2610 3065 Communia.
2648 3008 2916 3078 Sumpta,
2934 3023 3294 3078 quaesumus,
3324 3006 3862 3073 Domine,coelestia

2201 3099 2566 3152 sacramenta
2576 3096 2774 3153 omnia
2785 3095 3032 3151 crimina
3047 3100 3246 3151 nostra
3265 3097 3862 3168 detergant,omnem-

2205 3201 2318 3258 que
2357 3185 2697 3258 pravitatem
2740 3188 2796 3238 et
2835 3184 3258 3250 inﬁrmitatem,
3303 3200 3408 3238 seu
3440 3184 3733 3239 hosticam
3769 3203 3861 3240 ra-

2202 3274 2491 3340 biem,nec
2514 3290 2628 3328 non
2651 3277 2706 3328 et
2731 3272 3098 3328 subitaneam
3132 3276 3402 3337 mortem,
3427 3272 3652 3328 meritis
3683 3278 3742 3329 et
3769 3274 3858 3330 in-

2201 3362 2552 3418 tercessione
2584 3366 2796 3417 sanctas
2820 3361 2920 3417 Dei
2942 3361 3250 3417 Genitricis
3270 3365 3328 3416 et
3348 3360 3606 3433 Virginis
3633 3361 3855 3431 Mariae,

2203 3455 2377 3522 atque
2407 3450 2672 3515 omnium
2704 3454 3039 3505 sanctorum
3071 3467 3105 3504 a
3125 3450 3294 3505 nobis
3315 3448 3516 3521 procul
3549 3449 3861 3522 repellant,

2202 3545 2256 3594 et
2286 3539 2560 3595 omnibus
2591 3537 2864 3594 ﬁdelibus
2895 3538 3039 3593 vivis
3065 3543 3125 3593 et
3153 3537 3448 3593 defunctis
3508 3539 3742 3610 prosint
3788 3540 3862 3594 ad

2202 3629 2452 3695 veniam,
2486 3645 2589 3699 pro
2623 3643 2873 3699 quorum
2903 3627 3006 3682 tibi
3039 3631 3181 3683 sunt
3239 3626 3435 3683 oblata
3484 3626 3694 3683 salute.
3732 3629 3860 3683 Per.

2553 3715 2660 3788 (26)
2734 3733 2792 3771 1N
2847 3732 3040 3771 SANCTI
3100 3733 3334 3771 vneam.

2276 3807 2377 3874 Da,
2399 3822 2738 3877 quaesumus
2761 3804 3128 3877 omnipotens
3153 3806 3324 3872 Deus,
3359 3809 3423 3860 ut
3445 3805 3544 3877 qui
3576 3805 3732 3860 beati
3757 3806 3866 3862 Ur-

2207 3894 2341 3950 bani
2361 3894 2634 3966 martyris
2655 3893 2741 3948 tui
2769 3897 2940 3964 atque
2963 3893 3256 3964 pontiﬁcis
3283 3893 3564 3949 solemnia
3587 3892 3868 3961 colimus,

2205 3984 2333 4054 ejus
2364 3987 2560 4054 aperte
2592 3981 3110 4037 intercessionibus
3137 3983 3502 4053 adjuvemur.
3531 3982 3657 4037 Per.

2278 4071 2509 4126 Secreta.
2542 4071 2671 4125 Haec
2702 4069 2912 4135 hostia,
2947 4071 3215 4139 Domine,
3251 4088 3618 4142 qumsumus,
3650 4086 3864 4126 emun-

2206 4161 2303 4216 det
2361 4163 2560 4215 nostra
2617 4158 2848 4227 delicta,
2908 4164 2966 4214 et
3028 4159 3099 4214 ad
3151 4159 3503 4214 sacriﬁcuim
3557 4158 3864 4215 celebran-

2207 4250 2348 4304 dum
2362 4248 2736 4304 subditorum
2762 4247 2863 4303 tibi
2893 4265 3132 4320 corpora
3147 4253 3486 4320 mentesque
3510 4247 3861 4304 sanctiﬁcet.

2206 4337 2332 4393 Per.

2278 4427 2616 4482 Communia.
2653 4424 2866 4481 Refecti
2901 4424 3344 4497 participatione
3388 4422 3648 4479 muneris
3680 4424 3860 4492 sacri,

2206 4532 2567 4588 quaesumus,
2601 4513 2844 4570 Domine
2874 4513 3027 4569 Deus
3059 4518 3276 4580 noster,
3310 4519 3374 4568 ut
3395 4513 3564 4584 cuius
3595 4511 3865 4584 exsequi-

2204 4623 2337 4660 mur
2364 4604 2611 4671 cultum,
2647 4603 2972 4658 sentiamus
3005 4603 3300 4658 eﬁ‘ectum.
3336 4604 3459 4658 Per.

2626 4710 2684 4746 IN
2730 4710 2857 4747 ΝΑΤ.
2911 4709 3091 4747 UNIUS
3149 4707 3444 4747 APOSTOLI.

2275 4785 2642 4847 Quwsumus,
2677 4781 3050 4852 omnipotens
3077 4781 3253 4849 Deus,
3280 4784 3345 4835 ut
3369 4781 3576 4836 beatus
3607 4777 3691 4832 ill.
3717 4795 3859 4850 apo-

2201 4870 2388 4928 stolus
2414 4875 2581 4924 tuum
2614 4886 2714 4941 pro
2749 4869 2919 4925 nobis
2951 4869 3223 4940 imploret
3256 4868 3560 4938 auxilium,
3593 4872 3661 4922 ut
3688 4885 3724 4922 a
3755 4883 3859 4922 no-

2199 4959 2335 5015 stris
2369 4959 2627 5013 rcatibus
2671 4956 2948 5023 absoluti,
3005 4975 3039 5012 a
3070 4958 3297 5014 cunctis
3349 4957 3522 5013 etiam
3581 4953 3859 5029 periculis

2202 5064 2499 5103 eruamur.
2535 5046 2659 5102 Per.

2265 5136 2492 5191 Sgcrcta.
2544 5136 2904 5190 Sacrandum
2963 5134 3089 5199 tibi,
3139 5134 3395 5200 Domine,
3449 5148 3667 5188 munus
3714 5131 3854 5187 oll‘e-

2198 5225 2402 5292 rimus,
2429 5241 2543 5296 quo
2567 5223 2717 5280 beati
2743 5222 2823 5278 ill.
2843 5222 3089 5296 apostoli
3114 5223 3195 5278 tui
3227 5222 3512 5278 solemnia
3535 5219 3856 5276 recolentes

2196 5335 2369 5403 antiq.
2396 5332 2524 5387 ϐασι.
2557 5333 2708 5386 ritib.
2737 5330 2845 5403 lib.
2875 5347 2948 5399 IV,
2983 5347 3109 5402 cap.
3144 5332 3233 5398 32,
3267 5331 3438 5403 n.__i2
3467 5331 3525 5383 et
3577 5344 3701 5403 cap.
3735 5327 3852 5403 27)ἔ

2197 5405 2260 5459 In
2313 5398 2506 5475 nostro
2541 5419 2685 5475 agro
2730 5402 2952 5475 Pyrano
2987 5398 3150 5456 adest
3202 5400 3396 5475 nobile
3453 5398 3742 5470 templum
3775 5399 3852 5475 ad

2195 5474 2509 5530 {Esinantis
2531 5469 2690 5528 ﬁﬁvii
2715 5469 2889 5545 ripas,
2923 5478 3122 5528 sancto
3158 5474 3383 5530 Urbano
3414 5469 3672 5545 sacrum,
3694 5469 3859 5545 cuia

2197 5545 2404 5602 saeculo
2426 5540 2785 5600 Xladnexum
2808 5540 3174 5614 eratinsigne
3187 5542 3607 5614 monasterium
3625 5540 3858 5596 ordinis

2197 5617 2384 5675 sancti
2417 5617 2729 5683 Benedicti,
2755 5633 2910 5672 nunc
2933 5613 3166 5672 tandem
3191 5619 3475 5672 vetustate
3499 5613 3852 5685 collapsum.
