3982 6172
99 354 217 418 861

1276 338 2016 425 SACRAMEN'I‘ARIUM
2056 358 2341 428 verus.

3388 363 3537 428 863v

95 488 572 563 puriﬁcationem
617 509 852 567 quoque
889 492 1107 552 nostris
1150 494 1448 552 mentibus
1503 493 1756 568 implora
1784 495 1838 563 Α
1864 496 2195 554 tercedente
2224 498 2391 556 beato
2429 497 2511 555 ill.
2543 498 2872 559 confessore
2897 504 3000 558 tuo
3033 502 3209 574 atque
3236 500 3510 575 pontiﬁce

100 595 258 635 mus.
295 583 425 637 Per.

169 671 516 726 Communia.
546 670 859 745 Perceptis,
901 673 1160 741 Domine,
1195 673 1578 730 sacramentis
1608 690 1745 745 sup-

97 756 331 829 pliciter
360 776 669 818 exoramus
686 766 752 816 ut
779 761 1215 818 intercendente
1231 760 1320 830 Ill,
1346 762 1608 835 apostolo
1625 766 1747 827 tuo,

99 862 231 917 qua:
288 864 394 920 pro
459 847 619 905 illius
660 850 989 906 veneranda
1044 850 1303 923 gerimus
1359 848 1748 918 solemnitate,

100 935 275 992 nobis
301 937 611 1010 proﬁciant
631 939 703 994 ad
733 938 1043 995 medelam.
1080 939 1203 994 Per.

364 1070 424 1108 IN
464 1070 592 1111 NAT.
636 1072 1013 1111 PLURIMORUM
1050 1071 1487 1112 APOS’I‘OLORUM.

172 1157 351 1226 Deus,
385 1159 487 1231 qui
518 1177 629 1216 nos
654 1178 851 1216 annua
872 1160 1266 1233 apostolorum
1288 1164 1525 1217 tuorum
1546 1160 1629 1216 ill.
1655 1179 1753 1217 so-

99 1244 405 1303 lemnitate
430 1247 711 1315 laetiﬁcas,
746 1255 976 1321 praesta,
1017 1266 1379 1321 quaesumus,
1412 1254 1477 1305 ut
1502 1267 1752 1323 quorum

99 1334 431 1407 gaudemus
461 1337 709 1401 meritis,
746 1337 1110 1394 instruamur
1138 1338 1442 1410 exemplis.
1477 1338 1600 1393 Per.

171 1424 408 1480 Secreta.
443 1425 705 1493 Munera,
740 1426 1004 1493 Domine,
1056 1443 1183 1498 quae
1217 1444 1319 1499 pro
1352 1425 1753 1499 apostolorum

100 1512 440 1568 tuorumill.
460 1513 827 1570 solemnitate
840 1515 1177 1582 deferimus,
1194 1514 1481 1587 propitius
1501 1516 1752 1587 suscipe,

97 1603 156 1655 et
185 1599 344 1657 mala
373 1602 591 1671 omnia,
627 1620 754 1675 quae
788 1620 1085 1659 meremur
1114 1609 1328 1659 averte.
1364 1604 1490 1659 Per.

176 1690 517 1749 Communia.
542 1694 910 1760 Quiesumus,
934 1693 1199 1760 Domine,
1220 1692 1419 1765 repleti
1442 1693 1755 1767 mysteriis,

103 1783 436 1851 utquorum
452 1780 735 1836 solemnia
753 1780 1136 1849 celebramus,
1162 1798 1365 1836 eorum
1393 1782 1756 1837 orationibus

104 1867 476 1937 adjuvemur.
507 1869 636 1925 Per.

498 2002 555 2039 IN
594 2000 795 2042 NATALI
844 2001 1020 2041 UNIUS
1062 2003 1361 2040 MARTYRIS.

173 2088 414 2146 Votivos
444 2106 573 2157 nos,
605 2091 871 2157 Domine,
896 2108 1236 2163 quaesumus
1256 2090 1340 2145 ill.
1371 2091 1644 2164 martyris
1669 2091 1754 2146 tui

104 2177 327 2235 Natalis
357 2196 589 2252 semper
618 2180 884 2252 excipiat,
919 2180 1020 2253 qui
1052 2185 1110 2235 et
1127 2180 1558 2251 jucunditatem
1587 2179 1756 2235 nobis

104 2283 223 2323 suae
249 2266 691 2341 gloriﬁcationis
724 2269 1012 2335 infundat,
1042 2273 1099 2324 et
1127 2268 1230 2324 tibi
1266 2286 1372 2323 nos
1420 2269 1624 2323 reddat
1655 2285 1753 2323 ac-

104 2360 324 2428 ceptos.
357 2356 483 2413 Per.

174 2445 408 2502 Secreta.
442 2446 755 2501 Praesentia
800 2463 1065 2514 munera,
1098 2463 1461 2519 quaesumus,
1488 2445 1751 2511 Domine,

102 2534 184 2589 ita
208 2550 417 2590 serena
437 2535 648 2607 pietate
670 2535 915 2601 intuere,
934 2540 1000 2590 ut
1020 2536 1205 2591 sancti
1243 2536 1492 2608 Spiritus
1516 2534 1753 2607 perfun-

105 2622 322 2677 dantur
362 2623 762 2679 benedictione
792 2629 849 2679 et
897 2627 1115 2680 nostris
1147 2624 1420 2680 cordibus
1452 2639 1580 2679 eam
1612 2622 1754 2678 dile-

109 2710 360 2767 ctionem
378 2711 632 2767 validam
662 2712 993 2780 infundant,
1017 2729 1119 2785 per
1142 2730 1318 2785 quam
1344 2715 1584 2768 sanctus
1605 2728 1756 2766 mar-

109 2804 201 2873 tyr
228 2800 309 2857 ill.
344 2801 542 2857 omnia
562 2801 820 2874 corporis
849 2806 1142 2859 tormenta
1171 2803 1397 2859 devicit.
1431 2803 1557 2857 Per.

183 2892 523 2947 Communia.
581 2894 911 2957 Sumentes,
978 2892 1242 2957 Domine,
1301 2891 1551 2948 ccslestis
1604 2890 1757 2946 dona

111 2979 397 3050 mysterii,
424 2995 783 3051 qumsumus,
814 2985 880 3049 ut
897 2980 1051 3035 beati
1084 2980 1164 3036 ill.
1192 2980 1464 3053 martyris
1486 2978 1571 3035 tui
1595 2978 1756 3048 abju-
1842 3046 1862 3064 ο

103 3083 307 3124 vemur
337 3066 583 3134 meritis,
624 3069 795 3139 cujus
826 3068 1258 3125 solemnitatem
1288 3070 1484 3125 debita
1513 3084 1755 3123 venera-

102 3154 259 3213 tione
285 3154 670 3213 celebramus.
705 3157 831 3212 Per.

405 3289 465 3328 IN
505 3287 635 3329 NA'I'.
678 3288 1063 3329 PLURIMORUM
1105 3289 1445 3329 MABTYRUM.

173 3376 562 3449 Omnipotens
610 3379 962 3451 sempiterno
993 3379 1170 3448 Deus,
1224 3378 1325 3450 qui
1370 3396 1473 3451 per
1497 3377 1751 3451 gloriosa

98 3464 257 3521 bella
283 3465 620 3523 certaminis
648 3468 719 3523 ad
770 3466 1133 3523 immortales
1182 3466 1512 3539 triumphos
1551 3467 1752 3521 beatos

99 3557 386 3626 martyres
416 3558 548 3612 tuos
577 3554 682 3616 ill.,
710 3555 1085 3624 transtulisti,
1124 3556 1200 3610 da
1229 3556 1506 3611 cordibus
1536 3553 1752 3610 nostris

97 3642 340 3715 dignam
369 3660 474 3715 pro
524 3659 727 3700 eorum
772 3644 1329 3700 commemoratione
1372 3643 1655 3707 laztitiam,
1689 3647 1754 3697 ut

100 3747 350 3804 quorum
372 3732 698 3805 gaudemus
745 3733 989 3801 meritis,
1035 3733 1413 3806 proficiamus
1444 3730 1747 3803 exemplis.

99 3822 226 3876 Per.

167 3909 405 3965 Secreta.
438 3908 681 3966 Munera
722 3908 851 3977 tibi,
884 3910 1149 3978 Domine,
1181 3914 1390 3967 nostrai
1428 3910 1750 3966 devotionis

98 3997 421 4067 oderimus,
443 4014 571 4069 quae
602 4003 659 4053 et
687 4015 789 4071 pro
812 4003 1046 4054 tuorum
1070 4000 1172 4054 tibi
1205 4004 1371 4071 grata
1392 3999 1511 4055 sint
1532 3999 1749 4055 honore

89 4086 390 4156 justorum
411 4091 468 4142 et
488 4086 658 4143 nobis
680 4087 963 4142 salutaria
984 4091 1039 4143 te
1068 4087 1383 4144 miserante
1406 4088 1747 4143 reddantur.

96 4174 224 4231 Per.

169 4263 506 4319 Communia.
530 4264 745 4321 Praesta
775 4265 962 4333 nobis,
988 4265 1251 4331 Domine,
1272 4283 1632 4337 quaesumus,
1660 4267 1751 4321 in-

91 4352 526 4407 tercedentibus
557 4353 776 4409 sanctis
800 4354 921 4408 tuis
952 4352 1035 4408 ill.
1069 4358 1133 4409 ut
1158 4372 1284 4426 qua:
1316 4370 1414 4409 ore
1453 4355 1746 4427 contingi-

94 4456 251 4507 mus,
285 4455 435 4512 pura
464 4445 657 4498 mente
686 4441 1009 4514 capiamus.
1041 4442 1166 4498 Per.

596 4574 653 4613 IN
695 4574 821 4613 NA'I‘.
876 4574 1244 4614 PONTIFICUM.

162 4644 249 4700 Da
277 4661 639 4718 quaesumus,
667 4646 1035 4718 omnipotens
1060 4647 1232 4715 Deus,
1259 4653 1319 4701 ut
1337 4646 1489 4702 beati
1512 4646 1593 4702 ill.
1619 4663 1749 4701 con-

94 4732 333 4789 fessoris
364 4733 452 4789 tui
484 4738 658 4805 atque
707 4734 1000 4806 pontificis
1045 4736 1375 4791 veneranda
1405 4735 1746 4792 solemnitas

92 4826 150 4877 et
175 4821 543 4878 devotionem
574 4822 743 4877 nobis
775 4826 986 4894 augeat
1014 4825 1070 4876 et
1098 4821 1367 4877 salutem.
1404 4822 1527 4878 Per.

162 4910 400 4966 Secreta.
434 4909 627 4966 Sacris
655 4909 959 4976 altaribus,
996 4911 1256 4979 Domine,
1291 4910 1515 4967 hostias
1537 4928 1743 4983 super-

91 4999 338 5071 positas,
370 5014 710 5071 quazsumus
757 5003 819 5053 ut
852 5003 1091 5055 sanctus
1135 4998 1221 5054 ill.
1265 5000 1524 5071 pontifex
1570 5006 1745 5073 atque

91 5086 393 5143 confessor
448 5088 508 5142 in
564 5085 815 5143 salutem
857 5087 1026 5142 nobis
1086 5088 1386 5159 provenire
1444 5089 1739 5162 deposcat.

91 5175 217 5232 Per.
1674 5166 1687 5179 ’

159 5264 500 5321 Communia.
522 5266 756 5333 Praesta,
783 5281 1144 5337 qumsumus,
1172 5264 1540 5337 omnipotens
1565 5268 1739 5338 Deus,

87 5356 150 5408 ut
180 5353 253 5409 de
278 5354 567 5428 perceptis
606 5354 954 5411 muneribus
984 5353 1203 5427 gratias
1252 5354 1609 5425 exhibentes,
1652 5357 1739 5413 in-

84 5478 165 5554 De
196 5478 329 5554 ipso
359 5483 419 5554 et
446 5479 518 5554 de
545 5479 763 5554 templo
797 5477 1045 5554 longiori
1069 5477 1294 5554 calamo
1316 5477 1375 5534 in
1409 5481 1739 5554 Antiquita-

82 5548 246 5606 tibus
274 5548 456 5606 Vallis
476 5548 1016 5607 Sancti‘Clementis
1045 5555 1103 5607 et
1133 5551 1191 5605 in
1224 5548 1642 5609 Dissertatione
1667 5556 1739 5611 de

82 5620 378 5694 episcopis
436 5622 947 5679 Camerinensibus
1010 5623 1119 5678 sub
1168 5622 1441 5697 episcopo
1498 5624 1739 5699 Hugone

1858 584 2143 641 beneficia
2173 587 2402 659 potiora
2431 605 2760 646 sumamus.
2792 590 2920 647 Per.

1929 716 1988 755 IN
2028 719 2154 757 NA'I‘.
2198 720 2606 760 CONFESSORUM
2645 721 2743 769 QUI
2784 722 3051 761 FUERUNT
3089 722 3434 763 PONTIFICES.

1928 817 2164 885 Adesto,
2189 818 2453 885 Domine,
2477 820 3007 893 supplicationibus
3028 822 3268 889 nostris,
3291 822 3509 894 quasin

1860 905 2047 960 sancti
2058 905 2143 961 ill.
2169 908 2520 964 confessoris
2532 909 2616 963 tui
2630 909 3180 965 commemoratione
3192 911 3511 969 deferimus

1808 1006 1819 1015 ’
1862 998 1926 1049 ut
1946 994 2048 1065 qui
2071 999 2280 1051 nostrae
2306 995 2555 1067 justitiae
2584 997 2859 1053 fiduciam
2884 1014 2998 1053 non
3028 997 3337 1066 habemus,
3360 1002 3509 1073 ejus,

1861 1083 1961 1155 qui
1992 1083 2099 1138 tibi
2133 1084 2372 1156 placuit,
2400 1084 2671 1157 precibus
2692 1086 3059 1158 adjuvemur.
3095 1092 3222 1145 Per.

1935 1171 2165 1227 Secreta.
2200 1173 2432 1229 Hostias
2463 1173 2590 1241 tibi,
2642 1174 2906 1237 Domine,
2953 1192 3057 1247 pro
3089 1192 3511 1234 commemora-

1862 1258 2019 1315 tione
2049 1262 2232 1315 saneti
2285 1260 2366 1315 ill.
2417 1262 2770 1318 confessoris
2802 1263 2883 1316 lui
2928 1264 3248 1332 offerimus,
3279 1283 3453 1338 quem
3481 1285 3515 1321 a

1864 1347 1951 1402 tui
1977 1349 2236 1420 corporis
2269 1349 2491 1406 unitate
2517 1349 2677 1405 nulla
2707 1351 2949 1406 tentatio
2971 1353 3278 1423 separavit.
3312 1358 3439 1409 Per.

1937 1437 2277 1494 Communia.
2314 1439 2385 1495 Ut
2417 1439 2607 1507 nobis,
2639 1439 2904 1507 Domine,
2939 1444 3041 1496 tua
3060 1441 3346 1498 sacrificia
3375 1444 3515 1499 dent

1865 1528 2137 1593 salutem,
2171 1526 2377 1584 beatus
2405 1526 2488 1584 ill.
2522 1529 2830 1585 confessor
2850 1534 2989 1585 tuus
3011 1546 3353 1602 quasumus
3383 1548 3511 1605 pre-

1865 1617 2027 1670 cator
2050 1615 2306 1671 accedat.
2342 1617 2464 1672 Per.

2366 1749 2421 1785 IN
2461 1748 2657 1787 NA'I‘ALI
2697 1748 2988 1789 VIRGINUM
2998 1774 3009 1786 .

1788 1858 1836 1923 Β
1936 1844 2112 1913 Deus,
2146 1844 2375 1917 quinos
2396 1846 2575 1901 beata:
2606 1845 2689 1901 ill.
2722 1846 2966 1920 virginis
2990 1848 3380 1921 martyrisque
3400 1852 3512 1905 tute

1866 1950 2063 1989 annua
2077 1932 2445 1989 solemnitate
2458 1933 2994 2003 lzetiticas,concede
3007 1936 3296 2009 propitius
3312 1939 3513 2009 utejus

1864 2022 2213 2093 adjuvemur
2224 2023 2565 2095 meritis,cuj
2577 2040 2646 2080 us
2661 2022 2946 2079 castitatis
2965 2024 3514 2083 irradiamurexem-

1865 2110 1999 2182 plis.
2033 2111 2160 2167 Per.

1936 2199 2167 2257 Secreta.
2203 2199 2533 2267 Otl'erimus,
2568 2200 2832 2271 Domine,
2865 2217 3064 2273 preces
3091 2206 3149 2257 et
3183 2218 3424 2260 munera
3452 2204 3512 2260 in

1864 2286 2083 2343 honore
2106 2294 2317 2343 sanctae
2340 2287 2422 2343 ill.
2443 2288 2688 2361 virginis
2710 2290 3100 2363 martyrisque
3120 2294 3232 2346 tuae
3251 2292 3511 2363 gauden-

1862 2381 1968 2443 tes,
2011 2380 2210 2448 presta
2257 2394 2601 2449 quaisumus
2618 2381 2684 2434 ut
2711 2382 2768 2434 et
2783 2379 3191 2435 convenienter
3206 2379 3329 2435 haec
3343 2396 3513 2453 agere

1865 2469 1921 2521 et
1971 2465 2297 2521 remedium
2350 2466 2775 2539 sempiternum
2823 2465 3121 2524 valeamus
3188 2469 3509 2541 acquirere.

1866 2553 1987 2616 Per.

1938 2641 2274 2698 Communia.
2296 2643 2585 2714 Adjuvent
2605 2660 2732 2710 nos,
2748 2660 3106 2716 quaesumus,
3120 2644 3512 2714 Domine,hosc

1866 2731 2144 2803 mysteria
2177 2737 2380 2787 sancta
2408 2750 2536 2803 quae
2568 2732 2954 2804 sumpsimus,
2987 2739 3043 2789 et
3072 2735 3250 2789 beata:
3280 2734 3365 2789 ill.
3397 2735 3509 2789 vir-

1865 2817 2020 2891 ginis
2050 2821 2442 2893 martyrisque
2475 2826 2586 2877 tuae
2620 2821 2957 2878 intercessio
3000 2823 3346 2879 veneranda.
3381 2823 3506 2879 Per.

2064 2950 2272 2990 INCIPIT
2309 2952 2457 2990 ORDO
2496 2952 2566 2991 AD
2605 2952 2923 2992 MONACHUM
2965 2953 3311 2993 FACIENDUM.

2197 3025 2459 3095 Projiciat
2482 3040 2539 3080 se
2565 3027 2805 3081 novitius
2835 3029 2960 3081 ante
2987 3026 3178 3081 altare.

1935 3138 2105 3193 Pater
2148 3144 2362 3194 noster.
2397 3124 2671 3194 Miserere
2702 3139 2837 3194 mei.
2886 3140 3219 3211 Capitutum.
3255 3139 3511 3196 Ostende

1776 3222 1819 3288 C
1858 3224 2047 3291 nobis,
2071 3227 2330 3281 Domine.
2358 3227 2497 3283 Esto
2527 3226 2599 3295 ei,
2634 3227 2899 3282 Domine.
2934 3227 3095 3283 Mitte
3126 3228 3203 3297 ei,
3241 3228 3506 3285 Domine.

1859 3314 2124 3382 Domine,
2157 3315 2386 3370 exaudi.

1934 3402 2140 3458 Oratio.
2173 3403 2347 3472 Deus,
2367 3402 2741 3475 indulgentiae
2766 3404 2956 3473 Pater,
2986 3405 3087 3476 qui
3121 3409 3175 3460 te
3205 3404 3508 3462 veritatem

1861 3494 1974 3545 tuae
1996 3491 2361 3547 discretionis
2378 3496 2710 3564 temperans
2724 3492 3041 3561 indulsisti,
3066 3510 3136 3549 ne
3150 3492 3509 3568 tiliusporta-

1862 3584 1950 3636 ret
1983 3579 2359 3653 iniquitatem
2399 3581 2605 3654 patris,
2649 3584 2706 3636 et
2746 3581 2843 3653 qui
2885 3582 3036 3637 mira
3075 3582 3509 3656 dispensatione

1860 3666 2034 3723 etiam
2060 3667 2228 3724 malis
2260 3669 2404 3726 bene
2429 3673 2602 3726 utens
2628 3674 2740 3725 tuae
2764 3669 3119 3743 dignationis
3136 3672 3384 3745 gratiam
3404 3690 3511 3747 per

1859 3772 1958 3812 eos
2018 3757 2351 3829 frequenter
2405 3758 2684 3830 operaris,
2746 3775 3087 3831 quaesumus
3138 3760 3509 3818 clementiam

1859 3848 2046 3912 tuam,
2065 3849 2129 3900 ut
2150 3845 2286 3901 huic
2314 3845 2532 3901 famulo
2551 3850 2674 3913 tuo,
2698 3846 2780 3903 ill.
2815 3864 2930 3903 non
2954 3848 3205 3903 obsistat
3230 3850 3380 3920 quod
3405 3867 3508 3921 per

1858 3932 2127 3989 habitum
2159 3933 2459 4006 religionis
2483 3950 2587 4006 per
2625 3951 2731 3990 nos
2752 3939 2914 3991 tanta
2936 3952 3001 3991 ac
3022 3934 3121 3991 tali
3153 3953 3211 3991 re
3233 3936 3507 4010 indignos

1859 4022 2102 4094 accepit,
2131 4023 2230 4077 sed
2257 4021 2672 4090 ministerium,
2699 4023 2855 4095 quod
2877 4024 3129 4079 exterius
3154 4040 3255 4095 per
3272 4041 3378 4080 nos
3407 4041 3505 4080 ex-

1859 4109 2111 4178 hibetur,
2136 4109 2464 4166 tuinterius
2484 4127 2587 4183 per
2606 4111 2827 4166 donum
2850 4111 3031 4168 sancti
3055 4110 3307 4183 Spiritus
3336 4128 3504 4169 exse-

1859 4197 2083 4271 quaris.
2115 4200 2239 4254 Per.

1928 4289 2054 4343 Alia
2110 4288 2311 4343 oratio.
2363 4291 2537 4353 Deus,
2585 4288 2683 4360 qui
2733 4302 2838 4360 per
2883 4292 3232 4344 coaeternum
3288 4288 3500 4346 Filium

1857 4380 2026 4431 tuum
2057 4381 2270 4431 cuncta
2301 4375 2534 4443 creasti,
2586 4376 2805 4449 quique
2848 4376 3136 4431 mundum
3163 4377 3220 4431 in
3249 4376 3503 4450 peccatis

1856 4464 2240 4520 inveteratum
2286 4481 2389 4537 per
2428 4465 2771 4537 mysterium
2822 4469 3038 4521 sancte
3081 4466 3503 4525 Incarnationis

1857 4554 1984 4624 ejus
2016 4570 2289 4610 renovare
2336 4554 2612 4627 dignatus
2644 4571 2727 4622 es,
2762 4559 2816 4610 te
2847 4554 3141 4627 supplices
3171 4573 3501 4628 exoramus,

1858 4646 1923 4696 ut
1951 4642 2216 4712 ejusdem
2238 4643 2467 4698 Domini
2493 4644 2674 4699 nostri
2706 4645 2893 4716 gratia
2923 4661 3098 4716 super
3130 4644 3284 4701 hunc
3314 4646 3501 4702 famu-

1857 4729 1979 4784 lum
2010 4735 2202 4798 tuum,
2248 4732 2817 4787 abrenuntiationem
2865 4733 3059 4787 saeculi
3114 4735 3499 4805 profitentem,

1855 4817 2171 4873 clementer
2214 4818 2498 4891 respicere
2547 4819 2827 4893 digneris,
2862 4836 2966 4892 per
2994 4837 3171 4892 quam
3203 4820 3261 4876 in
3289 4822 3500 4894 spiritu

1854 4923 1972 4962 sua:
2005 4908 2219 4962 mentis
2252 4912 2560 4964 renovatus
2591 4914 2839 4965 veterem
2872 4908 3196 4978 hominem,
3220 4926 3354 4964 cum
3376 4910 3501 4966 suis

1852 4996 2081 5052 actibus
2110 5003 2305 5059 exuat.
2336 5000 2393 5052 et
2422 5014 2635 5053 novum
2679 4997 2998 5063 hominem,
3043 4997 3144 5069 qui
3175 4998 3498 5054 secundum

1851 5085 2035 5141 Deum
2068 5089 2296 5141 creatus
2320 5090 2429 5154 est,
2463 5084 2706 5141 induere
2737 5090 3049 5141 mereatur.
3080 5086 3203 5141 Per.

1924 5174 2231 5230 Benedictio
2287 5176 2537 5229 cumllzr.
2597 5174 2842 5231 Domine
2896 5174 3039 5229 Jesu
3099 5172 3345 5242 Christe,
3398 5175 3499 5248 qui

1850 5268 2127 5337 tegumen
2174 5267 2384 5320 nostrae
2429 5261 2802 5319 mortalitatis
2834 5263 3075 5319 induere
3108 5263 3381 5336 dignatus
3412 5282 3495 5330 es,

1849 5352 2590 5410 obsecramusimmensam
2611 5356 2723 5408 tuas
2740 5351 3030 5427 largitatis
3052 5352 3494 5422 abundantiam,

1849 5479 2060 5552 scribo.
2094 5479 2289 5552 Agunt
2317 5478 2390 5552 de
2418 5493 2489 5552 eo_
2517 5476 2706 5552 etiam
2734 5478 3272 5552 Camgaldulensium
3303 5482 3495 5540 Anna-

1847 5551 1993 5607 lium
2025 5550 2342 5624 scriptores
2374 5550 2438 5623 (t.
2470 5550 2492 5606 Ι
2524 5553 2578 5607 et
2610 5550 2665 5606 in
2695 5550 2803 5607 hoc
2835 5551 2925 5621 Il).
