3982 6172
428 277 552 347 863

1614 287 1806 354 ΞΜ.
1847 287 1926 352 Χῐ
1969 285 2282 352 MO‘NUM.
2329 290 2641 356 LITURG.

3715 296 3842 358 86L

426 421 494 478 ut
519 417 629 476 hoc
658 434 844 493 genus
873 421 1227 492 vestimenti,
1257 421 1411 498 quod
1442 424 1630 482 sancti
1661 423 1858 482 Patres
1879 424 1952 480 ad
1984 422 2074 480 in-
2105 423 2160 492 Α
2189 426 2290 498 qui
2323 425 2429 484 tibi
2456 428 2612 485 vovit
2639 427 2854 486 servire
2885 443 3032 502 pura
3060 429 3255 485 mente
3284 426 3624 502 mundoque
3639 431 3838 498 corde,

425 510 708 566 nocentia:
755 511 843 567 vel
882 511 1235 570 humilitatis
1274 513 1558 570 indicium
1591 514 2073 571 abrenuntiantes
2181 520 2249 574 ut
2278 533 2413 573 eum
2447 519 2668 575 sociare
2700 518 2960 590 digneris
2991 518 3142 574 inter
3172 517 3272 573 illa
3302 523 3542 602 centum
3573 520 3832 591 quadra-

426 597 575 654 ferre
622 605 962 669 sanxerunt,
1007 601 1090 656 ita
1139 602 1516 668 benefdicsre
1559 603 1839 676 digneris,
1881 609 1947 659 ut
1976 603 2071 658 hic

425 685 684 743 famulus
711 692 871 757 tuus,
905 689 1001 761 qui
1037 689 1145 745 hoc
1185 708 1330 748 usus
1360 691 1554 759 fuerit,
1586 696 1642 747 te
1675 692 1916 748 induere
1949 709 2069 747 me-

424 788 641 842 reatur.
665 786 796 842 -Per.

491 879 628 931 Item
647 876 760 931 alio
808 879 1002 933 oratio.
1038 878 1212 943 Deus,
1249 882 1597 935 aeternorum
1637 879 1920 934 bonorum
1952 879 2067 934 vir-

419 967 616 1018 tutum
650 964 836 1030 dator,
869 971 926 1020 et
954 967 1218 1024 omnium
1250 967 1722 1024 benedictionum
1754 967 1954 1040 largus
1975 968 2069 1024 in-

420 1051 602 1120 fusor,
635 1056 691 1109 te
739 1053 1006 1109 subnixis
1055 1056 1325 1127 precibus
1367 1056 1768 1129 deprecamur,
1821 1061 1887 1112 ut
1917 1057 2068 1112 hanc

415 1145 639 1198 vestem
665 1142 1043 1210 bene’rdicere
1073 1149 1131 1199 et
1172 1143 1573 1211 sanctifﬁcare
1624 1147 1902 1218 digneris,
1951 1163 2069 1217 qua

419 1229 678 1288 famulus
699 1236 838 1288 tuus
859 1231 941 1287 ill.
957 1232 1422 1303 proindicatione
1443 1235 1800 1291 castimoniae
1826 1235 2067 1291 induere

416 1319 563 1385 vult,
587 1323 653 1375 ut
673 1320 826 1376 inter
837 1320 1094 1394 reliquos
1111 1323 1378 1379 homines
1404 1322 1507 1379 tibi
1533 1329 1918 1396 cognoscatur
1937 1340 2066 1379 esse

420 1409 682 1465 devotus.
714 1409 820 1465 Per
846 1408 1165 1466 Christum.
1425 1425 1429 1429 ‘

496 1502 650 1553 Tunc
675 1506 842 1554 exuat
875 1514 1002 1554 eam
1025 1507 1165 1555 veste
1201 1501 1346 1554 laico
1393 1503 1472 1555 ita
1501 1499 1763 1555 dicendo:
1795 1502 1980 1556 Exuat
2008 1505 2063 1557 te

415 1585 703 1642 Dominus
734 1590 985 1642 veterem
1017 1587 1317 1644 hominem
1349 1605 1484 1644 cum
1517 1589 1743 1644 actibus
1773 1590 1917 1644 suis.

488 1675 718 1730 Induens
746 1680 942 1731 vestem
970 1677 1349 1732 monachicam
1378 1677 1561 1732 dicat:
1605 1677 1815 1733 Induat
1861 1682 1918 1732 te
1950 1678 2061 1733 Do-

415 1762 614 1821 minus
646 1779 858 1819 novum
883 1763 1202 1832 hominem,
1227 1765 1326 1836 qui
1351 1767 1675 1822 secundum
1701 1770 1883 1821 Deum
1907 1782 2063 1822 crea-
2093 1793 2140 1857 Β

413 1854 512 1908 tus
531 1854 622 1908 est
649 1852 708 1907 in
733 1851 967 1923 justitia
995 1858 1052 1908 et
1081 1853 1388 1910 sanctitate
1413 1855 1691 1910 veritatis.

483 1941 791 1997 Benedictio
818 1943 1141 1998 vestimenti.
1175 1948 1344 2008 Deus,
1380 1943 1481 2016 qui
1508 1944 1927 2000 vestimentum
1962 1960 2057 1999 sa-

413 2027 600 2085 lutare
629 2034 688 2086 et
718 2029 1130 2085 indumentum
1155 2034 1381 2087 aeternae
1404 2032 1800 2102 jucunditatis
1831 2032 1948 2086 tuis
1993 2032 2058 2086 ﬁ-

411 2117 645 2179 delibus,
661 2117 1001 2190 promisisti,
1030 2118 1399 2178 clementiam
1422 2125 1584 2176 tuam
1610 2120 1951 2192 suppliciter
1970 2137 2062 2176 ex-

407 2221 668 2272 oramus,
699 2210 765 2262 ut
813 2205 935 2263 hzec
966 2206 1314 2264 indumenta
1345 2207 1744 2265 humilitatem
1777 2208 1972 2265 cordis
2004 2214 2062 2265 et

410 2299 810 2367 contemptum
835 2295 1040 2352 mundi
1063 2297 1474 2368 signiﬁcantia,
1493 2297 1708 2370 quibus
1729 2297 2058 2353 famulotuo

407 2382 492 2444 ill.
526 2383 833 2441 visibiliter
860 2388 951 2440 est
981 2385 1038 2442 in
1090 2386 1396 2442 formando
1440 2387 1756 2458 proposito,
1792 2387 2060 2459 propitus

407 2471 777 2540 benefdicas,
812 2477 865 2528 et
918 2473 1095 2529 beatae
1128 2475 1416 2530 castitatis
1463 2475 1754 2543 habitum,
1799 2492 1974 2547 quem
2003 2480 2060 2531 te

407 2560 732 2634 inspirante
763 2561 1041 2632 suscepit,
1074 2567 1130 2617 te
1161 2566 1497 2635 protegente
1527 2563 1840 2618 custodiat.
1877 2563 2000 2618 Per.

653 2665 726 2704 AD
765 2665 1108 2706 INDUENDUI
1156 2667 1376 2706 VESTEM
1416 2649 1803 2707 IONACHICAM.

477 2736 688 2807 Accipe
716 2741 939 2793 vestem
969 2738 1119 2794 hanc
1143 2743 1409 2796 sanctam
1431 2743 1608 2810 atque
1629 2739 2053 2807 monachicam,

407 2840 588 2896 quam
622 2828 755 2882 ante
772 2824 1028 2881 tribunal
1055 2827 1284 2882 Domini
1308 2827 1490 2883 nostri
1521 2832 1659 2883 Jesu
1694 2827 1909 2884 Christi
1930 2829 2057 2884 sine

411 2911 640 2969 macula
688 2912 964 2985 perferas,
1017 2930 1121 2986 per
1165 2915 1439 2972 virtutem
1481 2920 1539 2972 et
1591 2916 2055 2974 misericordiam
2093 2983 2102 2992 ,

409 3000 702 3072 ejusdem,
737 2999 997 3073 quicum
1042 3007 1258 3060 aeterno
1306 3004 1473 3060 Patre
1516 3009 1573 3060 et
1603 3003 1818 3077 Spiritu
1853 3010 2054 3062 sancto

403 3087 548 3145 vivit
601 3093 658 3146 et
710 3095 916 3163 regnat
961 3107 1063 3164 per
1130 3092 1360 3148 inﬁnita
1421 3093 1630 3149 saecula
1682 3093 2049 3150 saeculorum.

402 3179 608 3235 Amen.

473 3267 814 3324 Dominator
858 3268 1125 3338 Domine,
1165 3273 1319 3326 Deus
1377 3269 1650 3326 salutaris
1699 3275 1915 3339 noster,
1949 3289 2046 3328 cu-

401 3355 552 3412 stodi
583 3356 740 3412 hunc
769 3356 1058 3413 famulum
1090 3363 1282 3427 tuum,
1308 3357 1391 3413 ill.
1422 3359 1532 3415 sub
1564 3359 1671 3416 hoc
1689 3361 1836 3432 jugo
1861 3377 2050 3432 usque

401 3443 463 3498 in
492 3445 692 3512 ﬁnem,
726 3448 782 3501 et
803 3445 1047 3517 dignum
1069 3463 1204 3502 eum
1236 3447 1326 3502 fac
1358 3464 1491 3502 cum
1523 3447 1615 3502 his
1647 3447 1745 3519 qui
1768 3448 1871 3503 tibi
1903 3449 2050 3504 bene

400 3530 766 3603 placuerunt,
808 3533 986 3588 indue
1035 3550 1169 3588 eum
1218 3534 1702 3590 sanctiﬁcationis
1750 3535 1920 3602 stola,
1955 3553 2048 3592 ac-

401 3617 570 3691 cinge
598 3618 834 3676 lumbos
862 3623 990 3692 ejus
1013 3621 1346 3693 sobrietate,
1370 3623 1612 3678 ostende
1635 3622 1800 3680 illum
1831 3629 2049 3680 creato-

399 3722 524 3762 rem
554 3707 613 3762 in
644 3707 804 3763 omni
853 3709 1230 3778 abstinentia,
1277 3711 1487 3782 perﬁce
1542 3709 1710 3767 illum
1764 3713 1823 3768 in
1883 3714 2053 3769 donis

397 3793 597 3868 gratiae
628 3795 971 3868 spiritualis,
1005 3798 1077 3853 ad
1109 3797 1354 3871 gloriam
1391 3800 1660 3871 potentiae
1692 3805 1803 3855 tum
1850 3800 2052 3857 lauda-

398 3883 556 3950 bilis,
590 3884 730 3957 quia
754 3888 818 3941 tu
848 3902 910 3942 es
942 3887 1095 3942 Deus
1127 3890 1345 3956 noster,
1374 3886 1475 3960 qui
1511 3887 1596 3944 vis
1627 3905 1831 3945 omnes
1863 3888 2051 3945 homi-

406 3989 512 4029 nes
542 3971 734 4029 salvos
764 3973 908 4030 ﬁeri.
943 3975 1050 4039 Qui
1081 3975 1240 4031 vivit.

469 4061 674 4119 Oratio.
723 4063 801 4118 Te
863 4062 1226 4132 invocamus,
1297 4066 1542 4122 Domine
1598 4071 1817 4135 sancte,
1881 4071 2056 4124 Pater

397 4149 789 4222 omnipotens,
823 4156 1035 4209 aeterne
1065 4154 1238 4219 Deus,
1275 4171 1452 4227 super
1472 4155 1629 4210 hunc
1655 4154 1944 4211 famulum
1967 4155 2049 4211 ill.

469 4293 582 4360 (‘27)
607 4291 887 4349 Inordine
906 4295 978 4350 ad
998 4294 1350 4351 initiandum
1377 4295 1731 4351 monachum
1756 4294 1933 4352 ritum
1959 4297 2054 4352 ha-

397 4361 608 4439 bemus
636 4363 708 4439 ad
736 4364 1361 4439 barbamjomiendam.
1423 4365 1634 4421 Priscis
1689 4369 2052 4439 temporibus

395 4431 522 4510 viri.
537 4433 847 4510 saeculares
867 4435 1112 4510 barbam
1138 4436 1490 4510 praelongam
1513 4431 1830 4510 portabant
1858 4446 1915 4494 et
1945 4458 2052 4494 nu-

396 4501 671 4578 triebant,
718 4510 957 4578 eratque
990 4501 1231 4578 proinde
1278 4501 1532 4578 sigvnum.
1567 4507 1840 4564 vanitatis
1870 4511 2053 4566 barba

396 4572 620 4652 proligra
650 4579 707 4631 et
735 4572 1282 4652 oblo'ngaiMonachi
1306 4572 1378 4635 ad
1409 4581 1798 4652 respuendam
1817 4598 2051 4639 omnem

397 4645 592 4700 saeculi
623 4645 942 4704 vanitatem
965 4649 1256 4706 tironibus
1278 4652 1403 4707 suis
1435 4645 1675 4706 barbam
1711 4653 2050 4709 tondebant.

395 4716 542 4790 _Vide
569 4734 698 4790 qua:
727 4719 800 4775 de
828 4718 938 4777 hoc
971 4737 1132 4776 more
1159 4722 1356 4778 dicant
1399 4722 1713 4780 Annalium
1745 4723 2054 4780 Camaldu-

393 4786 652 4866 lensium
685 4790 1006 4866 scriptores
1049 4794 1112 4864 (t.
1142 4793 1208 4866 _I,
1263 4811 1319 4866 p.
1369 4795 1516 4866 380).
1571 4795 1664 4850 Sic
1697 4799 1891 4850 tamen
1926 4813 2050 4851 mo-

397 4859 568 4935 nachi
599 4859 892 4918 imberbes
924 4859 1284 4935 apparebant
1313 4869 1378 4921 ut
1407 4859 1570 4921 nulla
1600 4867 1655 4920 in
1685 4883 1886 4922 eorum
1927 4867 2050 4922 vul-

393 4930 557 5007 tibus
587 4938 888 5007 notaretur
931 4930 1230 5007 mollities,
1265 4953 1394 5007 qua:
1422 4953 1563 4992 sane
1595 4937 1778 4992 nimia
1810 4938 2045 5006 fuisset,

395 5002 446 5081 si
487 5002 1302 5081 novaculamsdhibuissent'.
1364 5007 1703 5080 Forcipibus
1741 5002 2053 5081 prepterea

395 5026 446 5059 si
487 5026 828 5062 novacuiam
877 5026 1302 5063 anniouissent.
1364 5026 1703 5080 r'orcipmus
1785 5026 2049 5081 ropterea

395 5073 640 5132 barbam
668 5076 1009 5132 tondebant.
1057 5077 1342 5135 Addimus
1374 5084 1641 5135 sanctum
1675 5026 2049 5136 Albertinum

395 5143 648 5228 priorem
676 5146 1204 5231 FontisrAvellan‘ze.
1240 5150 1297 5231 in
1331 5151 1749 5231 antiquissima
1798 5151 1966 5206 icone
1990 5153 2047 5205 in

395 5220 526 5298 ejus
571 5220 912 5275 monasterii
959 5220 1180 5292 templo
1228 5220 1548 5302 depictum,
1598 5224 1781 5302 barba
1834 5239 2047 5278 carere.

393 5288 648 5364 Antiqua
661 5291 892 5364 pariter
907 5291 1103 5364 imago
1134 5298 1322 5348 sancti
1344 5293 1497 5364 Petri
1520 5293 1805 5364 Damiam,
1823 5291 2054 5349 labente

398 5359 611 5435 saeculo
641 5359 1102 5435 xui,_coloribiis
1130 5379 1415 5435 expressa
1439 5363 1496 5416 in
1520 5361 1740 5435 tabula
1773 5363 2055 5435 principis

402 5444 516 5483 arae
546 5429 1163 5506 Sanct_i_Exs_uperantii
1190 5429 1439 5506 Cinguli,
1476 5433 1575 5506 ubi
1608 5429 1873 5506 monachi
1898 5429 2058 5490 Avel-

392 5511 666 5566 lanenses
694 5500 794 5555 diu
827 5500 1116 5568 vixerunt,
1152 5500 1441 5561 hirsutam
1475 5509 1532 5560 et
1557 5505 1786 5559 brevem
1811 5505 2052 5561 barbam

394 5568 646 5644 exhibet,
689 5571 945 5631 similem
992 5574 1128 5642 illis,
1163 5592 1290 5648 quae
1323 5593 1474 5649 saepe
1522 5575 1781 5632 forcibus
1815 5576 2056 5635 detrun-

2179 607 2344 680 ginta
2373 611 2623 679 quatuor
2671 607 2858 664 millia
2898 607 3237 675 infantium,
3270 607 3373 679 qui
3419 608 3679 681 virgines
3713 627 3840 682 per-

2182 700 2544 763 manserunt,
2592 700 2648 753 et
2680 713 2742 752 se
2792 712 2926 752 cum
2964 696 3313 752 mulieribus
3345 713 3461 753 non
3490 697 3841 770 coinquina-

2178 788 2410 851 verunt,
2443 786 2504 840 in
2536 802 2789 857 quorum
2819 801 2918 841 ore
2961 783 3132 842 dolus
3161 784 3432 842 inventus
3464 803 3580 841 non
3610 791 3722 857 est,
3758 788 3838 843 ita

2178 878 2235 928 et
2263 874 2421 930 hunc
2468 873 2957 930 famulumtuum
2989 873 3072 929 ill.
3127 874 3304 930 facias
3353 890 3701 946 permanere
3734 894 3836 948 per

2177 962 2623 1018 immaculatum
2637 963 2846 1019 Filium
2874 967 3041 1020 tuum
3069 963 3373 1019 Dominum
3399 967 3829 1032 nostrum,cum

2178 1067 2294 1123 quo
2320 1052 2464 1108 vivis
2495 1057 2552 1108 et
2575 1069 2784 1125 regnas
2809 1053 2963 1109 Deus
2985 1070 3087 1124 per
3117 1053 3317 1108 omnia
3347 1052 3560 1110 szecula
3590 1053 3828 1112 saeculo-

2176 1157 2330 1196 rum.
2362 1142 2570 1196 Amen.

2614 1247 2682 1287 AD
2717 1247 3004 1287 CLERlCUM
3043 1248 3382 1289 FACIENDUM.

2248 1320 2454 1375 Oratio.
2505 1320 2775 1389 Oremus,
2821 1319 3189 1377 dilectissimi
3230 1321 3459 1386 fratres,
3504 1321 3822 1378 Dominum

2176 1411 2440 1463 nostrum
2488 1408 2692 1463 Jesum
2752 1407 3046 1464 Christum
3107 1425 3280 1480 super
3327 1410 3480 1465 hunc
3530 1409 3820 1466 famulum

2170 1499 2340 1552 tuum
2373 1497 2463 1561 N.,
2498 1497 2597 1568 qui
2645 1497 2718 1552 ad
2768 1497 3175 1568 deponendam
3223 1515 3450 1554 comam
3484 1499 3696 1570 capitis
3727 1501 3817 1555 sui

2173 1601 2276 1656 pro
2307 1601 2503 1640 amore
2542 1584 2756 1641 Christi
2809 1586 3062 1650 festinat,
3099 1592 3165 1642 ut
3215 1587 3390 1643 donet
3436 1588 3500 1644 ei.
3533 1587 3819 1660 Spiritum

2171 1677 2463 1740 sanctum,
2516 1674 2614 1745 qui
2648 1673 2916 1730 habitum
2948 1673 3247 1746 religionis
3280 1676 3339 1730 in
3372 1692 3508 1731 eum
3541 1682 3818 1748 perpetuo

2171 1762 2480 1830 custodiat,
2515 1767 2573 1817 et
2620 1779 2655 1816 a
2701 1763 2904 1818 mundi
2951 1763 3368 1835 impedimento
3405 1764 3491 1820 vel
3553 1765 3816 1820 saeculari

2167 1850 2454 1906 desiderio
2475 1852 2606 1921 ejus
2629 1851 2804 1906 corda
2829 1853 3145 1920 custodiat,
3169 1858 3227 1908 et
3243 1853 3395 1909 sicut
3425 1856 3690 1910 mutatus
3712 1854 3818 1910 erit

2168 1937 2227 1993 in
2259 1937 2443 2004 vultu,
2473 1939 2554 1994 ita
2567 1956 2777 1996 manus
2805 1941 3050 1996 dextera:
3079 1945 3192 1997 tuae
3214 1942 3273 1998 in
3305 1958 3438 1998 eum
3463 1942 3678 1998 virtute
3697 1961 3819 2015 per-

2169 2027 2434 2082 fectionis
2466 2027 2602 2083 boni
2651 2028 2844 2099 operis
2874 2029 3096 2085 tribuat
3121 2030 3183 2085 in
3215 2033 3433 2096 actum,
3465 2034 3521 2087 et
3550 2031 3624 2086 ab
3656 2031 3815 2088 'omni

2170 2114 2424 2171 caecitate
2455 2116 2702 2187 spiritali
2748 2117 2948 2174 oculos
2979 2117 3223 2190 aperiat,
3267 2135 3335 2176 ao
3363 2118 3562 2176 lumen
3592 2121 3816 2177 interni-

2167 2203 2306 2259 tatis
2335 2204 2538 2275 gratiae
2570 2206 2868 2261 concedat.
2905 2206 3029 2262 Per.

2239 2293 2375 2348 Dum
2406 2294 2585 2348 tendis
2615 2311 2740 2350 eum
2761 2294 2897 2350 dicis
2917 2297 3298 2368 antiphonam.
3330 2299 3416 2353 Tu
3434 2315 3517 2366 es,
3547 2299 3813 2366 Domine,

2168 2381 2269 2453 qui
2300 2381 2576 2438 restitues
2619 2382 3016 2440 hereditatem
3066 2401 3255 2441 meam
3308 2386 3474 2442 mihi.
3529 2387 3815 2444 Dominus

2167 2485 2304 2541 pars
2325 2469 2721 2526 haereditatem
2755 2488 2944 2527 meam
2973 2474 3114 2542 (sic).
3148 2473 3343 2530 Gloria
3371 2474 3549 2531 Patri.

2235 2559 2366 2612 Item
2394 2559 2509 2613 alia
2555 2559 2882 2631 antiphona.
2916 2561 3033 2617 Hac
3091 2566 3182 2617 est
3211 2564 3505 2634 generatio
3547 2581 3813 2636 quaeren-

2164 2645 2315 2700 tium
2343 2646 2682 2717 Dominum,
2714 2649 3098 2719 quaerentium
3124 2651 3331 2708 faciem
3362 2653 3460 2708 Dei
3486 2653 3686 2710 Jacob.
3710 2654 3816 2711 Hic

2164 2734 2387 2806 accipet
2416 2736 2881 2794 benedictionem
2912 2756 2946 2794 a
2975 2740 3242 2796 Domino.

2232 2834 2530 2906 Postquam
2594 2840 2907 2892 tousuratus
2988 2842 3082 2893 est.
3165 2838 3368 2894 Oratio.
3429 2839 3818 2912 Omnipotens

2163 2922 2516 2994 sempiterna
2544 2923 2716 2990 Deus,
2757 2925 3072 2998 propitiare
3102 2927 3353 2998 peccatis
3389 2928 3606 2984 nostris
3651 2932 3710 2986 et
3739 2931 3821 2986 ab

2163 3009 2324 3066 omni
2371 3012 2647 3068 servitute
2686 3013 2950 3069 saeculari
2997 3014 3268 3071 habitum
3310 3033 3488 3089 super
3516 3017 3676 3074 hunc
3727 3019 3817 3074 fa-

2167 3097 2393 3155 mulum
2445 3103 2614 3156 tuum
2665 3102 2757 3169 N.,
2793 3103 2935 3158 dum
2987 3104 3369 3176 ignominiam
3415 3106 3674 3177 deponit,
3710 3111 3819 3163 tua

2164 3203 2396 3260 semper
2425 3189 2484 3244 in
2508 3206 2641 3245 eum
2666 3191 2997 3263 perfruetur
3040 3193 3248 3266 gratia,
3272 3197 3328 3250 et
3358 3194 3511 3251 sicut
3537 3195 3816 3251 similitu-

2159 3275 2357 3332 dinem
2389 3294 2616 3333 coronm
2638 3283 2750 3334 tute
2781 3284 3053 3336 ornatum
3083 3285 3312 3355 gestare
3343 3282 3587 3342 fecimus
3618 3284 3679 3338 in
3710 3301 3814 3340 ca-

2157 3362 2300 3436 pite,
2330 3364 2415 3420 sic
2445 3370 2547 3421 tua
2577 3367 2791 3423 virtute
2831 3372 2890 3423 et
2938 3368 3336 3426 haereditatem
3371 3370 3656 3443 subsequi
3687 3387 3813 3428 me-

2159 3456 2356 3508 reatur
2385 3454 2442 3508 in
2472 3455 2664 3510 corde.
2698 3456 2822 3511 Per.

2231 3542 2369 3596 Alia
2387 3543 2590 3598 Oratio.
2609 3547 2844 3610 Praesta,
2859 3561 3218 3617 quaesumus,
3242 3546 3610 3620 omnipotens
3637 3548 3813 3616 Deus,

2159 3631 2226 3684 ut
2285 3630 2572 3686 famulum
2618 3637 2786 3688 tuum
2830 3633 2921 3702 N.,
2956 3650 3129 3706 quem
3164 3634 3331 3691 hodie
3379 3635 3553 3707 capiti
3581 3653 3817 3694 comam

2162 3734 2330 3772 suam
2364 3736 2468 3790 pro
2494 3719 2687 3776 divino
2721 3738 2948 3779 armore
2977 3723 3382 3796 deposuimus,
3419 3728 3481 3779 ut
3507 3725 3564 3779 in
3592 3729 3697 3781 tua
3725 3725 3816 3780 di-

2161 3803 2408 3863 lectione
2453 3814 2737 3880 perpetua
2769 3816 3021 3876 maneat,
3073 3817 3132 3868 et
3163 3829 3299 3868 eum
3332 3813 3462 3869 sine
3491 3813 3726 3870 macula
3755 3813 3819 3870 in

2167 3894 2526 3967 sempiterno
2557 3898 2871 3955 custodias.
2906 3903 3030 3956 Per.

2537 3986 2652 4055 (27)
2692 4003 2764 4042 an
2805 4004 3039 4044 BARBAM
3077 4005 3440 4045 TONDENDAM.

2233 4071 2408 4137 Deus,
2445 4073 2616 4144 cujus
2649 4074 2870 4146 Spiritu
2920 4082 3189 4133 creatura
3217 4077 3410 4134 omnis
3451 4077 3652 4135 adulta
3680 4096 3824 4136 con-

2161 4160 2399 4231 gaudet,
2425 4160 2631 4216 exaudi
2657 4178 2855 4234 preces
2879 4167 3108 4220 nostras
3139 4181 3319 4238 super
3339 4166 3497 4223 hunc
3523 4167 3820 4224 famulum

2161 4306 2388 4357 cantur.
2441 4304 2659 4360 Morem
2711 4305 2890 4361 istum
2940 4307 3133 4364 barbae
3179 4309 3446 4365 radenda:
3488 4310 3704 4367 seculo
3760 4329 3819 4367 xx

2162 4373 2317 4444 apud
2369 4375 2681 4432 nonnullas
2730 4375 3018 4434 Ecclesias
3066 4378 3258 4435 locum
3310 4381 3676 4448 obtinuisse;
3712 4383 3816 4437 sed

2165 4461 2509 4525 nonumque
2554 4448 2627 4503 ab
2695 4448 2969 4504 omnibus
3034 4450 3215 4525 fuisse
3263 4457 3556 4523 receptum
3606 4453 3818 4525 probat

2083 4527 2130 4592 D
2161 4515 2456 4607 qpoddam
2504 4525 2956 4607 monumentum
2988 4522 3312 4606 genuinum
3320 4515 3498 4607 'apud
3529 4515 3820 4607 Papebro-

2163 4586 2363 4642 obium
2395 4587 2646 4674 in_Actis
2691 4586 3288 4674 sanctorumhquiin.
3320 4586 3558 4674 Εἰρεθεὶ
3587 4586 3819 4674 episco—

2162 4674 2374 4782 Borum
2425 4659 2944 4718 Mediolanensium
2995 4659 3228 4720 exhibet
3273 4659 3590 4738 imaginem
3622 4659 3815 4723 'Heri-

2205 4729 2311 4782 erti
2361 4729 2626 4782 praesulis
2682 4733 3149 4782 Mediolanensis-
3199 4739 3351 4782 circa
3399 4753 3616 4782 annum
3651 4738 3811 4782 Η)ιῆ

2205 4729 2311 4806 erti
2355 4729 2652 4806 praesulis
2682 4733 3150 4806 Mediolanensis,
3199 4739 3354 4792 circa
3396 4729 3619 4794 annum
3651 4738 3815 4806 4046,

2163 4800 2472 4880 barbatum
2506 4803 2907 4880 przeferentem
2939 4805 3278 4880 episcOpum
3302 4807 3477 4880 pallio
3517 4800 3816 4865 ornatum;

2161 4869 2374 4953 Probat
2385 4869 2559 4953 etiam
2574 4873 2661 4953 vir
2682 4873 2779 4930 ille
2800 4869 3179 4953 doctissimus
3193 4869 3485 4936 Romanos
3509 4881 3819 4953 pontiﬁces

2162 4941 2342 5014 hujus
2389 4942 2710 5016 disciplina
2757 4947 3024 5003 radendas
3058 4949 3248 5005 barbae
3282 4967 3397 5006 non
3430 4941 3619 5016 usque
3671 4953 3818 5008 adeo

2161 5014 2623 5090 tenaces_fuisse
2673 5017 2771 5090 qui
2825 5035 2928 5090 pro
2969 5020 3208 5077 arbitrio
3259 5014 3647 5080 recedendum
3702 5023 3817 5079 sibi

2164 5085 2235 5163 ab
2267 5083 2369 5139 illa
2399 5083 2707 5163 ducerent:
2753 5083 3036 5163 In'altero
3086 5091 3264 5163 huius
3296 5092 3428 5148 libri
3472 5099 3816 5163 tegumento

2162 5155 2369 5235 eboreo
2401 5156 2666 5235 sculptus
2697 5161 3052 5231 conspicitur
3079 5155 3319 5235 sanctus
3364 5155 3731 5231 Theodorus,”
3762 5169 3819 5221 et

2164 5227 2402 5296 quidem
2438 5227 2777 5301 barbatus;
2835 5227 3073 5288 sanctus
3101 5234 3463 5301 Theodorus,
3496 5253 3565 5292 ex
3599 5227 3818 5293 Graecis

2163 5303 2308 5370 erat,
2343 5299 2449 5370 qui
2504 5307 2705 5358 contra
2747 5303 3086 5359 Latinorum
3134 5321 3356 5362 morem
3411 5299 3656 5364 barbam
3699 5325 3818 5364 non

2163 5368 2511 5450 tondebant._
2554 5372 3002 5450 Thomassinius
3032 5374 3157 5446 (lib.
3192 5394 3336 5450 ηις).
3372 5379 3459 5449 41,
3511 5397 3568 5435 n.
3606 5381 3657 5450 1)
3689 5379 3817 5434 ani—

2165 5439 2476 5520 madvertit
2497 5442 2606 5498 hoc
2637 5444 2771 5520 ipso
2796 5445 3007 5520 saeculo
3027 5439 3084 5501 in
3117 5439 3823 5506 concilium'Bituri'cense

2164 5510 2435 5588 habitum
2457 5531 2621 5588 anno
2643 5510 2777 5588 {O31
2800 5518 3096 5573 statuisse.
3122 5535 3343 5575 canone
3371 5522 3426 5588 7,
3449 5525 3514 5576 ut
3533 5529 3822 5577 tonsuram

2165 5583 2589 5641 ecclesiasticum
2631 5587 2866 5645 habeant
2893 5590 3144 5661 (clerici),
3181 5592 3278 5647 hoc
3327 5583 3422 5647 est
3450 5593 3677 5648 barbam
3721 5611 3823 5650 ra-
