3982 6162
65 316 210 381 865

1264 316 2000 387 SACRAMENTA-RIUM
2041 323 2325 389 VETUS.

3371 339 3500 400 866

65 457 285 524 tuum,
317 451 410 522 N.,
435 452 656 524 juvenii
690 459 856 511 aetate
886 455 1175 524 decorem,
1210 455 1521 524 laetantem,
1545 460 1600 512 et
1624 456 1739 530 pri-
1768 458 1824 525 Α
1847 457 2054 514 Sancte
2084 459 2270 529 Petre,
2301 478 2387 520 or.

69 542 207 597 mis
258 541 536 616 auspiciis
585 545 1010 615 attundentem,
1055 545 1285 614 exaudi,
1332 550 1415 613 ut,
1461 545 1739 602 omnibus

64 630 467 703 protectionis
499 634 610 687 tuae
642 633 928 702 munitus,
980 633 1193 691 auxilio
1242 633 1531 691 caelestem
1562 635 1737 692 bene-

63 720 402 777 dictionem
431 720 678 795 accipiat
706 726 762 778 et
791 725 1094 796 praesentis
1122 723 1251 780 vitze
1285 723 1570 797 praesidiis
1591 741 1735 797 gau-

63 809 219 864 deat
246 812 302 864 et
331 809 585 866 aeternis.
620 803 744 866 Per.

312 899 423 971 (28)
463 915 675 955 mcwrr
710 917 782 956 AD
822 917 1225 958 POENITENTIAM
1257 918 1514 959 DANDAM.

147 987 511 1059 Apprehende
537 1006 766 1044 manum
801 991 920 1062 ejus
965 990 1243 1048 dexteram
1289 999 1340 1047 et
1366 991 1452 1046 dtc
1484 1009 1500 1046 :
1531 992 1738 1048 Susce-

67 1075 308 1150 pimus,
339 1075 515 1143 Deus,
569 1079 1029 1135 misericordiam
1081 1084 1244 1136 tuam
1293 1097 1462 1158 usqye
1507 1082 1742 1138 dextera

67 1169 209 1222 tua.
237 1163 432 1222 Gloria
461 1167 639 1222 Patri.

156 1254 342 1326 Capit.
379 1253 614 1311 Salvum
669 1256 757 1312 fac
804 1273 1035 1313 servum
1094 1262 1284 1313 tuum.
1345 1262 1496 1315 Deus
1553 1275 1741 1331 meus,

70 1343 254 1399 Mitte
285 1343 358 1411 ei,
405 1344 670 1413 Domine,
723 1345 1026 1402 auxilium.
1072 1347 1141 1402 Et
1185 1349 1254 1404 de
1285 1347 1441 1404 Sion.
1477 1347 1740 1417 Domine,

69 1432 299 1488 exaudi
345 1433 689 1490 orationem.
747 1435 812 1490 Et
857 1434 1096 1491 clamor.
1147 1437 1420 1509 Exsurge,
1475 1436 1740 1505 Domine,

71 1521 326 1594 adjuva.
356 1522 427 1578 Et
455 1522 639 1580 libera
670 1541 795 1580 nos.
830 1523 1112 1580 Dominus
1156 1525 1479 1581 vobiscum.
1513 1526 1579 1580 Et
1607 1543 1740 1582 cum

67 1609 330 1682 Spiritu.

151 1699 369 1756 Oratio.
404 1699 644 1768 Exaudi,
691 1717 1052 1773 quaesumus,
1104 1701 1370 1772 Domino,
1405 1703 1740 1776 supplicum

71 1805 314 1862 preces,
339 1793 402 1887 et.
423 1789 946 1846 conﬁtentiumtibi
978 1791 1333 1887 famulorum
1356 1797 1587 1848 tuorum
1613 1811 1740 1867 par-
1769 1821 1818 1887 B

73 1893 140 1933 ce
171 1876 457 1950 peccatis,
493 1881 557 1933 ut
583 1879 802 1952 pariter
845 1880 1014 1936 nobis
1045 1879 1474 1954 indulgentiam
1515 1881 1741 1939 tribuas

72 1966 380 2040 benignus
410 1971 467 2023 et
497 1984 718 2040 pacem.
753 1969 878 2024 Per.

148 2056 287 2111 Alia
316 2057 509 2111 oratio.
537 2055 851 2111 Praeveniat
880 2057 1038 2112 hunc
1064 2056 1348 2112 famulum
1372 2062 1558 2123 tuum,
1587 2075 1741 2130 quaa-

76 2161 323 2214 sumus,
356 2143 620 2211 Domine,
654 2149 756 2200 tua
774 2144 1194 2212 misericordia,
1220 2150 1276 2200 et
1296 2162 1500 2202 omnes
1524 2147 1743 2219 iniqui-

77 2237 241 2289 tates
271 2231 400 2304 ejus
431 2232 602 2288 celeri
629 2232 994 2305 indulgentia
1023 2233 1344 2290 deleantur.
1378 2234 1504 2290 Per.

152 2322 298 2378 Item
353 2321 467 2378 alia
515 2323 712 2378 oratio.
761 2321 1076 2378 Precamur
1126 2322 1498 2380 clementiam
1557 2329 1741 2392 tuam,

79 2409 360 2477 DOmine,
403 2427 762 2482 quaesumus,
797 2414 852 2466 et
883 2428 1154 2484 magnam
1187 2411 1601 2468 misericordiae
1632 2418 1744 2468 tua:

82 2497 443 2572 majestatis,
478 2504 540 2554 ut
571 2499 790 2556 famulo
839 2503 940 2556 tuo
991 2502 1084 2568 N.,
1139 2506 1372 2574 peccata
1403 2506 1459 2558 et
1490 2502 1748 2559 facinora

81 2586 393 2645 conﬁtenti
421 2589 649 2644 veniam
685 2589 937 2645 relaxare
973 2594 1030 2646 et
1076 2591 1501 2663 prateritorum
1555 2592 1747 2646 crimi-

85 2695 233 2734 num
263 2677 472 2752 culpas
501 2677 718 2732 dunare
748 2678 1135 2751 digneris,qui
1168 2679 1564 2736 humeristuis
1581 2697 1745 2736 ovem

86 2767 381 2841 perditam
413 2765 692 2822 reduxisti
726 2767 795 2821 ad
833 2765 1054 2833 caulas,
1090 2767 1188 2840 qui
1239 2767 1534 2840 publicani
1572 2770 1752 2844 preci-

88 2857 197 2913 bus
228 2861 291 2912 et
325 2855 688 2912 confessione
735 2854 999 2927 placatus
1057 2874 1139 2923 es,
1174 2861 1236 2912 tu
1270 2857 1444 2913 etiam
1489 2857 1625 2914 huic
1660 2860 1748 2915 fa-

90 2945 252 3002 mulo
269 2949 372 3001 tuo
395 2943 986 3017 placare,Domine,tu
1018 2945 1194 3016 hujus
1233 2963 1431 3018 preces
1460 2947 1750 3020 benignus

93 3034 356 3107 suscipe,
378 3033 607 3089 remitte
634 3032 978 3102 ei,Domine,
1019 3033 1218 3089 omnia
1265 3033 1514 3089 crimina
1541 3039 1598 3090 et
1624 3052 1750 3107 pec-

91 3128 238 3195 cata,
276 3127 337 3178 et
394 3122 470 3178 da
525 3121 577 3178 ei
621 3139 724 3194 pro
773 3121 1078 3194 suppliciis
1134 3121 1385 3190 veniam,
1417 3139 1520 3194 pro
1560 3127 1745 3180 morte

1849 547 2057 604 Sancte
2083 549 2278 618 Paule,
2311 568 2395 607 or.

1847 634 2055 692 Sancte
2081 638 2204 692 And
2215 655 2330 704 rea,
2363 657 2448 696 or.

1845 723 2053 779 Sancte
2077 725 2334 783 Joannes
2365 730 2744 804 evangelista.
2778 749 2863 788 or.

1845 816 2052 868 Sancte
2083 814 2325 887 Thoma,
2361 833 2443 872 or.

1847 900 2056 956 Sancte
2087 901 2321 971 Jacobe,
2355 922 2442 960 or.

1817 1016 1828 1028 -
1849 989 2056 1046 Sancte
2087 990 2368 1066 Philippe,
2403 1012 2489 1050 or.

1847 1082 2055 1135 Sancte
2084 1079 2524 1151 Bartholomzee,
2555 1103 2642 1140 or.

1849 1168 2058 1224 Sancte
2090 1169 2356 1227 Matthiae
2386 1173 2764 1247 evangelista,
2801 1191 2883 1232 or.

1850 1257 2056 1313 Sancte
2089 1257 2354 1343 Matthia,
2387 1279 2471 1317 or.

1849 1346 2057 1401 Sancte
2087 1348 2369 1416 Barnaba,
2403 1367 2484 1404 or.

1851 1435 2058 1490 Sancte
2087 1436 2275 1492 Marce
2305 1438 2682 1510 evangelista,
2706 1457 2789 1497 or.

1851 1524 2058 1580 Sancte
2091 1525 2240 1580 Luca
2269 1528 2643 1600 evangelista,
2678 1547 2760 1585 or.

1849 1613 2058 1668 Sancte
2089 1613 2398 1685 Stephane,
2432 1634 2515 1672 or.

1851 1701 2059 1758 Sancte
2085 1701 2372 1771 Clemens,
2406 1721 2488 1759 or.

1849 1794 2054 1846 Sancte
2081 1790 2458 1864 Apollinaris,
2491 1811 2574 1850 or.

1849 1879 2058 1934 Sancte
2090 1878 2317 1947 Vitalis,
2352 1897 2434 1935 or.

1851 1967 2059 2022 Sancte
2090 1967 2384 2037 Laurenti,
2421 1987 2507 2024 or.

1849 2059 2054 2110 Sancte
2085 2056 2367 2124 Vincenti,
2402 2075 2488 2113 or.

1852 2143 2061 2199 Sancte
2093 2144 2268 2215 Felix,
2304 2162 2388 2200 or.

1851 2234 2059 2288 Sancte
2091 2233 2422 2302 Fortunate,
2455 2253 2540 2291 or.

1851 2324 2059 2376 Sancte
2089 2320 2339 2392 Corneli,
2369 2340 2452 2378 or.

1851 2413 2056 2466 Sancte
2087 2409 2388 2482 Cypriane,
2422 2429 2504 2468 or.

1855 2499 2061 2554 Sancte
2084 2499 2441 2569 Sebastiane,
2475 2519 2560 2557 or.

1855 2588 2064 2643 Sancte
2094 2587 2355 2658 Cosmas,
2389 2607 2474 2645 or.

1856 2676 2065 2731 Sancte
2095 2675 2394 2746 Damiane,
2426 2695 2510 2734 or.

1855 2761 2060 2820 Sancte
2088 2764 2265 2833 Blasi,
2297 2783 2376 2821 or.

1857 2853 2064 2908 Sancte
2094 2853 2386 2922 Silvester,
2420 2872 2504 2912 or.

1855 2946 2060 2998 Sancte
2092 2942 2356 3013 Martine,
2390 2961 2475 3000 or.

1859 3031 2065 3088 Sancte
2095 3031 2382 3102 Ambrosi,
2415 3049 2500 3088 or.

1858 3120 2066 3174 Sancte
2096 3119 2435 3191 Augustine,
2459 3138 2542 3176 or.

95 3186 296 3282 vitam,
326 3214 391 3267 ut
420 3210 520 3283 qui
553 3186 905 3266 adCtantam-
938 3227 1102 3283 spem
1151 3186 1624 3283 cmlestis-apicis
1655 3217 1745 3268 est
1773 3186 1816 3254 (ἶ
1855 3208 2062 3263 Sancte
2092 3186 2457 3282 Hieronyme,
2491 3227 2574 3266 or.

97 3300 501 3369 devolutus,de
529 3303 632 3354 tua
662 3299 1065 3354 misericordia
1094 3300 1414 3368 conlidens,
1439 3300 1510 3355 ad
1535 3305 1751 3358 aeterna

96 3391 316 3463 gaudia
344 3392 400 3444 te
429 3392 768 3462 protegente
797 3388 1111 3460 perveniat.
1147 3389 1270 3444 Per.

252 3494 409 3535 ΤυΝο
447 3493 738 3533 ιΝαιΡιυΝτ
778 3495 1012 3533 ιΙΤΑΝῙίΕ
1050 3494 1170 3533 CUM
1211 3495 1285 3534 Vll
1327 3496 1586 3536 PSALMIS.

99 3569 288 3642 Kyrie,
321 3566 558 3623 eleison.
593 3565 841 3633 Christe,
873 3565 1112 3622 eleison.

99 3657 261 3716 Pater
294 3657 365 3712 de
395 3654 553 3711 coelis
583 3654 758 3723 Deus,
796 3655 1071 3711 miserere
1102 3654 1292 3710 nobis.

97 3746 193 3801 Fili
223 3744 560 3816 redemptor
590 3743 794 3799 mundi
827 3747 998 3812 Dous,
1025 3744 1157 3800 mis.
1193 3745 1328 3800 nob.

96 3835 344 3907 Spiritus
376 3837 573 3890 sancte
605 3837 776 3901 Deus,
810 3831 942 3889 mis.
978 3833 1112 3888 nob.

95 3926 307 3980 Sancta
334 3922 592 3978 Trinitas
624 3939 778 3978 unus
809 3921 986 3990 Deus,
1021 3922 1152 3979 mis.
1188 3924 1324 3980 nob.

97 4011 308 4070 Sancta
336 4010 538 4074 Maria,
571 4027 673 4066 ora
706 4027 809 4083 pro
841 4011 1028 4068 nobis.

99 4101 306 4158 Sancte
337 4098 607 4168 Michael,
639 4116 725 4155 or.

99 4190 309 4248 Sancte
338 4189 592 4256 Gabriel,
627 4205 712 4244 or.

101 4279 307 4336 Sancte
338 4276 616 4351 Raphael,
650 4295 734 4334 or.

104 4369 313 4426 Sancte
341 4367 594 4424 Joannes
627 4365 906 4440 Baptista,
941 4383 1023 4422 or.

106 4508 240 4560 sam,
275 4496 325 4548 et
352 4508 608 4549 coronam
637 4495 695 4547 in
724 4491 1066 4564 cupitehem
1091 4494 1412 4564 Coyacense
1441 4509 1590 4547 anno
1615 4494 1752 4548 1050

100 4566 397 4645 canone},
428 4580 641 4645 semper
657 4580 903 4645 coronas.
928 4572 1153 4645 aper-tas
1201 4564 1748 4645 lmbeant‘etnbarbas

96 4633 636 4708 radant.Gregorius
657 4635 779 4708 VII,
805 4633 905 4708 qui
928 4633 1036 4708 hoc
1068 4634 1194 4706 ipso
1216 4651 1269 4688 xu
1296 4633 1505 4708 saeculo
1526 4633 1740 4702 floruit,

99 4719 226 4787 cum
264 4704 839 4789 przelgctoSardiniaS
856 4704 1062 4789 insula:
1085 4704 1321 4789 causam
1356 4705 1618 4789 assignat
1638 4722 1745 4789 cur

97 4776 365 4856 episcopo
393 4777 724 4832 Caralitano
747 4777 989 4846 jasserit
1019 4776 1258 4859 barbam
1281 4776 1503 4859 radere;
1537 4778 1744 4860 rescri-

99 4847 176 4902 bit
207 4865 220 4903 :
261 4849 321 4905 Ut
359 4850 570 4904 scilicet
610 4850 854 4904 ecclesiae
898 4848 1266 4904 Occtdentulzs
1305 4849 1547 4903 moi-rbus
1593 4858 1737 4904 ant:-

96 4919 368 4987 quissimis
395 4935 452 4975 se
477 4919 859 4976 accommodet.

163 4989 230 5046 Et
271 4990 557 5062 hortatur,
588 4990 949 5062 praefectum,
1014 4991 1076 5043 ut
1128 4988 1347 5044 clerum
1400 4991 1737 5062 universum

97 5061 401 5118 compellat
448 5061 692 5116 rasitare
723 5061 954 5126 barbas,
998 5064 1373 5115 contumaces
1405 5061 1572 5116 bonis
1603 5078 1736 5126 spo-

97 5127 210 5204 liet,
243 5133 629 5204 Ecclesiaaque
677 5134 816 5187 ﬁsco
869 5131 1181 5204 adjudicet.
1217 5131 1467 5204 Sanctus
1499 5127 1738 5204 Carolus

99 5203 441 5275 Bon-umens
498 5202 636 5272 (Act.
697 5204 837 5275 Eccl.
897 5202 1133 5275 Mediol.,
1193 5203 1738 5275 p_.1061)7praeoipit

94 5271 315 5341 clericis
344 5271 771 5331 observandum
800 5274 996 5329 barbae
1028 5271 1294 5329 radendas
1317 5271 1677 5341 institutum,
1701 5292 1737 5331 a

99 5340 447 5429 Pii-tribusjn
461 5346 703 5429 concilio
724 5343 1162 5429 Carthaginensi
1189 5360 1240 5398 IV
1262 5340 1734 5429 [‘irmatumLQUid

97 5414 271 5486 igitur
302 5418 595 5486 mirum,si
630 5418 737 5472 hoc
767 5414 980 5472 saeculo
1010 5433 1063 5470 xu
1095 5414 1328 5486 quando
1359 5415 1554 5472 barba;
1568 5414 1735 5488 "pro-

96 5481 214 5542 lixas
262 5490 490 5545 vanitas
539 5493 886 5552 excreverat,
937 5485 1454 5560 monachigsteculi
1501 5488 1732 5560 pompis

99 5561 548 5619 contradicentes
579 5561 820 5617 barbam
851 5557 1247 5631 deponerent?

163 5631 272 5712 (28)
301 5633 469 5718 Ritus
500 5632 609 5690 iste
629 5632 698 5690 ad
727 5628 965 5691 dandam
987 5629 1366 5708 penitentiam
1400 5628 1731 5710 vulgatissi-

1857 3297 2066 3352 Sancte
2094 3301 2317 3363 Severe,
2351 3314 2434 3354 or.

1858 3386 2067 3441 Sancte
2084 3385 2336 3454 Nicolae,
2371 3403 2455 3441 or.

1859 3476 2066 3530 Sancte
2099 3475 2233 3543 Leo,
2265 3491 2352 3530 or.

1859 3564 2068 3619 Sancte
2099 3563 2426 3632 Benedicte,
2459 3581 2544 3620 or.

1857 3653 2066 3709 Sancte
2094 3653 2314 3720 Maure,
2347 3671 2432 3710 or.

1855 3744 2063 3797 Sancte
2094 3740 2344 3810 Placide,
2376 3760 2461 3798 or.

1856 3834 2063 3885 Sancte
2093 3829 2428 3899 Philiberte,
2461 3849 2545 3888 or.

1856 3922 2061 3974 Sancte
2091 3918 2469 3988 Columbane,
2505 3938 2590 3977 or.

1858 4007 2066 4062 Sancte
2095 4007 2327 4077 Majole,
2361 4024 2445 4063 or.

1859 4096 2066 4151 Sancte
2097 4094 2277 4164 Galle,
2309 4112 2393 4151 or.

1859 4186 2067 4240 Sancte
2091 4183 2286 4251 Wido,
2319 4201 2405 4240 or.

1860 4274 2073 4330 Sancta
2103 4272 2388 4343 Felicitas,
2424 4291 2509 4330 or.

1855 4366 2070 4419 Sancta
2100 4363 2405 4436 Perpetua,
2436 4380 2518 4420 or.

1862 4504 1998 4543 mus
2028 4491 2117 4543 est
2149 4489 2636 4560 apudhantiquos
2680 4489 3024 4546 monachos.
3076 4491 3391 4552 Sciendum
3423 4501 3511 4553 est

1861 4575 2078 4614 morem
2114 4557 2266 4630 apud
2297 4557 2427 4634 illos
2461 4557 2640 4616 fuisse
2667 4566 2732 4634 ut
2761 4562 3130 4634 quisquis.ad
3155 4563 3338 4622 Deum
3371 4583 3508 4624 con-

1855 4647 2057 4706 versus
2087 4647 2116 4683 e
2145 4629 3257 4706 saeculo,monasteriumingrederetur,
3275 4637 3515 4694 deberet

1855 4701 2018 4780 prius
2047 4717 2169 4780 sua;
2213 4701 2589 4780 conscientia
2634 4701 2931 4780 maculas
2957 4701 3298 4780 monasterii
3332 4709 3511 4780 priori

1851 4771 1934 4826 vel
1968 4772 2162 4826 abbati
2197 4772 2480 4844 detegere,
2514 4778 2570 4828 et
2600 4773 2949 4845 singillatim
3001 4776 3263 4833 conﬁteri
3308 4771 3510 4834 omnia

1852 4848 2088 4914 peccata
2117 4860 2245 4910 sua,
2295 4852 2633 4916 recepturus
2683 4847 3084 4920 penitentiam
3133 4849 3202 4920 ad
3245 4850 3513 4920 praescri-

1849 4922 2013 4990 ptum
2049 4931 2348 4970 sacrorum
2380 4917 2883 4990 canonum.Apu_dA
2900 4917 3510 4990 Carthasianbsjuxta

1849 4986 2122 5059 antiquas
2154 5002 2354 5059 eorum
2388 4985 2566 5059 leges,
2602 5004 2696 5043 mo
2716 4985 2887 5059 nachi
2925 4987 3291 5044 conscientiae
3322 4985 3510 5046 {nani—

1848 5057 2210 5131 feslationem
2245 5056 2555 5131 faciebant,
2587 5075 2701 5131 non
2738 5056 2930 5112 solum
2963 5059 3196 5131 quando
3227 5061 3511 5116 monasti-

1848 5145 1982 5202 cum
2027 5128 2760 5202 habitumsuscipiebant,
2807 5128 3008 5184 verum
3059 5130 3235 5186 etiam
3283 5131 3511 5202 quoties

1847 5199 2006 5270 prior
2066 5199 2632 5272 novusieligebatur.
2678 5200 2757 5256 Ea
2813 5205 3008 5272 tamen
3068 5199 3512 5259 sacramentalis

1844 5271 2131 5327 confessio
2188 5270 2416 5326 videtur
2445 5288 2560 5327 non
2613 5272 2814 5327 fuisse.
2848 5271 2929 5326 De
2985 5271 3096 5328 hac
3151 5288 3211 5327 re
3253 5274 3513 5331 consule

1843 5359 1974 5414 qua
2001 5341 2396 5414 eruditissime
2426 5341 2830 5398 animadvertit
2860 5343 3077 5414 prtesul
3098 5342 3417 5407 Sartius,m
3453 5347 3509 5402 ei

1842 5413 2417 5486 ama_ntissimus,_ir_1
2450 5413 2849 5486 observatione
2877 5429 2974 5486 vni
3013 5413 3086 5470 ad
3134 5420 3310 5486 caput
3341 5418 3391 5479 4,
3450 5435 3508 5486 p.

1842 5435 2306 5474 umanussunus,
2360 5435 2417 5468 1n
2450 5435 2849 5470 Οοδθιννᾱιιοηθ
2879 5435 2974 5468 VIII
3013 5435 3086 5470 an
3134 5435 3310 5486 capur.
3341 5435 3391 5479 4,
3493 5459 3508 5474 .

1842 5485 1930 5551 43,
1965 5484 2339 5557 Vitaasancti
2381 5483 2624 5541 Joannis
2676 5484 3022 5557 Laudensis.
3069 5486 3260 5557 Hujus
3307 5435 3512 5544 dandple

1840 5555 2194 5630 poenitentia
2225 5556 2374 5615 ritus
2408 5573 2524 5614 non
2555 5560 2680 5614 erat
2718 5555 3002 5632 privatus,
3047 5555 3175 5616 sed‘
3216 5557 3506 5642 publicus.
