3982 6172
488 311 605 372 867

487 446 701 500 Sancta
728 439 973 514 Agathe,
1004 455 1088 496 or.

487 534 699 589 Sancta
721 532 934 604 Agnes,
967 546 1051 584 or.

488 623 698 676 Sancta
725 618 970 686 Caecilia,
1003 634 1085 673 or.

490 710 703 765 Sancta
731 706 925 773 Lucia,
959 722 1042 761 or.

488 799 701 854 Sancta
727 794 979 861 Justina,
1014 809 1098 848 or.

489 887 702 943 Sancta
728 882 1058 947 Anastasia,
1091 898 1175 937 or.

488 976 701 1030 Sancta
728 971 957 1039 Savina,
982 987 1069 1026 or.

485 1065 700 1119 Sancta
730 1059 1034 1129 Columba,
1069 1076 1153 1115 or.

486 1152 704 1208 Sancta
734 1150 1010 1215 Barbara,
1042 1165 1127 1203 or.

486 1241 704 1295 Omnes
728 1238 940 1305 sancti,
974 1253 1058 1292 or.

488 1327 779 1401 Pmpitius
812 1331 958 1393 esto,
988 1342 1179 1397 parce.

486 1419 575 1473 Ab
604 1416 765 1472 omni
800 1414 972 1482 malo,
1006 1414 1208 1470 libera.

485 1507 573 1564 Ad
603 1504 836 1561 insidiis
867 1501 1103 1571 diaboli,
1132 1502 1233 1557 lib.

486 1597 533 1651 A
562 1592 821 1668 periculo
851 1592 1079 1657 mortis,
1115 1591 1215 1645 lib.

487 1686 534 1740 A
559 1680 961 1756 persecutione
991 1679 1233 1747 inimici,
1270 1677 1371 1734 lib.

487 1774 535 1828 A
565 1769 813 1845 peccatis
839 1769 1060 1837 multis,
1094 1767 1195 1823 lib.

488 1861 575 1916 Ab
604 1860 764 1917 omni
794 1858 1133 1925 tentatione,
1158 1856 1260 1912 lib.

489 1949 577 2005 Ab
600 1948 761 2006 omni
793 1947 1122 2018 iniquitate,
1162 1944 1264 2000 lib.

488 2039 574 2093 Ab
605 2037 764 2093 omni
796 2034 1194 2100 immunditia,
1229 2033 1333 2089 lib.

490 2130 536 2182 A
567 2126 873 2182 subitanea
902 2127 1110 2191 morte,
1144 2123 1247 2178 lib.

491 2217 538 2270 A
567 2214 833 2287 gehenna
864 2212 1038 2285 ignis,
1062 2212 1164 2267 lib.

493 2304 827 2360 Misericors
852 2303 1025 2368 Deus,
1058 2305 1113 2356 te
1141 2316 1434 2374 rogamus.

493 2392 844 2463 Redemptor
863 2390 1091 2456 mundi,
1125 2395 1180 2446 te
1208 2405 1330 2462 reg.

492 2481 848 2547 Peccatores,
881 2483 937 2534 te
968 2495 1091 2551 rog.

493 2568 567 2624 Ut
596 2585 797 2641 pacem
822 2567 991 2623 nobis
1023 2567 1226 2631 dones,
1261 2568 1313 2621 te
1345 2581 1465 2637 reg.

494 2655 801 2711 Utveniam
820 2653 1162 2709 delictorum
1184 2657 1518 2708 nostrorum
1542 2650 1709 2706 nobis
1722 2650 1924 2717 dones,
1942 2653 1999 2705 te
2014 2664 2138 2720 rog.

494 2743 567 2798 Ut
593 2742 822 2797 veniam
854 2741 1203 2813 poenitentiae
1235 2741 1404 2796 nobis
1435 2740 1637 2809 dones,
1668 2744 1725 2794 te
1756 2755 1876 2811 rog.

494 2830 567 2886 Ut
595 2829 1101 2901 compunctionem
1134 2827 1324 2883 cordis
1355 2828 1525 2883 nobis
1556 2828 1755 2892 dones,
1786 2831 1842 2883 te
1874 2843 1993 2899 rog.

495 2923 569 2975 Ut
593 2918 810 2972 fontem
838 2916 1228 2989 laerymarum
1261 2917 1431 2973 nobis
1460 2917 1664 2987 dones,
1693 2919 1751 2971 te
1780 2931 1897 2987 rog.

493 3006 568 3062 Ut
597 3004 811 3061 mentis
841 3005 1230 3061 constantiam
1254 3004 1422 3061 nobis
1448 3005 1649 3071 dones,
1685 3010 1739 3060 te
1768 3019 1887 3075 reg.

493 3095 565 3150 Ut
593 3094 999 3150 remissionem
1030 3098 1398 3166 peccatorum
1432 3094 1602 3149 nobis
1631 3094 1835 3158 dones,
1867 3097 1922 3147 te
1943 3107 2065 3164 rog.

1673 300 1863 363 SEO.
1905 294 1984 361 X1
2028 291 2344 385 MONUM.
2390 290 2701 357 LITURG.

2162 431 2219 497 Α
2248 428 2387 484 tiam
2420 424 2637 481 famulo
2669 428 2789 488 tuo,
2832 426 2888 477 et
2939 418 3292 476 medicinam
3341 415 3531 472 tribue
3573 412 3905 475 vulnerato,

2168 1798 2217 1862 B

3766 279 3903 343 eos

2250 522 2314 573 ut
2342 514 2575 572 exclusa
2605 510 3004 568 dominatione
3034 506 3277 582 peccati,
3317 504 3516 562 liberis
3545 502 3653 559 tibi
3690 501 3909 558 menti-

2246 606 2357 660 bus
2383 602 2718 659 famuletur.
2746 600 2871 655 Per.

2317 694 2441 747 Alia
2470 692 2665 748 oratio.
2702 689 2917 744 Praesta
2941 684 3206 753 Domine,
3241 697 3603 755 quaesumus,
3643 678 3789 735 huic
3822 680 3910 733 fa-

2247 780 2409 837 mulo
2437 785 2538 835 tuo
2562 778 2643 834 ill.
2677 778 2863 850 dignae
2910 772 3260 848 poenitentiae
3292 773 3568 835 fructum,
3608 773 3676 823 ut
3708 766 3915 823 Eccle-

2248 870 2346 925 siae
2374 875 2489 925 tuae
2521 871 2752 936 sanctae,
2787 882 2821 920 a
2850 864 3019 935 cujus
3067 861 3402 934 integritate
3445 857 3744 932 peccando
3790 854 3913 912 dis-

2248 958 2447 1025 cessit,
2505 958 2578 1013 ad
2636 957 2765 1026 ejus
2804 951 3149 1026 mysterium
3199 948 3429 1005 veniam
3492 944 3913 1018 consequendo

2248 1048 2529 1103 reddatur
2558 1045 2860 1099 innocens.
2897 1041 3022 1097 Per.

2461 1138 2667 1190 lNlelT
2698 1145 3108 1188 POENITENTIUM
3141 1145 3286 1183 γεω.
3315 1140 3688 1181 CREDULITAS.

2320 1223 2519 1280 Credis
2549 1222 2608 1277 in
2639 1222 2823 1277 Deum
2847 1220 3078 1275 Patrem
3112 1217 3571 1289 omnipotentem
3604 1216 3661 1269 et
3688 1210 3904 1266 Filium

2250 1319 2309 1371 et
2339 1312 2623 1385 Spiritum
2655 1308 2968 1366 sanctum?
3002 1309 3061 1377 Ii}.
3094 1306 3300 1362 Credo.

2319 1401 2519 1457 Credis
2541 1400 2692 1471 quod
2720 1399 2844 1453 ista:
2881 1405 2995 1451 tres
3023 1391 3603 1467 personae,quomodo
3620 1389 3905 1455 diximus,

2251 1493 2416 1548 Pater
2447 1494 2504 1545 et
2532 1487 2713 1545 Filius
2744 1491 2802 1542 et
2831 1485 3084 1558 Spiritus
3106 1486 3345 1539 sanctus
3370 1485 3489 1537 tres
3511 1480 3652 1547 sint,
3674 1482 3737 1533 et
3755 1492 3905 1534 unus

2248 1580 2448 1637 Deus?
2481 1580 2540 1645 ii).
2573 1576 2774 1632 Credo.
3736 1611 3740 1614 .

2317 1668 2517 1726 Credis
2564 1665 2718 1738 quod
2771 1664 2885 1719 ista
2914 1678 3088 1718 carne
3122 1661 3181 1715 in
3214 1676 3331 1732 qua
3380 1673 3534 1713 nunc
3566 1659 3659 1712 est
3688 1656 3753 1711 in
3782 1654 3912 1727 ipsa

2246 1758 2491 1816 habebis
2522 1756 2907 1827 resurgere,et
2935 1750 3190 1823 recipere
3228 1748 3347 1805 sive
3377 1747 3548 1813 bona,
3579 1744 3700 1801 sive
3732 1742 3909 1808 mala,

2250 1864 2377 1920 quae
2409 1843 2621 1918 egisti?
2654 1845 2711 1911 ii).
2742 1841 2939 1896 Credo.

2319 1936 2422 1990 Vis
2453 1932 2744 1989 dimittere
2769 1929 2889 1985 illis
2920 1927 3018 2000 qui
3050 1926 3108 1981 in
3138 1931 3194 1983 te
3234 1926 3645 1999 peccaverunt,
3677 1920 3907 1977 dicente

2251 2024 2544 2081 Domino:
2596 2021 2654 2076 Si
2714 2036 2830 2074 non
2886 2014 3230 2071 remiseritis
3286 2011 3628 2069 hominibus
3668 2013 3906 2082 peccata

2248 2119 2442 2170 vestra
2460 2113 2488 2167 ?
2515 2114 2552 2181 ii,
2586 2109 2850 2165 Dimitte.

2322 2203 2381 2258 Si
2413 2202 2485 2257 de
2516 2196 2923 2257 criminalibus
2956 2193 3209 2267 peccatis
3240 2190 3514 2264 peccasti,
3544 2188 3656 2243 hoc
3685 2191 3777 2243 est
3806 2203 3902 2241 su-

2250 2291 2473 2364 perbia,
2508 2286 2904 2359 sacrilegium,
2937 2280 3344 2350 homicidium,
3376 2276 3753 2344 adulterium,
3788 2276 3905 2331 fur-

2249 2387 2398 2448 tum,
2426 2378 2656 2468 papina,
2689 2374 2778 2431 vel
2806 2374 2919 2430 alia
2950 2389 3075 2444 quae
3116 2370 3490 2425 dinumerare
3517 2365 3765 2438 longum
3795 2368 3902 2428 est,

2250 2453 2490 2525 sanctus
2520 2482 2655 2538 ergo
2688 2461 2909 2519 Paulus
2937 2466 2994 2517 et
3014 2457 3380 2532 Augustinus
3397 2459 3455 2511 et
3475 2454 3572 2511 alii
3596 2453 3787 2509 sancti
3815 2453 3909 2508 Pa-

2250 2563 2368 2614 tres
2398 2556 2881 2628 eomputaverunt
2910 2549 3034 2605 ﬁeri
3074 2565 3178 2621 pro
3224 2546 3320 2602 his
3351 2544 3545 2617 largas
3582 2541 3905 2613 eleemosy-

2250 2664 2379 2712 nas,
2412 2652 2468 2701 et
2494 2645 2664 2716 longo
2698 2647 2957 2712 tempore
2979 2636 3297 2711 jejunium.
3325 2632 3528 2690 Clerici
3553 2649 3583 2688 v
3613 2629 3907 2698 ann.;dia—

2250 2736 2379 2791 coni
2429 2751 2536 2798 vn;
2571 2729 2891 2803 presbyteri
2922 2746 2957 2783 x
2990 2745 3002 2795 ;
3038 2723 3309 2781 monachi
3352 2739 3466 2789 vn;
3499 2719 3760 2794 episcopi
3806 2735 3903 2773 xu.

2248 2825 2304 2879 Si
2338 2824 2394 2877 in
2428 2820 2848 2877 consuetudine
2881 2816 3073 2882 fuerit,
3107 2814 3357 2869 addatur
3386 2809 3748 2885 pcenitentia.

2321 2914 2461 2967 Tum:
2510 2913 2762 2965 cantetur
2808 2921 3039 2963 oremus.
3103 2901 3484 2973 Omnipotens
3540 2896 3905 2970 sempiterne

2252 3000 2528 3072 l)eus,qui
2563 2997 2887 3054 secundum
2920 3010 3194 3066 magnam
3228 2986 3691 3046 misericordiam
3732 2990 3902 3040 tuam

2246 3095 2483 3163 peccata
2509 3086 2918 3161 pcenitentium
2949 3081 3192 3147 deles,et
3214 3080 3270 3134 in
3298 3083 3356 3134 te
3405 3074 3787 3150 sperantibus
3810 3089 3902 3129 ce-

491 3184 564 3240 Ut
593 3184 664 3240 ad
689 3183 864 3239 vitam
887 3162 1160 3239 aeternam
1178 3199 1285 3238 nos
1300 3180 1904 3255 perduceredigneris,
1924 3185 1980 3236 te
2012 3162 2134 3252 reg.
2167 3162 2210 3229 C
2248 3162 2353 3236 leri
2385 3179 2597 3250 pietate
2629 3173 2944 3241 succurris,
2981 3168 3198 3226 famulo
3248 3173 3349 3223 tuo
3380 3165 3492 3231 ill.,
3534 3178 3901 3234 quaesumus,

491 3272 564 3329 Ut
594 3289 700 3328 nos
730 3271 1003 3328 exaudire
1033 3271 1314 3344 digneris,
1347 3262 1403 3327 te
1426 3289 1550 3344 rog.

492 3360 596 3417 Fili
629 3360 744 3428 Dei,
777 3364 834 3416 te
856 3376 1131 3432 rogamus
1162 3360 1297 3415 audi
1330 3376 1438 3416 nos
1456 3360 1606 3429 (bis).

487 3452 690 3522 Agnus
720 3449 842 3515 Dei,
878 3448 978 3520 qui
1008 3449 1164 3505 tollis
1195 3453 1433 3520 peccata
1463 3448 1690 3512 mundi,
1732 3464 1924 3520 parce.

487 3541 686 3611 Agnus
717 3537 836 3597 Dei.
869 3537 968 3609 qui
994 3535 1153 3592 tollis
1182 3541 1417 3609 peccata
1446 3537 1672 3603 mundi,
1707 3536 1936 3592 exaudi.

489 3628 689 3699 Agnus
720 3624 842 3692 Dei,
876 3625 976 3696 qui
1010 3623 1170 3680 tollis
1200 3629 1439 3696 peccata
1468 3624 1700 3692 mundi,
1732 3624 2032 3680 miserere.

491 3714 718 3770 Christe
748 3713 885 3770 audi
920 3729 1027 3769 nos
1051 3713 1201 3781 (bis).

490 3802 663 3875 Kyrie
694 3801 908 3858 eleison
941 3802 1087 3872 (ter).
1121 3801 1290 3857 Pater
1319 3805 1534 3857 noster.

563 3892 741 3964 Capit.
775 3892 892 3963 Ego
951 3889 1089 3957 dixi,
1144 3889 1408 3958 Domine,
1458 3907 1622 3946 sana.
1678 3891 1824 3959 Fiat,
1876 3890 2140 3957 Domine,

491 3978 886 4037 misericordia
914 3982 1034 4035 tua.
1083 3978 1610 4045 Quemadmodum.
1653 3979 1919 4047 Domine,
1952 3983 2143 4035 averte

490 4069 696 4126 faciem
754 4074 938 4125 tuam.
976 4069 1042 4123 Et
1083 4069 1277 4124 omnis
1336 4068 1637 4140 iniquitas.
1687 4069 1967 4125 Converte
2015 4084 2141 4134 nos,

490 4158 646 4216 Deus
665 4158 958 4214 salutaris.
990 4158 1057 4213 Et
1087 4162 1276 4214 averte
1298 4156 1468 4213 iram.
1500 4156 1762 4225 Domine,
1797 4157 2145 4213 exaudiora-

489 4248 733 4303 tionem.
769 4248 835 4301 Et
864 4244 1086 4301 clamor
1103 4246 1577 4318 meus.Exsurge,
1611 4245 1876 4312 Domine,
1909 4245 2139 4316 adjuva.

491 4336 562 4390 Et
583 4333 767 4391 libera
796 4351 924 4390 nos.
964 4334 1247 4390 Dominus
1273 4333 1599 4390 vobiscum.
1634 4334 1702 4388 Et
1737 4349 1874 4388 cum
1931 4332 2143 4405 spiritu

491 4426 612 4477 tuo.

2252 3267 2655 3324 remissionem
2689 3262 2954 3320 omnium
3004 3262 3394 3332 peccatorum,
3427 3254 3641 3322 tribue,
3684 3255 3745 3306 et
3769 3254 3904 3305 vota

2250 3356 2513 3428 placatus
2563 3366 2819 3415 assume,
2873 3363 3083 3404 renova
3128 3345 3185 3400 in
3243 3360 3328 3410 eo,
3390 3339 3656 3414 piissime
3717 3337 3902 3403 Pater,

2251 3425 2535 3517 quidquid
2570 3446 2799 3497 terrena
2850 3435 3164 3510 fragilitate
3210 3434 3551 3503 corruptum
3596 3431 3707 3493 est,
3740 3425 3907 3498 quid-

2250 3514 2389 3607 quid
2417 3514 2706 3588 diabolica
2735 3524 3103 3582 immissione
3130 3520 3432 3583 violatum,
3457 3517 3762 3579 miserere,
3794 3514 3904 3569 Do-

2253 3624 2429 3692 mine,
2465 3619 2793 3693 gemituum
2825 3615 2973 3687 ejus,
3008 3612 3284 3668 miserere
3315 3607 3736 3679 laerymarum,
3759 3602 3907 3658 utde

2252 3727 2496 3768 mnarore
2521 3710 2578 3763 in
2601 3706 2884 3781 gaudium
2907 3720 3010 3776 per
3028 3706 3191 3757 tuam
3218 3693 3682 3754 misericordiam
3708 3697 3906 3748 trans-

2252 3802 2490 3856 feratur.
2528 3777 2649 3854 Per.
3710 3826 3719 3831 .
3816 3777 3834 3792 '

2323 3889 2561 3945 Secreta.
2588 3886 2744 3941 Deus
2775 3881 3168 3954 omnipotens,
3204 3881 3353 3931 Deus
3387 3869 3910 3937 misericors,Deus

2252 3978 2530 4040 clemens,
2562 3972 2662 4046 qui
2717 3968 3144 4043 indulgentiam
3174 3971 3338 4021 tuam
3378 3960 3540 4017 nulla
3567 3964 3907 4046 temporum

2252 4067 2378 4139 lege
2400 4044 2720 4123 concludis,
2755 4059 2988 4130 suscipe
3018 4072 3218 4129 preces
3250 4058 3308 4110 et
3335 4050 3581 4117 hostias,
3614 4063 3767 4120 quas
3798 4044 3906 4100 tibi

2253 4170 2355 4226 pro
2386 4150 2751 4224 indulgentia
2783 4146 2986 4203 famuli
3014 4144 3098 4200 tui
3135 4141 3566 4204 ill.deferimus,
3599 4140 3666 4191 ut
3692 4139 3753 4197 et
3774 4150 3905 4207 pee—

2252 4246 2513 4298 catorum
2546 4223 2597 4296 ei
2640 4238 2868 4295 veniam
2917 4233 3249 4291 misericors
3288 4227 3580 4303 largiaris,
3626 4228 3684 4281 et
3711 4223 3905 4279 cordis

2252 4332 2379 4403 ejus
2410 4334 2564 4385 recta
2595 4326 2883 4384 desideria
2913 4321 3154 4394 implere
3185 4316 3463 4392 digneris.
3498 4316 3624 4370 Per.

2323 4417 2776 4476 Poswommunio.
2809 4414 2983 4481 Deus,
3033 4409 3135 4482 qui
3184 4403 3596 4463 misericordia
3643 4405 3757 4457 tuae
3816 4416 3906 4471 pe

564 4510 769 4564 Oratio.
803 4509 1043 4576 Exaudi,
1078 4509 1338 4578 Domine,
1373 4525 1574 4581 preces
1620 4512 1872 4577 nostras,
1897 4513 1955 4564 et
1998 4525 2141 4565 con-
2173 4527 2218 4592 ι)
2252 4510 2397 4566 tenli
2425 4507 2640 4564 auxilio
2671 4510 2727 4561 et
2757 4516 3035 4575 prospera
3078 4497 3312 4563 tribuis,
3349 4498 3406 4550 et
3434 4494 3680 4549 adversa
3708 4487 3903 4560 depel-

598 4600 607 4606 .
699 4596 734 4606 ..
772 4597 827 4606 -..
859 4597 870 4606 .
937 4596 959 4606 .-
1099 4595 1111 4606 ε
1203 4601 1213 4606 .
1749 4596 1784 4606 ..
1921 4600 1929 4606 .
2250 4598 2287 4606 -.
2467 4597 2478 4606 .
2715 4593 2728 4606 ι
2792 4596 2801 4606 .
2927 4590 2937 4606 ι
3187 4583 3400 4606 ιο-..---ι,
3436 4586 3534 4606 1..-...
3578 4578 3635 4606 ;11
3696 4578 3903 4606 ..λεῖοι-ν

490 4596 735 4653 vertenti
766 4597 874 4651 tibi
932 4595 1154 4652 famulo
1197 4601 1297 4652 tuo
1346 4578 1517 4669 parce
1565 4596 1841 4669 peccatis,
1875 4600 1939 4652 ut
1964 4612 2140 4669 quem
2173 4578 2216 4592 u
2250 4598 2345 4663 lis,
2380 4597 2651 4653 universa
2678 4590 3001 4658 obstacula,
3027 4604 3154 4660 quae
3186 4583 3404 4641 famulo
3436 4586 3537 4637 tuo
3578 4578 3661 4634 ill.
3696 4578 3906 4633 adver-

492 4684 861 4747 conscientiie
893 4703 1013 4742 suae
1058 4689 1254 4742 reatus
1304 4689 1560 4752 accusat,
1612 4684 1982 4759 indulgentia
2026 4689 2140 4741 tua:

493 4774 888 4831 miserationis
916 4773 1198 4830 absolvat.
1233 4776 1359 4830 Per.

562 4863 689 4919 Alia
720 4865 916 4919 oratio.
962 4862 1115 4918 Deus
1163 4862 1265 4935 qui
1308 4862 1571 4918 omnium
1603 4863 2005 4919 confitentium
2038 4862 2144 4918 tibi

493 4953 669 5008 corda
699 4951 997 5024 puriﬁcas,
1030 4955 1087 5006 et
1115 4954 1485 5007 accusantem
1518 4967 1686 5006 suam
1727 4951 2143 5007 conscientiam

493 5042 565 5099 ab
596 5039 753 5097 omni
784 5039 1016 5096 vinculo
1045 5038 1373 5112 iniquitatis
1426 5037 1697 5105 absolvis,
1730 5038 1804 5094 da
1834 5037 2143 5113 indulgen-

566 5220 677 5345 (r29)
716 5218 1059 5301 ᾼροδῐοΙὶοεε
1106 5218 1439 5300 traditionis
1487 5220 1577 5273 est
1628 5214 1981 5271 sacriﬁcium
2040 5231 2143 5287 pro

596 5295 788 5345 unctis
817 5291 1023 5345 offerre
1080 5290 1276 5345 (BONA.
1336 5289 1438 5344 llb.
1501 5305 1559 5345 η.
1619 5302 1670 5341 c.
1725 5288 1813 5345 15,
1874 5303 1933 5340 n.
1992 5287 2047 5345 4)
2088 5291 2143 5342 et

493 5287 788 5373 defunctis
817 5291 1023 5373 oﬂ'enrre
1080 5290 1276 5362 (BONA.
1336 5289 1438 5344 lib.
1500 5305 1559 5373 ii,
1595 5302 1670 5368 .c.
1725 5288 1933 5373 15,mn.
1992 5287 2047 5373 4‘)
2088 5291 2147 5342 et

495 5360 641 5415 Aetii
693 5377 856 5416 error
913 5362 1023 5416 fuit
1087 5355 1299 5432 negare
1365 5356 1716 5415 sacriﬁcium
1782 5355 2141 5412 offerendum

498 5446 627 5510 esse
658 5446 759 5510 pr_o
779 5501 789 5510 ι
809 5432 970 5510 ipsis,
1007 5438 1088 5510 ut,
1118 5432 1321 5510 scribit
1350 5427 2012 5510 Epiphanius-.(Hzeres.n
2030 5429 2140 5501 75).

501 5496 675 5584 liitus'
701 5496 916 5584 deinde
943 5496 1186 5559 invaluit
1225 5496 1473 5584 sacrit-[If
1498 5496 2147 5584 faciendigpro‘defunc-

497 5569 578 5633 tis
627 5586 744 5629 non
800 5575 1029 5632 tantum
1084 5591 1287 5636 eorum
1342 5573 1437 5632 die
1492 5568 1798 5632 emortuali
1857 5574 1914 5629 et
1955 5569 2145 5648 sepul-

2252 4690 2476 4753 santur,
2511 4698 2788 4756 expurga,
2823 4684 2881 4734 et
2911 4675 3150 4733 remotis
3200 4668 3624 4730 tentationibus
3669 4666 3906 4721 univer-

2255 4776 2339 4832 sis
2379 4773 2671 4829 indefessa
2688 4769 2791 4825 tibi
2815 4767 3137 4840 gratiarum
3163 4762 3385 4819 actione
3415 4758 3656 4815 laudare
3682 4770 3905 4811 melea-

2254 4868 2369 4918 tur.
2404 4862 2527 4917 Per.

2575 4946 2686 5018 (29)
2728 4960 2892 5000 mssa
2932 4960 2988 4998 m
3043 4959 3134 4997 me
3175 4949 3581 4995 usposmoms.

2325 5039 2502 5103 Deus,
2533 5036 2623 5092 cui
2658 5032 2961 5106 proprium
2994 5036 3083 5088 est
3125 5027 3391 5085 misereri
3422 5038 3656 5095 semper
3683 5022 3742 5076 et
3767 5035 3901 5092 par-

2252 5219 2417 5278 turaa,
2450 5226 2652 5283 verum
2685 5210 2874 5283 etiam
2910 5208 3003 5263 die
3036 5205 3351 5283 tricesima,
3402 5200 3678 5283 septima,
3708 5196 3902 5283 tertia,

2252 5266 2739 5341 etianniversaria
2782 5279 2978 5335 obitus
3023 5266 3385 5333 eorumdem.
3418 5266 3523 5328 Hic
3570 5286 3688 5326 non
3720 5266 3905 5341 habe-

2255 5339 2525 5436 mus.nisi
2557 5352 2770 5433 missas
2814 5353 2874 5405 in
2901 5350 2989 5404 die
3043 5348 3420 5436 depositionis,
3854 5341 3908 5393 et

2251 5430 2311 5483 in
2350 5412 2734 5481 anniversaria
2779 5438 2915 5476 cum
2976 5412 3227 5492 propriis
3274 5412 3739 5492 praefationibus,
3785 5413 3907 5489 tam

2257 5480 2803 5575 dieidepositiouis,
2841 5480 3017 5575 quam
3066 5480 3481 5575 anniversaria.
3529 5480 3915 5575 raturatox-li‘us

2253 5551 2495 5647 (Ἇὶιιὶᾳδ
2534 5565 2698 5626 medi:
2769 5551 2874 5624 aevi
2945 5570 2985 5622 ι.
3068 5565 3161 5631 IV,
3237 5559 3447 5621 disser.
3526 5556 3621 5629 55)
3698 5551 3909 5615 multis
