3982 6162
91 301 245 364 869
1300 303 2025 369 SACRAMENTARIUM
2071 303 2357 398 verus.
3406 309 3528 368 870

95 452 275 501 cere,
295 433 660 508 tesuppliees
685 437 1068 510 deprecamur
1099 455 1202 510 pro
1236 439 1431 494 anima
1463 439 1661 494 famuli
1688 440 1769 494 tui
1803 445 1855 506 Α
1889 457 2195 512 corporum
2231 444 2546 513 reparator,
2582 440 2680 513 qui
2715 445 2768 496 te
2799 458 2833 497 a
2861 439 3265 512 peccatoribus
3303 442 3528 498 exorari

93 522 206 578 ill.
233 539 410 596 quam
441 523 613 580 hodie
646 525 716 580 de
745 525 853 581 hoc
885 526 1095 582 smculo
1128 528 1381 602 migrare
1422 528 1675 599 jussisti,
1710 533 1774 584 ut
1880 527 2138 606 voluisti,
2164 530 2372 585 exaudi
2397 546 2615 602 preces,
2639 547 2787 601 quas
2820 528 3058 602 speciali
3089 529 3391 586 devotione
3424 548 3527 603 pro

97 629 240 668 non
263 613 462 669 tradas
485 630 614 669 eam
634 615 693 670 in
718 632 928 671 manus
958 616 1202 685 inimici,
1229 621 1286 672 et
1309 633 1378 673 ne
1411 617 1772 674 obliviscaris
1883 615 2080 670 anima
2097 615 2299 671 famuli
2322 617 2404 671 tui
2427 615 2506 671 ill.
2525 616 3097 690 tibilacrymabiliter
3114 619 3439 687 fundimus,
3467 623 3531 674 ut

93 700 182 757 in
212 701 413 772 ﬁnem,
431 703 531 760 sed
546 704 760 775 jubeas
777 722 906 760 eam
931 723 964 760 a
982 705 1201 762 sanctis
1225 705 1447 780 angelis
1469 707 1689 780 suscipi
1718 712 1776 763 et
1882 703 2128 760 liberare
2145 722 2274 761 eam
2297 707 2367 761 ab
2391 706 2753 762 infernorum
2779 706 3150 774 cruciatibus,
3169 711 3225 763 et
3246 706 3529 764 collocare

95 793 193 845 ad
227 791 480 864 patriam
512 794 768 865 paradisi
801 794 1061 866 perduci,
1097 799 1161 851 ut
1192 795 1290 868 qui
1324 797 1382 850 in
1413 799 1469 851 te
1501 797 1772 868 speravit,
1883 794 2036 848 inter
2065 794 2302 854 agmina
2361 800 2699 850 sanctorum
2761 800 2994 848 tuorum
3056 795 3339 867 digneris,
3372 800 3529 852 veste

93 883 177 936 et
203 881 468 947 credidit,
493 899 606 937 non
634 900 833 954 poenas
856 883 1066 940 inferni
1089 884 1396 956 sustineat,
1429 885 1530 940 sed
1563 883 1777 957 gaudia
1885 898 2120 953 quoque
2150 882 2387 948 cmlesti,
2423 886 2479 936 et
2521 882 2729 937 stolam
2765 881 3222 938 immortalitatis
3253 883 3440 950 indui,
3474 889 3530 940 et

95 974 343 1026 aeterna
370 971 690 1042 possideat.
727 971 850 1028 Per.
1886 969 2140 1042 paradisi
2173 971 2505 1028 amoenitate
2537 971 2846 1027 confovcri.
2881 971 3003 1027 Per.

193 1058 428 1114 Secreta.
463 1059 801 1132 Propitiare,
839 1077 1201 1132 quazsumus,
1244 1059 1507 1128 Domine,
1567 1061 1775 1116 anima:
1954 1060 2080 1113 Atia
2135 1061 2331 1114 oratio.
2367 1065 2538 1126 Deus,
2586 1060 2685 1132 qui
2745 1060 3139 1115 humanarum
3198 1059 3527 1118 animarum

99 1146 525 1202 famulituiill.
549 1166 653 1221 pro
677 1167 793 1222 qua
814 1148 919 1205 tibi
951 1150 1206 1205 hostiam
1238 1149 1778 1218 immolamus,ma—
1886 1152 2138 1204 aeternus
2196 1152 2423 1204 amator
2452 1166 2534 1218 es,
2570 1150 2827 1203 animum
2875 1148 3080 1203 famuli
3111 1148 3195 1203 tui
3233 1148 3316 1204 ill.
3350 1166 3528 1220 quam

87 1237 394 1307 jestatem
425 1241 586 1293 tuam
617 1237 963 1311 suppliciter
991 1240 1390 1312 deprecantes,
1425 1243 1492 1294 ut
1519 1257 1621 1312 per
1659 1239 1777 1295 haec
1884 1253 2040 1304 vera,
2076 1237 2216 1292 dum
2273 1237 2334 1292 in
2393 1255 2633 1310 corpore
2682 1243 2962 1303 maneret,
3005 1237 3193 1293 tenuit
3248 1237 3432 1307 ﬁdes;
3456 1239 3530 1294 ab

101 1325 231 1397 piae
265 1325 610 1398 placationis
643 1327 835 1383 ofﬁcia
867 1328 1165 1400 pervenire
1210 1332 1503 1383 mereatur
1559 1329 1628 1383 ad
1689 1345 1775 1384 re-
1886 1324 2046 1380 omni
2072 1326 2332 1381 cruciatu
2361 1326 2679 1381 inferorum
2707 1327 2879 1381 redde
2903 1331 3210 1394 extorrem,
3241 1331 3306 1382 ut
3336 1343 3529 1400 segre-

100 1415 324 1486 quiem
351 1416 789 1488 sempiternam.
821 1416 943 1471 Per.
1887 1417 2081 1480 gatam
2102 1415 2173 1469 ab
2202 1415 2586 1470 infernalibus
2611 1415 2904 1481 claustris,
2939 1419 3276 1470 sanctorum
3310 1433 3529 1472 merea-

190 1505 484 1575 Prae/‘atio.
512 1505 742 1560 {Eterne
774 1505 950 1573 Deus,
980 1505 1080 1578 qui
1112 1505 1470 1579 benignitate
1527 1506 1780 1579 gratuita
1887 1505 1984 1556 tur
2013 1504 2271 1558 adunare
2304 1503 2630 1558 consortiis.
2668 1504 2790 1558 Per.

100 1593 532 1670 peccatoribus
579 1592 835 1666 largiens
874 1594 1124 1661 veniam,
1161 1596 1496 1667 praeparasti
1531 1596 1777 1651 mortuis
1960 1593 2089 1646 Item
2120 1593 2234 1647 alia
2263 1595 2458 1647 oratio.
2493 1593 2710 1648 Delicta
2733 1593 3059 1663 juventutis
3086 1596 3142 1647 et
3170 1593 3530 1665 ignorantias

99 1680 329 1748 vitam,
367 1698 440 1736 ne
471 1681 695 1738 diutius
725 1686 945 1738 teneret
979 1683 1035 1738 in
1068 1700 1240 1755 poena
1270 1700 1416 1755 quos
1449 1684 1777 1740 misericor-
1893 1679 2194 1735 famulitui
2219 1680 2301 1734 ill.
2325 1697 2394 1736 ne
2423 1682 2780 1746 memineris,
2805 1681 3059 1747 Domine,
3077 1682 3177 1736 sed
3204 1683 3529 1738 secundum

102 1769 222 1825 dia
245 1768 553 1826 liberasset
582 1786 648 1824 ex
681 1769 871 1843 culpa.
899 1770 1028 1826 Tibi
1077 1787 1236 1844 ergo,
1262 1771 1519 1832 Domine.
1555 1771 1776 1844 suppli-
1809 1809 1855 1872 Β
1890 1785 2161 1842 magnam
2202 1769 2662 1825 misericordiam
2687 1776 2847 1824 tuam
2884 1786 3108 1825 memor
3136 1774 3260 1825 esto
3283 1769 3443 1826 illius
3472 1772 3530 1825 in

103 1875 220 1916 ces
246 1875 444 1932 preces
464 1859 961 1926 etl‘undimus,tibi
988 1859 1190 1914 famuli
1213 1859 1297 1914 tui
1325 1859 1404 1914 ill.
1425 1860 1683 1916 animam
1719 1865 1775 1916 et
1812 1855 1855 1872 "
1887 1855 2002 1912 vita
2025 1855 2310 1913 claritatis
2344 1863 2478 1924 tuae,
2504 1859 2842 1930 aperiantur
2869 1859 2916 1912 ei
2958 1858 3106 1924 cmli,
3130 1858 3401 1915 laetentur
3429 1877 3531 1916 an-

105 1947 403 2020 spiritum
433 1949 939 2014 commendamus,
972 1953 1038 2003 ut
1068 1952 1333 2020 receptus
1363 1949 1514 2003 inter
1542 1950 1778 2023 agmina
1887 1945 2021 2019 geli,
2046 1945 2106 2000 in
2131 1963 2375 2019 regnum
2407 1951 2599 2010 tuum.
2626 1947 2888 2014 Domine,
2914 1963 3145 2002 servum
3176 1951 3344 2004 tuum
3397 1937 3544 2006 sus?

104 2035 629 2103 sanctorum,loca
649 2037 871 2092 nesciat
900 2037 1239 2093 inferorum.
1261 2037 1414 2092 Nihil
1437 2037 1519 2092 illi
1551 2045 1774 2107 noceat,
1888 2034 2034 2106 cipe.

106 2126 393 2192 Domine,
409 2126 695 2198 quidquid
719 2125 1046 2180 attrahente
1068 2125 1263 2180 carnis
1291 2125 1602 2198 fragilitate
1620 2143 1775 2182 com-

111 2213 314 2284 misit,
348 2219 449 2269 aut
479 2215 632 2287 quod
665 2215 935 2270 humanas
967 2213 1310 2286 cupiditatis
1353 2216 1776 2270 consuetudine

107 2307 509 2377 pergravatus
549 2309 705 2374 actu,
731 2303 904 2358 verbo
950 2303 1038 2358 vel
1092 2303 1441 2376 cogitatione
1498 2305 1774 2376 peccavit,

112 2395 230 2450 sed
275 2409 516 2449 securus
575 2393 818 2464 vestigia
867 2391 1183 2448 Salvatoris
1241 2393 1498 2465 patiatur
1550 2393 1778 2448 inﬁnita

113 2481 439 2538 dulcedine
492 2485 548 2537 et
603 2481 910 2554 prmsentia
965 2480 1242 2537 veritatis.
1297 2481 1777 2554 Redemptionem

115 2587 365 2644 quoque
386 2570 646 2642 corporis
671 2570 761 2625 sui
785 2571 1178 2626 commonitus
1205 2570 1552 2625 ﬁducialiter
1581 2587 1779 2644 exspe-

117 2659 611 2732 ctare,quidquid
631 2659 836 2715 habuit
857 2659 1020 2731 prius
1043 2659 1099 2714 in
1139 2659 1269 2727 ﬁde,
1295 2666 1688 2731 consequatur
1720 2661 1776 2715 in

113 2740 396 2805 'munere.
431 2748 536 2803 Per
564 2747 880 2803 Christum.

199 2839 660 2892 Postcommunio.
708 2837 942 2902 Praesta,
990 2851 1352 2906 quaesumus,
1404 2835 1667 2905 Domine,
1715 2841 1780 2892 ut

123 2927 334 2982 anima
355 2924 559 2980 famuli
582 2924 666 2979 tui
690 2923 796 2989 ill.,
821 2941 950 2996 quas
980 2924 1152 2980 hodie
1183 2925 1254 2978 de
1286 2924 1394 2979 hoc
1428 2925 1638 2980 saeculo
1671 2925 1779 2981 mi-

124 3015 344 3089 gravit,
376 3013 470 3070 his
519 3013 822 3070 sacriﬁciis
863 3014 1188 3086 puriﬁcata,
1222 3019 1278 3068 et
1307 3030 1340 3068 a
1369 3015 1622 3084 peccatis
1656 3032 1779 3070 om-

122 3105 311 3160 nibus
367 3103 653 3175 expedita,
679 3102 1101 3174 indulgentiam
1139 3103 1356 3172 pariter
1385 3107 1439 3158 et
1467 3103 1648 3158 vitam
1682 3121 1777 3160 ca-

122 3194 256 3266 piat
286 3192 733 3265 sempiternam.
769 3191 895 3247 Per.

203 3280 410 3337 Deinde
455 3288 737 3353 sequatur.
771 3280 940 3352 Kyrie
995 3279 1234 3335 eleison.
1269 3279 1495 3335 Christe
1540 3280 1781 3337 eleison.

127 3371 328 3443 Kyrie,
353 3373 461 3426 etc.
498 3369 780 3425 Dominus
813 3369 1138 3425 vobiscum.

211 3460 415 3516 Oratio.
476 3457 629 3526 Tibi,
685 3457 943 3524 Domine,
996 3457 1480 3513 commendamus
1525 3458 1783 3515 animam

131 3545 345 3604 famuli
378 3545 464 3602 tui
507 3546 589 3601 ill.
625 3551 688 3601 ut
718 3546 1028 3600 defunctus
1061 3563 1094 3601 a
1125 3545 1333 3601 saeculo
1367 3545 1468 3604 tibi
1517 3547 1694 3615 vivat,
1727 3552 1785 3602 et

127 3636 182 3692 si
209 3652 327 3708 qua
347 3634 719 3708 fragilitatem
741 3635 1049 3688 mundanae
1073 3635 1532 3690 conversationis
1550 3639 1784 3706 peccata

126 3723 395 3798 admisit,
427 3729 492 3778 tu
551 3723 722 3778 venia
771 3721 1332 3778 misericordissima:
1363 3721 1596 3794 pietatis
1650 3724 1782 3779 abs-

127 3819 312 3886 terge.
347 3813 473 3868 Per.
1167 3856 1169 3860 .
1485 3809 1488 3812 ’

206 3903 336 3957 Atia
392 3902 584 3956 oratio.
649 3901 780 3967 Fac,
841 3916 1200 3972 quaesumus,
1286 3900 1551 3967 Domine,
1634 3901 1784 3956 hanc

128 4008 273 4047 cum
302 4007 464 4047 servo
495 3994 594 4046 tuo
625 3989 707 4044 ill.
742 3989 1202 4045 misericordiam
1234 3994 1299 4044 ut
1331 3991 1613 4045 factorum
1648 4007 1782 4046 suo-

129 4097 270 4136 rum
304 4080 361 4135 in
386 4079 570 4152 pomis
592 4095 707 4134 non
739 4077 980 4150 recipiat
1001 4077 1205 4146 vicem,
1228 4078 1326 4149 qui
1350 4081 1512 4134 tuam
1545 4079 1603 4133 in
1633 4079 1783 4135 votis

123 4169 326 4224 tenuit
374 4167 757 4232 voluntatem,
792 4170 855 4222 ut
884 4166 1036 4222 sicut
1064 4183 1200 4222 eum
1231 4183 1366 4223 vera
1415 4168 1560 4224 ﬁdes
1584 4169 1785 4240 junxit

128 4256 398 4313 ﬁdelium
431 4255 663 4323 turmis,
689 4257 769 4312 ita
825 4272 958 4312 eum
993 4255 1112 4310 illic
1141 4258 1244 4311 tua
1274 4255 1572 4312 miseratio
1603 4257 1784 4313 societ

127 4345 420 4419 angelicis
451 4345 664 4401 choris.
692 4345 813 4400 Per.

207 4435 332 4490 Atia
363 4435 557 4491 oratio.
577 4433 702 4488 Non
722 4433 905 4488 intres
925 4433 980 4486 in
1001 4431 1295 4503 judicium
1328 4449 1458 4488 cum
1476 4449 1639 4488 servo
1658 4437 1779 4503 tuo,

128 4522 406 4591 Domine,
448 4521 727 4594 quoniam
781 4520 979 4576 nullus
1037 4521 1192 4593 apud
1252 4524 1308 4576 te
1356 4521 1782 4592 justiﬁcabitur
1814 4538 1858 4602 ι)

128 4613 339 4677 homo,
373 4611 485 4667 nisi
519 4627 621 4682 per
650 4614 706 4666 te
747 4610 1011 4666 omnium
1071 4614 1439 4681 peccatorum
1491 4609 1786 4666 tribuatur

127 4700 574 4756 remissio.Non
605 4715 762 4771 ergo,
794 4715 927 4754 eum
961 4703 1082 4762 tua,
1114 4697 1784 4770 quaesumus,judicialis

128 4787 432 4844 sententia
476 4793 722 4860 premat,
763 4804 938 4859 quem
969 4786 1074 4842 tibi
1105 4803 1240 4842 vera
1271 4785 1618 4859 supplicatio
1651 4787 1783 4842 fidei

131 4875 487 4933 Christiana:
523 4877 917 4944 commendat,
943 4876 1042 4931 sed
1083 4875 1270 4948 gratia
1300 4879 1398 4931 tua
1429 4875 1511 4930 illi
1546 4893 1783 4931 succur-

133 4969 304 5021 rente
321 4969 615 5021 mereatur
629 4963 1180 5033 evaderejudicium
1209 4963 1468 5032 ultionis,
1503 4965 1784 5035 qui,dum

132 5053 450 5123 adviveret,
485 5054 804 5126 insignitus
835 5058 924 5108 est
965 5051 1268 5125 signaculo
1326 5058 1542 5108 sanctae
1595 5053 1784 5108 Trini-

131 5143 303 5198 tatis.
337 5142 459 5198 Per.

209 5232 344 5287 Item
373 5233 491 5288 alia
509 5233 706 5288 oratio.
740 5231 917 5296 Deus,
947 5228 1074 5286 vitae
1105 5229 1276 5284 dator
1306 5232 1363 5284 et
1391 5229 1785 5286 humanorum

132 5371 352 5446 probat
370 5373 650 5446 exemplis
663 5373 1066 5446 antiquitatem
1087 5371 1234 5446 ritus
1257 5370 1785 5446 anniversariorum

135 5441 557 5517 emortualiuni
581 5441 821 5501 dierum
841 5461 944 5517 pro
961 5443 1270 5517 defunctis.
1295 5441 1670 5517 Desideratur
1693 5444 1787 5499 hic

135 5516 327 5588 missa
356 5533 460 5588 pro
490 5513 1044 5588 commemoratione
1075 5513 1785 5588 ﬁdeliumdefunctorum

137 5586 237 5646 die
263 5583 524 5648 secunda
551 5587 916 5658 Novembris,
941 5602 1066 5662 que
1090 5585 1199 5646 fuit
1227 5583 1500 5650 instituta
1529 5603 1562 5647 a
1583 5592 1786 5647 saneto

2235 2139 2548 2178 ABSOLUTIO
2587 2141 2772 2179 SUPER
2811 2141 3174 2180 SEPULCRUM.

1960 2211 2020 2265 In
2051 2228 2119 2266 ea
2151 2216 2434 2283 potestate
2451 2211 2534 2266 vel
2561 2212 2904 2267 auctoritate
2929 2212 3193 2284 ﬁdentes,
3213 2230 3388 2286 quam
3423 2215 3532 2270 Do-

1888 2300 2087 2355 minus
2121 2305 2321 2355 noster
2349 2299 2522 2355 Jesus
2553 2300 2817 2355 Christus
2847 2301 3014 2356 beato
3047 2302 3212 2356 Petro
3273 2303 3535 2375 apostolo

1887 2389 2092 2444 tribuit
2118 2388 2317 2443 dicens
2339 2389 2765 2460 :Quodeunque
2789 2389 3063 2460 ligaveris
3088 2407 3265 2462 super
3299 2395 3532 2460 terram,

1887 2477 1996 2533 erit
2049 2476 2297 2549 ligatum
2330 2469 2387 2532 et
2441 2478 2502 2531 in
2562 2476 2738 2542 cmlis,
2775 2481 2830 2532 et
2861 2478 3250 2550 quodcunque
3294 2478 3532 2536 solveris

1889 2583 2064 2638 super
2093 2570 2329 2630 terram,
2363 2565 2472 2620 erit
2511 2563 2770 2620 solutum
2799 2569 2854 2620 et
2893 2565 2949 2619 in
2981 2566 3138 2621 caelis
3167 2583 3180 2621 :
3215 2567 3285 2621 Et
3314 2568 3536 2624 caeteris

1885 2655 2030 2710 dixit
2068 2653 2675 2725 discipuliszouorum
2699 2654 3044 2709 remiseritis
3088 2660 3322 2727 peccata
3341 2657 3535 2712 remit-

1889 2749 2096 2798 tuntur
2115 2744 2219 2799 eis.
2241 2745 2534 2808 Quantum
2562 2741 2732 2798 nobis
2751 2743 3103 2815 permissum
3129 2748 3237 2811 est,
3271 2744 3342 2800 ab
3375 2745 3534 2800 omni

1888 2832 2118 2887 vinculo
2140 2836 2505 2903 peccatorum
2527 2831 2888 2886 absolvimus
2908 2835 2983 2898 te,
3008 2834 3071 2886 ut
3092 2831 3378 2904 quidquid
3398 2849 3536 2889 sua-

1890 2923 2062 2977 dente
2082 2920 2312 2976 diabolo
2339 2921 2637 2976 voluntate
2669 2925 2772 2975 aut
2803 2920 3134 2991 operatione
3165 2921 3534 2992 commisisti,

1891 3015 2176 3081 quantum
2199 3009 2314 3064 Dco
2342 3009 2657 3078 adjuvante
2677 3026 3015 3080 possumus,
3049 3013 3276 3063 tantum
3309 3010 3413 3065 tibi
3446 3010 3535 3065 in-

1891 3097 2224 3170 dulgemus,
2242 3101 2304 3151 ut
2325 3098 2506 3151 fracta
2528 3097 2598 3152 dc
2619 3096 2879 3151 collotuo
2903 3097 3167 3150 omnium
3189 3096 3534 3153 delictorum

1817 3174 1860 3239 C
1894 3191 2100 3241 catena
2121 3184 2267 3240 liber
2297 3190 2352 3240 et
2382 3184 2688 3239 absolutus
2717 3185 2917 3238 venias
2946 3189 3077 3239 ante
3109 3184 3368 3240 tribunal
3417 3186 3534 3242 Do-

1897 3274 2039 3330 mini
2063 3273 2246 3329 nostri
2263 3273 2399 3328 Jcsu
2423 3272 2713 3327 Christiin
2758 3273 2877 3327 vita
2923 3276 3157 3336 aeterna,
3194 3277 3533 3345 recepturus

1893 3364 1964 3418 ab
1983 3363 2110 3435 ipso
2130 3362 2527 3416 hmreditatem
2550 3359 2800 3415 cmlestis
2833 3359 2991 3432 regni
3025 3364 3082 3414 et
3103 3360 3228 3415 sine
3251 3361 3364 3417 ﬁne
3390 3377 3535 3434 gau-

1894 3453 2070 3508 dendi
2101 3451 2158 3505 in
2194 3450 2411 3507 saecula
2431 3449 2797 3504 saeculorum.
2831 3451 3035 3504 Amen.

1963 3541 2167 3596 Dehinc
2190 3556 2292 3612 pro
2346 3540 2596 3595 omnibus
2647 3541 2707 3594 in
2763 3537 2974 3593 Christo
3032 3539 3430 3610 quiescentibus
3476 3541 3537 3594 in

1893 3630 2074 3684 eodem
2135 3631 2451 3697 cremeterio,
2486 3627 2636 3682 Psal.
2670 3643 2791 3682 cum
2837 3627 3050 3698 antiph.
3087 3626 3242 3696 Dele,
3272 3627 3534 3697 Domine,

1892 3717 2232 3790 iniquitates
2251 3733 2473 3772 eorum.
2495 3717 2645 3771 Psal.
2665 3715 2938 3772 Miserere
2965 3715 3097 3786 mei,
3124 3721 3296 3785 Deus,
3329 3733 3534 3773 secun-

1892 3807 2055 3861 dum.
2087 3805 2254 3861 Pater
2276 3809 2491 3860 noster.
2515 3805 2585 3860 Et
2616 3821 2686 3860 ne
2723 3821 2848 3860 nos.
2872 3809 2919 3858 Α
2955 3809 3122 3876 porta
3150 3805 3341 3862 inferi.
3363 3807 3534 3874 Erue,

1892 3894 2154 3961 Domine,
2187 3894 2416 3949 animas
2447 3909 2671 3949 eorum.
2695 3893 2978 3949 Dominus
3007 3893 3329 3950 vobiscum.

1965 3985 2166 4040 Oratio.
2201 3982 2376 4054 Deus,
2410 3983 2580 4052 cujus
2611 3981 2985 4036 miseratione
3015 3981 3226 4036 animas
3264 3980 3528 4037 ﬁdelium

1891 4073 2286 4145 requiescunt,
2303 4069 2538 4126 famulis
2555 4075 2612 4125 et
2631 4071 2747 4125 fam
2758 4069 2965 4126 ulabus
2985 4069 3123 4136 tuis,
3153 4069 3240 4126 vel
3260 4070 3535 4128 omnibus

1892 4162 1985 4216 hic
2009 4162 2062 4216 in
2096 4159 2322 4216 Christo
2372 4159 2831 4231 quiescentibus,
2863 4159 2937 4213 da
2967 4158 3256 4231 propitius
3302 4158 3533 4216 veniam

1891 4253 2281 4324 peccatorum,
2299 4251 2412 4303 uta
2428 4247 2654 4303 cunctis
2673 4247 2930 4303 reatibus
2953 4246 3206 4303 absoluti
3236 4247 3362 4302 sine
3420 4247 3534 4304 ﬁne

1892 4339 2182 4395 laetentur.
2215 4338 2338 4393 Per.

1962 4427 2352 4500 Requiescant
2382 4425 2441 4480 in
2473 4441 2632 4498 pace.
2665 4426 2868 4480 Amen.

2392 4531 2558 4570 MISSA
2597 4531 2657 4569 IN
2693 4529 3021 4570 TRICESIMO.

1963 4604 2611 4673 Quaesumus,Domine,
2633 4602 2850 4658 famulo
2874 4607 2972 4658 tuo
2996 4601 3076 4658 ill.
3113 4604 3284 4675 cujus
3314 4603 3546 4660 tricesi-.

1896 4710 2058 4747 mum
2092 4693 2194 4762 (vel
2226 4692 2567 4762 septimum,
2601 4691 2681 4745 vel
2711 4691 2969 4763 tertium)
3004 4692 3200 4748 obitus
3257 4691 3350 4747 sui
3382 4693 3537 4748 diem

1894 4795 2443 4842 commemoramus,
2470 4783 2806 4834 sanctorum
2838 4783 3011 4850 atque
3042 4779 3359 4834 electorum
3400 4784 3535 4834 tuo-

1895 4883 2023 4921 rum
2056 4864 2322 4936 largiaris
2381 4863 2759 4931 consortium,
2793 4870 2850 4920 et
2884 4882 3071 4920 rorem
3124 4865 3537 4921 misericordias

1894 4961 2008 5010 tua?
2037 4953 2308 5026 perennis
2339 4952 2635 5008 infundas.
2672 4954 2798 5008 Per.

1967 5044 2198 5098 Secreta.
2258 5043 2492 5109 Adesto,
2548 5041 2810 5110 Domine,
2846 5041 3372 5115 supplicationibus
3431 5059 3534 5098 no-

1896 5133 2055 5203 stris,
2073 5137 2130 5187 et
2173 5130 2323 5186 hanc
2358 5127 2730 5194 oblationem,
2751 5146 2928 5202 quam
2973 5130 3077 5185 tibi
3126 5128 3425 5186 offerimus
3463 5129 3535 5186 ob

1895 5222 2050 5277 diem
2074 5219 2457 5292 depositionis
2490 5218 2769 5274 tricesimi
2802 5219 2905 5289 (vel
2935 5217 3191 5292 septimi,
3225 5218 3307 5274 vel
3337 5217 3534 5290 tertii),

1896 5364 2138 5420 Odilone
2169 5363 2378 5418 abbate
2409 5361 2774 5416 Cluniacensi
2823 5378 2975 5416 anno
3033 5362 3319 5416 duntaxat
3378 5363 3534 5418 1040.

1895 5436 2003 5502 Qui
2023 5435 2171 5490 ritus
2194 5434 2250 5488 in
2277 5433 2608 5489 universam
2631 5431 2945 5488 Eeclesiam
2966 5433 3304 5504 pontiﬁcum
3336 5441 3536 5489 anulo-

1896 5509 2068 5563 ritate
2101 5506 2220 5578 fuit
2241 5510 2441 5578 postea
2473 5510 2850 5578 propagatus,
2885 5509 2948 5560 ut
2979 5505 3220 5564 adnotat
3258 5505 3536 5568 Baronius

1896 5581 2041 5658 (Not.
2074 5577 2143 5637 ad
2173 5575 2646 5652 Ma‘rtyrotfdie'2
2673 5575 2862 5656 Nov.).
