3982 6172
402 262 516 324 871

1589 255 1774 322 SIEC.
1822 254 1901 316 ΧΙ
1947 249 2260 315 MONUM.
2306 251 2618 315 LITURG.

3684 243 3819 304 872

401 412 506 470 pro
528 395 726 452 anima
763 393 965 450 famuli
996 393 1081 450 tui
1119 392 1204 448 ill.
1238 390 1504 462 placatus
1537 405 1602 444 ac
1632 388 1921 460 benignus
1953 403 2043 442 as-
2073 386 2128 453 Α
2158 390 2213 440 et
2241 385 2508 451 credidit,
2542 388 2820 440 aeternum
2875 382 3066 455 capiat
3094 385 3149 438 te
3191 381 3505 439 miserante
3559 397 3816 440 consor-

399 501 590 542 sume.
623 485 748 540 Per.

466 575 924 630 Postcommunia.
949 570 1332 640 Omnipotens
1357 567 1714 638 sempiterne
1732 569 1903 629 Deus,
1927 562 2042 619 col-

396 662 586 719 locare
610 661 851 732 dignare
883 660 1141 715 animam
1169 656 1369 712 famuli
1403 654 1488 710 tui
1522 654 1630 720 ill.,
1663 655 1832 725 cujus
1863 652 2043 723 depo-

395 749 627 808 sitionis
669 749 822 804 diem
855 747 1221 804 tricesimum
1255 746 1362 816 (vel
1387 743 1640 816 septium
1671 743 1754 797 vel
1782 740 2043 811 tertium)

395 840 779 904 celebramus,
823 837 882 892 in
932 836 1161 893 sinibus
1208 833 1472 901 Abrahzc,
1527 833 1686 888 Isaac
1730 835 1788 886 et
1839 829 2041 896 Jacob,

393 932 460 984 ut
487 944 620 984 cum
679 927 805 983 dies
861 925 1179 998 agnitionis
1207 928 1322 979 tua:
1369 920 1685 988 advenerit,
1720 919 1874 974 inter
1901 936 2042 974 san-

391 1022 516 1074 ctos
547 1017 760 1073 electos
793 1019 924 1071 tuos
955 1031 1087 1071 eum
1124 1011 1460 1070 resuscitari
1495 1009 1816 1083 praecipias.
1841 1009 1965 1064 Per.

838 1137 1008 1177 MISSA
1051 1137 1110 1175 ῙΝ
1147 1132 1584 1174 ANNIVERSARIO.

461 1230 698 1295 Priesta,
723 1244 1087 1298 quaesumus,
1112 1226 1380 1291 Domine,
1407 1228 1470 1279 ut
1497 1222 1696 1278 anima
1727 1219 1929 1278 famuli
1953 1219 2037 1275 tui

389 1318 680 1390 ill.,cujus
694 1315 1156 1375 anniversarium
1182 1311 1565 1386 depositionis
1597 1310 1752 1368 diem
1783 1325 2037 1365 comme-

387 1423 710 1475 moramus,
743 1403 1174 1477 indulgentiam
1207 1401 1424 1475 pariter
1453 1404 1511 1456 et
1542 1398 1802 1471 requiem
1847 1397 2039 1471 capiat

389 1497 830 1568 sempiternam.
864 1494 989 1550 Per.

457 1586 692 1640 Secreta.
727 1583 1066 1656 Propitiare,
1102 1580 1343 1636 Domine
1369 1577 1900 1651 supplicationibus
1935 1593 2034 1631 no-

386 1673 527 1729 stris
568 1689 671 1744 pro
711 1671 909 1726 anima
939 1668 1142 1725 famuli
1175 1668 1257 1724 tui
1290 1668 1398 1734 ill.,
1434 1668 1604 1738 cujus
1635 1665 1806 1720 hodie
1837 1681 2034 1719 annua

385 1762 480 1817 die
524 1760 739 1832 agitur,
760 1777 864 1831 pro
913 1775 1029 1830 qua
1059 1758 1163 1813 tibi
1196 1757 1494 1812 offerimus
1525 1753 1877 1810 sacriﬁcium
1911 1751 2034 1808 lau-
2066 1756 2113 1821 B

385 1850 498 1916 dis,
522 1853 588 1904 ut
615 1865 744 1904 eam
778 1851 1113 1904 sanctorum
1162 1850 1400 1901 tuorum
1460 1843 1680 1900 sociare
1738 1842 2032 1898 consortio

387 1937 665 2011 digneris.
699 1936 826 1992 Per.

457 2027 741 2098 Prw/aiio.
776 2025 854 2096 (f)
890 2023 996 2079 Per
1047 2022 1341 2078 Christum
1387 2020 1699 2076 Dominum
1741 2024 2027 2087 nostrum,

388 2132 493 2187 per
522 2131 698 2187 quem
735 2112 896 2169 salus
928 2111 1157 2179 mundi,
1192 2128 1294 2184 per
1325 2126 1498 2181 quem
1543 2109 1660 2165 vita
1701 2109 2028 2174 hominum,

384 2220 487 2277 per
517 2220 692 2276 quem
726 2201 1076 2257 resurrectio
1126 2203 1514 2265 mortuorum,
1547 2215 1648 2271 per
1696 2198 1890 2271 ipsum
1950 2201 2026 2264 te,

388 2293 645 2359 Domine,
679 2289 1020 2364 suppliciter
1049 2290 1454 2362 deprecamur,
1486 2293 1551 2343 ut
1582 2287 1788 2342 animae
1823 2287 2029 2342 famuli

381 2383 466 2437 tui
517 2381 624 2451 ill.,
673 2381 843 2452 cujus
890 2378 1045 2435 diem
1115 2377 1581 2434 anniversarium
1642 2376 2028 2444 celebramus,

384 2469 811 2543 indulgentiam
845 2467 1042 2540 largiri
1074 2465 1334 2538 digneris
1378 2469 1742 2538 perpetuam,
1774 2469 1946 2535 atque
1995 2481 2030 2520 a

383 2559 666 2632 contagiis
685 2554 1061 2613 mortalitatis
1081 2559 1339 2619 exutam,
1369 2554 1425 2608 in
1445 2557 1668 2608 aeternae
1686 2552 2027 2608 salvationis

381 2653 608 2719 partem
641 2645 915 2701 restituas
945 2661 1078 2700 cum
1113 2641 1358 2716 angelis.
1394 2643 1460 2696 Et
1483 2641 1629 2697 ideo.

453 2737 792 2794 Communia.
821 2734 1086 2805 Suscipe,
1124 2732 1367 2788 Domine
1399 2745 1598 2802 preces
1631 2733 1860 2785 nostras
1921 2747 2024 2802 pro

380 2826 580 2882 anima
613 2822 815 2879 famuli
863 2823 950 2878 tui
1010 2819 1117 2888 ill.,
1153 2821 1323 2891 cujus
1354 2820 1506 2874 diem
1560 2818 2022 2874 anniversarium

383 2913 555 2971 hodie
571 2911 956 2976 celebramus,
994 2913 1055 2964 ut
1083 2908 1132 2965 si
1164 2925 1290 2980 qua:
1323 2907 1374 2964 ei
1399 2907 1638 2963 maculae
1670 2907 1742 2962 de
1778 2907 2024 2963 terrenis

381 3002 664 3076 contagiis
688 2997 1462 3066 adhzeserunt,remissionis
1481 3001 1594 3052 tua:
1627 2996 2024 3052 misericordia

379 3091 703 3150 deleantur.
737 3094 862 3146 Per.

875 3211 1044 3252 MISSA
1083 3211 1193 3250 PRO
1232 3209 1520 3249 EPISCOPO.

450 3306 625 3372 Deus,
659 3303 760 3376 qui
817 3301 969 3362 inter
999 3300 1349 3374 apostolicos
1373 3299 1706 3355 sacerdotes
1737 3297 2022 3354 famulum

378 3401 548 3451 tuum
567 3393 676 3458 ill.,
699 3390 1019 3464 pontificali
1041 3389 1226 3445 fecisti
1250 3388 1535 3462 dignitate
1565 3388 1777 3459 vigere,
1792 3392 2020 3459 praesta,

378 3497 741 3555 quaesumus,
772 3482 837 3535 ut
861 3495 1064 3534 eorum
1091 3494 1324 3550 quoque
1356 3479 1634 3549 perpetuo
1676 3479 2026 3547 aggregetur

379 3568 694 3626 consortio.
714 3569 841 3624 Per.

449 3658 685 3713 Secreta.
718 3654 983 3726 Suscipe.
1019 3652 1277 3719 Domine,
1303 3668 1660 3723 quaesumus,
1694 3667 1797 3724 pro
1827 3650 2025 3707 anima

381 3744 586 3805 famuli
619 3745 704 3800 tui
736 3743 1014 3816 episcopi,
1043 3757 1188 3814 quas
1221 3740 1521 3796 offerimus
1550 3739 1792 3807 hostias,
1828 3743 1892 3795 ut
1928 3741 2022 3795 cui

382 3837 441 3892 in
474 3835 583 3891 hoc
616 3831 828 3890 sicculo
860 3829 1216 3887 sacerdotale
1247 3828 1477 3886 donasti
1518 3829 1815 3898 meritum,
1844 3830 2024 3885 dones

380 3930 436 3982 et
467 3923 796 3998 prmmium.
832 3921 955 3977 Per.

452 4014 793 4070 Communia.
827 4009 1165 4083 Propitiare,
1200 4008 1465 4075 Domine,
1496 4006 2026 4080 supplicationibus

377 4103 598 4158 nostris
649 4106 705 4157 et
763 4100 1022 4156 animam
1082 4097 1289 4153 famuli
1346 4097 1431 4152 tui
1491 4095 1747 4168 episcopi
1807 4095 1915 4160 ill.,
1966 4095 2024 4149 in

378 4191 640 4246 vivorum
694 4189 928 4262 regione
976 4187 1210 4243 aeternis
1266 4185 1498 4258 gaudiis
1552 4185 1765 4257 jubeas
1795 4183 2023 4239 sociari.

383 4279 510 4334 Per.

908 4381 1077 4418 MISSA
1119 4378 1227 4416 PRO
1267 4377 1501 4416 ΑΒΒΑἸῈ.

2153 475 2322 530 tium.
2354 474 2477 529 Per.

2615 579 2787 618 MISSA
2826 577 2937 616 PRO
2976 577 3316 616 SACERDOTE.

2227 654 2395 715 Deus,
2431 649 2598 720 cujus
2625 647 3036 704 misericordiae
3069 664 3182 704 non
3231 652 3321 704 est
3351 663 3658 718 numerus,
3693 667 3805 706 su-

2151 737 2309 810 scipe
2339 754 2442 810 pro
2474 739 2669 794 anima
2699 735 2902 792 famuli
2959 735 3065 804 ill.,
3099 737 3418 792 sacerdotis
3457 753 3662 808 preces
3695 756 3804 794 no-

2150 832 2396 892 stras,et
2415 826 2605 883 lucem
2623 827 2675 882 ei
2699 825 2912 882 laetitia:
2931 826 2988 881 in
3023 826 3258 898 regione
3287 831 3626 883 sanctorum
3659 832 3802 884 tuo-

2151 933 2282 970 rum
2305 918 2642 972 societatem
2670 917 2937 971 concede.
2974 915 3100 971 Per.

2221 1005 2454 1061 Secreta.
2495 1005 2724 1060 Hostias
2769 1004 2897 1070 tibi,
2947 1004 3212 1071 Domine,
3253 1003 3445 1060 laudis
3489 1005 3796 1063 offerimus

2148 1111 2251 1166 pro
2273 1093 2470 1150 anima
2493 1092 2695 1148 famuli
2718 1094 2803 1148 tui
2827 1093 3167 1161 sacerdotis,
3190 1097 3256 1148 ut
3286 1109 3415 1149 eam
3449 1093 3510 1148 in
3540 1110 3791 1151 numero

2149 1183 2408 1238 fidelium
2442 1187 2675 1238 tuorum
2708 1181 2807 1237 lux
2832 1186 3046 1238 azterna
3069 1182 3382 1254 possideat.
3417 1182 3543 1238 Per.

2220 1271 2557 1328 Communia.
2591 1270 2691 1326 His
2753 1269 3072 1336 sacrificiis,
3120 1285 3484 1342 quaesumus,
3544 1271 3792 1329 Domine

2149 1365 2316 1425 Deus,
2343 1364 2589 1432 purgata
2610 1359 2806 1414 anima
2830 1357 3034 1414 famuli
3058 1357 3140 1412 tui
3159 1358 3480 1415 sacerdotis
3497 1359 3569 1414 ad
3592 1359 3790 1415 indul-

2144 1449 2401 1522 gentiam
2426 1452 2481 1503 et
2497 1447 2864 1521 refrigerium
2888 1447 3312 1519 sempiternum
3344 1448 3643 1520 pervenire
3663 1465 3783 1504 me-

2145 1542 2356 1593 rcatur.
2389 1539 2514 1593 Per.
3502 1524 3507 1530 ’

2471 1643 2635 1681 MISSA
2676 1641 2786 1681 PRO
2823 1641 3078 1681 OMNIBUS
3118 1641 3444 1681 DBFUNCTIS.

2218 1715 2454 1782 inclina,
2484 1715 2742 1781 Domine,
2768 1731 2964 1769 aurem
2998 1718 3159 1769 tuam
3191 1714 3261 1768 ad
3296 1730 3492 1786 preces
3529 1719 3780 1784 nostras,

2144 1805 2360 1876 quibus
2373 1803 2834 1859 misericordiam
2848 1807 3009 1857 tuam
3029 1801 3372 1875 suppliciter
3381 1803 3781 1876 deprecamur,

2143 1899 2206 1948 ut
2261 1893 2519 1948 animam
2550 1894 2654 1964 (as)
2715 1891 2916 1948 famuli
2977 1892 3199 1963 (lorum)
3229 1892 3314 1947 tui
3361 1893 3624 1964 (tuorum)
3668 1892 3780 1963 ilL,

2141 1999 2317 2054 quam
2343 1983 2444 2052 (as)
2477 1982 2546 2037 de
2577 1981 2685 2036 hoc
2717 1979 2926 2036 saeculo
2958 1980 3211 2053 migrare
3239 1980 3496 2050 jussisti,
3530 1980 3587 2036 in
3621 1983 3782 2053 pacis

2140 2088 2205 2126 ac
2229 2070 2376 2126 lucis
2408 2069 2641 2143 regione
2672 2069 3014 2136 constituas,
3049 2074 3106 2124 et
3152 2073 3489 2125 sanctorum
3541 2074 3777 2127 tuorum

2131 2161 2343 2232 jubeas
2373 2176 2502 2216 esse
2533 2163 2857 2216 consortem
2883 2159 3003 2230 (es).
3037 2159 3162 2214 Per.

2207 2250 2662 2305 Scareta.Annue
2709 2248 2900 2312 nobis,
2955 2248 3216 2316 Domine,
3239 2251 3304 2303 ut
3352 2248 3561 2304 animm
3600 2250 3780 2320 (abas)

2140 2338 2339 2394 famuli
2376 2337 2595 2408 (lorum)
2629 2336 2714 2392 tui
2770 2338 3030 2408 (tuorum)
3061 2335 3169 2403 ill.,
3201 2336 3321 2392 haec
3377 2338 3564 2408 prosit
3618 2339 3780 2395 obla-

2136 2429 2236 2498 tio,
2253 2443 2428 2498 quam
2451 2425 2809 2482 immolando
2831 2426 3011 2482 totius
3035 2426 3236 2481 mundi
3252 2425 3505 2482 tribuisti
3531 2427 3782 2484 relaxari

2135 2515 2363 2572 delicta.
2401 2515 2524 2570 Per.

2208 2606 2548 2660 Communia.
2582 2603 2791 2674 Prosit,
2844 2619 3205 2675 quaesumus,
3256 2604 3516 2671 Domine,
3566 2605 3779 2660 animm

2135 2695 2309 2764 (abus)
2371 2693 2570 2748 famuli
2607 2694 2826 2765 (lorum)
2864 2693 2945 2747 tui
2979 2692 3237 2763 (tuarum)
3270 2691 3376 2760 ill.,
3408 2693 3602 2748 divina
3621 2694 3783 2750 cele-

2135 2783 2322 2838 bratio
2356 2781 2729 2851 sacramenti,
2763 2786 2824 2835 ut
2854 2781 2982 2850 ejus
3016 2781 3073 2835 in
3107 2798 3223 2852 quo
3255 2782 3512 2854 speravit
3542 2784 3782 2854 (verunt)

2132 2878 2186 2928 et
2229 2871 2475 2927 credidit
2521 2870 2762 2940 (derunt)
2808 2870 3148 2925 aeternitatis
3171 2870 3363 2942 capiat
3401 2872 3540 2941 (ani)
3571 2878 3628 2927 te
3659 2873 3774 2928 mi-

2133 2964 2364 3016 serante
2393 2959 2774 3014 consortium.
2810 2957 2928 3015 Per.

2531 3065 2659 3103 ΑΗΔ
2697 3063 2868 3102 MISSA
2908 3063 3018 3101 PRO
3059 3063 3365 3103 DEFUNC’I‘IS

2050 3117 2092 3183 (ἶ
2203 3137 2583 3210 Omnipotens
2615 3136 2967 3208 sempiterno
2999 3136 3172 3201 Deus,
3192 3137 3284 3191 cui
3317 3153 3619 3210 nunquam
3647 3139 3782 3196 sine

2131 3244 2234 3300 spe
2266 3226 2679 3282 misericordiae
2711 3223 3093 3296 supplicatur,
3119 3224 3433 3297 propitiare
3463 3226 3781 3284 animabus

2133 3315 2488 3371 famulorum
2510 3318 2768 3380 tuorum,
2791 3317 2855 3367 ut
2885 3313 2983 3384 qui
3015 3313 3085 3368 de
3117 3313 3225 3369 hac
3252 3314 3370 3369 vita
3399 3314 3483 3368 tui
3518 3316 3781 3374 nominis

2133 3403 2493 3460 confessione
2524 3403 2919 3470 decesserunt,
2953 3407 3289 3458 sanctorum
3323 3419 3566 3460 numero
3597 3404 3782 3462 facias

2132 3492 2457 3566 aggregari.
2487 3492 2610 3546 Per.

2202 3583 2436 3637 Secreta.
2480 3579 2818 3652 Propitiare,
2851 3578 3094 3635 Domine
3153 3596 3516 3650 quaesumus,
3548 3579 3782 3636 anima-

2133 3671 2244 3726 bus
2299 3669 2652 3725 famulorum
2710 3671 2967 3734 tuorum,
3003 3684 3105 3739 pro
3162 3668 3378 3740 quibus
3417 3668 3521 3723 tibi
3554 3668 3783 3726 hostias

2134 3757 2476 3831 placationis
2502 3755 2824 3822 offerimus,
2859 3760 2913 3810 et
2945 3755 3085 3826 quia
3112 3755 3170 3810 in
3202 3755 3310 3811 hac
3342 3755 3633 3812 luce'cum
3666 3757 3788 3812 fide

2135 3850 2480 3903 manserunt
2537 3845 2840 3912 catholica,
2874 3843 2932 3899 in
2967 3845 3162 3900 futura
3203 3845 3322 3900 vita
3352 3846 3436 3901 eis
3467 3846 3784 3902 retributio

2131 3936 2510 3992 condonetur.
2544 3935 2669 3988 Per.

2202 4025 2544 4082 Communia.
2575 4023 2809 4091 Praesta,
2825 4038 3182 4094 quaesumus,
3201 4021 3569 4094 omnipotens
3599 4023 3781 4091 Deus,

2134 4119 2197 4170 ut
2226 4113 2454 4169 animas
2477 4111 2830 4167 famulorum
2855 4115 3088 4167 tuorum
3116 4111 3186 4166 ab
3227 4109 3452 4184 angelis
3499 4110 3647 4168 lucis
3674 4129 3780 4167 su-

2134 4207 2363 4274 sceptas
2385 4201 2442 4256 in
2476 4201 2814 4272 praeparatis
2832 4199 3182 4256 habitaculis
3203 4199 3410 4255 deduci
3444 4201 3626 4256 facias
3655 4201 3792 4256 bea-

2136 4297 2348 4346 torum.
2388 4290 2510 4346 Per.

2438 4395 2608 4435 MISSA
2641 4394 2752 4432 PRO
2793 4394 3104 4433 DEFUNCTIS
3145 4393 3482 4434 FRATRIBUS.

454 4471 608 4526 Deus
642 4468 742 4542 qui
773 4467 1059 4523 famulum
1085 4473 1251 4522 tuum
1275 4465 1691 4522 sacerdotalem
1725 4471 1899 4538 atque
1929 4468 2029 4522 ab-
2065 4481 2108 4545 D
2212 4470 2386 4535 Deus,
2417 4467 2596 4523 venia:
2627 4466 2869 4539 largitor
2897 4471 2953 4521 et
2983 4465 3253 4522 humana:
3285 4467 3492 4522 salutis
3534 4471 3786 4534 amator,

381 4561 577 4615 batem
639 4557 1016 4614 sanctificasti
1045 4557 1347 4611 vocatione
1380 4555 1812 4623 misericordias,
1841 4561 1899 4611 et
1937 4573 2029 4611 as-

381 4647 688 4719 sumpsisti
722 4645 1230 4702 consummatione
1264 4643 1434 4710 felici,
1469 4643 1701 4716 suscipe
1743 4645 2030 4716 propitius

291 4769 293 4771 ι
383 4752 585 4810 preces
601 4738 833 4790 nostras
857 4739 911 4790 et
929 4738 1212 4805 praestant
1241 4737 1297 4787 et
1327 4731 1422 4787 ille
1451 4736 1642 4788 tecum
1676 4733 1751 4788 sit
1783 4733 2028 4801 meritis,

381 4830 440 4882 et
469 4843 503 4881 a
531 4823 704 4880 nobis
737 4840 850 4878 non
888 4824 1117 4878 recedat
1149 4820 1451 4892 exemplis.
1485 4822 1608 4876 Per.

453 4914 686 4970 Secreta.
731 4912 1014 4978 Concede,
1059 4927 1420 4982 quaesumus,
1453 4910 1824 4982 omnipotens
1857 4914 2027 4975 Deus,

383 5008 448 5059 ut
485 5003 684 5059 anima
740 4999 888 5056 servi
946 4999 1031 5054 tui
1083 4999 1310 5053 abbatis
1331 5003 1530 5074 ‘atque
1561 4998 1902 5064 sacerdotis,
1936 4997 2031 5053 cui

385 5090 684 5164 regiminis
737 5094 795 5146 et
847 5088 1156 5145 sacerdotii
1241 5087 1471 5142 donasti
1552 5087 1848 5154 meritum,
1907 5087 2029 5143 haec

384 5184 587 5236 sancta
618 5177 919 5252 mysteria,
954 5192 1080 5248 quae
1115 5175 1220 5231 tibi
1254 5173 1499 5231 fideliter
1527 5175 1900 5242 ministravit,
1918 5180 2026 5231 etc.

389 5267 513 5322 Per.

461 5354 798 5410 Communia.
834 5354 1040 5420 Prosit,
1101 5368 1462 5426 quaisumus,
1522 5350 1783 5420 Domine,
1821 5352 2028 5407 animas

387 5441 589 5497 famuli
649 5443 734 5496 tui
790 5443 1020 5499 abbatis
1057 5448 1235 5514 atque
1265 5439 1584 5496 sacerdotis
1617 5428 2029 5498 misericordia)

387 5536 501 5599 tua
553 5527 861 5613 implorata
889 5530 1214 5603 clementia,
1247 5533 1313 5589 ut
1341 5529 1470 5609 ejus
1522 5525 1582 5587 in
1614 5543 1728 5608 quo
1774 5529 2030 5608 speravit

2141 4575 2481 4630 quaesumus
2511 4555 2881 4612 clementiam
2913 4559 3097 4621 tuam,
3134 4559 3196 4610 ut
3227 4561 3436 4611 nostrae
3468 4571 3787 4628 congrega-

2141 4646 2318 4702 tionis
2341 4647 2567 4708 fratres,
2589 4644 2687 4716 qui
2713 4661 2781 4699 ex
2813 4643 2920 4697 hoc
2951 4643 3162 4698 sarculo
3203 4644 3585 4711 transierunt,
3617 4645 3790 4699 beata

2141 4734 2322 4789 Maria
2364 4749 2596 4804 semper
2624 4731 2844 4803 virgine
2899 4731 3294 4787 intercedente
3344 4748 3478 4787 cum
3510 4731 3790 4788 omnibus

2140 4821 2381 4886 sanctis,
2408 4822 2477 4875 ad
2503 4819 3194 4892 perpetuabeatitudinis
3216 4821 3568 4876 consortium
3590 4835 3787 4894 perve-

2140 4911 2264 4965 nire
2284 4910 2588 4965 conccdas.
2628 4909 2750 4964 Per.

2210 4998 2441 5054 Secreta.
2476 4997 2649 5063 Deus,
2692 4997 2862 5066 cujus
2915 4997 3294 5052 misricordiie
3348 5015 3461 5052 non
3521 5002 3611 5052 est
3667 5014 3788 5052 nu-

2141 5103 2358 5153 merus,
2386 5085 2618 5157 suscipe
2636 5085 2924 5156 prepitius
2948 5101 3146 5156 preces
3168 5085 3519 5140 humilitatis
3551 5090 3789 5152 nostra,

2139 5180 2196 5230 et
2219 5173 2436 5229 animis
2486 5173 2702 5245 quibus
2723 5173 2809 5228 tui
2835 5172 3090 5228 nominis
3121 5173 3333 5230 dedisti
3357 5174 3791 5230 confessionem

2141 5279 2242 5334 per
2263 5262 2382 5317 hzec
2405 5267 2772 5318 sacramenta
2793 5261 3001 5317 salutis
3021 5267 3364 5317 cunctorum
3379 5262 3792 5319 remissionem

2139 5350 2331 5405 tribue
2363 5356 2750 5422 peccatorum.
2787 5350 2910 5403 Per.

2209 5441 2554 5495 Communia.
2594 5439 2769 5506 Deus,
2802 5438 2920 5493 vita
2961 5438 3300 5507 viventium,
3331 5457 3466 5511 spes
3523 5439 3789 5497 morien-

2138 5533 2306 5604 tium,
2341 5527 2503 5589 salus
2535 5527 2799 5588 omnium
2831 5527 2890 5586 in
2919 5531 2974 5589 te
3001 5527 3386 5601 sperantium,
3422 5532 3635 5603 praete
3655 5544 3794 5604 pro-
