3982 6172
178 223 289 285 873

1336 223 2068 291 SACRAMENTARIUM
2104 228 2392 292 VETUS.

3447 228 3569 290 8'74

179 356 352 427 pitius
375 358 438 410 ut
460 354 641 426 hujus
665 355 871 411 animae
895 356 1361 430 congregationis
1383 375 1416 413 a
1436 363 1645 413 nostrae
1670 375 1818 414 mor-
1846 368 1895 430 Α
1924 379 2150 427 xorum,
2175 378 2422 434 quorum
2444 361 3057 417 commemorationem
3082 362 3332 433 agimus,
3358 366 3572 433 etquo-

172 444 408 501 talitatis
437 445 696 501 tenebris
727 446 1025 513 absolutzc,
1061 447 1228 501 beata
1250 446 1435 502 Maria
1456 463 1686 519 semper
1705 449 1814 503 vir-

170 533 299 606 gine
316 533 730 602 intercedente,
760 534 817 590 in
844 539 1126 606 perpetua
1145 552 1279 591 cum
1302 536 1577 591 omnibus
1595 537 1814 592 sanctis

169 622 280 678 tuis
307 622 435 678 luce
464 621 754 678 latentur.
790 622 913 678 Per.

551 727 721 767 MISSA
752 728 861 766 PRO
894 728 1185 767 DEFUNCTA
1220 730 1450 769 FEMINA.

237 800 580 867 Quaasumus
615 843 629 868 ,
663 800 908 856 Domine
940 801 1093 858 Deus
1126 801 1520 873 omnipotens,
1572 818 1677 874 pro
1713 804 1815 859 tua

167 888 663 963 pietatemiserere
689 889 1001 945 animabus
1030 890 1387 946 famularum
1417 895 1674 959 tuarum,
1703 896 1760 946 et
1780 909 1815 947 a

169 978 445 1051 contagiis
478 977 853 1034 mortalitatis
884 985 1086 1035 exutas
1117 980 1175 1034 in
1206 984 1432 1035 aeternas
1475 979 1812 1036 salvationis

170 1075 385 1143 partem
416 1067 676 1123 restitue.
711 1068 836 1122 Per.

236 1158 469 1214 Secreta.
490 1157 589 1213 His
602 1156 926 1226 sacrificiis,
944 1157 1209 1225 Domine,
1226 1174 1588 1229 quaesumus,
1603 1157 1812 1215 animae

170 1245 520 1303 famularum
552 1250 789 1300 tuarum
821 1244 928 1313 ill.,
963 1263 997 1301 a
1022 1245 1275 1318 peccatis
1297 1246 1572 1302 omnibus
1596 1263 1811 1302 exuan-

169 1341 282 1406 tur,
315 1334 439 1391 sine
460 1334 686 1413 [quibus
718 1352 751 1389 a
781 1333 952 1406 culpa
982 1350 1154 1391 nemo
1186 1334 1334 1390 liber
1363 1335 1604 1401 exstitit,
1627 1337 1692 1389 ut
1711 1351 1814 1406 per

167 1425 285 1480 haec
297 1425 403 1497 pias
415 1422 760 1497 placationis
779 1422 971 1479 officia
987 1429 1329 1496 perpetuam
1350 1422 1812 1480 misericordiam

167 1517 614 1585 consequantur.
650 1512 775 1567 Per.

233 1602 679 1659 Postcommunio.
740 1600 1065 1668 Inveniant,
1130 1618 1491 1674 quaesumus,
1542 1602 1807 1668 Domine,

166 1691 370 1746 animm
393 1687 747 1759 famularum
774 1691 1007 1744 tuarum
1032 1687 1137 1757 ill.,
1161 1688 1311 1743 lucis
1333 1694 1557 1744 aeternae
1581 1705 1811 1745 consor-

164 1780 329 1847 tium,
362 1778 533 1849 cujus
565 1776 906 1851 perpetuam
930 1776 1183 1851 gratiam
1208 1782 1532 1834 consecutae
1555 1782 1696 1834 sunt
1715 1794 1807 1833 sa-

165 1868 546 1926 cramentum.
580 1867 705 1922 Per.

459 1973 622 2013 MISSA
653 1958 1033 2011 PLURIMORUM
1065 1971 1507 2010 neruuc'roaum.

235 2043 516 2102 Fidelinm
553 2048 706 2100 Deus
738 2044 1003 2100 omnium
1037 2043 1303 2099 conditor
1349 2050 1404 2099 et
1454 2044 1807 2116 redemptor,

167 2135 473 2191 animabus
485 2133 839 2190 famulorum
860 2132 1333 2204 famularumque
1354 2138 1589 2188 tuarum
1605 2131 1807 2187 remis-

167 2226 386 2280 sionem
418 2228 761 2280 cunctorum
785 2221 980 2277 tribue
1000 2226 1390 2293 peccatorum,
1418 2227 1479 2276 ut
1500 2220 1807 2293 indulgen-

166 2315 325 2386 tiam,
339 2329 515 2386 quam
529 2328 759 2384 semper
770 2314 1138 2384 optaverunt,
1155 2309 1266 2382 piis
1280 2309 1809 2384 supplicationibus

165 2406 615 2470 consequantur.
647 2401 773 2456 Per.

224 2492 463 2547 Secreta.
491 2489 747 2557 Hostias,
780 2486 1142 2560 quasumus,
1192 2487 1450 2552 Domine,
1506 2503 1651 2558 quas
1701 2486 1807 2542 tibi

163 2598 265 2654 pro
296 2580 606 2636 animabus
647 2577 1000 2633 famulorum
1052 2577 1523 2647 famularumque
1572 2579 1807 2631 tuarum

162 2670 268 2737 ill.,
300 2669 621 2736 offerimus,
656 2667 1006 2739 propitiatus
1034 2666 1292 2732 intende,
1322 2670 1385 2719 ut
1428 2664 1646 2735 quibus
1670 2663 1809 2720 ﬁdei

163 2757 505 2815 Christianae
537 2756 811 2812 meritum
844 2754 1166 2823 contulisti,
1194 2755 1375 2810 dones
1399 2759 1456 2808 et
1476 2753 1803 2825 praemium.

165 2850 286 2905 Per.

230 2936 686 2992 Postcommunio.
730 2932 1078 2998 Animabus,
1130 2948 1493 3003 quaesumus,
1540 2931 1804 2999 Domine,

161 3025 518 3082 famulorum
556 3021 1029 3094 famularumque
1059 3027 1294 3077 tuarum
1322 3021 1427 3089 ill.,
1462 3022 1644 3077 oratio
1670 3039 1807 3094 pro-

1924 468 2055 506 rum
2086 467 2327 524 corpora
2359 451 2415 505 in
2443 451 2550 507 hoc
2572 449 2928 507 monasterio
2950 454 3008 505 et
3028 450 3087 506 in
3110 450 3336 506 cunctis
3357 448 3567 507 coeme-

1920 539 2359 597 teriisﬂdelium
2374 541 2770 612 requiescunt,
2790 538 3198 611 remissionem
3221 543 3566 605 cunctorum

1922 629 2113 684 tribue
2143 633 2533 702 peccatorum.
2568 629 2692 684 Per.

2188 718 2304 791 (30)
2336 732 2396 772 IN
2424 733 2846 773 TRANSLATIONE
2876 732 3071 772 SANCTI
3102 732 3301 773 suam.

1993 811 2166 872 Deus,
2188 807 2287 879 qui
2307 806 2476 861 nobis
2493 822 2595 878 per
2612 805 3004 862 ministerium
3022 804 3174 861 beati
3192 800 3372 862 Marci
3391 818 3565 862 evan-

1922 895 2138 968 gelista:
2170 898 2228 952 et
2256 895 2532 968 martyris
2558 896 2643 949 tui
2665 895 2965 951 veritatem
2988 892 3282 967 Evangelii
3304 890 3567 966 pateﬁeri

1921 983 2177 1051 voluisti,
2210 984 2477 1052 concede,
2510 1000 2871 1056 quaesumus,
2906 986 2972 1038 ut
3002 983 3159 1054 quod
3190 982 3264 1038 ab
3287 980 3448 1039 illius
3468 999 3566 1051 ore

1922 1072 2258 1139 didicimus,
2287 1074 2476 1145 gratia
2504 1076 2605 1128 tua
2633 1072 2817 1144 adjuti
2850 1071 3074 1144 operari
3095 1069 3414 1128 valeamus.
3437 1064 3564 1130 Per.

1992 1162 2225 1217 Secreta.
2259 1163 2387 1217 Haec
2409 1178 2515 1217 nos
2532 1161 2768 1230 oblatio,
2790 1160 2967 1230 Deus,
2991 1156 3380 1217 intercedente
3396 1159 3566 1217 beato

1922 1251 2113 1307 Marco
2144 1250 2499 1323 evangelista
2516 1255 2638 1317 tuo,
2662 1250 2906 1305 mundet
2927 1252 2984 1305 et
3000 1253 3253 1318 renovet,
3278 1244 3564 1322 gubernet

1921 1345 1978 1396 et
2008 1343 2292 1412 protegat,
2326 1344 2383 1396 et
2413 1340 2485 1395 ad
2517 1338 2769 1396 caelestis
2799 1338 2998 1412 patriae
3030 1348 3211 1413 regna
3261 1330 3563 1411 perducat.

1920 1429 2046 1484 Per.
3410 1460 3413 1463 λ

1992 1518 2335 1574 Communia.
2397 1518 2698 1591 Sumptis,
2756 1516 3031 1586 Domine,
3091 1514 3265 1574 donis
3311 1515 3564 1573 coelestia

1920 1607 2182 1680 mysterii
2236 1606 2538 1663 humiliter
2593 1607 2993 1681 deprecamur,
3056 1611 3120 1661 ut
3168 1604 3566 1662 intercedente

1917 1697 2087 1752 beato
2120 1696 2312 1751 Marco
2344 1694 2698 1767 evangelista
2726 1698 2783 1751 et
2811 1696 3064 1768 martyre
3092 1698 3215 1765 tuo,
3248 1698 3307 1750 et
3338 1694 3566 1767 tempo-

1914 1785 2055 1842 ralis
2082 1784 2211 1840 vitee
2244 1801 2352 1841 nos
2378 1784 2557 1841 facias
2584 1800 2723 1856 pace
2754 1784 3029 1856 gaudere,
3062 1786 3121 1840 et
3151 1780 3375 1841 aeterna
3407 1787 3567 1856 repe-

1916 1875 2029 1930 rire
2060 1873 2415 1930 subsidium.
2449 1873 2575 1929 Per.

2581 1976 2882 2018 APPENDIX.

1988 2050 2248 2118 Custodi,
2282 2051 2478 2118 frater,
2510 2053 2731 2106 vestem
2763 2050 2914 2106 hanc
2936 2052 3197 2106 sanctam
3221 2050 3401 2122 quam
3425 2042 3565 2107 ante

1914 2140 2174 2197 tribunal
2196 2139 2427 2195 Domini
2450 2139 2633 2195 nostri
2652 2138 2792 2195 Jesu
2813 2137 3028 2194 Christi
3049 2137 3173 2193 sine
3194 2132 3565 2211 maculapro-

1916 2232 2068 2287 feras
2098 2246 2202 2302 per
2228 2228 2499 2283 virtutem
2532 2232 2589 2283 et
2619 2225 3081 2283 misericordiam
3120 2223 3407 2298 ejusdem,
3457 2227 3559 2299 qui

1916 2310 2050 2375 cum
2080 2322 2364 2374 coaeterno
2396 2317 2561 2373 Patre
2587 2320 2646 2372 et
2672 2316 2887 2388 Spiritu
2935 2319 3136 2372 sancto
3182 2314 3324 2372 vivit
3370 2318 3428 2372 et
3472 2324 3562 2371 re:

1916 2413 2075 2481 gnat.

1988 2496 2299 2551 Precamur
2329 2498 2403 2560 te,
2440 2491 2697 2561 Domine,
2726 2497 2793 2548 ut
2819 2492 3210 2549 intercedente
3238 2490 3408 2549 beato
3456 2491 3563 2549 Be-

1917 2585 2146 2641 nedicto
2163 2584 2490 2639 confesSore
2508 2586 2626 2651 tuo,
2646 2581 2783 2637 huic
2800 2581 3018 2638 famulo
3032 2585 3155 2649 tuo,
3181 2580 3273 2637 cui
3294 2576 3562 2637 habiturn

1918 2678 2129 2729 sanctae
2152 2672 2452 2744 religionis
2475 2669 2853 2742 imponimus,
2875 2669 3301 2741 indulgentiam
3334 2668 3564 2726 tribuas

1917 2778 2157 2818 suorum
2189 2760 2451 2817 omnium
2485 2763 2876 2831 peccatorum,
2908 2774 3055 2831 opus
3085 2759 3215 2830 ejus
3243 2757 3303 2813 in
3338 2758 3564 2814 bonum

1917 2851 2203 2923 perﬁcies,
2240 2847 2699 2904 misericordiam
2730 2851 2893 2903 tuam
2932 2851 2991 2903 et
3036 2846 3286 2919 gratiam
3329 2845 3382 2902 ei
3425 2862 3565 2902 con-

1916 2940 2109 3002 cedas,
2142 2939 2275 3005 ﬁde,
2310 2953 2412 3008 spe
2441 2941 2499 2992 et
2529 2936 2811 2991 charitate
2841 2948 2975 2991 eum
3008 2934 3253 3007 repleas,
3305 2938 3563 2990 mentem

1915 3027 1966 3083 ei
1992 3028 2062 3083 ad
2096 3026 2354 3082 ccelestia
2381 3023 2673 3080 desideria
2702 3024 2915 3096 erigas,
2940 3022 3012 3077 ab
3032 3022 3192 3077 omni
3213 3014 3563 3078 adversitate

161 3116 317 3171 ficiat
345 3112 831 3186 supplicantium,
863 3116 929 3166 ut
977 3124 1075 3165 eas
1123 3113 1179 3165 et
1226 3127 1261 3166 a
1305 3110 1557 3183 peccatis
1605 3127 1803 3179 exuas,
1836 3103 1879 3170 C
1916 3131 2051 3171 eum
2083 3114 2386 3177 defendas,
2416 3116 2474 3168 et
2502 3112 2574 3167 ad
2624 3112 2840 3167 bonam
2893 3110 3384 3183 perseverantiam
3427 3106 3563 3166 eum

160 3209 216 3259 et
244 3208 355 3259 tute
386 3199 808 3273 redemptionis
838 3198 1018 3254 facias
1047 3214 1175 3254 esse
1205 3198 1538 3271 participes.
1574 3198 1697 3254 Per.

162 3308 330 3348 MlSSA
360 3309 416 3346 IN
446 3304 722 3345 HONOREM
753 3304 988 3343 OMNIUM
1021 3303 1365 3342 SANCTORUM
1398 3304 1507 3342 PRO
1544 3303 1693 3343 VlVlS
1740 3303 1808 3342 ET

726 3374 729 3377 ⁷
816 3388 1148 3432 DEFUNC’PIS.

226 3472 574 3526 Sanctorum
605 3472 841 3524 tuorum
872 3465 1411 3533 intercessionibus,
1445 3481 1805 3537 quaesumus,

156 3559 422 3626 Domine,
456 3557 643 3629 gratia
669 3561 774 3611 tua
804 3571 910 3610 nos
941 3557 1198 3625 protege,
1230 3557 1288 3608 et
1317 3553 1554 3608 famulis
1596 3553 1682 3608 vel
1722 3554 1805 3609 fa-

158 3646 437 3702 mulabus
470 3646 610 3710 tuis,
640 3660 892 3717 quorum
915 3642 1531 3698 commemorationem
1554 3642 1807 3714 agimus,

156 3741 213 3791 et
244 3751 502 3809 quorum
528 3733 926 3804 eleemosynas
958 3731 1306 3802 recepimus,
1340 3744 1443 3786 seu
1492 3731 1666 3786 etiam
1714 3729 1808 3786 his

155 3825 261 3895 qui
296 3823 467 3879 nobis
514 3819 913 3877 familiaritate
962 3824 1019 3874 et
1067 3817 1575 3890 consanguinitate
1616 3818 1807 3889 juncti

149 3916 322 3978 sunt,
357 3909 819 3966 misericordiam
857 3913 1017 3989 tuam
1052 3906 1270 3978 ubique
1300 3908 1600 3978 protende,
1634 3910 1698 3961 ut
1736 3907 1806 3962 ab

150 4000 319 4056 omni
353 3998 796 4071 impugnatione
828 3997 1049 4053 defensi
1070 4000 1172 4050 tua
1192 3995 1569 4066 opitulatione
1591 3994 1811 4049 salven-

145 4094 272 4144 tur.
307 4088 378 4143 Et
411 4088 638 4144 animas
671 4085 1023 4142 famulorum
1054 4083 1525 4155 famularumque
1573 4088 1808 4139 tuarum

147 4177 428 4234 omnium
458 4176 725 4232 videlicet
752 4174 1014 4230 fidelium
1065 4169 1484 4229 catholicorum
1534 4172 1807 4228 orthodo-

225 4282 896 4363 (30)1_\bmmissa,_quae
942 4284 1031 4363 est
1080 4279 1138 4333 in
1174 4277 1575 4363 'translatione
1624 4280 1810 4363 sancti

144 4350 359 4421 Marci,
392 4353 624 4408 initium
659 4350 834 4408 habet
855 4350 1351 4424 postremahujus
1369 4350 1809 4424 sacramentarii

143 4420 484 4498 Appendix.
500 4425 712 4498 Sancti
743 4420 1118 4498 evangelista;
1141 4420 1317 4498 Marci
1340 4421 1598 4498 corporis
1618 4426 1811 4498 tr_a_ns-

146 4491 304 4553 la'tio
339 4496 613 4551 recolitur
641 4496 733 4550 die
761 4496 825 4550 31
860 4491 1145 4559 Januarii,
1177 4498 1233 4547 et
1259 4491 1511 4546 habetur
1556 4492 1613 4545 in
1664 4491 1812 4545 Mar-

147 4567 451 4641 tyrolcgio
484 4567 744 4641 Romano
776 4565 923 4641 etin
956 4563 1087 4619 aliis
1117 4562 1526 4641 ecclesiasticis
1574 4561 1811 4641 tabulis.

144 4633 534 4713 A'ugus'tinus
562 4636 786 4713 Calmet
814 4636 1035 4705 (Hister.
1070 4636 1310 4713 univers.
1345 4638 1387 4713 t.
1421 4633 1692 4713 IV,._ca_p..'
1725 4634 1814 4713 54)

147 4704 503 4782 opiiiionem
528 4709 692 4782 all'ert
714 4704 970 4782 illorum,
995 4708 1095 4778 qui
1118 4705 1480 4782 contendunt
1501 4705 1615 4759 divi
1640 4704 1817 4782 Marci

146 4775 384 4853 corpus
400 4780 671 4853 Venetiae
688 4775 1036 4853 translatum
1061 4779 1170 4853 sub
1197 4778 1377 4853 Leone
1392 4778 1643 4853 Armeno
1665 4775 1818 4853 circa

147 4847 391 4907 annum
420 4853 543 4905 815.
560 4848 711 4906 lllud
733 4867 834 4922 pro
852 4854 1006 4922 certo
1025 4848 1360 4922 habendum
1381 4865 1533 4922 anno
1546 4847 1819 4922 870_hanc

146 4919 748 4993 translationemjam
774 4920 1106 4993 contigisse,
1130 4926 1185 4993 et
1206 4919 1440 4993 Venetis
1458 4919 1817 4993 custoditum

150 4996 355 5049 fuisse
377 4996 504 5064 ejus
527 4990 758 5048 sacrum
783 4990 1015 5063 corpus.
1044 4993 1125 5045 Ita
1147 4991 1480 5064 Bernartius
1499 4990 1819 5064 monachus

146 5066 319 5148 apud
360 5062 764 5148 Mabillonium
798 5065 927 5148 (ﬂet.
1090 5067 1133 5116 t.
1170 5062 1420 5148 l‘V,_cap.
1471 5063 1585 5148 5‘4).
1638 5062 1819 5148 Baro;

146 5132 302 5193 nius
318 5137 705 5208 meminithuj
716 5153 783 5208 u_s
796 5132 1009 5190 festivae
1023 5132 1424 5208 translationis
1437 5134 1546 5187 sub
1562 5132 1821 5208 ann0820

1916 3204 2223 3277 perducas.
2257 3201 2381 3256 Per.

2023 3310 2081 3347 ΙΝ
2106 3306 2551 3347 CIRCUMCISIONE
2582 3305 2788 3344 DOMINI
2820 3302 3023 3343 NOSTRI
3052 3300 3187 3351 σεεο
3211 3284 3456 3341 Οάᾘῐετῐ.

1989 3383 2067 3454 (ῒ)
2093 3381 2199 3435 Per
2222 3378 2519 3434 Christum
2542 3377 2852 3433 Dominum
2878 3379 3168 3432 nostrum.
3191 3376 3371 3446 Cujus
3392 3373 3569 3431 hodie

1916 3468 2382 3526 circumcisionis
2421 3467 2576 3522 diem
2623 3471 2681 3522 et
2728 3464 3051 3521 nativitatis
3096 3466 3364 3520 Octavum
3413 3459 3569 3519 cele-

1917 3560 2173 3626 brantes,
2206 3562 2326 3625 tua,
2360 3555 2623 3625 Domine,
2672 3553 2964 3611 mirabilia
3009 3566 3379 3621 veneramur,
3427 3550 3569 3624 q‘uia

1918 3665 2045 3719 qua:
2077 3646 2321 3719 peperit,
2346 3651 2404 3701 et
2430 3645 2627 3719 Virgo,
2663 3648 2721 3700 et
2743 3645 2928 3701 Mater
2951 3647 3059 3711 est,
3085 3644 3185 3717 qui
3208 3646 3383 3699 natus
3403 3636 3492 3698 est
3511 3630 3569 3698 et

1918 3737 2071 3792 Deus
2100 3739 2208 3801 est,
2238 3735 2444 3791 merito
2475 3734 2602 3789 caeli
2633 3733 2811 3789 locuti
2843 3738 3003 3799 sunt,
3035 3731 3229 3805 angeli
3260 3728 3563 3804 gratulati,

1918 3829 2181 3898 pastores
2212 3822 2406 3892 laetati,
2439 3823 2595 3895 magi
2629 3822 2862 3890 mutati,
2889 3836 3056 3893 reges
3076 3818 3316 3887 turbati,
3339 3812 3571 3890 parvuli

1918 3913 2171 3987 gloriosa
2203 3913 2470 3983 passione
2500 3911 2778 3966 coronati.
2811 3910 2882 3966 Et
2906 3910 3035 3965 ideo
3066 3924 3200 3964 cum
3245 3905 3490 3980 angelis.

2266 4017 2323 4054 IN
2351 4014 2631 4055 TRANSI'I‘U
2663 4014 2861 4053 SANCTI
2900 4013 3215 4052 BENEDICTI.

1991 4090 2315 4162 (+)1£terne
2346 4088 2519 4142 Deus.
2554 4087 2621 4141 Et
2645 4084 2891 4158 gloriam
2924 4090 3087 4140 tuam
3131 4082 3387 4157 profusis
3436 4094 3567 4154 pre-

1918 4179 2085 4235 cibus
2110 4193 2365 4242 exorare,
2401 4180 2464 4231 ut
2493 4174 2593 4247 qui
2615 4174 2769 4231 beati
2792 4173 3090 4229 Benedicti
3111 4170 3462 4229 confessoris
3483 4169 3571 4226 tui

1920 4301 2060 4340 num
2092 4285 2216 4339 820.
2250 4280 2573 4337 Sabellicus
2605 4285 2723 4336 stat
2765 4297 2870 4350 pro
2919 4297 3072 4335 anno
3120 4278 3246 4345 831,
3294 4272 3573 4350 regnante

1920 4355 2178 4432 venetiis
2209 4352 2543 4432 Justiniano
2577 4353 2744 4432 duce.
2766 4346 3005 4432 l’latina
3032 4351 3226 4432 hujus.
3240 4346 3573 4432 tran‘SIa‘tio-

1923 4427 2015 4482 nis
2047 4426 2316 4481 meminit
2346 4426 2455 4481 sub
2488 4424 2839 4497 pontificatu
2865 4421 3126 4497 Gregorii
3155 4421 3348 4497 [liqui
3372 4421 3574 4497 sedere

1846 4470 1891 4533 D
1924 4498 2279 4576 cmpit‘anno
2308 4498 2435 4576 823_,
2466 4470 2612 4576 etin
2645 4470 3332 4576 pontiﬁcatuavixitann‘is
3355 4508 3455 4548 sex
3475 4492 3574 4573 de-

1924 4561 2058 4623 cim.
2092 4567 2198 4622 Sed
2232 4584 2366 4621 cum
2388 4561 2762 4623 .l'ustinia'nus
2792 4566 2965 4622 fuerit
2993 4566 3113 4620 dux
3130 4564 3385 4620 Venetus
3406 4561 3577 4618 annis

1925 4643 2153 4693 tantum
2185 4638 2437 4705 duobus,
2472 4638 2804 4693 necessario
2835 4638 2957 4691 haec
2986 4633 3293 4691 translatio
3341 4632 3574 4706 ﬁgenda

1925 4715 2015 4765 est
2031 4708 2121 4762 vel
2144 4709 2215 4762 ad
2238 4724 2314 4772 IV,
2331 4707 2417 4762 vel
2440 4708 2563 4779 adv
2583 4724 2804 4779 annum
2828 4707 3192 4779 Gregorii,_et
3212 4718 3575 4779 consequen-

1926 4786 2015 4836 ter
2041 4780 2111 4834 ad
2146 4794 2366 4834 annum
2395 4778 2490 4832 83l
2529 4778 2617 4832 vel
2646 4779 2770 4833 832.
2802 4773 3088 4833 Antonius
3120 4776 3330 4848 Pagina
3363 4773 3575 4848 itincri-

1927 4852 2062 4907 ticis
2107 4850 2261 4905 notis
2292 4849 2387 4920 (ad
2419 4866 2512 4902 an.
2548 4851 2672 4920 820,
2705 4866 2763 4902 n.
2814 4850 2891 4920 9),
2928 4844 3231 4920 Antonius
3278 4844 3581 4920 Sandinus

1930 4924 1988 4978 in
2021 4938 2128 4977 sua
2157 4913 2410 4975 Historia
2437 4918 2769 4990 Apostolica
2912 4918 2967 4974 S.
3011 4917 3227 4990 Marco),
3261 4920 3335 4990 et
3379 4913 3577 4990 novis-

1930 4995 2076 5050 sime
2108 4985 2543 5048 eruditissimus
2564 4985 3073 5045 senator‘Venetus
3094 4985 3415 5043 Flaminius
3439 4985 3581 5039 Cor-

1930 5064 2122 5121 nelius
2153 5064 2208 5117 in
2246 5061 2711 5117 elaboratissimo
2755 5076 2926 5132 Opere
2975 5060 3272 5132 (Dec._x1u,
3301 5072 3357 5127 p.
3393 5057 3445 5127 1)
3494 5055 3576 5110 De

1930 5136 2166 5191 Venetis
2193 5132 2486 5207 Ecclesiis,
2518 5136 2701 5207 agunt
2731 5128 2811 5207 de
2832 5131 2941 5186 hac
2970 5128 3369 5207 translatione.

2004 5207 2190 5277 Hujus
2221 5204 2351 5260 festi
2385 5197 2726 5277 propagatio
2750 5202 2807 5257 in
2831 5197 3577 5277 monachgsBenedictino-s

149 5212 238 5335 ἓξ
292 5203 701 5289 22).θὶ.εἱι’ςεὶ
747 5206 869 5260 ὶιεεο
918 5211 1185 5287 tempora
1236 5206 1449 5288 tactam
1500 5203 1819 5259 contendit.

239 5279 536 5334 llandiani
552 5276 1266 5335 huicadhzerentomniom
1290 5292 1349 5330 in
1372 5273 1542 5329 titulo
1566 5274 1645 5329 De
1662 5273 1819 5330 cultu

239 5273 536 5334 llandiani
552 5277 687 5333 huic
700 5273 1266 5348 adhzerentopinioni
1289 5276 1349 5348 in
1372 5273 1542 5348 titulo
1566 5273 1823 5348 De_cu_ltu

152 5351 360 5407 sancti
396 5350 596 5421 Marci,
625 5350 720 5421 qui
755 5348 972 5421 pariter
1004 5345 1261 5421 referunt
1288 5346 1596 5421 historiam
1626 5345 1824 5421 hujus

150 5420 581 5478 translationis
611 5416 679 5475 e3:
709 5416 905 5475 codice
936 5435 1046 5474 ms.
1099 5417 1464 5473 bibliothecae
1508 5416 1822 5483 Vaticanis,

153 5494 355 5572 relato
387 5493 565 5549 etiam
598 5509 631 5548 a
656 5489 902 5572 Baronio
934 5490 993 5545 in
1024 5489 1148 5572 suis
1179 5488 1333 5572 notis
1366 5488 1437 5572 ad
1484 5487 1824 5572 Martyrolo-
1935 5492 2065 5572 ejus
2091 5490 2183 5572 di_e
2202 5494 2270 5572 (t.
2296 5490 2365 5559 II,
2390 5507 2447 5566 p.
2469 5490 2560 5561 3i,
2588 5483 2863 5561 eto.),ubi
2885 5483 2956 5544 d'e
2977 5486 3180 5544 eadem
3199 5483 3583 5549 translatione

154 5566 361 5649 gium,
390 5581 461 5624 ex
491 5580 607 5641 quo
639 5563 835 5622 codice
865 5561 1169 5623 translatio
1199 5559 1302 5619 illa
1331 5559 1583 5619 refertur
1620 5559 1693 5621 ad
1723 5575 1827 5621 an-
1934 5559 2110 5624 verba
2139 5560 2296 5624 facit.

497 5691 766 5759 Ριτιιοι..
809 5688 953 5755 (ιω.
3067 5683 3150 5773 η

1933 5268 2250 5350 ι’θῇοῖεξηάἃ
2275 5278 2361 5331 est
2385 5268 2792 5350 'ad:te'_mpora
2834 5272 3035 5350 sancti
3071 5269 3232 5350 _Petri
3286 5268 3577 5350 Damiani,

1935 5341 2875 5423 quandoAppendiithuicinissali
2897 5344 3053 5423 libro
3066 5343 3217 5423 facta
3235 5345 3342 5423 est,
3361 5341 3582 5423 quique

1933 5415 2108 5476 etiam
2144 5415 2444 5474 ser—mones
2475 5418 2681 5473 habuit
2709 5417 2770 5489 (t.
2803 5416 2876 5489 ll,
2902 5432 2966 5489 7p.
2994 5415 3083 5489 3|,
3115 5419 3248 5485 etc.)
3276 5415 3337 5467 in
3365 5415 3583 5489 _fes_tivo
