3982 6172
435 273 551 332 875

1619 273 1806 334 ΞᾹΞΟ.
1854 273 1934 335 XI
1979 271 2288 334 MONUM.
2338 274 2648 335 LITURG.

3726 270 3839 330 876

435 420 783 460 veneramur
814 405 967 476 festi,
1001 412 1057 463 te
1087 408 1407 481 opitulante
1439 408 1566 480 ejus
1597 406 1926 462 sanctitatis
1951 389 2080 461 imi¥
2113 408 2165 473 Α
2269 407 2352 460 Da
2381 406 2568 474 nobis,
2605 423 2965 478 quaesumus,
2993 406 3364 478 omnipotens
3395 403 3570 472 Deus,
3603 406 3670 458 ut
3693 403 3846 475 sicut

437 493 548 548 tari
577 492 876 551 valeamus
893 497 1176 569 exempla,
1197 502 1252 553 et
1269 497 1438 568 cujus
1461 495 1687 552 meritis
1709 511 2083 567 nequaquam

439 599 755 654 possumus
785 587 1092 657 cozequari,
1118 587 1244 657 ejus
1267 584 1536 657 precibus
1563 601 1894 640 mercamur
1914 585 2082 655 adju-

436 672 557 728 vari
590 689 693 746 per
723 674 1038 730 Christum.

828 780 884 816 ΙΝ
916 779 1371 819 ΑΝΝυΝΤΙΑΤῙΟΝΕ
1394 781 1690 819 ΟΟΜῙΝΙΟΑ.

509 851 586 922 (f)
612 851 840 905 Eterne
872 851 1045 908 Deus.
1079 852 1184 916 Qui
1217 870 1320 924 per
1359 855 1538 908 beata:
1583 852 1776 907 Mariae
1826 851 2083 924 Virginis

436 943 667 1011 partum
699 938 961 996 Ecclesia:
992 945 1104 996 ture
1137 941 1390 997 tribuisti
1417 941 1682 997 mirabile
1715 940 2080 1013 mysterium,

433 1035 486 1082 et
536 1027 926 1084 inenarrabile
975 1035 1431 1098 sacramentum,
1479 1031 1536 1084 in
1582 1047 1698 1101 qua
1750 1035 1946 1084 manet
1993 1029 2080 1082 in-

434 1119 587 1171 tacta
619 1117 883 1182 castitas,
919 1120 1108 1191 pudor
1128 1120 1371 1192 integer,
1398 1120 1567 1174 ﬁrma
1587 1118 1933 1183 constantia,
1957 1135 2081 1190 quzs

430 1203 677 1273 laetatur,
732 1208 887 1278 quod
937 1207 1111 1280 Virgo
1161 1209 1444 1280 concepit,
1498 1209 1650 1280 quod
1709 1207 1834 1263 εωΙί
1887 1207 2081 1262 Domi-

434 1310 577 1349 num
609 1295 789 1351 castis
815 1297 1065 1367 portavit
1097 1297 1435 1364 visceribus,
1471 1297 1626 1368 quod
1675 1297 1851 1368 Virgo
1901 1295 2084 1350 edidit

433 1386 689 1453 partum.
719 1384 762 1439 Ο
797 1385 1146 1441 admiranda
1194 1386 1401 1441 divinae
1449 1384 1903 1458 dispensationis
1947 1401 2084 1457 ope-

433 1471 602 1541 ratio,
637 1489 762 1544 quae
807 1473 999 1528 virum
1049 1492 1164 1530 non
1219 1475 1487 1546 cognovit
1533 1478 1589 1528 et
1636 1477 1822 1529 mater
1869 1476 1976 1541 est,
2028 1479 2086 1527 et

432 1565 566 1632 post
618 1561 802 1618 filium
857 1563 1030 1635 Virgo
1082 1563 1198 1620 est!
1255 1564 1496 1619 Duobus
1545 1563 1700 1618 enim
1751 1563 1951 1635 gavisa
1999 1567 2088 1616 est

433 1651 802 1719 muneribus,
843 1652 1090 1707 miratur
1136 1653 1290 1723 quod
1343 1653 1515 1725 Virgo
1561 1652 1802 1723 peperit,
1856 1651 2085 1706 laetatur

432 1739 587 1810 quod
622 1739 1067 1812 Redemptorem
1103 1743 1308 1797 mundi
1343 1741 1524 1797 edidit
1551 1742 1753 1796 Jesum
1787 1741 2079 1796 Christum

433 1827 749 1885 Dominum
803 1834 1089 1885 nostrum.
1143 1831 1322 1894 Quem
1375 1829 1618 1884 laudant
1669 1829 1859 1900 angeli
1908 1834 2084 1901 atque

433 1915 786 1988 archangeli,
817 1918 1120 1974 cherubim
1148 1936 1380 1991 quoque
1408 1936 1473 1974 ac
1507 1918 1824 1990 seraphim,
1847 1917 1945 1990 qui
1970 1936 2083 1973 non

431 2009 663 2061 cessant
693 2005 948 2063 clamare
981 2009 1241 2079 quotidie
1277 2025 1391 2062 una
1421 2025 1556 2064 voce
1604 2007 1891 2063 dicentes:
1940 2008 2082 2062 San-

435 2098 585 2163 ctus,
621 2099 881 2150 sanctus.

665 2200 724 2239 IN
759 2201 1081 2240 NATIVITATE
1111 2203 1322 2241 SANCTE
1350 2203 1548 2240 MARUE
1578 2199 1851 2240 VIRGINIS.

504 2273 583 2342 (i)
609 2272 860 2344 J‘Equum
894 2278 952 2328 et
983 2273 1260 2344 salutare,
1296 2292 1400 2330 nos
1429 2275 1530 2329 tibi
1566 2275 1622 2329 in
1657 2274 1922 2328 omnium
1952 2291 2085 2330 san-

433 2364 660 2416 ctorum
721 2365 957 2417 tuorum
1006 2369 1278 2436 provectu
1329 2364 1550 2436 gratias
1595 2380 1785 2435 agere,
1843 2363 2086 2418 Domine

434 2454 652 2518 sancte,
696 2451 864 2507 Pater
914 2453 1307 2524 omnipotens,
1359 2458 1570 2508 aeterne
1618 2453 1794 2521 Deus,
1843 2457 1899 2507 et
1942 2470 2085 2524 pra:-

434 2535 602 2607 cipue
628 2553 737 2609 pro
769 2539 996 2594 meritis
1029 2540 1205 2594 beata:
1238 2540 1335 2594 Dei
1365 2539 1663 2611 genitricis
1687 2539 1878 2594 Mariae
1900 2540 2088 2611 gratia

435 2624 642 2695 plenas,
672 2629 834 2680 tuam
867 2627 1350 2699 omnipotentiam
1384 2627 1642 2696 laudare,
1667 2627 2009 2684 benedicere
2032 2632 2088 2684 et

437 2712 768 2783 praedicare.
802 2714 984 2776 Quem
1018 2715 1261 2770 laudant
1292 2715 1484 2788 angeli
1514 2725 1573 2772 ut
1614 2734 1800 2788 supra.

689 2818 745 2855 IN
771 2817 1158 2857 SOLEMNITATE
1189 2820 1424 2858 OMNIUM
1472 2821 1836 2859 SANCTORUM.

510 2889 589 2960 (f)
613 2889 838 2944 Eterne
855 2889 1028 2945 Deus.
1055 2889 1433 2946 Clementiam
1457 2896 1619 2947 tuam
1635 2893 1977 2965 suppliciter
1991 2894 2088 2949 ob-

439 2982 756 3043 secrantes,
792 2982 857 3033 ut
887 2995 1020 3034 cum
1053 2979 1450 3037 exultantibus
1483 2983 1702 3036 sanctis
1749 2982 1806 3036 in
1837 2983 2088 3039 caelestis

439 3066 604 3138 regni
635 3066 927 3123 cubilibus
957 3068 1170 3140 gaudia
1201 3074 1400 3126 nostra
1431 3072 1776 3142 conjungas.
1827 3073 1892 3126 Et
1939 3089 2087 3144 quos

437 3154 672 3210 virtutis
701 3155 1024 3212 imitatione
1049 3175 1162 3212 non
1195 3175 1511 3230 possumus
1542 3160 1728 3231 sequi,
1761 3161 1966 3216 debitae
1998 3178 2085 3216 ve-
2116 3141 2158 3209 (ἶ
2195 3129 2219 3180 t

441 3243 762 3300 nerationis
793 3245 1203 3320 contingamus
1234 3249 1464 3316 affectu,
1500 3265 1603 3320 per
1631 3248 1927 3305 Christum
1977 3255 2084 3306 Do-

443 3332 672 3388 minum
703 3338 992 3389 nostrum.
1026 3335 1132 3390 Per
1159 3352 1354 3407 quem.

648 3439 707 3476 IN
738 3439 1090 3480 FESTIVITATE
1120 3440 1308 3479 SANCTI
1343 3442 1575 3480 MARTINI
1605 3443 1876 3483 EPISCOPI.

511 3510 589 3581 (τι)
623 3511 849 3566 ιἘιθινηε
880 3511 1052 3567 Deus.
1085 3512 1264 3583 Cujus
1297 3530 1534 3570 munere
1564 3515 1770 3570 beatus
1799 3516 2082 3572 Martinus

436 3597 736 3652 confessor
762 3600 980 3668 pariter
1010 3603 1065 3654 et
1095 3602 1388 3666 sacerdos,
1422 3607 1480 3657 et
1509 3603 1795 3658 bonorum
1840 3621 2079 3676 operum

433 3686 811 3740 incrementis
844 3689 1114 3756 excrevit,
1148 3696 1204 3742 et
1233 3690 1409 3744 variis
1437 3690 1714 3746 virtutum
1768 3693 1937 3748 donis
1983 3711 2080 3749 ex-

433 3773 694 3828 uberavit
723 3779 779 3828 et
809 3775 1111 3832 miraculis
1164 3779 1506 3833 coruscavit.
1563 3780 1843 3852 Quodque
1889 3783 2079 3838 verbis

432 3861 682 3934 edocuit,
725 3880 966 3935 operum
1014 3865 1368 3922 exhibitione
1418 3867 1744 3940 complevit,
1794 3874 1851 3924 et
1898 3871 2078 3926 docu-

432 3955 626 4007 mento
659 3952 836 4008 simul
869 3958 925 4008 et
956 3954 1220 4026 exemplo
1254 3956 1506 4010 subditis
1529 3957 1600 4011 ad
1624 3957 1879 4014 caelestia
1899 3975 2077 4032 regna

429 4041 706 4096 ducatum
732 4042 1000 4113 praebuit.
1026 4043 1188 4098 Unde
1210 4048 1368 4099 tuam
1393 4044 1763 4102 clementiam
1796 4047 2072 4119 petimus,

425 4134 491 4183 ut
516 4131 643 4199 ejus
674 4134 775 4203 qui
806 4131 910 4186 tibi
944 4132 1183 4204 placuit,
1212 4133 1494 4206 exemplis
1519 4135 1590 4189 ad
1618 4136 1761 4191 bene
1783 4138 2072 4207 agendum

424 4219 878 4284 conformemur,
914 4221 1135 4276 meritis
1169 4222 1526 4288 muniamur,
1553 4224 2073 4280 intercessionibus

425 4307 789 4376 adjuvemur,
823 4309 1074 4378 qualiter
1103 4310 1173 4364 ad
1207 4310 1436 4366 cmlcste
1469 4328 1735 4383 regnum,
1770 4310 1868 4366 illo
1893 4313 2070 4367 inter-

421 4392 704 4460 veniente,
737 4401 794 4449 et
825 4401 878 4450 te
910 4395 1234 4466 opitulante
1266 4400 1564 4468 pervenire
1590 4416 1936 4456 mereamur.
1963 4402 2071 4457 Per

423 4479 722 4537 Christum
750 4483 1060 4538 Dominum
1091 4489 1374 4540 nostrum.

493 4568 666 4637 Deus,
700 4571 799 4642 qui
832 4589 937 4626 nos
970 4573 1388 4644 redemptionis
1420 4579 1629 4631 nostra:
1652 4594 1846 4633 annua
1867 4595 2064 4652 exspe-

421 4657 670 4714 ctatione
728 4658 1010 4729 laetificas,
1063 4667 1276 4734 praesta
1327 4669 1389 4718 ut
1439 4664 1814 4738 Unigenitum
1873 4673 2064 4742 tuum,

419 4763 594 4818 quem
636 4748 1080 4821 Redemptorem
1125 4750 1237 4806 laeti
1290 4754 1686 4826 suscepimus;
1737 4758 2064 4815 venientem

417 4851 649 4907 quoque
686 4837 952 4893 Judicem
1003 4839 1191 4896 securi
1236 4840 1536 4912 videamus
1592 4845 1902 4902 Dominum
1955 4865 2060 4903 no-

415 4928 625 4980 strum.

484 5149 597 5233 (ΒΞ)
620 5151 1321 5233 Hebdomadariuslector
1341 5155 1628 5233 immensa
1648 5159 1719 5233 ad
1753 5161 2062 5233 praescrip-

413 5221 774 5302 tumllegula:
789 5223 901 5302 divi
927 5224 1216 5302 Benedicti
1242 5229 1367 5302 (cap
1379 5272 1393 5302 ,Α
1405 5228 1494 5298 38)
1513 5221 1903 5302 debebatpost
1919 5221 2058 5287 mi‘s-

411 5305 508 5376 sas
521 5296 711 5372 etcam
721 5294 1308 5376 munionemdieDom
1321 5294 1469 5352 inice
1480 5294 1679 5370 petere
1695 5318 1760 5356 su
1769 5294 2059 5376 prascrip-

410 5361 485 5420 tis
516 5363 818 5422 versiculis
831 5366 902 5423 ab
917 5367 1192 5424 omnibus
1212 5373 1274 5424 ut
1290 5385 1392 5442 pro
1421 5361 1747 5444 se’orarcnt,
1769 5361 1838 5430 ‘et
1858 5378 1946 5431 ter
1968 5361 2059 5436 re-

2090 4504 2137 4569 D

2195 495 2493 550 adoranda
2524 495 2650 550 Filii
2682 495 2767 550 tui
2801 494 3074 551 Natalitia
3119 494 3530 567 praevenimus,
3581 491 3665 549 sic
3718 495 3846 566 ejus

2195 599 2438 639 munera
2450 583 2751 655 capiamus
2765 583 3120 656 sempiterna
3135 584 3478 656 gaudentes.
3495 582 3602 649 Qui
3625 586 3844 638 tecum.

2265 694 2346 760 (-l)
2387 693 2616 747 Aiterne
2659 692 2836 759 Deus,
2886 708 2988 764 per
3033 691 3329 747 Christum
3371 689 3689 745 Dominum
3743 705 3845 746 no-

2193 785 2403 836 strum.
2437 780 2618 852 Cujus
2648 780 2821 836 hodie
2865 781 3070 836 faciem
3117 780 3174 835 in
3226 778 3652 835 confessionem
3699 795 3844 851 pra:-

2191 871 2481 940 venimus,
2517 875 2572 925 et
2602 887 2740 926 voce
2770 870 3016 942 supplici
3051 886 3380 936 exoramus,
3420 873 3484 924 ut
3527 885 3841 940 superven-

2192 964 2332 1013 tura:
2370 959 2553 1014 noctis
2607 959 2812 1014 officiis
2862 976 2967 1014 nos
3015 958 3095 1014 ita
3138 955 3448 1030 pervigiles
3498 957 3725 1026 reddat,
3784 961 3843 1012 ut

2192 1048 2438 1103 sinceris
2469 1049 2765 1104 mentibus
2795 1049 2922 1119 ejus
2953 1047 3250 1120 percipere
3278 1062 3611 1102 mereamur
3640 1047 3841 1102 Natale

2191 1141 2524 1192 venturum.
2563 1139 2622 1191 In
2655 1155 2769 1210 quo
2802 1136 3116 1192 invisibilis
3148 1153 3216 1192 ex
3246 1135 3581 1191 substantia
3612 1139 3716 1190 tua
3763 1135 3841 1189 vi-

2193 1225 2346 1281 sibili
2392 1243 2494 1298 per
2543 1243 2775 1282 carnem
2828 1225 3098 1298 apparuit
3145 1225 3200 1280 in
3253 1228 3476 1293 nostra,
3529 1229 3840 1296 tecumque

2194 1331 2310 1368 uno
2345 1332 2457 1369 non
2495 1320 2768 1387 tempore,
2802 1315 3054 1387 genitus,
3087 1331 3201 1369 non
3245 1318 3456 1369 natura
3501 1313 3745 1368 inferior
3775 1313 3840 1367 ad

2197 1422 2301 1459 nos
2334 1404 2489 1458 venit
2514 1421 2580 1459 ex
2614 1409 2892 1476 tempore,
2925 1409 3098 1460 natus
3129 1403 3303 1459 Jesus
3334 1402 3599 1459 Christus
3648 1402 3839 1459 Domi-

2197 1511 2308 1547 nus
2342 1498 2557 1548 noster.
2593 1493 2698 1548 Per
2725 1510 2898 1565 quem
2933 1493 3324 1564 majestatem.

2266 1601 2376 1671 (31)
2410 1599 2648 1655 Domine
2680 1600 2836 1655 labia
2867 1617 2995 1655 mea
3026 1599 3271 1672 aperies.
3315 1598 3550 1655 Salvum
3581 1600 3667 1654 fac
3716 1615 3844 1656 ser-

2197 1707 2333 1744 vum
2365 1693 2553 1744 tuum.
2590 1689 2752 1744 Mitte
2781 1689 2852 1757 ei,
2883 1689 3148 1760 Domine,
3182 1687 3464 1744 auxilium
3497 1691 3567 1744 de
3613 1692 3836 1744 sancto.

2115 1779 2161 1842 B
2196 1778 2458 1844 Domine,
2491 1777 2783 1833 custodiat
2812 1782 2868 1832 te
2899 1777 2970 1832 ab
3001 1777 3162 1832 omni
3194 1777 3367 1833 malo.
3409 1776 3693 1832 Dominus
3741 1793 3841 1832 cu-

2195 1867 2407 1921 stodiat
2442 1866 2743 1921 introitum
2778 1870 2942 1921 tuum
2977 1872 3031 1921 et
3057 1865 3276 1922 exitum
3319 1870 3505 1921 tuum.
3557 1867 3627 1920 Et
3675 1866 3842 1921 aufe-

2195 1960 2283 2009 rat
2309 1973 2336 2009 ιι
2377 1960 2428 2009 te
2462 1955 2733 2025 spiritum
2765 1954 3053 2010 elationis.
3080 1957 3281 2012 Amen.

2267 2086 2291 2109 ‹‹
2329 2062 2514 2124 Quam
2549 2062 2785 2132 qui-lem
2820 2062 3049 2134 copiam
3074 2078 3178 2135 ego
3201 2061 3466 2118 Nicolaus
3486 2061 3674 2118 Giomi
3695 2061 3850 2117 San-

2195 2150 2615 2204 cto-cherinas
2649 2149 2919 2222 publicus
2971 2151 3064 2206 Dei
3109 2151 3297 2222 gratia
3344 2149 3682 2222 apostolica,
3732 2149 3845 2205 im—

2195 2238 2517 2310 perialique
2543 2238 2992 2294 auctoritatibus
3023 2239 3286 2294 notarius
3334 2239 3392 2293 in
3443 2237 3677 2294 archivo
3725 2239 3848 2295 Ro-

2198 2344 2384 2382 mana:
2415 2327 2589 2381 curia
2638 2327 2971 2398 descriptus
3021 2327 3270 2383 fideliter
3319 2343 3423 2398 per
3467 2327 3648 2382 alium
3697 2328 3845 2382 mihi

2197 2416 2378 2470 fidum
2413 2415 2712 2471 extrahere
2744 2422 2800 2470 et
2830 2415 3058 2487 00piare
3082 2416 3183 2470 feci
3205 2433 3274 2470 ex
3294 2417 3692 2488 suprascripto
3715 2433 3842 2487 per-

2197 2503 2435 2574 antiquo
2471 2503 2692 2559 missali
2726 2505 2796 2558 ad
2831 2521 3004 2559 usum
3037 2504 3173 2560 olim
3198 2505 3350 2560 beati
3383 2504 3534 2559 Petri
3577 2505 3840 2560 cardina-

2196 2591 2268 2646 lis
2306 2592 2568 2646 Damiani
2602 2593 2958 2659 inservienti,
2991 2599 3048 2649 et
3077 2594 3149 2648 ab
3180 2594 3383 2649 eodem
3429 2595 3581 2649 dono
3631 2594 3843 2650 tradito

2195 2680 3048 2752 devotoilliusdiscipulobeato
3066 2681 3366 2738 Dominico
3390 2683 3671 2750 Loricato,
3697 2683 3842 2738 mihi

2196 2770 2266 2823 ad
2301 2769 2640 2841 hujusmodi
2672 2770 2938 2826 effectum
2965 2770 3177 2826 tradito
3203 2776 3260 2826 et
3304 2776 3504 2843 postea
3551 2772 3842 2827 restituto.

2194 2859 2355 2922 Quod
2388 2859 2623 2930 quidem
2656 2859 2891 2915 Missale
2919 2860 3249 2915 custoditur
3279 2861 3335 2916 in
3386 2859 3624 2932 priorali
3669 2877 3848 2933 paro-

2195 2947 2370 3003 chiali
2401 2947 2645 3004 ecclesia
2673 2954 2893 3004 Sancta:
2922 2950 3100 3003 Annae
3121 2949 3303 3004 Castri
3331 2947 3618 3006 Frontalis
3639 2950 3844 3006 Sancti

2196 3036 2450 3092 Severini
2484 3036 2770 3104 dimcesis,
2805 3054 2869 3092 ac
2911 3037 3155 3109 publica:
3204 3039 3558 3094 venerationi
3605 3041 3845 3112 exponi-

2224 3143 2292 3180 ur
2321 3130 2376 3181 et
2405 3131 2738 3182 asservatur
2767 3127 2825 3180 in
2866 3125 3200 3198 reliquiario
3254 3129 3450 3199 ﬁgura:
3498 3129 3846 3186 orbicularis

2198 3214 2424 3270 caerulei
2458 3231 2523 3269 ac
2555 3215 2766 3271 diversi
2797 3215 3007 3270 coloris
3056 3221 3398 3272 ornamento
3448 3218 3693 3274 interius
3741 3219 3844 3274 de-

2197 3304 2368 3375 picto,
2403 3303 2697 3376 similique
2727 3305 2914 3360 forma
2945 3305 3197 3360 exterius
3229 3306 3286 3359 in
3324 3311 3485 3377 parte
3533 3307 3842 3378 posteriori

2195 3392 2497 3461 decorato;
2531 3391 2589 3447 in
2613 3394 2886 3448 anteriori
2914 3410 3047 3449 vero
3076 3394 3274 3450 vitreis
3325 3395 3617 3468 repagulis
3661 3396 3840 3452 simul

2194 3482 2435 3538 annexis
2466 3500 2532 3538 ac
2561 3482 2800 3553 plumbo
2833 3482 3122 3555 colligatis
3152 3483 3370 3551 clauso,
3404 3483 3727 3556 incisisque
3771 3501 3842 3542 ex

2191 3569 2348 3642 ligno
2375 3571 2640 3644 pluribus
2675 3573 2980 3627 frondibus
3009 3589 3075 3627 ac
3107 3573 3347 3628 floribus
3394 3573 3678 3630 inauratis
3727 3575 3840 3630 cir-

2190 3661 2486 3727 cumdato,
2523 3666 2694 3733 prout
2726 3661 2781 3714 id
2815 3664 3002 3715 totum
3034 3660 3188 3717 clare
3212 3667 3443 3718 constat
3469 3679 3536 3718 ex
3586 3663 3840 3718 authen-

2189 3749 2319 3803 ticis
2353 3750 2417 3804 R.
2453 3750 2511 3804 Ρ.
2556 3751 2623 3805 D.
2672 3749 2983 3806 Alexandri
3030 3750 3207 3818 Calvi,
3257 3750 3395 3806 olim
3448 3751 3517 3805 de
3565 3752 3841 3823 Organis,

2186 3836 2441 3909 episcopi
2483 3839 2678 3894 Sancti
2711 3839 2988 3903 Severini,
3023 3845 3077 3894 et
3111 3839 3436 3896 successive
3469 3856 3538 3894 ex
3581 3839 3716 3895 aliis
3769 3840 3836 3897 R.

2188 3925 2246 3979 Ρ.
2284 3929 2344 3978 Ι).
2381 3926 2637 3997 Dionysii
2671 3926 3046 3999 Pieragostini
3080 3928 3334 3999 episcopi
3368 3928 3582 3999 pariter
3599 3932 3843 3985 Sancto-

2187 4014 2464 4080 Severini,
2500 4015 2610 4070 sub
2637 4033 2889 4087 quorum
2915 4015 3126 4089 sigillis
3148 4023 3512 4072 asservatum
3536 4019 3836 4074 manebat.

2183 4102 2328 4157 Cum
2363 4103 2462 4174 qui
2494 4103 2729 4174 quidem
2762 4105 2979 4160 Missali
3011 4105 3164 4160 facta
3215 4122 3318 4176 per
3357 4123 3448 4161 me
3502 4105 3835 4179 collatione,

2184 4191 2240 4244 in
2272 4191 2546 4247 omnibus
2578 4197 2632 4248 et
2663 4210 2763 4264 per
2794 4193 2992 4248 omnia
3023 4194 3374 4248 concordare
3407 4193 3600 4249 inveni
3651 4195 3835 4252 etiam

2181 4281 2373 4350 quoad
2426 4281 2674 4337 formam
2724 4282 3051 4354 aliquarum
3101 4282 3425 4339 litterarum
3471 4283 3830 4340 Graecarum.

2180 4368 2347 4424 Salvo
2379 4386 2628 4442 semper,
2663 4376 2769 4426 etc.
2804 4371 2934 4426 Ideo
2972 4373 3044 4427 ad
3096 4373 3267 4427 fidem
3318 4371 3410 4426 hic
3461 4389 3552 4428 me
3597 4373 3832 4445 scripsi,

2179 4459 2502 4530 subscripsi
2537 4465 2594 4514 et
2625 4459 2940 4530 publicavi,
2973 4476 3218 4533 meoque
3249 4460 3420 4516 solito
3471 4462 3658 4534 signo,
3713 4479 3831 4533 quo

2179 4550 2330 4613 utor,
2367 4547 2586 4602 munivi
2620 4548 2958 4619 requisitas.

2249 4678 2274 4703 ‹‹
2305 4655 2478 4726 Apyri
2511 4653 2618 4710 hac
2649 4654 2741 4710 die
2772 4655 2999 4711 decima
3031 4656 3236 4728 quinta
3270 4657 3492 4714 mensis
3525 4656 3659 4712 Maii
3686 4659 3830 4714 anni

2175 4742 2333 4799 4746.

2921 4894 2946 4917 ‹‹
2987 4870 3134 4926 Loco
3163 4875 3186 4934 ῒ
3218 4869 3369 4941 signi
3415 4871 3761 4927 notarialus.
3793 4893 3824 4928 r

2171 5161 2376 5236 petito:
2412 5161 2659 5236 Domine,
2693 5161 2840 5218 labia
2877 5179 2998 5236 mea
3044 5165 3276 5236 aperigs,
3323 5162 3586 5236 accipere
3641 5164 3828 5236 bene~

2171 5233 2504 5307 dictionem.
2530 5234 2634 5297 Qui
2660 5251 2786 5307 mos
2806 5235 2959 5307 apud
2986 5233 3304 5307 monachos
3322 5233 3586 5307 servatur
3601 5235 3825 5304 adhuc,

2175 5310 2236 5381 ut
2268 5305 2470 5381 scribit
2496 5323 2648 5378 saepe
2678 5305 2954 5381 laudatus
2985 5306 3299 5363 cardinalis
3339 5307 3495 5363 Bona
3535 5306 3661 5381 (lib.
3697 5325 3740 5379 1,
3770 5325 3822 5375 c,

2168 5376 2221 5452 3,
2256 5394 2314 5434 n.
2347 5378 2424 5454 3),
2456 5376 2686 5454 usuilue
2718 5379 2843 5452 ipso
2874 5381 3050 5453 patet.
