3982 6172
415 226 535 289 879

1623 226 1811 287 ειΕα.
1856 226 1936 288 XI
1983 223 2265 289 MONUM
2311 223 2616 289 LlTURG.

3703 222 3838 290 880

421 376 515 413 nos
547 360 786 415 nomina
816 362 1002 417 sancti
1050 359 1421 432 Apollinaris,
1454 358 1635 432 sancti
1664 359 1958 432 Laurentii
2004 364 2061 416 et
2090 364 2142 429 Α
2176 359 2510 427 Duminiczn,
2545 361 2603 416 in
2637 360 2823 416 Natali
2855 360 3035 416 sancti
3059 360 3299 432 Andreae
3326 358 3596 432 apostoli,
3630 360 3836 416 sancti

413 432 602 505 sancti
637 432 926 489 Benedicti
959 431 1315 505 adjiciuntur
1362 431 2061 505 nominibus_archange-

412 500 603 577 lorum
635 500 1134 577 etapostolorum.
1154 502 1683 577 Sacramentarium
1716 502 1895 577 hocce
1926 500 2060 577 con-

413 574 564 631 tinet
592 574 853 631 ordinem
887 576 958 630 ad
989 575 1474 630 catechumenum
1520 574 1876 641 faciendum,
1908 574 2061 630 ordi-

412 662 566 720 nem;
600 646 996 720 baptismatis
1019 647 1090 701 ad
1150 646 1636 720 succurendum,‘
1668 646 1933 720 ordinem
1977 646 2062 720 ad

455 716 815 774 mnitentiam
847 718 1121 785 dandam,
1157 717 1419 772 ordinem
1474 718 1544 773 ad
1589 716 1942 773 visitandum
1974 716 2063 772 in-

455 735 815 774 mmtennam
847 735 1121 785 dandam,
1157 735 1419 772 ormnem
1474 735 1544 773 aa
1589 735 1942 773 Visnanaum
1974 735 2060 772 1n-

414 735 674 856 grmum,
707 793 765 860 et
796 790 1012 843 denum
1045 788 1308 843 ordinem
1342 790 1427 860 ad,
1448 788 1813 860 sepulturam
1856 790 2060 844 defun-

416 865 664 931 ctorum.
711 859 861 915 Ordo
909 875 1143 931 quoque
1192 860 1252 915 in
1299 876 1365 915 eo
1417 858 1666 915 habetur
1713 862 1785 914 ad
1836 876 2062 915 sacram

414 929 714 1003 liturgiam
748 929 1166 1003 peragendam;
1202 931 1418 1003 adsunt
1468 936 1525 986 et
1574 931 1765 1003 missae
1794 931 2062 1002 quaedam

415 1018 481 1057 ac
513 1002 806 1074 orationes
834 1002 939 1074 pro
968 1002 1144 1058 variis
1171 1002 1641 1074 necessitatibus,
1666 1002 1792 1056 aliae
1816 1004 1886 1058 de
1908 1019 2059 1057 com-

417 1073 715 1141 munibus,
747 1072 872 1129 aliie
901 1074 1139 1130 demum
1174 1090 1275 1147 pro
1310 1073 1487 1130 variis
1518 1074 1832 1146 generibus
1860 1074 2063 1129 delun-

422 1147 669 1199 ctorum.

483 1216 745 1271 Tertium
779 1216 1033 1288 denique
1080 1221 1169 1272 est
1220 1217 1549 1273 breviarum
1584 1216 1755 1286 cujus
1806 1215 2014 1271 titulus
2047 1231 2060 1269 :

413 1288 612 1358 Incipit
659 1289 904 1359 o/ﬁcium
952 1289 1216 1343 breviarii
1259 1289 1557 1344 secundum
1602 1288 1853 1343 ordinem
1894 1288 2066 1343 eremi

410 1361 634 1432 Sanch
657 1362 847 1432 crucis
876 1361 1059 1432 Fontis
1088 1360 1382 1432 Avellanw.
1420 1359 1776 1432 incipitdalr
1797 1359 2062 1432 Adventu

410 1430 659 1486 Domini.
696 1431 996 1506 Leguntur
1025 1431 1226 1504 hymni
1260 1431 1485 1504 antiqui
1517 1429 1574 1486 in
1607 1430 1700 1486 die
1731 1429 2063 1486 Nativitatis

2176 432 2469 487 Benedicti
2503 432 2819 499 abbatis,in
2854 432 3056 487 festivo
3090 431 3182 486 die
3218 431 3573 489 Inventionis
3603 438 3832 487 sancta

2173 502 2393 572 Crucis,
2419 503 2483 576 in
2516 502 2654 576 aliis
2679 504 2866 576 testis
2890 502 3285 576 apostolorum
3315 502 3505 576 Petri
3527 507 3586 558 et
3635 502 3833 569 Pauli,

2173 580 2386 647 sancite
2417 574 2611 647 Maria:
2644 573 3461 647 Magdalerize,Assumptionis
3494 575 3680 647 beata
3704 576 3836 631 Ma-

2177 646 2271 719 ria:
2304 645 2565 719 Virginis
2596 650 2655 701 et
2685 645 2867 701 sancti
2920 645 3172 719 Martini.
3208 645 3528 719 Orationes
3577 645 3832 719 propria:

2173 717 2464 790 habentur
2493 718 2565 772 de
2594 722 2797 773 sancto
2826 717 3829 790 Ambrosio,_Zenone,Syro',Blasio,

2174 788 2450 862 Gregorio
2499 806 2564 844 ac
2610 789 2932 862 Aimygdio.
2969 788 3830 862 _ls_celebratnr‘potissimum

2174 861 2231 914 in
2294 859 2438 915 urbe
2485 859 2805 916 Asculanai
2856 860 3112 917 Ecclesia
3161 859 3360 916 Sancti
3426 859 3652 925 Hilarii,
3712 861 3833 917 alia

2174 932 2396 1004 Sancta;
2425 930 2623 987 Grueis
2656 933 2714 987 in
2737 950 2805 988 ea
2828 932 2969 988 urbe
2991 937 3169 1004 erant
3177 932 3201 1004 j
3211 931 3333 987 uris
3348 931 3826 990 Avellanensium

2174 1002 2615 1077 monachorum.
2650 1004 2728 1059 De
2759 1008 2957 1059 sancto
2987 1002 3341 1077 Apollinare,
3374 1019 3549 1074 quem
3589 1020 3830 1077 summa

2174 1074 2453 1146 religione
2483 1074 2791 1130 coluerunt
2822 1073 3054 1146 semper
3092 1073 3524 1141 Avellanenses,
3556 1074 3820 1146 officium

2173 1144 2467 1226 integrum
2504 1146 2804 1226 proprinm
2827 1144 3392 1226 .legit_ur._Post_remo
3407 1147 3482 1226 in
3514 1145 3671 1226 calce

2171 1216 2337 1271 viarii
2371 1216 2944 1291 reperitur-efficiunt
2972 1218 3150 1291 beata;
3183 1217 3377 1272 Mariae
3407 1217 3688 1291 Virginis.
3710 1220 3818 1275 Sed

2175 1293 2445 1360 excerpta
2496 1289 2622 1360 ipsa
2669 1289 2727 1343 in
2782 1289 3042 1344 medium
3073 1289 3408 1355 alferamus,
3440 1288 3825 1346 iis'nimirum

2173 1359 2449 1433 omnibus
2483 1360 2913 1433 prmtermissis.
2947 1378 3074 1433 quas
3106 1365 3337 1415 exstant
3377 1361 3434 1416 in
3484 1360 3657 1418 editis
3689 1362 3827 1416 mis.

2174 1431 2397 1486 salibus
2428 1436 2483 1485 et
2513 1432 2568 1486 in
2604 1432 2920 1488 breviariis.

1314 1718 1690 1775 EXCERPTA
1729 1717 1820 1774 EX
1860 1716 2090 1774 PRIMO
2131 1716 2382 1773 CODICE
2414 1717 2926 1774 AVELLANENSI.

1907 1850 2316 1862 ———-

766 1965 931 2008 FERIA
969 1967 1213 2015 QUARTA.
1248 1968 1432 2008 CAPUT
1469 1968 1708 2007 JEJUNII.

732 2043 975 2098 Collecta
1002 2042 1072 2097 ad
1100 2046 1348 2098 sanctam
1376 2042 1741 2097 Anastasiam.

480 2136 541 2190 In
568 2134 768 2205 primis
797 2147 921 2187 vero
953 2131 1250 2187 benedictio
1279 2133 1500 2186 cineris.

479 2222 861 2294 Omnipotens
912 2221 1270 2292 sempiterno
1317 2220 1491 2287 Deus,
1544 2225 1654 2275 etc.
1711 2220 1835 2274 H830
1881 2219 2065 2290 prima

415 2315 591 2371 oratio
617 2315 695 2367 est
724 2310 911 2367 eadem
934 2326 1055 2382 quin
1085 2310 1312 2366 habetur
1347 2311 1405 2364 in
1456 2309 1636 2364 editis.

481 2403 607 2459 Alia
664 2403 859 2456 oratio.
920 2400 1177 2456 Concede
1227 2398 1416 2465 nobis,
1468 2398 1731 2464 Domine,
1796 2396 2066 2469 praesidia
2110 2388 2113 2395 ’

409 2490 630 2547 militias
659 2489 1001 2544 Christianae
1028 2489 1245 2543 sanctis
1267 2487 1542 2542 inchoare
1563 2486 1904 2558 jejuniis,ut
1925 2503 2059 2541 con-

410 2585 502 2636 tra
522 2577 860 2652 spirituales
882 2577 1175 2649 nequitias
1198 2574 1512 2649 pugnaturi
1539 2575 1911 2630 continentiae
1934 2591 2063 2629 mu-

411 2668 647 2724 niamur
673 2666 925 2723 anxillis.
959 2665 1081 2722 Per.

480 2758 626 2813 Alia.
662 2760 813 2813 Deus
845 2754 1244 2826 indulgentiae,
1277 2758 1429 2809 Deus
1461 2752 1694 2825 pietatis
1737 2756 1795 2807 et
1828 2752 2063 2807 miseri-

418 2846 647 2911 cordias,
681 2846 782 2917 qui
818 2842 1111 2907 Ninivitis.
1146 2843 1338 2898 cinere
1384 2847 1439 2897 et
1486 2840 1674 2897 cilicio
1715 2840 1960 2907 indutis,
2007 2845 2065 2895 et

415 2933 879 2991 misericordiam
902 2936 1066 2988 tuam
1087 2930 1480 2986 clamantibus
1502 2928 2061 2997 subvenisti,exaudi

414 3042 521 3082 nos
550 3022 837 3097 propitius
867 3020 1187 3077 clamantes
1235 3020 1306 3075 ad
1356 3024 1431 3085 te,
1467 3023 1523 3075 et
1553 3019 1701 3076 hanc
1732 3024 2059 3075 creaturam

411 3115 646 3181 cineris,
680 3128 795 3184 quo
840 3113 1191 3182 peceatores,
1226 3108 1649 3181 indulgentiam
1701 3113 1813 3165 tuae
1846 3111 2060 3164 sanctis

409 3199 821 3259 misericordiae
859 3197 1261 3271 implorantes,
1296 3201 1566 3263 utuntur,
1610 3196 1972 3262 benedicere,
2003 3200 2062 3251 et

2088 1951 2136 2017 B
2168 1965 2337 2023 usque
2365 1950 2435 2006 ad
2470 1951 2649 2007 locum
2677 1950 3014 2022 palmarum,
3049 1951 3147 2007 ubi
3191 1948 3485 2023 antiphona
3530 1958 3583 2006 et
3631 1967 3832 2010 versus

2178 2037 2337 2095 Unus
2366 2046 2560 2095 autem
2590 2041 2769 2111 ﬁnito,
2801 2048 2853 2097 et
2881 2041 3110 2111 repetito
3141 2040 3224 2096 Ne
3268 2040 3431 2107 forte,
3459 2039 3833 2097 subdiaconus

2171 2145 2357 2183 versus
2407 2146 2572 2201 super
2617 2131 2839 2185 titulum
2884 2129 2953 2185 ad
2999 2131 3263 2185 orientem
3302 2130 3497 2202 incipit
3542 2130 3828 2186 lectionem

2173 2217 2357 2273 Dicite
2407 2218 2537 2271 tilias
2588 2218 2747 2273 Sion.
2795 2219 2909 2286 Qua
2952 2219 3108 2289 ﬁnita
3155 2222 3401 2274 cantetur
3448 2218 3515 2274 R.
3550 2218 3818 2275 Christus

2173 2306 2362 2361 factus
2419 2311 2525 2361 est.
2580 2306 2783 2361 Deinde
2838 2306 3103 2363 diaconus
3156 2323 3341 2363 uersus
3394 2306 3465 2363 ad
3512 2294 3825 2380 aquilonem

2172 2396 2403 2467 incipiat
2451 2395 2810 2464 Evangelium
2861 2414 2873 2452 :
2923 2397 3068 2451 Cum
3116 2396 3668 2469 appropinquasset.
3710 2396 3824 2465 Quo

2172 2484 2327 2554 ﬁnito
2374 2483 2766 2539 benedicuntur
2807 2485 3008 2556 palmae
3049 2488 3099 2540 et
3148 2486 3303 2540 olive
3352 2502 3387 2540 a
3431 2485 3706 2542 sacerdote
3752 2485 3824 2540 ad

2172 2574 2436 2628 orientem
2468 2589 2618 2627 verso
2652 2591 2670 2627 :

2244 2660 2528 2717 Dominus
2557 2661 2880 2717 vobiscum.
2918 2695 2983 2705 —
3016 2662 3282 2719 Oremus.
3305 2665 3466 2737 Auge
3488 2663 3684 2730 ﬁdem,
3707 2667 3821 2719 etc.

2171 2752 2269 2805 Hic
2310 2754 2596 2822 ponuntur
2645 2767 2829 2808 omnes
2874 2754 3114 2808 rationes
3162 2756 3223 2808 ut
3280 2754 3342 2808 in
3384 2752 3561 2820 editis,
3616 2757 3824 2824 preter

2172 2841 2329 2895 illam
2359 2841 2658 2909 longiorem
2688 2857 2808 2912 quae
2838 2843 3033 2920 incipit
3055 2859 3073 2896 :
3097 2845 3246 2897 Deus
3277 2841 3375 2914 qui
3409 2841 3557 2898 miro
3590 2841 3824 2915 dispen-

2170 2928 2415 2984 sationis
2448 2929 2666 2999 ordine,
2701 2933 2808 2985 etc.

2246 3020 2390 3073 Tune
2434 3020 2580 3074 rami
2628 3019 2896 3074 benedicti
2936 3024 3300 3091 aspergantur
3347 3037 3494 3091 aqua
3542 3020 3823 3077 benedicta

2167 3123 2293 3162 eum
2323 3106 2626 3179 antiphona
2651 3126 2670 3162 :
2692 3109 2976 3181 Asperges
2996 3125 3110 3174 me,
3143 3108 3405 3164 Domine.
3431 3110 3616 3164 Postea
3644 3112 3821 3183 proji-

2166 3198 2310 3251 citur
2336 3213 2477 3267 nqua
2507 3213 2670 3269 super
2696 3201 3016 3252 conventum
3041 3197 3290 3254 Ordinate
3317 3200 3617 3254 uenientem
3638 3208 3693 3254 et
3719 3217 3818 3255 su-

407 3288 885 3349 sanctiticationis
916 3292 1029 3343 tua:
1055 3286 1303 3360 gratiam
1336 3273 1642 3341 infundere
1685 3285 1961 3358 digneris,
1996 3288 2062 3340 ut
2088 3315 2131 3384 ο
2164 3302 2265 3357 per
2279 3287 2565 3357 pepulum.

407 3380 742 3453 quicunque
764 3377 937 3434 istius
959 3375 1219 3449 pulveris
1240 3374 1542 3431 exustione
1562 3391 1838 3447 aspersus
1860 3374 2053 3444 fuerit,

404 3468 831 3541 indulgentiam
861 3472 918 3523 et
947 3463 1352 3521 remissionem
1384 3463 1649 3520 omnium
1681 3468 2053 3536 peccatorum

407 3573 443 3612 ει
470 3560 528 3611 te
553 3556 719 3627 prius
747 3556 921 3623 Deus,
956 3556 1247 3609 mereatur
1275 3552 1555 3625 accipere.
1588 3553 1713 3607 Per.

474 3645 601 3700 Alia
629 3646 819 3700 oratio.
873 3643 1028 3698 Deus
1073 3642 1191 3715 qui'
1225 3641 1633 3698 bumiliatione
1665 3645 1769 3697 etc.
1806 3642 1927 3697 Haec
1953 3660 2051 3714 pa-

402 3735 542 3790 riter
569 3734 744 3789 oratio
774 3739 851 3787 est
879 3730 1082 3799 eadem,
1116 3747 1234 3803 qua:
1267 3733 1327 3786 in
1356 3732 1535 3799 editis,
1578 3731 1695 3785 alia
1741 3747 1884 3798 vero,
1934 3749 2052 3804 quae

402 3826 465 3880 in
490 3823 683 3880 iisdem
702 3822 1067 3893 subsequitur,
1100 3821 1161 3875 in
1188 3824 1370 3877 nostra
1400 3820 1618 3876 missali
1643 3836 1743 3875 ms.
1776 3820 2051 3877 desidera-

404 3921 513 3969 tur.

474 4002 729 4074 Sequitur
766 4001 1086 4073 antiphona.
1139 4000 1490 4055 Immutetur
1537 3998 1763 4054 habitu.
1820 4000 2050 4055 Interim

399 4091 639 4164 ponendi
662 4099 789 4147 sunt
816 4091 1026 4146 cineres
1051 4106 1213 4162 super
1240 4090 1421 4161 capita
1450 4088 1752 4144 hominum.
1790 4089 2046 4145 Memen-

398 4185 479 4248 to,
509 4180 853 4251 bomo,quia
882 4178 1073 4251 pulvis
1102 4195 1186 4245 es,
1209 4183 1268 4234 et
1299 4178 1358 4233 in
1390 4176 1685 4249 pulverem
1718 4179 2045 4246 reverteris,

398 4271 496 4325 IIis
524 4271 701 4340 ﬁnitis
729 4268 874 4323 dicat
902 4271 1093 4323 cantor
1120 4265 1411 4322 Misereris
1437 4266 1702 4321 omnium

1038 4373 1104 4411 AD
1144 4372 1375 4410 MISSAM.

797 4443 968 4500 Statio
993 4444 1063 4498 ad
1092 4451 1336 4499 sanctam
1365 4443 1646 4498 Sabinam.

468 4534 673 4591 Oratio.
709 4533 941 4599 Praesta,
975 4532 1237 4598 Domine,
1269 4536 1399 4600 ete.,
1451 4540 1512 4588 ut
1555 4534 1613 4587 in
1661 4532 1821 4588 editis
1875 4535 2041 4590 etiam

395 4624 572 4697 quoad
598 4631 856 4679 secretam
873 4625 925 4677 et
954 4623 1536 4691 communionem,cum
1565 4620 1663 4678 hoc
1692 4625 2040 4695 tamen,quod

395 4715 457 4771 in
485 4730 587 4769 ms.
612 4729 724 4768 una
753 4716 969 4767 tantum
990 4712 1165 4766 oratio
1191 4714 1434 4783 ponitur.

733 4818 1010 4857 DOMINICA
1050 4816 1109 4857 IN
1151 4818 1326 4856 RAMIS
1366 4818 1701 4857 PALMARUM.

465 4890 711 4949 Secunda
731 4892 867 4947 hora
885 4890 997 4946 diei
1015 4889 1288 4945 mediante
1304 4892 1634 4946 conveniunt
1654 4892 1715 4945 in
1734 4893 2035 4949 ecclesiam.

388 4983 579 5053 Itaque
645 4981 917 5053 fratribus
987 4982 1208 5035 tertiam
1264 4980 1627 5041 cantantibus,
1678 4980 1917 5036 induunt
1982 4999 2038 5037 se

388 5070 638 5124 ministri
665 5070 725 5123 in
754 5068 1030 5133 vestiario,
1060 5084 1202 5121 unus
1231 5067 1300 5121 ad
1329 5084 1562 5135 crucem,
1596 5067 1703 5123 duo
1740 5068 1809 5123 ad
1838 5069 2037 5125 cande-

388 5156 568 5225 labra,
600 5158 745 5213 alter
790 5155 858 5211 ad
910 5173 1110 5228 aquam
1164 5155 1520 5224 benedictum,
1568 5156 1935 5213 subdiaconus
1963 5158 2036 5214 ad

383 5244 731 5301 thuribulum
752 5248 809 5301 in
841 5248 1050 5310 tunica,
1098 5245 1356 5300 diaconus
1405 5246 1463 5299 in
1514 5244 1823 5317 dalmatiea,
1852 5263 2032 5303 sacer-

383 5330 478 5386 dos
524 5334 585 5386 in
627 5349 820 5405 cappa.
870 5336 1057 5389 Finita
1110 5335 1294 5401 tertia,
1340 5332 1437 5387 ubi
1481 5336 1673 5388 cantor
1714 5335 2035 5405 imposuerit

379 5419 739 5491 antiphonam
788 5439 801 5477 :
849 5422 1239 5496 Collegerunt,
1295 5423 1536 5477 ministri
1595 5424 1882 5479 transeunt
1932 5444 2032 5499 per

379 5507 607 5572 chorum
668 5519 920 5587 sequente
983 5515 1267 5584 conventu,
1337 5511 1606 5571 cantando
1672 5515 2028 5593 antiphonam

2240 3376 2446 3432 Oratio.
2481 3381 2632 3431 Deus
2658 3375 2757 3448 qui
2783 3375 2993 3432 Filium
3026 3380 3214 3444 tuum,
3239 3381 3350 3433 etc.

2240 3467 2363 3521 Post
2411 3465 2523 3520 haec
2569 3465 2767 3536 incipit
2815 3469 3007 3522 cantor
3035 3466 3393 3539 antiphonam
3427 3482 3441 3522 :
3472 3466 3637 3522 Pueri
3692 3468 3818 3523 Βω-

2165 3555 2436 3611 breorum
2471 3570 2484 3609 :
2517 3557 2567 3609 et
2597 3555 2760 3610 alias.
2793 3556 3018 3610 Interim
3042 3557 3294 3611 ministri
3326 3557 3604 3628 accipiunt
3631 3573 3820 3613 ramos

2162 3644 2227 3701 de
2253 3661 2423 3700 manu
2453 3644 2764 3711 sacerdotis,
2802 3648 2988 3715 postea
3026 3646 3305 3701 osculatur
3351 3648 3641 3701 conventus
3694 3664 3816 3702 ma-

2162 3749 2298 3789 num
2326 3734 2460 3804 ejus.
2494 3732 2696 3789 Deinde
2743 3732 2951 3788 dantur
2994 3734 3192 3805 populo
3242 3733 3525 3806 repetendo
3550 3735 3819 3806 antipha-

2159 3839 2310 3889 nam,
2341 3822 2508 3877 donec
2548 3838 2731 3877 omnes
2773 3824 3067 3893 accipiant.
3120 3824 3233 3892 Quo
3280 3823 3557 3894 completo,
3612 3826 3819 3897 incipit

2157 3915 2348 3967 cantor
2365 3911 2730 3983 antiphonum
2777 3929 2796 3965 :
2846 3910 2990 3966 Cum
3037 3910 3556 3984 appropinquaret.
3588 3913 3815 3968 Etcum

2156 4003 2311 4057 omni
2340 4002 2679 4056 veneratione
2708 4002 2870 4071 quasi
2897 4003 3075 4071 ipsum
3121 4001 3416 4057 Dominum
3462 4003 3813 4072 comitantes,

2150 4090 2448 4161 procedunt
2478 4089 2547 4144 ad
2575 4090 2879 4145 ecclesiam.
2905 4089 3093 4161 Ibique
3116 4093 3244 4145 ante
3272 4091 3473 4146 ostium
3509 4089 3811 4161 ordinatis,

2153 4180 2316 4249 ﬁnita
2360 4179 2684 4251 antiphona,
2713 4180 2923 4234 intrant
2970 4178 3077 4234 duo
3122 4179 3324 4250 fratres
3354 4181 3416 4235 in
3443 4180 3729 4235 ecclesiam
3760 4190 3812 4236 et

2151 4275 2369 4324 cantent
2393 4287 2411 4323 :
2441 4267 2696 4335 Glauria,
2726 4267 2857 4323 laus
2888 4272 2944 4323 et
2976 4266 3164 4323 honor
3191 4268 3316 4323 tibi.
3368 4269 3436 4324 Et
3475 4276 3600 4341 post
3637 4269 3811 4341 ﬁnem

2153 4357 2409 4413 binorum
2435 4373 2689 4413 uersuum
2718 4361 2965 4428 repetunt
2983 4356 3047 4413 de
3066 4359 3224 4428 foris:
3244 4355 3458 4428 Gloria,
3491 4357 3643 4413 laus.
3673 4360 3807 4415 Per-

2150 4449 2381 4503 cantatis
2427 4447 2672 4501 versibus
2725 4448 2937 4502 intrant
2992 4448 3053 4501 in
3100 4447 3385 4503 ecclesiam
3433 4447 3711 4503 cantando
3742 4449 3806 4515 ﬁt.

2152 4536 2537 4608 Ingrediente,
2564 4534 2803 4590 sonando
2823 4534 3074 4589 omnibus
3104 4536 3301 4604 signis.

2219 4628 2445 4681 Demum
2489 4625 2733 4679 ministri
2770 4628 3089 4696 praeparent
3133 4639 3189 4679 se
3230 4624 3302 4679 ad
3348 4626 3607 4686 missam:
3636 4634 3690 4680 et
3718 4632 3802 4698 0/-

2070 4685 2120 4749 D
2149 4716 2354 4786 ﬁciales
2402 4713 2507 4768 duo
2556 4715 2744 4785 eappis
2770 4685 3100 4769 induuntur
3146 4715 3207 4769 in
3250 4713 3431 4770 choro.
3464 4713 3544 4769 Ad
3589 4685 3804 4772 tractus

2148 4803 2452 4859 induantur
2515 4802 2620 4858 alii
2682 4802 2807 4869 duo,
2875 4810 2924 4857 et
2989 4810 3223 4874 quatuor
3283 4807 3522 4870 cantent,
3573 4803 3682 4859 duo
3750 4807 3801 4860 et

2146 4893 2273 4948 duo.

2481 4998 2643 5036 l-‘ERIA
2682 4997 2888 5043 QUINTA
2930 4998 2987 5036 IN
3026 4998 3201 5037 COENA
3241 4996 3464 5037 DOHINI.

2215 5072 2359 5127 Hora
2388 5086 2531 5125 nona
2561 5071 2838 5125 excutitur
2868 5072 3014 5140 ignis
3042 5071 3107 5125 de
3133 5070 3468 5143 crystallano
3496 5071 3580 5127 vel
3616 5071 3793 5142 silice,
3818 5062 3823 5067 ’

2142 5162 2221 5218 ita
2249 5168 2307 5216 ut
2335 5176 2405 5216 ea:
2434 5161 2549 5233 ipso
2577 5161 2748 5231 possit
2773 5158 2996 5215 accendi
3023 5159 3280 5226 candela;
3325 5163 3378 5215 et
3407 5159 3676 5216 benedicit
3702 5177 3792 5216 sa-

2141 5250 2322 5306 cerdos
2353 5251 2536 5321 ignem
2564 5249 2710 5321 apud
2736 5264 2854 5315 nos,
2887 5248 3110 5305 indutus
3139 5250 3277 5305 stola
3309 5251 3528 5304 tantum
3572 5253 3629 5304 et
3661 5250 3795 5321 plu-

2140 5340 2277 5395 viali
2304 5347 2356 5394 et
2382 5354 2527 5409 aqua
2559 5337 2832 5394 benedicta
2861 5354 2874 5395 :
2908 5337 3376 5412 Asperges.Apud
3396 5337 3655 5409 quosdam
3674 5337 3797 5394 dia-

2138 5445 2303 5485 conus
2326 5426 2611 5484 benedicit.
3289 5461 3296 5469 .

2213 5517 2418 5581 Oratio.
2452 5521 2627 5590 Deus,
2660 5515 2762 5595 qui
2808 5533 2914 5601 per
2958 5516 3173 5578 Filium
3220 5520 3412 5591 tuum,
3445 5514 3792 5595 angularem
