3982 6172
139 422 257 488 181

944 424 1328 489 EXCERPT.
1371 421 1476 488 EX
1517 424 1744 489 CODD.
1788 425 2098 492 LITURG.
2144 430 2741 501 FONTAVELLAN.

3422 436 3540 500 882

141 557 370 619 scilicet
423 555 696 633 lapidem,
731 558 1032 616 charitatis
1090 557 1361 616 ﬁdelibus
1418 559 1535 614 tuis
1586 558 1781 631 ignem
1813 557 1871 627 Α
1971 566 2187 624 Refecti
2218 567 2494 626 vitalibus
2555 570 2868 641 alimentis,
2905 589 3263 646 quaesumus,
3300 572 3543 631 Domine

141 647 464 716 contulisti,
499 648 847 721 productum
878 666 909 704 e
961 648 1122 705 silice
1171 650 1388 704 nostris
1421 647 1792 720 profuturum

142 738 380 805 usibus,
413 753 629 793 novum
681 738 836 793 hunc
876 737 1068 811 ignem
1103 737 1423 804 sanctiﬁca,
1457 742 1514 792 et
1544 738 1795 792 concede

139 827 314 884 nobis
335 826 419 882 ita
438 842 542 898 per
556 825 677 881 haec
709 825 856 881 festa
872 826 1170 898 paschalia
1201 825 1538 881 caelestibus
1569 825 1793 881 deside-

139 917 244 974 riis
275 915 627 971 inﬂammari
657 920 722 970 ut
742 915 811 970 ad
831 920 1118 987 perpetuae
1140 914 1422 970 claritatis
1453 915 1617 987 puris
1636 931 1792 970 men-

138 1008 301 1064 tibus
327 1005 627 1062 valeamus
657 1004 806 1060 festa
835 1004 1181 1077 pertingere.
1220 1005 1342 1060 Per.

211 1096 338 1152 Alia
365 1097 556 1152 oratio.
595 1094 832 1150 Domine
861 1099 1034 1164 Deus,
1074 1095 1241 1150 Pater
1269 1094 1662 1166 omnipotens,
1696 1093 1787 1149 lu-

140 1204 275 1244 men
307 1184 669 1248 indeﬂciens,
692 1186 749 1238 et
778 1187 975 1238 sancte
1018 1182 1280 1238 conditor
1318 1183 1581 1238 omnium
1613 1182 1790 1238 lumi-

139 1273 602 1342 num,bene’rdic
634 1273 742 1328 hoc
773 1271 995 1341 lumen,
1020 1273 1176 1344 quod
1210 1290 1244 1327 a
1269 1277 1326 1328 te
1357 1273 1788 1328 sanctiﬁcatum

137 1369 318 1438 atque
343 1362 716 1420 benedictum
736 1366 842 1426 est,
869 1363 967 1434 qui
987 1361 1332 1417 illuminasti
1356 1377 1588 1417 omnem
1615 1377 1790 1416 mun-

139 1455 388 1522 dum,ut
409 1453 480 1507 ab
497 1468 563 1508 eo
606 1451 829 1506 lumine
853 1451 1262 1518 accendamur,
1297 1455 1354 1506 et
1382 1449 1791 1506 illuminemur

139 1545 279 1618 igne
300 1541 582 1599 claritatis
603 1545 732 1607 tuae,
753 1544 812 1596 et
833 1541 986 1596 sicut
1009 1540 1204 1614 ignem
1219 1539 1568 1596 illuminasti
1584 1540 1786 1611 Moysi,

136 1635 226 1689 ita
247 1630 545 1688 illuminas
577 1630 754 1686 corda
783 1635 840 1686 et
873 1645 1081 1686 sensus
1122 1634 1374 1696 nostros,
1411 1632 1474 1684 ut
1505 1629 1575 1685 ad
1608 1628 1787 1685 vitam

135 1725 416 1778 sternam
438 1719 736 1792 pervenire
767 1735 1118 1775 mereamur.
1156 1717 1281 1773 Per.

211 1809 337 1866 Alia
365 1812 560 1866 oratio.
591 1809 820 1874 Veniat,
840 1825 1202 1880 quaesumus,
1227 1806 1598 1879 omnipotens
1611 1807 1784 1873 Deus,

135 1917 318 1973 super
337 1900 446 1955 hoc
470 1900 772 1954 incensum
796 1898 959 1970 larga
979 1901 1089 1952 tuae
1111 1896 1532 1952 benedictionis
1547 1895 1781 1964 infusio,
1821 1935 1866 2002 Β

134 1995 197 2048 et
228 1990 385 2045 hunc
414 1986 763 2043 nocturnum
789 1986 1160 2059 splendorem
1179 1985 1492 2042 invisibilis
1515 1989 1789 2057 regnator

135 2079 413 2144 accende,
437 2081 499 2132 ut
523 2094 635 2132 non
662 2075 852 2131 solum
894 2075 1270 2142 sacriﬁcium,
1294 2076 1447 2146 quod
1481 2075 1590 2129 hac
1623 2078 1788 2130 nocte

135 2169 370 2225 litatum
429 2170 520 2222 est
575 2181 788 2222 arcana
843 2163 1088 2219 luminis
1117 2164 1202 2218 tui
1235 2164 1585 2219 admistione
1617 2161 1788 2218 reful-

135 2261 291 2331 geat,
308 2255 408 2312 sed
428 2255 486 2310 in
505 2271 855 2326 quocunque
878 2253 1000 2309 loco
1021 2269 1088 2308 ex
1112 2251 1289 2323 hujus
1309 2251 1788 2321 sanctiﬁcationis

137 2343 416 2417 mysterio
439 2342 612 2398 fuerit
631 2343 1021 2414 deportatum,
1046 2339 1288 2411 expulsa
1318 2339 1617 2396 diabolicae
1637 2341 1788 2395 frau-

137 2434 230 2490 dis
262 2432 545 2506 nequitia,
576 2430 763 2486 virtus
793 2434 904 2485 tuae
941 2429 1264 2501 majestatis
1296 2428 1554 2484 assistat.
1589 2429 1711 2484 Per.

211 2524 283 2578 De
312 2537 415 2593 quo
459 2524 584 2590 igne
638 2535 772 2576 novo
831 2521 1042 2591 lampas
1096 2535 1208 2573 una
1264 2527 1506 2573 servetur
1561 2534 1787 2573 accensa

141 2628 307 2682 usque
321 2614 380 2666 in
394 2610 720 2665 Sabbbatum
733 2617 984 2663 sanctum
1011 2609 1080 2662 ad
1101 2607 1532 2662 ittuminandum
1549 2623 1785 2676 cereum,

139 2704 234 2778 qui
283 2700 465 2757 eodem
506 2698 593 2754 die
626 2697 1014 2754 benedicendus
1046 2700 1120 2751 est
1151 2697 1343 2751 ordine
1364 2712 1466 2767 quo
1497 2699 1555 2751 in
1590 2698 1782 2750 Sacra—

138 2792 404 2847 mentario
433 2789 759 2844 continetur.
794 2791 909 2842 Hoc
941 2787 1171 2858 expleto,
1196 2787 1347 2840 omni
1395 2787 1602 2840 lumine
1631 2785 1783 2840 deco-

140 2888 258 2936 rata
314 2879 561 2942 ecclesia,
624 2875 1009 2946 ingrediantur
1069 2875 1139 2929 ad
1214 2876 1451 2940 missam,
1507 2889 1632 2944 qua:
1683 2890 1784 2945 pro

135 2969 427 3042 praesentis
484 2965 748 3035 sacriﬁcii
799 2965 1006 3020 recenti
1063 2964 1404 3018 institutione
1447 2962 1787 3017 devotissime

137 3060 475 3114 decantetur.
513 3057 578 3110 In
635 3054 734 3109 hac
780 3056 928 3109 enim
983 3053 1071 3108 die
1134 3052 1470 3120 sacriﬁcium
1544 3053 1782 3122 corporis

138 3149 305 3215 sacri,
327 3149 376 3201 et
397 3145 513 3200 divi
535 3147 782 3198 muneris
802 3144 946 3198 sacri
987 3143 1275 3212 sanguinis
1306 3143 1372 3194 ab
1414 3143 1526 3212 ipso
1556 3142 1782 3195 Domino

141 3235 524 3293 celebrationis
579 3234 810 3303 sumpsit
870 3233 1114 3287 initium.
1168 3233 1276 3284 Ilac
1314 3230 1402 3284 die
1431 3232 1486 3284 in
1523 3233 1627 3284 toto
1657 3231 1784 3284 orbe

1901 656 2056 713 Deus
2088 661 2302 727 noster,
2337 663 2402 715 ut
2434 663 2588 732 quod
2619 667 2878 735 tempore
2910 663 3284 720 mortalitatis
3335 667 3544 720 nostra:

1903 747 2296 821 exsequimur,
2328 750 2789 809 immortalitatis
2823 771 3063 810 munere
3094 771 3547 827 consequamur.

1904 835 2028 893 Per.

1971 930 2259 1000 Postquam
2315 930 2572 988 diaconus
2627 933 2760 990 dicit
2824 934 3243 991 Benedicamus
3299 931 3546 990 Domino

1901 1017 1958 1071 In
1988 1018 2248 1087 plurimis
2271 1021 2548 1094 Ecclesiis,
2581 1024 2680 1089 Ite,
2717 1024 2899 1080 missa
2928 1028 3018 1080 est
3073 1023 3296 1090 dicitur,
3332 1025 3464 1094 quia
3495 1027 3547 1077 et

1902 1104 2097 1162 Gloria
2118 1107 2173 1160 in
2193 1109 2435 1165 excelsis
2466 1112 2674 1180 dicunt,
2709 1114 2846 1184 quod
2865 1130 2963 1169 nos
2994 1129 3102 1168 non
3132 1114 3388 1169 dicimus.

2270 1216 2434 1253 FERIA
2474 1218 2646 1256 SEXTA
2686 1219 2747 1256 IN
2787 1219 3168 1257 PARASCEVEN.

1970 1285 2110 1339 Dum
2157 1293 2416 1345 cantatur
2452 1306 2599 1344 nona.
2648 1291 2886 1347 induunt
2931 1292 3178 1347 sacerdos
3224 1300 3274 1348 et
3299 1289 3544 1346 ministri

1898 1374 2101 1428 casulis
2148 1377 2344 1446 nigris,
2394 1379 2444 1432 si
2510 1379 2796 1448 habentur,
2853 1383 3173 1452 faciuntque
3227 1381 3430 1436 ibidem
3483 1380 3544 1433 in

1901 1463 2152 1519 vestiario
2227 1469 2634 1538 confessionem,
2696 1477 2746 1525 et
2805 1473 2934 1524 tunc
2989 1487 3100 1525 non
3173 1471 3542 1525 accenduntur

1897 1551 2135 1608 candelae
2192 1557 2338 1611 circa
2395 1558 2591 1625 altare,
2625 1564 2674 1614 et
2701 1561 2927 1614 mittant
2951 1561 3248 1630 parvulum
3285 1561 3538 1623 linteum,

1897 1643 2321 1699 mundissimum
2373 1655 2574 1710 tamen,
2625 1666 2786 1720 super
2839 1651 3031 1704 altare.
3068 1651 3361 1720 Postquam
3415 1667 3539 1706 vero

1897 1732 2142 1788 sacerdos
2170 1751 2293 1789 cum
2320 1737 2593 1792 ministris
2646 1739 2854 1793 venerit
2899 1754 3083 1793 coram
3133 1740 3319 1805 altari,
3353 1741 3544 1794 statim

1896 1821 2154 1878 diaconus
2176 1825 2509 1880 accenditad
2532 1827 2835 1896 legendum,
2850 1829 3218 1899 pronuntians
3241 1829 3299 1882 in
3317 1828 3542 1882 lectione

1898 1928 2094 1967 nomen
2143 1915 2438 1985 prophetae,
2472 1918 2552 1970 sic
2583 1935 2595 1971 :
2633 1916 2819 1971 Lectio
2879 1917 3039 1972 Oscae
3077 1916 3388 1989 prophetae.
3425 1918 3544 1985 Qua

1898 2001 2058 2070 ﬁnita
2085 2002 2278 2059 dicant
2305 2008 2537 2059 tractum
2566 2006 2626 2059 in
2654 2006 2833 2071 choro,
2866 2011 2987 2074 etc.,
3021 2009 3081 2060 ut
3112 2006 3172 2060 in
3203 2005 3360 2060 editis
3376 2021 3544 2076 usque

1897 2091 1967 2144 ad
2023 2099 2192 2147 totam
2251 2094 2505 2149 ultimam
2534 2096 2837 2151 ora-tionem
2862 2113 2880 2151 :
2913 2094 3294 2168 Omnipotens
3324 2095 3540 2168 sempi-

1897 2184 2058 2235 terne
2081 2181 2255 2236 Deus.

1969 2271 2167 2324 Finitis
2197 2272 2537 2327 orationibus
2560 2274 2715 2344 prior
2738 2275 2871 2344 facit
2907 2287 3209 2329 sermonem
3257 2274 3328 2328 ad
3366 2289 3539 2346 popu-

1897 2355 2014 2408 lum
2064 2356 2128 2410 de
2180 2373 2330 2427 pace,
2367 2365 2418 2412 et
2469 2375 2653 2415 omnes
2706 2359 3073 2416 discordantes
3123 2363 3370 2417 Ecclesiee
3425 2379 3539 2417 suae

1895 2445 2040 2522 ﬁlios
2064 2446 2134 2500 ad
2163 2448 2507 2502 concordiam
2536 2465 2790 2505 revocare
2819 2466 3158 2522 summopere
3205 2449 3434 2520 studeat,
3480 2459 3540 2507 ut

1894 2519 2050 2603 digni
2106 2545 2442 2592 sacramento
2500 2541 2964 2594 reconciliationis
3014 2540 3276 2595 humana?
3303 2555 3413 2594 esse
3444 2556 3537 2593 va-

1896 2622 2062 2677 leant.
2099 2626 2190 2678 llis
2247 2630 2537 2681 transactis
2595 2627 2849 2682 accedant
2903 2627 2972 2682 ad
3011 2644 3223 2682 crucem
3266 2627 3535 2698 discoope-

1895 2712 2163 2777 riendam,
2195 2716 2336 2768 sicut
2388 2717 2446 2769 in
2477 2717 2666 2771 ordine
2694 2717 2942 2772 habetur.
2969 2718 3085 2785 Qua
3115 2716 3456 2788 discooperto
3485 2719 3539 2770 et

1893 2802 2138 2870 adorata,
2172 2805 2354 2859 veniat
2406 2805 2652 2860 sacerdos
2700 2823 2825 2861 cum
2882 2807 3153 2861 ministris
3185 2812 3311 2872 ante
3340 2806 3534 2861 altare.

1893 2891 2160 2947 Diaconus
2216 2895 2288 2947 sit
2346 2895 2573 2948 indutus
2629 2897 2816 2950 casula
2866 2912 2988 2964 sua,
3020 2896 3162 2957 sicut
3215 2909 3329 2949 mos
3384 2897 3460 2948 est
3489 2895 3543 2950 ei

1891 2981 2270 3043 ministranti;
2292 2984 2656 3038 sutntiaconus
2671 2989 2856 3040 autem
2884 2984 3106 3038 indutus
3133 2999 3248 3038 sua.
3279 2984 3542 3053 Factaque

1891 3070 2227 3138 confessione
2256 3075 2382 3125 ante
2411 3074 2605 3134 altare,
2647 3073 2858 3143 deferat
2895 3073 3163 3127 diaconus
3202 3071 3539 3142 corporalem

1891 3157 1959 3210 ad
1989 3158 2164 3231 altare
2191 3163 2244 3213 et
2273 3161 2546 3214 extendat.
2581 3163 2644 3215 Et
2685 3163 2744 3216 in
2791 3162 3034 3216 sacrario
3082 3162 3143 3214 in
3183 3161 3294 3214 loco
3348 3175 3537 3214 conve-

1888 3238 2068 3292 nienti
2095 3244 2371 3310 praeparet
2400 3241 2661 3295 diaconus
2691 3241 2917 3296 calicem
2947 3257 3067 3296 cum
3098 3240 3222 3294 vino
3260 3255 3373 3294 non
3403 3255 3536 3293 con-

137 3342 352 3383 sacrum
381 3324 625 3379 chrisma
656 3322 958 3391 conﬁcitur.
996 3325 1115 3375 Hac
1159 3320 1248 3374 die
1293 3320 1460 3374 etiam
1514 3321 1782 3389 pwm'tcn-
1813 3305 1855 3372 Ο
1892 3328 2382 3398 secrato,imposito
2404 3345 2567 3399 super
2583 3333 2840 3400 patenum
2855 3327 3149 3396 diligenter
3167 3330 3536 3381 etreverenter

140 3419 283 3471 tibus
307 3430 406 3486 per
435 3412 832 3483 indulgentiam
861 3411 1197 3466 subvenitur.

211 3506 347 3559 Dum
373 3506 558 3557 autem
577 3505 834 3556 cantatur
846 3516 1012 3566 nona,
1035 3504 1352 3570 prceparent
1373 3514 1429 3552 se
1458 3495 1528 3550 ad
1554 3499 1778 3556 missam

137 3595 326 3664 festive
370 3590 636 3660 sacerdos,
670 3591 932 3645 diaconus
986 3590 1044 3642 in
1073 3587 1389 3652 dalmatica,
1421 3585 1780 3642 subdiaconus

140 3685 199 3738 in
231 3683 438 3746 tunica,
479 3680 802 3750 ceroferarii
839 3695 1048 3750 quoque
1074 3685 1122 3732 et
1174 3679 1269 3746 qui
1309 3676 1652 3729 thuribulum
1681 3676 1778 3729 de-

135 3775 296 3843 ferat.
331 3771 395 3824 Et
443 3773 690 3823 cantator
746 3771 804 3822 in
853 3767 1033 3833 choro,
1067 3765 1293 3821 indutus
1336 3780 1525 3836 cappa,
1557 3766 1782 3818 missam

137 3861 450 3916 solemniter
478 3858 728 3929 incipiat,
764 3873 889 3928 (μιίε
911 3873 1012 3929 pro
1039 3855 1332 3928 praesentis
1384 3855 1644 3924 sacrificii
1696 3869 1781 3908 re-

125 3950 274 4005 centi
355 3948 700 4002 institutione
756 3947 1095 4002 devotissime
1160 3945 1498 3999 decantetur.
1560 3945 1623 3997 In
1676 3959 1783 4015 qua

122 4041 360 4094 iteratur
381 4052 731 4108 responsum;
747 4045 796 4090 et
817 4040 1064 4090 cantetur
1083 4034 1263 4088 Credo
1279 4033 1336 4088 in
1360 4049 1542 4087 unum
1570 4032 1780 4098 Deum,

124 4126 326 4184 Gloria
360 4127 420 4180 in
450 4124 692 4181 excelsis
724 4124 859 4178 Deo.

128 4218 236 4274 Ubi
265 4217 505 4272 chrisma
534 4214 840 4281 conﬁcitur,
871 4216 1145 4266 cantatur.

386 4319 558 4357 MISSA
596 4318 668 4355 AD
711 4319 759 4354 S.
801 4316 1064 4354 JOANNEM
1105 4317 1162 4352 ΙΝ
1206 4315 1515 4352 LATERANO.

197 4392 421 4454 Oratio,
455 4393 562 4444 etc.
602 4391 664 4445 Ut
695 4391 750 4443 in
786 4388 983 4442 nostris
1019 4386 1177 4441 editis
1210 4401 1378 4454 usque
1400 4386 1468 4438 ad
1499 4401 1780 4441 consecra-

125 4488 336 4541 tionem
365 4480 604 4550 corporis
647 4485 696 4532 et
751 4477 1041 4547 sanguinis
1092 4474 1374 4528 inclusive.
1411 4475 1534 4526 Post
1583 4475 1783 4543 Agnus

125 4573 253 4637 Dei,
283 4568 528 4626 sacerdos
559 4566 767 4622 dividat
827 4567 1058 4629 oblatas,
1092 4567 1141 4618 et
1174 4577 1376 4627 omnes,
1413 4563 1508 4631 qui
1565 4565 1782 4630 possunt

1888 3429 2110 3485 corpore
2168 3417 2414 3483 Domini,
2439 3418 2496 3472 id
2524 3426 2602 3472 est
2633 3419 2859 3487 integris
2900 3417 3114 3481 oblatis,
3148 3430 3274 3488 quae
3300 3417 3533 3472 servam

1887 3506 2014 3556 sunt
2043 3503 2106 3557 de
2135 3520 2352 3576 corpore
2381 3507 2601 3561 Domini
2632 3506 2812 3578 pridie
2830 3523 2850 3567 ;
2881 3509 2932 3561 et
2974 3505 3203 3578 desuper
3253 3505 3534 3576 corporale

1885 3590 2154 3660 plicatam
2181 3600 2484 3665 componat,
2504 3597 2632 3666 quia
2651 3597 2878 3666 dignum
2897 3600 2995 3662 est,
3021 3603 3081 3650 ut
3127 3611 3320 3668 corpus
3346 3594 3532 3649 Domi-

1889 3680 1970 3744 ni,
1993 3681 2049 3732 in
2093 3699 2194 3752 quo
2226 3688 2302 3738 est
2343 3688 2451 3738 tota
2503 3685 2650 3739 sal-us
2679 3688 2863 3739 nostra
2893 3689 2944 3740 et
2975 3683 3285 3756 redemptio,
3318 3698 3533 3737 summa

1890 3773 2195 3826 reverentia
2242 3775 2521 3828 tractetur.
2559 3773 2863 3829 Procedunt
2895 3788 3017 3828 vero
3060 3772 3130 3827 ad
3159 3789 3284 3828 eum
3312 3772 3418 3826 duo
3447 3787 3532 3827 ce-

1891 3861 2154 3930 roferarii
2185 3861 2243 3914 in
2272 3863 2430 3929 albis,
2465 3870 2514 3917 et
2539 3864 2732 3917 tertius
2761 3879 2883 3916 cum
2908 3861 3184 3916 ttmributo
3203 3862 3532 3930 fumigante,

1893 3953 1945 4002 et
1973 3949 2339 4004 subdiaconus
2365 3959 2586 4021 portans
2616 3952 2921 4022 ampullam
2949 3964 3129 4020 aqua}.
3166 3951 3380 4020 Deferat
3433 3966 3534 4004 au-

1892 4045 1996 4093 tem
2024 4038 2284 4094 diaconus
2314 4039 2537 4093 calicem
2565 4055 2688 4092 cum
2715 4053 2935 4110 corpore
2967 4038 3183 4093 Domini
3193 4037 3376 4092 dicens
3396 4039 3539 4108 apud

1890 4143 1988 4182 se:
2539 4132 2546 4139 '

1964 4217 2082 4271 Hoc
2114 4233 2346 4288 corpus,
2372 4217 2525 4288 quod
2587 4233 2690 4287 pro
2745 4215 2907 4271 vobis
2940 4215 3224 4286 tradetur,
3257 4216 3349 4272 hic
3389 4214 3538 4272 calix

1894 4305 2033 4362 Novi
2063 4305 2416 4361 Testamenti
2469 4310 2556 4361 est
2592 4307 2650 4360 in
2684 4321 2811 4361 meo
2843 4306 3148 4378 sanguine,
3184 4305 3326 4360 dicit
3351 4305 3538 4361 Domi-

1895 4413 2026 4450 nus.
2062 4395 2179 4449 Hoc
2217 4394 2406 4460 facite,
2442 4395 2902 4468 quotiescunque
2939 4395 3196 4463 sumitis,
3231 4395 3289 4450 in
3345 4410 3537 4452 meam

1895 4485 2528 4539 commemorationem.

1967 4573 2193 4626 Tenente
2247 4582 2428 4627 autem
2485 4575 2710 4629 diacono
2768 4575 3015 4644 calicem,
3043 4574 3288 4629 sacerdos
3319 4577 3539 4631 misceat

125 4661 543 4718 communicent.
581 4659 758 4712 Tantae
808 4655 908 4710 hac
959 4654 1048 4709 die
1076 4653 1454 4709 consecrentur
1483 4651 1676 4705 hostiae
1725 4655 1785 4705 ut
1814 4673 1862 4736 Β
1894 4675 2114 4729 aquam,
2147 4661 2341 4730 quibus
2391 4661 2590 4715 oblatis
2639 4664 2865 4717 inclinet
2913 4663 3159 4717 sacerdos
3201 4670 3325 4717 ante
3361 4665 3538 4718 altare

122 4769 198 4808 ex
240 4752 373 4821 ipsis
412 4749 625 4821 possint
656 4751 708 4802 et
745 4745 995 4818 sequenti
1050 4743 1140 4798 die
1186 4740 1524 4812 sufﬁcio-nter
1584 4739 1781 4794 habere

129 4839 202 4894 ad
233 4835 767 4893 communicandum.
798 4833 1102 4889 Notandum
1160 4839 1342 4886 autem
1401 4828 1540 4901 quod
1568 4828 1632 4883 de
1661 4844 1779 4883 cor-

123 4943 256 5001 pore
285 4928 502 4982 Domini
560 4928 790 4995 integrae
847 4924 1046 4979 oblatae
1095 4919 1380 4976 servanda?
1426 4926 1557 4972 sunt
1612 4934 1782 4990 usque

125 5032 292 5073 mane
314 5015 402 5070 die
420 5017 735 5081 Parasceve,
751 5013 815 5069 de
834 5013 1030 5085 quibus
1067 5010 1488 5065 communicant.
1541 5008 1724 5075 Sanga
1734 5010 1779 5062 is

130 5121 256 5163 vero
284 5105 505 5160 Domini
528 5106 642 5174 ipso
665 5103 752 5158 die
769 5104 988 5173 penitus
1019 5100 1359 5154 absumatur.
1391 5098 1617 5152 Interim
1656 5113 1779 5152 vero

127 5195 557 5256 communicant,
612 5193 818 5247 dicitur
849 5208 866 5244 :
900 5193 1103 5260 Agnus
1156 5187 1361 5250 Dei;et
1411 5185 1728 5241 Communia
1760 5203 1777 5240 :

128 5283 416 5341 Dominus
445 5285 638 5348 Jesus,
673 5282 873 5351 absque
905 5279 1100 5334 osculo.

201 5375 397 5429 Postea
449 5373 715 5442 incipitur
762 5369 1063 5440 antiphona
1093 5365 1161 5420 ad
1211 5379 1487 5434 vesperum
1529 5361 1777 5418 Calicem

127 5461 429 5527 salutaris,
489 5477 613 5515 cum
673 5460 924 5532 psalmis,
984 5457 1080 5528 qui
1153 5455 1394 5507 suaviter
1469 5459 1776 5508 cantentur.

126 5555 160 5622 ἢν
185 5551 457 5609 Christus
489 5549 674 5605 factus
705 5553 811 5604 est.
846 5547 1153 5618 Antiphone
1177 5540 1554 5597 Coenantibus
1586 5545 1778 5597 autem

127 5642 373 5712 accepit.
410 5643 538 5696 Post
567 5637 920 5710 Magniﬁcat,
969 5636 1128 5707 ﬁnita
1179 5631 1481 5702 antiphona
1528 5633 1783 5703 sequitur

125 5731 310 5787 oratio
336 5730 404 5785 ad
425 5727 803 5801 complendum
837 5744 850 5781 :

1892 4747 2075 4801 dicens
2105 4767 2124 4801 ε
2155 4749 2213 4800 In
2243 4747 2455 4818 spiritu
2487 4749 2856 4816 humilitatis,
2890 4754 2947 4805 et
2977 4751 3036 4804 in
3064 4751 3260 4806 animo
3290 4752 3536 4806 contrito

1892 4836 2307 4907 suscipiamur,
2340 4836 2599 4900 Domine,
2634 4855 2667 4892 a
2699 4842 2771 4901 te,
2809 4844 2917 4894 etc.
2951 4843 3080 4894 Post
3111 4840 3224 4894 hinc
3262 4841 3447 4893 levans
3483 4855 3540 4894 se

1892 4927 2085 4996 incipit
2116 4924 2375 4979 mediocri
2396 4941 2518 4980 voce
2539 4926 2830 4991 :Oremus,
2857 4927 3158 4997 praeceptis
3181 4926 3541 4981 salutaribus

1891 5013 2133 5080 moniti;
2169 5013 2338 5068 Pater
2394 5017 2611 5068 noster.
2644 5015 2707 5070 Et
2763 5016 2921 5084 finiat
2971 5022 3159 5076 totum,
3192 5015 3544 5084 respondente

1888 5105 2049 5159 choro
2089 5121 2106 5156 :
2140 5104 2248 5158 Sed
2312 5103 2494 5158 libera
2556 5122 2661 5160 nos
2702 5122 2735 5160 a
2785 5105 2959 5160 malo.
2993 5107 3184 5159 Postea
3242 5104 3387 5159 dicat
3443 5107 3542 5159 sub

1887 5195 2104 5247 silentio
2135 5211 2152 5246 :
2189 5193 2390 5247 Libera
2423 5210 2548 5258 nos,
2585 5211 2949 5265 quaesumus,
2976 5194 3218 5249 Domine
3245 5195 3541 5261 ;sicutmos

1890 5289 1985 5348 cst,
2019 5285 2067 5335 et
2099 5297 2222 5335 cum.
2253 5281 2456 5336 rlixerit
2486 5300 2504 5336 :
2530 5281 2635 5337 Per
2667 5281 2865 5336 omnia
2903 5281 3115 5337 szecula
3174 5282 3539 5338 saeculorum.

1891 5373 2094 5435 Amen,
2130 5370 2242 5424 Pax
2275 5371 2511 5425 Domini
2559 5387 2671 5425 non
2727 5370 2963 5439 dicatur,
2997 5388 3172 5443 neque
3220 5387 3319 5443 per
3360 5373 3544 5428 oscula.

1890 5459 2086 5518 detur:
2117 5460 2207 5514 sed
2261 5465 2442 5514 sumat
2501 5462 2564 5516 de
2617 5465 2826 5527 sancta,
2859 5469 2910 5516 et
2963 5468 3135 5532 ponat
3188 5463 3247 5516 in
3294 5462 3538 5527 calicem,

1890 5549 2036 5603 nihil
2065 5548 2263 5603 dicens.
2299 5549 2686 5619 Sam-tifieatur
2729 5553 2914 5604 autem
2961 5552 3151 5605 vinum
3207 5567 3318 5606 non
3354 5567 3539 5607 conse-

1891 5641 2105 5691 cratum
2120 5654 2218 5707 per
2237 5653 2429 5708 corpus
2455 5639 2672 5693 Domini
2696 5641 3024 5707 immissum,
3043 5643 3094 5696 et
3139 5643 3542 5695 communicent

1891 5741 2080 5781 omnes
2135 5741 2260 5780 cum
2288 5726 2508 5781 silentio
2552 5729 3237 5802 fratres..Communicatis
3294 5730 3544 5784 omnibus
