3982 6172
435 349 556 416 883

1623 353 1812 419 SEO.
1857 353 1938 418 XI
1981 351 2292 425 MONUM.
2337 354 2650 419 LITUBG.

3719 357 3860 420 881

437 490 622 546 dicant
671 503 919 561 vesperas
972 488 1176 562 plane;
1199 488 1442 562 psalmos
1498 487 1563 545 de
1620 490 1784 560 feria.
1836 489 2028 544 Postea
2056 505 2075 543 :
2105 487 2164 556 Α
2189 487 2321 544 Jam
2339 486 2607 545 Christus
2636 487 2920 547 Dominus
2937 487 3274 558 resurrexit,
3295 487 3456 548 choro
3485 491 3859 564 respondente

439 578 1002 652 Magniﬁcat,deinde
1016 579 1184 634 Pater
1207 583 1419 634 noster.
1446 578 1719 634 Miserere
1751 577 1884 642 mei,
1902 577 2076 634 Deus.

438 667 707 726 Christus
737 667 927 724 factus
957 671 1064 723 est.

512 757 736 813 Sabbati
787 772 912 812 vero
958 757 1048 813 die
1095 765 1300 825 sancto,
1332 757 1466 812 dum
1519 760 1774 812 cantatur
1792 772 1959 824 nona,
1993 757 2081 812 in-

438 847 614 902 duunt
663 862 722 902 se
782 845 1030 902 ministri
1095 847 1420 902 cultioribus
1499 846 1752 912 vestibus,
1821 845 2082 900 diaconus

439 935 754 1002 dalmatica,
807 935 1170 991 subdiaconus
1225 935 1413 990 tunica
1459 934 1529 989 ad
1575 935 1944 1000 thuribulum,
1975 933 2082 990 duo

437 1025 510 1082 ad
527 1023 855 1082 candelabra
881 1027 942 1081 in
971 1024 1133 1080 albis.
1157 1026 1222 1080 Et
1254 1024 1412 1082 ﬁnita
1438 1039 1585 1080 nona
1634 1023 1895 1080 diaconus
1923 1023 2082 1079 bene-

439 1115 584 1170 dicat
611 1130 846 1170 cereum.

512 1202 774 1260 Exsultet
797 1203 922 1276 jam
963 1203 1227 1277 angelica
1255 1203 1428 1259 turba
1464 1202 1764 1272 oculorum,
1799 1208 1906 1258 etc.
1933 1210 1992 1258 ut
2023 1205 2080 1258 in

441 1291 605 1348 editis
632 1307 800 1364 usque
827 1291 898 1348 ad
951 1293 1137 1349 verba.
1171 1293 1242 1348 Et
1282 1292 1542 1348 antistite
1597 1295 1817 1348 nostro.
1849 1295 2084 1364 Excepto

421 1381 583 1453 .quod
611 1383 674 1438 in
700 1397 797 1438 nos
844 1397 956 1439 non
1011 1381 1162 1438 adest
1219 1383 1466 1436 accensio
1523 1381 1925 1452 lampadarum.
1955 1383 2086 1437 Post

441 1471 860 1543 ergoprmdida
887 1473 1050 1528 verba
1077 1469 1335 1527 antistite
1367 1474 1563 1526 nostro
1605 1471 1718 1524 Itth
1773 1470 2086 1526 immediate

441 1565 726 1632 sequatur,
755 1561 1005 1618 videlicet
1032 1579 1050 1614 .·

515 1651 587 1706 Et
641 1649 1014 1706 serenissimo
1077 1650 1426 1722 imperatore
1479 1653 1678 1704 nostro
1722 1649 1788 1704 N.
1841 1650 2085 1720 ejusque

444 1737 815 1794 nobilissima
833 1737 992 1811 prole
1029 1738 1116 1794 vel
1165 1741 1372 1794 cuncto
1409 1736 1662 1792 exercitu
1693 1739 1842 1808 ejus,
1873 1741 1930 1793 et
1959 1754 2082 1792 om-

2188 577 2305 634 Deo
2326 578 2568 652 gratias.
2601 581 2708 635 Hoc
2737 580 2797 650 ﬁt
2855 582 3034 637 tertio.
3068 582 3162 637 His
3214 581 3393 648 dictis,
3425 589 3620 637 cantor
3643 583 3857 654 incipit

2187 665 2308 722 alia
2389 684 2512 723 voce
2540 687 2559 722 :
2588 668 2858 734 Alleluia,
2938 668 3204 736 Alleluia,
3287 667 3550 726 Alleluia.
3608 671 3851 728 Deinde.

2189 757 2360 828 Kyrie
2391 757 2629 813 eleison.
2658 758 2768 826 Quo
2821 759 2976 829 ﬁnito
3023 759 3274 815 sacerdos
3312 760 3662 816 devotissime
3701 763 3852 818 inei-

2184 847 2306 917 piat
2333 863 2346 902 :
2371 845 2566 902 Gloria
2591 847 2650 903 in
2676 847 2921 904 excelsis
2943 849 3080 904 Deo.
3105 851 3233 904 Post
3254 851 3558 904 orationem
3587 851 3848 921 epistola,

2183 943 2310 1006 post
2362 937 2648 1006 epistolam
2699 935 2966 993 Alleluia.
3027 937 3230 993 Deinde
3285 942 3494 993 tractus
3523 955 3544 993 :
3579 939 3850 995 Laudate

2189 1023 2524 1080 Dominum.
2545 1027 2658 1094 Quo
2687 1027 2866 1096 ﬁnito,
2892 1025 3154 1081 diaconus
3203 1028 3399 1099 incipit
3455 1027 3845 1099 Evangelium,

2189 1117 2316 1168 ante
2353 1113 2494 1185 quod
2520 1131 2633 1171 non
2655 1119 2903 1188 portetur
2926 1115 3134 1183 lumen,
3163 1116 3257 1172 sed
3286 1119 3504 1183 tantum
3531 1118 3843 1173 incanum.

2347 1205 2537 1260 Postea
2579 1204 2828 1260 sacerdos
2874 1205 3013 1260 dicit
3054 1204 3238 1260 Credo
3279 1203 3339 1260 in
3393 1221 3579 1260 unum
3631 1206 3841 1262 Deum.

2189 1291 2420 1348 Deinde:
2439 1291 2723 1348 Dominus
2744 1291 3068 1362 vobiscum,
3088 1298 3140 1349 et
3160 1293 3428 1350 Oremus.
3452 1295 3839 1366 Offertorium,

2188 1396 2288 1436 nec
2333 1382 2534 1453 Agnus
2585 1381 2708 1448 Dei,
2754 1397 2854 1437 nec
2895 1383 3204 1438 communio
3249 1384 3557 1438 cantatur:
3589 1385 3845 1440 osculum

2190 1475 2372 1524 tamen
2426 1470 2727 1525 secundum.
2782 1487 2944 1526 usum
2971 1478 3176 1528 nostrae
3201 1471 3456 1528 Ecclesiae
3487 1471 3670 1528 datur.
3703 1475 3846 1529 Data

2184 1575 2318 1630 pace
2385 1575 2511 1614 cum
2564 1559 2810 1616 sacerdos
2859 1564 2910 1614 et
2955 1561 3204 1616 ministri
3256 1563 3787 1618 communicaverint
3814 1580 3836 1616 :

2189 1647 2439 1703 Alleluia
2483 1651 2541 1704 in
2579 1649 2740 1706 choro
2787 1650 3096 1721 imponitur
3135 1665 3259 1704 cum
3284 1650 3500 1720 psalmo
3530 1667 3548 1704 :
3582 1650 3847 1706 Laudate

2192 1737 2527 1806 Dominum,
2559 1738 2764 1794 omnes
2821 1742 3048 1811 gentes,
3080 1737 3151 1792 ad
3187 1737 3503 1810 neophytos.
3535 1741 3654 1808 Quo
3680 1739 3844 1809 ﬁnito

444 1825 620 1885 nibus
631 1826 1167 1894 circumstantibus,
1187 1825 1379 1900 quiete
1395 1831 1724 1898 temporum
1738 1825 2082 1882 concessain
2118 1861 2165 1926 B
2193 1843 2319 1881 cum
2349 1825 2544 1882 Gloria
2563 1825 2814 1882 Alleluia
2832 1829 3125 1898 repetitur,
3147 1828 3331 1882 etsine
3347 1829 3600 1882 neumate
3613 1827 3842 1896 ﬁnitur.

443 1915 540 1972 bis
560 1915 942 1973 Paschalibus
973 1915 1204 1990 gaudiis
1235 1932 1574 1972 conservare
1609 1914 1889 1988 digneris.
1923 1919 2088 1970 Hunc

443 2021 582 2080 ergo
603 2022 858 2074 cereum,
875 2005 1134 2073 Domine,
1153 2021 1328 2077 quem
1351 2005 1455 2060 tibi
1486 2005 1652 2060 oil‘ert
1672 2005 1928 2060 famulus
1950 2008 2089 2060 tuus

443 2095 512 2152 N.
533 2099 838 2168 acceptum
854 2111 982 2151 esse
1003 2095 1284 2168 digneris,
1300 2098 1366 2148 ut
1381 2093 1502 2149 haec
1525 2110 1628 2166 per
1659 2093 1876 2150 multos
1905 2109 2088 2148 annos

445 2183 613 2240 laetus
645 2188 710 2240 et
745 2185 1007 2258 gaudens
1055 2181 1160 2238 tibi
1197 2181 1444 2238 Domino
1488 2186 1622 2238 vota
1669 2181 1982 2254 persolvat,
2033 2186 2089 2238 et

444 2289 632 2346 usque
655 2273 726 2330 ad
757 2275 1016 2346 optatam
1046 2271 1344 2345 perveniat
1373 2275 1752 2328 senectutem.
1786 2271 1950 2328 Unde
1985 2272 2088 2327 be-

443 2363 688 2430 netdioo
709 2366 785 2431 te,
820 2367 1088 2418 creatura
1117 2377 1280 2430 cerae,
1313 2377 1415 2433 per
1473 2361 1581 2426 Det
1595 2377 1691 2416 um
1735 2359 1952 2428 vivum,
1989 2377 2090 2433 per

444 2447 668 2519 Datum
691 2455 982 2518 sanctum,
1003 2467 1106 2523 per
1125 2450 1332 2517 Deum,
1356 2449 1459 2521 qui
1487 2453 1545 2504 te
1569 2465 1639 2504 ex
1668 2449 1945 2505 omnibus
1963 2449 2087 2522 agri

445 2543 689 2599 tioribus
737 2540 1076 2614 congregari
1115 2537 1409 2612 praecepit,
1443 2542 1498 2593 et
1527 2537 1586 2592 in
1621 2541 1933 2609 conspectu
1967 2555 2086 2593 suae

443 2631 729 2690 claritatis
756 2630 950 2704 ignem
984 2627 1296 2684 accendere
1318 2625 1522 2698 jussit,
1553 2630 1620 2681 ut
1653 2625 1990 2698 ubicunque
2019 2643 2087 2682 ex

442 2724 500 2776 te
530 2720 786 2793 positum
809 2717 1002 2786 fuerit,
1021 2718 1100 2773 sit
1122 2715 1285 2772 locus
1333 2715 1445 2770 iste
1470 2714 1756 2780 munitus,
1790 2718 2085 2787 protectus

431 2813 620 2882 atque
645 2807 918 2864 defensus
947 2807 1020 2861 ab
1053 2804 1211 2861 omni
1243 2804 1330 2860 ira
1358 2803 1554 2859 divina
1575 2807 1632 2860 et
1653 2803 1724 2858 ab
1755 2802 1914 2858 omni
1946 2803 2084 2858 infe-

441 2897 692 2955 statione
748 2894 994 2962 inimici,
1028 2909 1131 2967 per
1177 2893 1452 2948 virtutem
1486 2897 1543 2947 et
1583 2909 1794 2948 nomen
1851 2892 2083 2948 Domini

438 2985 628 3043 nostri
673 2985 816 3042 Jesu
854 2983 1090 3052 Christi,
1115 2981 1218 3055 qui
1265 2981 1406 3036 vivit
1444 2985 1500 3037 et
1544 2985 1750 3054 regnat
1793 2997 1924 3037 cum
1972 2987 2082 3038 Deo

440 3075 610 3132 Patre
641 3073 700 3134 in
731 3071 954 3130 unitate
999 3070 1252 3144 Spiritus
1291 3069 1479 3126 sancti
1502 3069 1560 3124 in
1607 3069 1817 3126 saecula
1859 3071 2082 3142 sempi-

439 3170 623 3221 terna.
647 3165 854 3220 Amen.

515 3255 680 3310 Cerco
728 3251 1024 3320 benedicta,
1065 3249 1305 3308 ascendit
1350 3250 1515 3306 lector
1553 3249 1622 3305 ad
1645 3249 1932 3306 umbonem
1954 3265 2082 3321 pro-
2114 3231 2156 3298 C

441 3347 708 3404 nuntians
732 3363 745 3402 :
769 3343 959 3402 Lectio
992 3341 1126 3398 libri
1156 3341 1416 3397 Genesis.
1440 3340 1505 3396 In
1527 3339 1813 3412 principio
1849 3337 2081 3395 creavit.

442 3437 620 3493 Lectio
663 3435 866 3507 prima.
897 3434 1096 3503 Legens
1135 3432 1302 3503 plane
1347 3437 1398 3484 et
1441 3433 1628 3501 aperte
1672 3428 1742 3483 ad
1772 3429 2081 3498 intelligen-

437 3527 586 3583 dum.
610 3523 691 3580 Ad
719 3522 968 3593 singulas
1017 3520 1268 3576 lectiones
1312 3519 1552 3590 singulae
1579 3519 1850 3573 oration-es
1880 3516 2080 3572 haben-

437 3623 551 3682 tur,
582 3627 818 3684 quarum
860 3611 1100 3681 primam
1145 3607 1376 3662 domnus
1430 3608 1588 3678 prior
1653 3605 1805 3671 dicit,
1855 3604 2081 3660 indutus

437 3717 609 3774 cappa
654 3707 706 3756 et
743 3699 925 3765 stola;
955 3703 1232 3769 sequentes
1273 3695 1380 3750 alii
1415 3695 1726 3750 sacerdotes.
1759 3693 1836 3748 Ad
1865 3693 2082 3748 nullam

436 3791 637 3847 harum
687 3789 1000 3845 orationum
1038 3785 1245 3840 dicitur
1285 3781 1568 3840 Dominus
1613 3781 1938 3850 vobiscum,
1986 3783 2081 3838 sed

437 3882 654 3937 tantum
682 3877 952 3935 Oremus.

505 3968 710 4025 Oratio.
746 3971 898 4024 Deus
939 3963 1040 4038 qui
1098 3961 1464 4028 mirabiliter,
1512 3965 1646 4029 etc.,
1677 3969 1739 4016 ut
1795 3961 1856 4016 in.
1907 3961 2076 4016 editis

430 4074 602 4132 usque
655 4057 725 4114 ad
773 4059 942 4112 totam
1007 4053 1382 4110 duodecimam
1441 4053 1746 4116 lectionem,
1787 4053 2076 4120 postquam

429 4149 549 4206 haec
573 4147 960 4219 subjiciuntur,
991 4147 1196 4200 tractus
1229 4159 1242 4198 :
1277 4142 1442 4198 Sicut
1471 4156 1696 4196 cervus.

503 4238 707 4294 Oratio.
756 4233 1142 4306 Omnipotens
1213 4230 1566 4303 sempiterna
1627 4228 1804 4293 Deus,
1853 4225 2074 4299 respice

429 4322 720 4399 propitius
767 4323 840 4378 ad
888 4321 1253 4378 devotionem
1304 4317 1504 4391 populi
1538 4314 1915 4381 renascentis,
1969 4314 2067 4387 qui

429 4413 583 4470 sicut
611 4428 818 4468 cervus
862 4427 1149 4482 aquarum
1195 4408 1410 4480 expetit
1440 4407 1682 4472 fontem,
1714 4408 1770 4460 et
1819 4405 2070 4460 concede

426 4499 738 4574 prepitius,
769 4502 836 4554 ut
859 4498 992 4554 ﬁdei
1017 4497 1206 4571 ipsius
1237 4495 1366 4551 sitis
1396 4491 1772 4566 baptismatis
1793 4492 2068 4566 mysterio

426 4589 684 4646 animam
717 4603 1048 4660 corpusque
1079 4583 1417 4642 sanctiﬁcet.
1450 4584 1576 4638 Per.

495 4678 576 4735 Ad
603 4679 857 4734 ultimam
905 4676 1190 4732 lectionem
1233 4673 1478 4730 sacerdos
1506 4671 1784 4744 egrediens
1813 4687 1883 4726 ea:
1909 4671 2068 4726 choro

423 4785 548 4824 cum
574 4767 849 4823 ministris
873 4767 1096 4838 optimis
1123 4765 1456 4820 vestimentis
1482 4762 1757 4828 induitur,
1787 4760 1840 4815 si
1885 4763 2068 4815 tamen

424 4856 750 4930 baptismum
779 4871 890 4913 non
917 4859 998 4912 est
1024 4853 1394 4910 celebraturus
1419 4859 1576 4918 ;tunc
1599 4851 1749 4906 enim
1779 4849 2067 4904 vilioribus

421 4945 599 5002 utitur
625 4961 794 5018 usque
821 4943 891 5000 ad
921 4945 1165 5000 missam.
1194 4944 1288 4998 llis
1318 4943 1502 5012 itaque
1527 4940 1761 5012 peractis
1817 4945 2066 4992 cantores

419 5033 524 5090 duo
567 5036 751 5108 cappis
781 5033 962 5090 induti
989 5034 1248 5088 litaniam
1292 5035 1508 5088 ternam
1555 5029 1786 5100 faciant,
1819 5041 1937 5098 qua:
1964 5040 2065 5097 pro

421 5130 658 5196 tempore
679 5124 1062 5196 protrahatur.
1097 5123 1214 5190 Qua
1271 5120 1434 5190 ﬁnita
1488 5120 1778 5174 conventus
1809 5116 1867 5168 in
1903 5113 2064 5169 choro

419 5216 755 5285 exspectem,
787 5212 984 5268 sedeat.
1021 5210 1267 5267 Ministri
1290 5219 1474 5264 autem
1499 5206 1701 5261 reversi
1732 5205 1789 5258 in
1819 5203 2064 5256 sacrario

417 5317 588 5372 usque
617 5301 755 5357 dum
782 5317 1062 5373 campana:
1085 5301 1286 5355 sanctae
1313 5297 1553 5368 fuerint;
1585 5293 1780 5365 quibus
1809 5291 2064 5345 cessanti-

421 5389 518 5444 bus
546 5388 614 5459 ﬁt
626 5391 892 5460 processio
908 5404 1008 5462 per
1029 5389 1351 5452 claustrum,
1367 5389 1421 5440 et
1447 5385 1704 5439 cantatur
1725 5379 2062 5450 antiphona;

417 5480 560 5532 Cum
619 5475 1017 5534 descendisset
1070 5475 1356 5532 Dominus
1395 5472 1466 5528 ad
1501 5471 1747 5527 inferna.
1784 5469 2062 5538 Usquequo

417 5563 641 5620 redeant
697 5567 756 5619 in
811 5565 1055 5621 chorum.
1111 5566 1210 5622 Ubi
1264 5563 1422 5634 ﬁnita
1468 5560 1770 5632 antiphona
1818 5556 2062 5612 sacerdos

418 5657 544 5710 ante
605 5655 776 5710 basim
833 5655 1028 5709 altaris
1081 5656 1377 5710 consistens
1429 5649 1690 5706 mediocri
1718 5663 1839 5703 voce
1869 5647 2063 5717 incipit

2196 1917 2390 1971 Postea
2431 1917 2608 1986 prior,
2648 1917 2700 1971 si
2747 1917 2979 1972 missam
3037 1931 3148 1970 non
3193 1915 3558 1982 celebraverit,
3595 1915 3849 1986 incipiat

2195 2003 2556 2076 antiphonam
2583 2003 2835 2077 Vespere
2891 2005 3086 2060 autem
3142 2001 3420 2070 Sabbati;
3464 2018 3588 2058 cum
3625 2003 3847 2074 psalmo

2198 2093 2532 2166 Magnificat
2561 2091 2776 2148 anima.
2807 2094 2875 2148 Et
2901 2094 3063 2164 ﬁnita
3091 2092 3410 2164 antiplwna,
3441 2099 3492 2148 et
3531 2093 3842 2148 communi-

2196 2185 2332 2239 catis
2376 2169 2666 2254 fratribus,
2718 2183 2938 2238 tandem
2987 2183 3233 2238 oratione
3278 2181 3344 2238 de
3391 2183 3564 2238 missa
3605 2195 3847 2254 vesperae

2198 2272 2490 2342 ﬁniuntur.
2521 2273 2585 2328 Et
2637 2272 2756 2328 ideo
2809 2271 2955 2344 apud
3013 2271 3272 2344 quosdam
3325 2287 3438 2326 non
3477 2272 3775 2339 incongrue
3805 2287 3843 2326 a

2197 2360 2424 2416 diacono
2479 2360 2900 2417 Benedicamus
2957 2361 3204 2416 Domino
3259 2358 3464 2414 dicitur
3489 2375 3511 2421 ;
3557 2357 3647 2414 sed
3696 2359 3846 2432 apud

2194 2465 2293 2505 nos
2321 2450 2528 2520 quoties
2585 2449 2782 2506 Gloria
2819 2448 2879 2504 in
2937 2447 3180 2505 excelsis
3240 2453 3350 2504 Deo
3405 2449 3646 2513 canitur,
3679 2449 3846 2504 etiam

2194 2537 2272 2594 ite
2294 2537 2475 2594 Missa
2495 2541 2584 2594 est
2603 2555 2638 2592 a
2667 2538 2892 2594 diacono
2921 2538 3146 2594 dicitur.
3629 2553 3634 2558 ·

2429 2643 2488 2682 IN
2527 2643 2764 2683 SABBATI
2804 2644 3002 2684 SANCTI
3041 2642 3218 2682 NOCTE
3255 2642 3326 2680 AD
3367 2641 3607 2681 MISSAM.

2266 2716 2473 2771 Oratio.
2511 2715 2684 2782 Deus,
2718 2715 2820 2788 qui
2870 2715 3022 2771 hanc
3075 2713 3534 2770 sacratissimam
3586 2716 3841 2781 noctem,

2193 2807 2326 2872 etc.,
2360 2809 2419 2860 ut
2463 2807 2521 2860 in
2572 2805 2733 2860 editis
2775 2803 2952 2877 quoad
2996 2803 3136 2860 hanc
3179 2804 3500 2870 orationem,
3554 2805 3841 2870 secretam,

2190 2895 2596 2965 praefationem,
2618 2895 3099 2959 communicantes,
3128 2892 3270 2948 hanc
3299 2893 3495 2964 igitur,
3525 2899 3576 2948 et
3602 2907 3848 2947 commu-

2190 2984 2452 3048 nionem;
2481 2999 2608 3056 quse
2657 2985 2848 3039 omnia
2888 2987 3107 3039 tantum
3163 2981 3434 3037 habentur
3463 2983 3525 3036 in
3551 2983 3844 3038 enuntiato

2189 3073 2404 3151 missali
2433 3089 2560 3128 mss.

2191 3177 2402 3216 INCIPIT
2439 3177 2590 3216 ORDO
2629 3177 2907 3224 QUALITER
2945 3175 3254 3216 EPISCOPUS
3292 3177 3397 3216 VBL
3427 3175 3742 3215 PRESBITER
3768 3175 3841 3214 AD

2534 3266 2750 3306 MISSAM
2789 3265 2854 3305 SE
2893 3265 3106 3305 DBBEAT
3145 3264 3511 3304 PREPARARE.

2264 3341 2326 3394 In
2341 3340 2540 3411 primis
2568 3343 2788 3396 cantent
2816 3347 2922 3394 tres
2949 3338 3184 3410 psalmos
3208 3353 3311 3410 per
3335 3353 3394 3392 se
3422 3336 3506 3392 vel
3531 3352 3568 3391 a
3595 3337 3839 3394 circum-

2189 3429 2458 3506 stqntibus
2509 3429 2738 3495 clericis,
2791 3427 2849 3483 id
2877 3431 2955 3482 est
2991 3427 3272 3499 psalmum
3306 3443 3319 3481 :
3352 3427 3537 3492 Quam
3577 3425 3838 3493 Dilecta;

2184 3533 2270 3588 ps.
2304 3515 2690 3585 Benedixisti;
2721 3533 2803 3588 ps.
2842 3514 3082 3581 Inclina,
3113 3518 3162 3570 et
3203 3529 3552 3588 preces.......
3587 3513 3838 3585 Sequun-

2191 3609 2284 3660 tur
2329 3606 2680 3677 capitulum:
2714 3605 2989 3676 Exsurge,
3051 3604 3196 3668 Fiat,
3253 3603 3406 3659 Deus
3465 3607 3841 3672 convertens,

2189 3693 2442 3750 Ostende
2473 3693 2661 3761 nobis,
2695 3693 2783 3748 Ab
2807 3691 3070 3760 occultis,
3105 3692 3230 3748 Non
3261 3691 3460 3760 intres,
3493 3692 3840 3749 Sacerdotes

2189 3782 2296 3837 tui.

2255 3870 2460 3926 Deinde
2487 3887 2612 3926 cum
2640 3873 2852 3926 exuerit
2880 3872 3127 3927 tunicam
3163 3870 3296 3926 dicit
3326 3888 3345 3925 :
3368 3871 3523 3925 Exue
3572 3885 3689 3936 me,
3723 3871 3836 3940 Do-

2186 3958 2366 4027 mine,
2386 3965 2636 4016 veterem
2653 3959 2952 4016 hominem
2981 3977 3115 4016 cum
3147 3958 3373 4015 actibus
3406 3957 3626 4026 suis,et
3654 3959 3836 4016 indue

2186 4064 2278 4103 me
2297 4065 2512 4104 novum
2545 4047 2986 4121 bominem,qui
3021 4048 3344 4104 secundum
3379 4046 3562 4102 Deum
3597 4052 3833 4104 creatus

2183 4141 2270 4191 est
2298 4137 2356 4190 in
2379 4137 2612 4208 justitia
2643 4141 2700 4192 et
2730 4137 3040 4193 sanctitate
3071 4135 3353 4192 veritatis.

2252 4225 2330 4280 Ad
2356 4228 2621 4282 amictum
2651 4243 2663 4280 :
2698 4226 2928 4292 Scinde,
2964 4225 3228 4292 Domine,
3254 4239 3488 4280 saccum
3535 4241 3740 4280 meum
3772 4229 3830 4281 et

2181 4313 2255 4369 da
2286 4313 2545 4370 Iustitiam
2571 4314 2764 4371 cordis
2793 4313 2926 4371 mei.
2961 4321 3197 4395 Amen._

2249 4403 2328 4459 Ad
2353 4405 2535 4460 albam
2565 4423 2584 4458 :
2617 4405 2799 4460 Indue
2839 4420 2952 4472 me,
2986 4403 3251 4472 Domine,
3286 4401 3525 4458 loricam
3575 4402 3830 4472 justitia-

2178 4496 2236 4548 et
2264 4491 2492 4564 galeam
2523 4492 2753 4548 salutis.
2784 4493 2991 4549 Amen.

2101 4598 2147 4663 D
2247 4582 2326 4636 Ad
2348 4583 2632 4653 cingulum
2661 4600 2679 4637 :
2711 4582 3022 4654 Prtecinge,
3047 4581 3311 4648 Domine,
3344 4579 3580 4636 lumbos
3611 4581 3830 4638 mentis

2179 4686 2318 4724 meae
2335 4673 2394 4726 et
2422 4669 2777 4726 circumcide
2800 4671 2943 4726 vitia
2972 4669 3165 4726 cordis
3196 4669 3330 4725 mei.
3361 4669 3568 4724 Amen.

2248 4759 2326 4813 Ad
2371 4759 2569 4814 stolam
2612 4775 2624 4814 :
2676 4758 2838 4814 Stola
2874 4759 3120 4831 justitiie
3184 4757 3504 4827 circumda,
3555 4758 3826 4828 Domine,

2177 4845 2455 4902 cervicem
2489 4851 2774 4914 meam,et
2805 4848 2876 4903 ab
2900 4848 3060 4904 omni
3083 4845 3456 4918 corruptione
3485 4846 3708 4918 peccati
3723 4865 3830 4921 pu-

2175 4935 2338 4990 riﬁca
2369 4939 2626 4990 mentem
2659 4951 2874 4991 meam.

2244 5023 2324 5078 Ad
2351 5025 2634 5078 casulam:
2654 5025 2834 5080 Indue
2857 5041 2968 5090 me,
2993 5025 3253 5090 Domine,
3279 5021 3630 5080 sacerdotali
3641 5023 3823 5095 justi-

2173 5111 2274 5180 tia,
2297 5115 2361 5166 ut
2387 5111 2580 5167 induci
2608 5129 2833 5169 merear
2858 5114 2918 5168 in
2950 5112 3328 5169 tabernacula
3369 5113 3750 5185 sempiterna.

2245 5201 2383 5255 Dum
2433 5203 2604 5256 intrat
2645 5200 2715 5256 ad
2762 5203 2939 5257 altare
2984 5202 3178 5258 dicat:
3219 5201 3474 5258 Introibo
3525 5201 3595 5258 ad
3641 5199 3824 5258 altare

2172 5288 2294 5354 Dei,
2329 5289 2397 5343 arl
2431 5289 2614 5344 Deum
2647 5308 2660 5346 :
2690 5291 2830 5361 psal.
2863 5290 3073 5346 Judica
3113 5307 3227 5356 me,
3251 5289 3426 5346 Deus.

2245 5376 2379 5433 Cum
2405 5381 2712 5448 pervenerit
2741 5379 2810 5433 ad
2849 5381 3026 5436 altare
3055 5379 3344 5436 humiliter
3371 5379 3639 5435 inclinato
3671 5379 3827 5436 vultu

2171 5465 2316 5520 dicat
2341 5468 2732 5538 confessionem
2761 5467 2902 5523 hanc
2943 5473 3112 5525 totam
3147 5484 3246 5541 per
3296 5467 3544 5524 ordinem
3577 5486 3595 5522 :
3625 5467 3822 5539 Kyrie.

2169 5553 2414 5610 Christe.
2439 5554 2607 5612 Pater
2638 5561 2854 5623 uoster,
2875 5556 2976 5629 qui
3008 5574 3090 5614 es.
3123 5557 3495 5628 Adjutorium
3526 5560 3820 5629 nostrum.

2171 5642 2277 5710 Qui
2310 5643 2446 5698 fecit
2479 5643 2691 5700 coelum
2733 5651 2791 5701 et
2834 5651 3068 5702 terram.
3116 5646 3482 5704 Contitemini
3544 5644 3820 5724 Domino,
