3982 6172
959 375 1343 442 EXCERPT.
1387 376 1492 443 EX
1531 377 1761 446 CODD‘.
1809 381 2126 448 LlTURG.
2173 383 2771 453 FONTAVELLAN.

3451 384 3572 448 886

157 504 444 580 quoniam
475 506 687 578 bonus,
715 508 994 584 quoniam
1023 511 1084 569 in
1106 512 1385 570 saeculum
1411 515 1813 573 misericordia
1837 519 1894 587 Α
1921 518 2143 577 scimus
2173 521 2434 579 conﬁteri
2458 524 2614 595 quod
2647 539 2763 579 non
2786 521 3066 581 timemus
3086 520 3421 593 admittere;
3452 500 3577 581 ver.

153 598 307 669 ejus.
330 599 403 655 Et
445 615 551 672 ego
600 600 780 658 miser
829 601 1049 670 infelix,
1078 603 1357 659 conﬁteor
1399 604 1514 660 Deo
1545 605 1809 678 omnipo-

148 686 300 744 tenti
329 688 509 759 Patri,
542 693 601 745 et
640 689 806 760 Filio,
831 696 887 747 et
918 692 1161 765 Spiritui
1203 697 1428 763 sancto,
1452 698 1509 749 et
1536 695 1812 751 omnibus

147 776 379 850 angelis
409 782 468 834 et
496 778 718 835 sanctis
756 781 905 852 ejus,
929 785 986 836 et
1015 782 1144 850 tibi,
1180 782 1375 846 frater,
1403 782 1542 854 quia
1582 783 1812 855 peccavi

148 864 332 922 nimis
381 882 512 923 mea
549 867 741 940 culpa,
774 886 906 925 mea
935 869 1127 943 culpa,
1160 887 1291 927 mea
1338 870 1531 943 culpa,
1554 872 1613 927 in
1648 873 1809 946 cogi-

93 993 111 1001 ρ
148 954 394 1025 tatione,
423 955 735 1027 locutione,
755 957 1164 1028 delectatione,
1187 976 1478 1018 consensu
1506 965 1564 1017 et
1592 978 1764 1034 opere
1793 980 1807 1018 :

149 1043 283 1100 ideo
313 1044 597 1118 deprecor
624 1062 827 1104 omnes
854 1051 1087 1105 sanctos
1116 1049 1219 1105 Dei
1242 1053 1299 1105 et
1318 1053 1395 1117 te,
1421 1049 1621 1119 frater,
1648 1069 1813 1108 orare

154 1136 215 1188 et
241 1131 601 1191 intercedere
626 1151 731 1208 pro
753 1152 848 1192 me
874 1140 1176 1210 peccatore
1200 1137 1516 1195 Dominum
1544 1143 1811 1198 nostrum

148 1220 357 1279 Jesum
387 1222 707 1279 Christum.

222 1311 536 1369 Miseratur
562 1313 649 1369 tui
693 1315 1063 1389 omnipotens
1113 1318 1288 1387 Deus,
1313 1323 1371 1375 et
1398 1318 1659 1377 dimittat
1706 1320 1809 1391 tibi

148 1400 353 1457 omnia
379 1406 621 1474 peccata
649 1408 781 1472 tua;
814 1403 1021 1463 liberet
1048 1412 1105 1463 te
1138 1408 1210 1464 ab
1240 1408 1400 1464 omni
1432 1407 1607 1479 malo,
1629 1408 1813 1465 salvet

148 1493 209 1547 et
237 1491 547 1547 confirmet
574 1497 631 1548 te
663 1492 722 1548 in
753 1494 914 1550 omni
952 1513 1124 1568 opere
1164 1498 1334 1564 bono,
1358 1502 1416 1552 et
1444 1499 1725 1570 perducat
1755 1503 1810 1554 te

148 1578 422 1636 Christus
452 1580 632 1638 Filius
662 1582 764 1638 Dei
795 1583 853 1638 in
882 1584 1062 1640 vitam
1093 1590 1392 1643 aeternam.
1421 1588 1628 1643 Amen.

224 1668 657 1742 Indulgentiam
688 1677 746 1727 et
775 1673 1185 1731 remissionem
1231 1675 1496 1731 omnium
1542 1681 1807 1749 peccato-

144 1773 280 1813 rum
311 1761 670 1827 nostrorum,
694 1765 752 1817 et
782 1762 1039 1834 spatium
1072 1780 1241 1832 veras,
1272 1764 1582 1821 fructuosas
1623 1765 1805 1838 pmni-

143 1846 343 1903 tentia:
374 1848 597 1904 tribuat
626 1849 796 1906 nobis
826 1852 1199 1924 omnipotens
1230 1852 1535 1909 Dominus.

219 1936 272 2004 ir.
306 1935 461 1993 Deus
490 1942 555 1994 tu
582 1943 925 1997 convertens
948 1941 1270 1999 viviﬁcabis
1302 1959 1427 1999 nos.

219 2025 278 2094 ii).
312 2026 381 2081 Et
408 2025 575 2098 plebs
606 2026 899 2085 lmtabitur
927 2029 989 2085 in
1020 2034 1094 2086 te.

216 2122 271 2191 Ῡ.
304 2122 556 2180 Ostende
586 2125 775 2195 nobis,
801 2126 1067 2195 Domine,
1092 2128 1554 2186 misericordiam
1577 2135 1762 2187 tuam.

219 2212 281 2279 Ii.
312 2212 383 2267 Et
411 2212 666 2270 salutare
693 2219 863 2271 tuum
890 2217 965 2271 da
994 2217 1183 2273 nobis.

216 2300 271 2368 ᾖ.
305 2300 431 2356 Non
465 2302 649 2359 intres
677 2302 737 2359 in
762 2305 1015 2376 judicio.

221 2390 281 2457 ii).
316 2390 462 2456 Quia
488 2407 605 2447 non
628 2392 1073 2464 justiﬁcabitur.

218 2479 275 2548 ᾗ.
307 2478 601 2552 Propitius
632 2487 775 2538 esto.

221 2568 281 2637 Ii}.
314 2568 635 2641 Nequando
666 2570 881 2627 dicant.

216 2657 273 2727 ᾗ.
305 2657 573 2727 Domine,
603 2661 812 2716 exaudi
843 2663 1168 2719 orationem
1200 2681 1413 2721 meam.

222 2746 280 2812 ii.
317 2746 387 2802 Et
417 2745 638 2804 clamor
666 2765 834 2806 meus
864 2751 936 2807 ad
966 2755 1023 2808 te
1051 2753 1261 2809 veniat.

221 2835 276 2901 ᾖ.
309 2834 595 2893 Dominus
625 2837 947 2896 vobiscum.

223 2925 285 2993 ii],
317 2925 389 2980 Et
417 2942 552 2981 cum
582 2926 792 2999 spiritu
826 2933 944 2986 tuo.

220 3013 428 3070 Oratio.
459 3015 638 3071 Aufer
667 3033 701 3072 a
732 3017 922 3087 nobis,
957 3019 1223 3086 Domine,
1245 3038 1604 3093 quaesumus,
1626 3024 1805 3080 inter-

126 3098 516 3160 ‘venientibus
545 3104 675 3161 istis
722 3112 779 3162 et
820 3109 1096 3165 omnibus
1126 3110 1345 3167 sanctis
1390 3112 1531 3178 tuis,
1564 3117 1805 3169 cunctas

144 3191 489 3264 iniquitates
522 3197 772 3263 nostras,
800 3200 864 3251 ut
913 3197 985 3252 ad
1029 3198 1242 3254 Sancta
1272 3204 1607 3256 sanctorum
1641 3203 1803 3275 puris

145 3280 447 3337 mentibus
480 3298 813 3338 mereamur
841 3283 1102 3341 introire.
1136 3286 1246 3343 Per
1274 3287 1609 3345 Dominum.

217 3370 444 3439 Quando
472 3372 753 3428 asculatur
780 3374 958 3430 altare
988 3374 1160 3431 dicit:
1184 3376 1433 3433 Oramus
1454 3383 1531 3444 te,
1559 3379 1805 3435 Domine

145 3458 302 3516 Deus
333 3463 531 3516 noster
559 3460 950 3534 omnipotens,
976 3466 1042 3518 ut
1070 3480 1172 3536 per
1203 3465 1415 3520 merita
1444 3471 1801 3533 sanctorum,

146 3563 401 3620 quorum
432 3547 693 3620 reliquiae
724 3548 819 3605 hic
845 3554 1004 3619 sunt,
1028 3551 1332 3626 indulgere
1354 3554 1524 3611 nobis
1545 3555 1805 3629 digneris

142 3637 351 3692 omnia
376 3642 614 3708 peccata
645 3644 866 3695 nostra.

214 3725 421 3781 Deinde
465 3743 592 3782 cum
638 3729 1000 3799 Evangelium
1046 3733 1368 3788 osculatur:
1403 3732 1518 3789 Pax
1565 3733 1802 3803 Christi,

147 3829 327 3885 quam
359 3815 529 3871 nobis
559 3832 663 3888 per
686 3818 1065 3891 Evangelium
1096 3837 1271 3876 suum
1304 3821 1567 3892 tradidit,
1600 3824 1807 3879 confir-

147 3906 270 3959 met
298 3909 357 3959 et
382 3909 685 3962 conservet
714 3908 891 3965 corda
932 3913 989 3966 et
1028 3926 1271 3983 corpora
1300 3915 1502 3967 nostra
1535 3911 1594 3967 in
1625 3911 1803 3969 vitam

144 3995 443 4050 mternam.
475 3997 682 4052 Amen.

218 4083 355 4138 Ante
383 4085 747 4158 Evangelium
776 4103 900 4142 cum
938 4090 1183 4158 posuerit
1213 4091 1501 4146 incensum
1534 4094 1595 4146 in
1623 4093 1802 4148 thuri-

145 4171 338 4228 bulum
361 4172 513 4240 dicit,
548 4176 632 4229 vel
662 4179 957 4247 antequam
987 4176 1249 4232 diaconus
1277 4195 1335 4233 se
1361 4180 1632 4235 inclinet:
1661 4182 1806 4237 Odo-

144 4275 271 4315 rem
313 4260 566 4316 ccslestis
617 4261 1017 4333 inspirationis
1047 4281 1166 4319 sua:
1199 4267 1477 4322 accendat
1526 4268 1581 4322 in
1634 4270 1803 4326 nobis

144 4348 458 4415 Dominus,
493 4352 551 4403 et
580 4348 823 4421 impleat
866 4352 1042 4406 corda
1073 4358 1273 4407 nostra
1313 4354 1383 4408 ad
1430 4355 1721 4413 audienda
1749 4363 1807 4415 et

144 4436 451 4511 implenda
478 4437 569 4492 sui
601 4438 895 4512 Evangelii
928 4446 1230 4513 praecepta.
1266 4442 1373 4507 Qui
1405 4442 1562 4497 vivit.

220 4525 349 4581 Atia
376 4527 569 4581 oratio.
603 4526 665 4582 In
700 4527 937 4583 nomine
968 4528 1174 4597 Patris,
1200 4534 1256 4585 et
1286 4528 1435 4599 Filii,
1470 4533 1523 4584 et
1555 4530 1806 4602 Spiritus

1921 610 2012 666 bis
2044 610 2163 666 tuis
2206 614 2434 667 tantum
2484 613 2887 685 obsequimur,
2919 614 3089 669 corde
3138 613 3480 682 mentimur,
3514 617 3573 671 et

1921 700 2076 772 quod
2098 699 2241 757 velle
2262 718 2368 757 nos
2390 701 2663 769 dicimus,
2685 701 2839 758 nolle
2856 702 3072 759 nostris
3110 702 3337 759 actibus
3366 721 3573 777 appro-

1920 791 2160 857 bemus;
2198 792 2296 845 sed
2339 807 2533 863 parce,
2559 790 2817 859 Domine,
2856 791 3292 860 confitentibus,
3336 792 3574 866 ignosce

1921 877 2318 950 peccantibus,
2343 878 2618 936 miserere
2640 882 2695 937 te
2731 879 3095 953 rogantibus,
3119 884 3176 938 et.
3213 880 3353 954 quia
3380 883 3572 939 omnis

1922 984 2134 1025 sensus
2164 968 2221 1023 in
2252 969 2635 1026 sacramentis
2658 971 2777 1027 tuis
2808 971 3081 1027 infirmus
3109 974 3217 1039 est,
3241 972 3299 1026 et
3327 973 3482 1044 apud
3514 974 3572 1028 te

1921 1073 2037 1112 non
2069 1057 2286 1115 habent
2315 1059 2491 1115 verba
2520 1059 2645 1115 sine
2676 1058 2940 1128 crimine,
2965 1063 3194 1133 praesta,
3217 1059 3483 1129 Domine,
3506 1065 3573 1118 ut

1921 1154 2001 1204 ex’
2019 1148 2188 1203 nobis
2219 1147 2481 1221 indignis
2509 1155 2565 1204 et
2593 1149 2997 1220 peccatoribus
3028 1149 3205 1205 verba
3234 1165 3350 1205 non
3384 1150 3569 1206 susci-

1918 1236 2068 1308 pias,
2094 1254 2197 1309 per
2222 1237 2601 1309 temetipsum
2631 1238 2863 1294 veniam
2892 1237 3182 1311 largiaris,
3205 1238 3306 1310 qui
3335 1238 3481 1296 vivis
3511 1243 3569 1296 et

1920 1324 2260 1383 dominaris.

1990 1418 2131 1472 Dum
2158 1417 2331 1473 abluit
2366 1434 2561 1473 manus
2585 1420 2873 1491 postquam
2906 1418 3207 1489 perlectum
3235 1420 3312 1472 est
3339 1433 3567 1490 evange-

1919 1506 2097 1576 lium}
2121 1505 2351 1579 Largire
2374 1507 2646 1564 sensibus
2669 1506 2902 1574 nostris,
2918 1507 3288 1579 omnipotens
3310 1506 3570 1576 Pater,ut

1919 1595 2071 1652 sicut
2100 1595 2195 1651 hic
2216 1594 2538 1651 abluuntur
2559 1595 3006 1668 inquinamenta
3027 1612 3330 1665 manuum,
3355 1596 3438 1653 sic
3459 1600 3569 1653 ate

1918 1685 2279 1741 mundentur
2300 1684 2547 1741 interius
2569 1684 2923 1758 pollutioncs
2947 1684 3255 1751 mentium,
3272 1688 3328 1740 et
3347 1690 3570 1741 crescat

1916 1773 1976 1830 in
2010 1774 2179 1831 nobis
2206 1778 2589 1847 augmentum
2624 1777 2959 1831 sanctarum
2989 1773 3293 1829 virtutum.

1832 1894 1879 1959 B
1988 1865 2291 1935 Antequam
2318 1865 2388 1919 ad
2430 1868 2773 1920 sacramenta
2819 1864 3060 1930 accedat,
3102 1862 3333 1918 inclinet
3358 1878 3415 1918 se
3443 1866 3571 1918 ante

1907 1954 2083 2010 altare
2108 1953 2289 2010 dicens
2309 1971 2328 2008 :
2361 1954 2644 2009 Facturus
2675 1968 2783 2026 ego
2812 1955 3083 2024 peccator
3112 1951 3459 2008 memoriam
3483 1968 3571 2009 sa-

1909 2041 2117 2099 lutaris
2148 2042 2351 2100 hostiae
2382 2042 2566 2099 totius
2590 2041 2819 2110 mundi,
2843 2057 2978 2096 cum
3008 2040 3167 2097 illius
3197 2040 3566 2114 dignitatem,

1912 2137 1968 2189 et
1998 2148 2189 2188 meam
2237 2131 2470 2187 intueor
2516 2131 2856 2201 foeditatem,
2889 2128 3243 2185 conscientia
3291 2132 3569 2202 torqueor

1912 2225 2307 2294 peccatorum,
2322 2237 2523 2276 verum
2556 2218 2695 2291 quia
2734 2223 2797 2274 tu
2830 2217 3085 2274 multum
3115 2217 3447 2274 misericors
3478 2234 3563 2286 es,

1910 2309 2181 2383 imploro,
2205 2313 2270 2365 ut
2298 2310 2556 2382 digneris
2578 2308 2723 2364 mihi
2746 2309 2885 2364 dare
2907 2306 3184 2379 spiritum
3207 2306 3562 2363 contribula-

1909 2402 2058 2466 tum,
2092 2399 2246 2471 quod
2278 2398 2385 2454 tibi
2414 2402 2646 2471 gratum
2680 2395 2946 2453 revelasti
2978 2395 3353 2463 sacriﬁcium,
3382 2399 3449 2451 ut
3494 2412 3561 2452 eo

1909 2488 2254 2561 purificatus
2274 2487 2432 2543 vitali
2459 2486 2663 2543 hostiae
2681 2486 2807 2558 pias
2833 2501 3045 2541 manus
3062 2485 3560 2557 admoveam,quae

1911 2576 2109 2632 omnia
2133 2578 2370 2649 peccata
2401 2592 2530 2631 mea
2560 2573 2807 2643 aboleat,
2831 2577 2889 2629 et
2917 2590 2985 2629 ea
3013 2572 3073 2628 in
3105 2575 3455 2645 perpetuum
3477 2572 3561 2628 vi-

1909 2664 2073 2721 tandi
2091 2663 2379 2720 cautelam
2400 2663 2689 2728 infundat,
2704 2662 3116 2734 omnibusque,
3130 2678 3235 2734 pro
3253 2660 3469 2733 quibus
3496 2660 3565 2717 ti-

1909 2754 1970 2809 bi
2002 2754 2243 2810 oﬂ‘ertur
2272 2752 2479 2809 salutis
2501 2750 2853 2809 commercia
2880 2749 3182 2823 largiatur.
3202 2750 3327 2806 Per.
3355 2750 3560 2805 Amen.

1984 2843 2209 2912 Quando
2239 2844 2359 2913 quis
2387 2844 2544 2914 o/fert
2569 2842 2899 2897 oblationem
2921 2839 3260 2912 presbytero,
3285 2838 3468 2894 dicat:
3498 2842 3565 2893 In

1913 2932 2123 3005 spiritu
2151 2931 2502 2987 humilitatis
2525 2934 2581 2986 et
2603 2930 2660 2985 in
2695 2929 2889 2985 animo
2920 2928 3168 2984 contrito
3192 2926 3300 2983 tibi
3321 2925 3565 2984 Domino

1912 3020 2168 3077 Creatori
2192 3036 2320 3076 meo
2341 3018 2595 3076 hostiam
2614 3018 2791 3074 offero
2811 3034 2914 3089 pro
2933 3015 3279 3072 remissione
3300 3014 3565 3071 omnium

1911 3112 2281 3182 peccatorum
2314 3124 2600 3174 meorum,
2635 3111 2691 3162 et
2724 3108 3066 3161 cunctorum
3108 3102 3373 3160 ﬁdelium
3402 3103 3565 3159 vivo-

1915 3214 2048 3253 rum
2079 3202 2255 3269 atque
2286 3200 2671 3252 mortuorum.

1985 3286 2241 3341 Sacerdos
2270 3286 2601 3341 oblationem
2627 3284 2899 3354 accipiens
2927 3282 3113 3337 dicat:
3145 3279 3407 3352 Suscipe,
3438 3296 3566 3336 san-

1912 3380 2006 3432 cta
2033 3374 2311 3441 Trinitas,
2344 3374 2495 3429 hanc
2538 3371 2915 3437 oblationem,
2937 3385 3117 3441 quam
3147 3368 3253 3425 tibi
3283 3368 3452 3427 offert
3480 3368 3566 3425 fa-

1913 3464 2115 3521 mulus
2140 3468 2302 3531 tuus,
2334 3467 2391 3519 et
2422 3465 2633 3535 praesta
2662 3464 2726 3517 ut
2752 3460 2812 3516 in
2845 3462 3226 3532 conspectum
3256 3461 3427 3514 tuum
3458 3457 3565 3514 tibi

1914 3554 2152 3628 placens
2185 3553 2481 3610 ascendat.

1984 3644 2128 3699 Alia.
2164 3642 2425 3715 Suscipe,
2461 3644 2662 3697 sancta
2705 3637 2980 3706 Trinitas,
3003 3654 3181 3710 quam
3211 3636 3319 3693 tibi
3365 3637 3562 3705 offero,

1913 3749 2018 3805 pro
2050 3731 2359 3788 animabus
2393 3730 2747 3787 famulorum
2788 3726 3262 3799 famularumque
3303 3730 3563 3796 tuarum,

1915 3827 1981 3877 ut
2015 3821 2276 3893 requiem
2309 3826 2583 3876 aeternam
2616 3818 2698 3873 illi
2729 3818 2911 3874 dones
2936 3817 3090 3872 inter
3109 3818 3343 3872 sanctos
3364 3819 3424 3871 et
3454 3814 3567 3870 cle-

1916 3916 2039 3966 ctos
2070 3915 2225 3979 tuos,
2260 3912 2322 3965 ut
2355 3910 2413 3964 in
2445 3908 2677 3964 illorum
2711 3905 3025 3975 consortio,
3047 3905 3168 3961 vita
3196 3904 3571 3976 perfruamur

1915 4004 2148 4055 interna.
2185 3999 2309 4054 Per.

1985 4089 2292 4160 Presbyter,
2332 4089 2416 4143 vel
2458 4088 2721 4143 diaconus
2762 4084 2991 4139 calicem
3026 4083 3201 4154 offert,
3232 4080 3425 4137 dicat:
3455 4079 3567 4137 Do-

1917 4177 2073 4233 mine
2102 4178 2241 4233 Jesu
2286 4176 2533 4243 Christe,
2558 4175 2657 4247 qui
2703 4173 2762 4228 in
2795 4188 2966 4229 cruce
2997 4169 3289 4244 passionis
3335 4172 3448 4232 tuae
3496 4169 3568 4225 de

1914 4266 2094 4322 latere
2125 4270 2226 4321 tuo
2278 4265 2627 4338 sanguinem
2679 4266 2737 4318 et
2785 4277 3020 4334 aquam,
3048 4260 3205 4316 unde
3245 4257 3566 4315 Ecclesiam

1914 4372 2303 4423 consecrares,
2335 4370 2573 4411 manare
2619 4351 2873 4417 voluisti,
2908 4350 3138 4423 suscipe
3186 4348 3295 4405 hoc
3345 4348 3565 4404 sacriﬁ-

1915 4445 2071 4499 cium
2103 4443 2270 4499 altari
2301 4449 2399 4500 tuo
2435 4441 2894 4516 superpositum,
2917 4443 2974 4495 et
3015 4438 3284 4508 concede,
3309 4436 3568 4494 clemen-

1914 4531 2161 4599 tissime,
2188 4537 2252 4586 ut
2281 4549 2382 4605 pro
2416 4532 2813 4604 redemptione
2838 4534 3037 4585 nostra
3067 4532 3124 4584 ct
3152 4527 3331 4584 totius
3358 4526 3565 4583 mundi

148 4613 360 4671 sancti.
395 4617 705 4672 lncensum
741 4614 1375 4691 istud,etc.Dirigatur,
1412 4619 1670 4686 Domine,
1696 4624 1803 4676 etc.
1838 4628 1885 4692 ι’)
1916 4619 1975 4675 in
2007 4625 2385 4691 conspectum
2417 4621 2621 4676 divina:
2671 4619 2995 4691 maiestatis
3042 4621 3155 4673 tua:
3203 4633 3337 4673 cum
3387 4617 3565 4673 odore

226 4702 360 4758 Cum
388 4707 573 4759 autem
617 4706 881 4762 diaconus
920 4709 1149 4778 petierit
1197 4707 1617 4765 benedictionem
1648 4728 1664 4762 :
1696 4708 1805 4765 Do-

151 4790 354 4847 minus
385 4791 463 4847 sit
492 4793 553 4848 in
584 4794 755 4850 corde
783 4798 884 4851 tuo
914 4800 972 4851 et
1010 4796 1071 4852 in
1104 4795 1276 4853 labiis
1308 4796 1447 4866 tuis,
1484 4800 1549 4853 ut
1578 4814 1806 4871 compe-

148 4882 344 4935 tenter
372 4881 607 4939 nunties
635 4880 1016 4957 Evangelium
1042 4886 1225 4958 pacis.

223 4969 469 5026 Perlecto
497 4974 683 5027 autem
714 4975 1011 5044 Evangelio
1040 4976 1185 5031 dicat
1215 4993 1234 5030 :
1268 4975 1380 5030 Pax
1410 4975 1534 5030 tibi.

228 5057 454 5126 Quando
501 5066 685 5116 autem
731 5063 1009 5118 osculatur
1056 5064 1416 5132 Evangelium
1465 5064 1599 5120 dicit
1639 5081 1652 5120 :
1706 5065 1811 5121 Per

151 5147 301 5204 istos
332 5163 631 5205 sermones
674 5152 860 5207 sancti
914 5151 1206 5224 Evangelii
1260 5150 1389 5207 Filii
1439 5152 1531 5208 sui
1580 5154 1809 5210 Domini

153 5236 343 5293 nostri
392 5236 532 5293 Jesu
580 5238 814 5305 Christi,
854 5239 1160 5313 indulgeat
1201 5240 1490 5297 Dominus
1540 5242 1812 5299 universa

153 5324 373 5383 delicta
403 5330 622 5383 nostra.

226 5415 529 5487 Antequam
579 5418 909 5474 oblationem
955 5421 1193 5491 accipiat
1241 5418 1553 5475 humillime
1602 5418 1745 5475 dicat
1790 5438 1810 5484 ,-

153 5504 304 5561 Ante
324 5503 523 5561 oculos
544 5506 886 5575 tuos,Dcus,
905 5524 1040 5563 reus
1072 5506 1437 5564 conscientias
1466 5508 1632 5563 testis
1664 5510 1809 5565 assi-

154 5598 269 5667 sto,
294 5610 497 5667 rogare
518 5612 631 5653 non
654 5598 863 5666 audeo,
887 5600 1041 5671 quod
1074 5597 1385 5671 impetrare
1410 5614 1526 5654 non
1554 5614 1807 5669 mereor;

156 5689 225 5743 tu
244 5682 403 5742 enim
435 5684 570 5756 scis,
591 5685 855 5758 Domine,
871 5704 997 5761 quae
1020 5690 1275 5761 aguntur
1304 5687 1363 5743 in
1395 5686 1588 5760 nobis,
1609 5690 1812 5747 erube-

1919 4708 2224 4765 suavitatis
2256 4710 2550 4764 ascendat.

1991 4797 2123 4852 Cum
2169 4801 2509 4869 superposita
2556 4798 2737 4852 oblata
2785 4796 2872 4867 [t.,
2906 4796 3081 4867 offert]
3131 4793 3276 4848 dicat
3324 4809 3343 4847 :
3391 4794 3565 4846 Acce-

1917 4889 2081 4959 ptum
2117 4886 2219 4940 tibi
2254 4885 2330 4941 sit
2356 4885 2738 4958 omnipotenti
2760 4885 2875 4940 Deo
2898 4881 3254 4939 sacrificium
3285 4879 3442 4935 istud
3473 4894 3567 4933 su-

1919 4993 2022 5049 per
2052 4974 2232 5031 altare
2262 4979 2430 5030 tuum
2460 4975 2739 5046 positum.

1995 5068 2138 5121 Tunc
2166 5066 2316 5120 calix
2360 5079 2524 5135 super
2563 5064 2738 5118 altare
2778 5063 3052 5134 ponitur:
3085 5057 3395 5116 Oll‘erimus
3438 5054 3566 5122 tibi,

1919 5155 2165 5212 Domine
2196 5153 2435 5210 calicem
2469 5150 2763 5220 salutaris,
2786 5151 3168 5222 deprecamur
3197 5143 3567 5201 clementiam

1919 5248 2104 5310 tuam,
2135 5242 2285 5297 utin
2320 5245 2632 5314 conspectu
2664 5239 2875 5295 divinae
2905 5235 3230 5310 maiestatis
3254 5239 3367 5290 tua:
3398 5233 3572 5289 sacri-

1921 5333 2120 5388 ficium
2152 5335 2418 5387 nostrum
2451 5347 2585 5387 cum
2618 5330 2791 5386 odore
2822 5327 3126 5385 suavitatis
3156 5324 3452 5381 ascendat.

1992 5424 2134 5477 Tunc
2175 5422 2361 5478 devota
2404 5438 2575 5476 manu
2606 5420 2882 5476 benedicat
2912 5419 3241 5475 oblationem
3268 5418 3319 5471 et
3348 5414 3572 5470 calicem

1919 5510 2101 5566 dicens
2128 5532 2146 5565 :
2170 5510 2749 5578 Veni,sanctificator
2773 5507 3142 5580 omnipotens
3167 5509 3376 5561 aeterne
3397 5508 3569 5573 Deus,

1918 5601 2199 5666 beneidic
2229 5604 2286 5655 et
2316 5599 2617 5655 sanctiﬁca
2647 5599 2755 5655 hoc
2795 5597 3149 5655 sacrificium
3199 5594 3305 5651 tibi
3353 5607 3572 5665 praepa-

1921 5694 2137 5748 ratum.
