3982 6162
415 354 536 441 sev

1602 355 1795 421 SEO.
1839 354 1920 418 χι
1962 352 2278 420 NONUM.
2323 355 2638 425 LITURG.

488 492 631 565 Alia.
666 490 733 547 In
760 488 998 551 nomine
1027 491 1216 548 Patris
1243 495 1300 547 et
1333 490 1455 547 Filii
1487 494 1543 549 et
1565 489 1819 563 Spiritus
1849 489 2059 560 sancti,
2086 488 2145 557 Α
2173 489 2361 565 Hujus
2388 488 2737 549 sacramenti
2762 489 3054 562 susceptio
3074 488 3177 547 ﬁat
3198 487 3391 558 nobis,
3409 486 3706 555 Domine,
3728 504 3841 547 om.

417 581 497 639 sit
522 580 635 638 hoc
674 579 1026 641 sacriﬁcium
1070 578 1531 649 immaculatum,
1555 584 1613 635 et
1643 596 1678 637 a
1704 583 1763 635 te
1792 579 1908 637 Deo
1936 579 2062 636 vivo

418 668 479 728 et
495 686 630 727 vero
661 669 1003 737 adunatum,
1028 673 1085 729 et
1113 672 1515 724 consecratum
1547 672 1603 724 et
1630 668 2023 727 benedictum.

448 750 659 832 'Super
703 758 882 814 oblata
938 774 958 811 :
1016 756 1347 824 Sanctiﬁca,
1381 773 1745 830 quaesumus.
1794 756 2059 823 Domine,

417 848 569 925 hanc
597 846 1006 915 oblaftionem,
1048 847 1114 901 ut
1155 845 1325 902 nobis
1374 844 1667 920 Unigeniti
1715 846 1801 907 tui
1850 862 2062 919 corpus

416 938 541 997 ﬁat.

452 1006 659 1101 [Super
702 1025 925 1083 calicem
972 1023 1165 1080 dicat:
1197 1023 1526 1093 Sanctiﬁca,
1557 1040 1917 1096 quaesumus,
1950 1023 2060 1085 Βο-

414 1113 595 1183 mine,
626 1113 785 1171 hunc
833 1112 941 1171 cali
968 1116 995 1183 1
1021 1129 1169 1181 cem,
1202 1117 1267 1168 ut
1314 1112 1483 1169 nobis
1514 1111 1641 1168 Filii
1686 1112 1771 1169 tui
1818 1114 2062 1186 sanguis

412 1203 533 1281 fiat.

488 1292 623 1349 Cum
652 1294 933 1349 incensum
958 1292 1199 1364 posuerit
1226 1293 1281 1346 in
1312 1291 1594 1348 thuribulo
1624 1292 1768 1348 dicat
1796 1310 1815 1348 :
1846 1291 1961 1348 Pen”
1980 1291 2064 1349 in-

411 1381 827 1445 tercessionem
882 1381 1067 1439 sancti
1115 1380 1399 1437 Gabrielis
1448 1380 1802 1453 archangeli,
1848 1386 1982 1452 etc.,
2002 1390 2062 1437 ut

412 1473 475 1531 in
505 1470 705 1527 nostris
732 1470 912 1527 editis.
936 1471 997 1526 In
1026 1486 1156 1525 mss.
1188 1477 1367 1527 tamen
1397 1470 1543 1526 deest
1569 1471 1864 1526 conclusio.

483 1560 582 1627 Hic
609 1561 895 1616 incensum
936 1574 1100 1631 super
1126 1560 1459 1631 sacriﬁcium
1485 1560 1662 1631 faciat
1706 1560 1790 1615 vel
1840 1561 1900 1616 in
1945 1561 2061 1615 cir-

411 1649 571 1709 cuitu
598 1647 781 1705 dicat:
808 1648 1122 1705 lncensum
1146 1647 1326 1704 istud.
1357 1649 1583 1720 Require
1612 1651 1773 1704 retro.

486 1736 621 1792 Cum
648 1738 934 1793 incensum
962 1737 1187 1808 o/fertur
1212 1736 1447 1808 singulis
1473 1735 1607 1791 dicit
1632 1753 1652 1791 :
1684 1737 1973 1795 Accendat
2000 1737 2059 1793 in

413 1824 585 1899 nobis
615 1823 897 1897 Dominus
930 1822 1124 1897 ignem
1154 1823 1392 1893 amoris,
1426 1828 1485 1881 et
1513 1823 1813 1881 ﬂammam
1836 1830 2059 1882 aeternae
2092 1856 2140 1922 Β

414 1912 738 1971 eharitatis.

487 2008 685 2065 Postea
736 2008 910 2059 vertat
949 2004 1001 2059 te
1047 2000 1119 2057 ad
1174 2003 1588 2061 circumstantes
1644 2003 1829 2060 dicat:
1869 2002 2059 2072 Orate,

416 2093 644 2171 fratres,
672 2108 776 2165 pro
807 2108 922 2157 me,
948 2096 1013 2146 ut
1041 2107 1239 2147 meum
1268 2094 1326 2147 et
1354 2095 1609 2149 vestrum
1644 2092 1957 2167 impleatur
1984 2093 2063 2149 of-

414 2180 634 2239 ficium.

482 2268 680 2329 Dieant
723 2269 1102 2347 respondentes
1131 2286 1150 2324 :
1181 2268 1361 2325 Orent
1402 2286 1504 2342 pro
1535 2273 1591 2326 te
1621 2287 1825 2328 omnes
1872 2273 2061 2329 sancti

411 2365 470 2420 et
504 2358 673 2433 electi
719 2357 843 2416 Dei.
874 2357 1160 2415 Exaudiat
1207 2361 1263 2413 te
1310 2356 1596 2415 Dominus
1641 2364 1903 2417 orantem
1955 2379 2061 2434 pro

412 2453 611 2523 nostra
667 2447 1052 2521 omniumque
1108 2445 1318 2502 salute.
1367 2449 1589 2503 Memor
1643 2449 1721 2505 sit
1774 2450 2061 2507 Dominus

412 2538 604 2625 omnis
636 2536 905 2609 sacrificii
951 2535 1035 2592 tui
1066 2539 1124 2592 et
1169 2533 1576 2597 holocaustum
1624 2540 1795 2599 tuum
1844 2539 2061 2613 pingue

413 2628 533 2684 ﬂat.

470 2704 675 2779 'Postea
702 2715 848 2787 dicat
879 2712 973 2773 has
1006 2713 1290 2788 psalmos:
1320 2713 1405 2768 Ad
1448 2717 1523 2781 te,
1556 2713 1821 2781 Domine,
1855 2715 2057 2772 levavi.

414 2807 717 2885 Psalmum,
743 2804 951 2879 Misere
984 2802 1120 2869 mei,
1169 2801 1354 2872 Deus;
1400 2804 1544 2874 psal.
1596 2804 1858 2871 Domine,
1907 2806 2062 2862 refu-

413 2896 576 2983 gipm
605 2894 824 2967 factus;
847 2893 991 2967 psal.
1013 2891 1122 2983 Qui
1152 2889 1465 2983 habitatin
1497 2891 1804 2962 adjutorio.
1825 2892 2061 2951 Salvum

414 2978 505 3059 fac
552 2999 783 3057 servum
831 2986 1022 3038 tuum.
1056 2978 1198 3051 Fiat,
1233 2979 1496 3050 Domine,
1534 2980 1933 3040 misericordia
1961 2988 2063 3043 tua

413 3070 593 3155 super
619 3089 746 3130 nos.
778 3072 1054 3147 Exsurge,
1086 3068 1349 3129 Domine.

486 3162 691 3221 Oratio.
724 3160 1049 3227 Gaudeant,
1071 3158 1712 3231 Domine,quaesumus,
1739 3160 1943 3217 famuli
1975 3162 2059 3218 tui

410 3250 710 3325 beneflciis
738 3248 1088 3324 impetratis,
1112 3251 1171 3304 et
1207 3247 1422 3321 quibus
1451 3248 1725 3305 fiduciam
1758 3251 2058 3321 sperandae

411 3328 622 3403 salutis
666 3338 944 3408 tribuisti,
968 3341 1177 3411 optatae
1215 3335 1626 3393 misericordiae
1656 3337 1848 3396 tribue
1896 3339 2057 3397 beni-

409 3446 564 3505 gnus
592 3430 882 3501 eﬂfectum.
916 3426 1040 3487 Per.

479 3518 589 3574 Per
616 3516 816 3573 omnia
859 3514 1071 3571 saecula
1114 3514 1482 3581 saeculorum,
1512 3519 1647 3585 etc.,
1680 3519 1737 3570 ut
1770 3518 1829 3571 in
1858 3520 2058 3574 nostris

409 3606 592 3681 editis,
625 3611 742 3661 tum
789 3604 969 3676 quoad
1016 3619 1198 3675 omnes
1240 3605 1595 3675 praefationes
1642 3620 1979 3661 communem
2007 3614 2060 3663 et

400 3692 933 3769 particulares,cum
977 3690 1151 3764 quoad
1194 3706 1456 3747 canonem
1501 3708 1671 3763 usque
1713 3692 1784 3747 ad
1830 3696 2057 3752 nomina

404 3781 650 3857 Joannis
679 3783 737 3837 et
764 3778 950 3848 Pauli,
973 3782 1189 3841 Cosmae
1239 3783 1297 3836 et
1341 3779 1630 3851 Damiani,
1657 3784 1777 3853 post
1823 3800 1942 3855 quae
1969 3800 2052 3840 se-

405 3874 653 3947 quuntur
701 3870 821 3945 haec
849 3869 1011 3926 verba
1041 3887 1060 3924 :
1092 3885 1199 3929 nec
1229 3885 1343 3925 non
1392 3872 1449 3924 et
1495 3867 1751 3938 illorum,
1802 3888 2051 3945 quorum

403 3959 576 4019 hodie
606 3958 994 4018 solemnitatis
1024 3958 1082 4013 in
1112 3960 1423 4031 conspectu
1444 3956 1640 4031 gloria:
1662 3962 1774 4015 tuae
1806 3959 2053 4019 celebra-

400 4054 499 4108 tur
525 4047 883 4126 triumphus.
909 4050 1041 4119 Quae
1080 4052 1385 4121 sequuntur
1431 4049 1493 4103 in
1535 4065 1638 4104 ms.
1667 4050 1884 4106 missali
1909 4067 2052 4108 com-

395 4140 745 4215 munia'sunt
776 4137 935 4195 editis
958 4153 1128 4210 usque
1155 4136 1225 4192 ad
1261 4138 1429 4194 totam
1457 4139 1763 4195 arationem
1793 4157 1812 4194 :
1844 4139 2053 4197 Libera

396 4245 505 4305 nos
535 4244 902 4303 quaesumus,
932 4229 1041 4282 etc.

469 4317 676 4389 Oratio.
710 4314 834 4370 Fiat
863 4313 1194 4370 commistio
1225 4318 1284 4370 et
1311 4312 1667 4370 consecratio
1693 4317 1959 4387 Corporis
1991 4322 2048 4374 et

394 4402 712 4479 Sanguinis
741 4401 973 4458 Domini
1005 4401 1189 4458 nostri
1219 4401 1357 4456 Jesu
1380 4401 1593 4457 Christi
1625 4403 2045 4475 accipientibus

390 4492 454 4549 in
481 4491 661 4549 vitam
691 4494 989 4563 aiternam.
1019 4492 1223 4547 Amen.

2170 579 2337 636 nium
2386 585 2756 652 peccatorum
2807 584 3142 637 nostrorum
3192 577 3477 647 remissio,
3512 593 3638 650 per
3680 577 3840 637 Chri-

2169 672 2352 724 stum.

2243 756 2453 814 Caetera
2482 760 2609 813 sunt
2636 756 2844 828 eadem,
2870 771 2993 831 qua:
3034 757 3095 813 in
3135 756 3295 813 editis
3332 772 3495 828 usque
3544 755 3628 813 ad
3676 760 3841 815 idm

2169 847 2471 903 orationem
2497 864 2516 901 :
2549 845 2781 902 Placeat
2829 845 2956 911 tibi,
2989 849 3192 903 sancta
3238 845 3519 916 Trinitas,
3558 847 3632 907 in
3678 862 3840 918 quam

2170 936 2502 991 terminatur
2542 936 2703 991 Missa
2750 937 3027 991 enuntiati
3072 934 3314 991 missalis
3364 951 3465 991 ms.
3498 935 3611 993 ubi
3640 951 3759 993 non
3782 936 3841 1004 ﬁt

2168 1027 2393 1092 mentio,
2426 1040 2595 1097 neque
2624 1024 2689 1081 de
2719 1023 2803 1080 Ite
2831 1023 3013 1085 Missa
3038 1020 3149 1092 est,
3174 1027 3297 1091 etc.,
3327 1039 3503 1096 neque
3550 1023 3629 1081 de
3682 1023 3835 1081 bene-

2168 1113 2421 1180 dictione,
2446 1129 2618 1187 neque
2645 1112 2710 1168 de
2752 1114 3068 1185 Evangelia,
3101 1121 3160 1169 ut
3204 1112 3350 1185 apud
3384 1129 3501 1173 nos.
3560 1112 3835 1172 Similiter

2167 1218 2437 1275 nusquam
2460 1204 2521 1257 in
2549 1218 2756 1258 canone
2780 1204 2842 1273 fit
2867 1204 3068 1258 mentio
3095 1203 3160 1258 de
3181 1202 3699 1273 genuﬂezionibus.

2370 1291 2604 1347 ΜΙΞΒίΕ
2636 1290 2708 1347 IN
2739 1290 3136 1349 NATALITIIS
3164 1290 3637 1351 SANCTORUM.

2559 1398 2618 1437 IN
2658 1396 2858 1437 NATALI
2897 1396 3095 1437 SANCTI
3130 1396 3427 1439 AHBROSII.

2242 1469 2446 1526 Oratio.
2479 1468 2675 1526 Sancti
2705 1469 2999 1525 Ambrosii
3020 1485 3147 1537 nos,
3171 1468 3435 1537 Domine,
3451 1469 3695 1543 jugiter
3711 1487 3826 1542 pm-

2169 1563 2451 1630 sequatur
2478 1558 2682 1624 oratio,
2706 1563 2772 1614 ut
2813 1558 2971 1631 quod
3010 1556 3210 1631 petitio
3260 1562 3461 1617 nostra
3488 1574 3621 1617 non
3652 1559 3827 1631 impos

2170 1651 2304 1713 trat,
2335 1646 2463 1720 ipso
2491 1664 2595 1719 pro
2626 1646 2795 1707 nobis
2824 1646 3244 1704 interveniente
3273 1650 3615 1720 praestetur.
3649 1647 3773 1705 Per.

2239 1735 2474 1795 Secreta.
2529 1737 2654 1792 Haec
2701 1734 2763 1791 in
2814 1735 2983 1793 nobis
3031 1736 3338 1804 sacriﬁcia,
3376 1737 3550 1803 Deus,
3586 1736 3827 1795 interce-

2170 1824 2341 1881 dente
2361 1824 2698 1882 beatissimo
2720 1825 3052 1881 coniessore
3073 1829 3174 1881 tuo
3190 1825 3498 1883 Ambrosio
3519 1830 3587 1882 et
3606 1824 3823 1885 actions

2172 1918 2574 1987 permaneant,
2606 1917 2663 1970 et
2691 1916 3028 1986 operatione
3057 1914 3386 1971 ﬁrmentur.
3416 1913 3545 1971 Per.

2241 2005 2583 2061 Communia.
2609 2003 2737 2059 Haec
2764 2020 2870 2059 nos
2891 2003 3249 2073 communio,
3272 2002 3539 2071 Domine,
3568 2006 3823 2076 purgata

2171 2092 2435 2159 crimine,
2458 2096 2516 2149 et
2542 2091 2932 2149 intercedente
2962 2092 3129 2149 beato
3154 2091 3461 2149 Ambrosio
3491 2094 3823 2159 confessori!

2169 2185 2271 2237 tuo
2303 2185 2478 2253 atque
2508 2180 2780 2253 pontifice
2811 2179 3145 2239 ccelestibus
3186 2180 3460 2238 remediis
3493 2181 3680 2239 faciat
3705 2197 3821 2251 esse

2171 2275 2490 2327 consortes.
2522 2270 2646 2326 Per.

2582 2375 2644 2418 IN
2674 2374 2886 2415 OCTAVA
2918 2375 3406 2446 saxqussmnsm.

2242 2448 2444 2506 Oratio.
2480 2447 2749 2520 Protegat
2786 2464 2913 2511 nos,
2948 2446 3207 2515 Domine,
3240 2448 3454 2520 saepius
3500 2448 3665 2507 beati
3708 2449 3819 2517 Au-

2169 2537 2317 2592 dreae
2350 2536 2595 2609 apostoli
2629 2537 2713 2593 tui
2745 2536 2992 2609 repetita
3020 2535 3379 2605 solemnitaa,
3412 2541 3480 2592 ut
3510 2538 3693 2610 cuius
3718 2553 3816 2609 pa—

2169 2625 2417 2682 trocinia
2454 2625 2581 2681 sine
2630 2624 3063 2683 intermissione
3110 2623 3443 2692 recolimus,
3479 2629 3815 2701 perpetuam

2170 2714 2569 2771 defensionem
2601 2713 2944 2770 sentiamus.
2980 2714 3105 2771 Per.

2241 2802 2475 2859 Secreta.
2508 2802 2938 2875 lndulgentiam
2979 2801 3150 2859 nobis
3178 2803 3477 2875 praebeant
3521 2803 3650 2861 haec
3698 2820 3815 2860 mu-

2172 2908 2333 2960 nera,
2357 2907 2719 2964 quaesumus,
2757 2891 3015 2959 Domine,
3050 2890 3385 2965 largiorem,
3407 2910 3535 2966 qua:
3581 2894 3691 2951 tibi
3724 2909 3817 2966 pro

2169 2981 2516 3038 venerandis
2573 2980 2761 3039 sancti
2817 2981 3056 3037 Andreae
3118 2980 3415 3055 suffragiis
3472 2982 3813 3041 olIeruntur.

2170 3070 2295 3126 Per.

2243 3160 2581 3216 Communia.
2607 3159 2853 3231 Adiuvet
2873 3158 3154 3215 familiam
3186 3162 3372 3227 tuam,
3396 3159 3669 3231 Domine,
3690 3174 3816 3231 sup.

2168 3248 2439 3322 plicando
2469 3248 2833 3305 venerandus
2861 3248 3123 3304 Andreas
3147 3247 3470 3320 apostolus,
3493 3252 3552 3305 et
3570 3248 3711 3322 pius
3739 3248 3815 3302 in-

2166 3342 2460 3395 terventor
2487 3338 2793 3405 efficiatur,
2826 3337 2926 3410 qui
2959 3336 3043 3393 tui
3077 3336 3334 3393 nominis
3363 3337 3589 3393 exstitit
3614 3336 3811 3411 pradi-

2166 3432 2326 3484 cator
2356 3432 2413 3483 et
2442 3431 2648 3483 rector.
2688 3426 2810 3482 Per.

2459 3533 2518 3571 IN
2552 3532 2744 3573 ΝΔΤΑῐιι
2777 3530 3006 3573 εΑΝοτΑι]
3036 3529 3218 3571 ιιυοῐιε
3247 3532 3518 3573 νιηαωιε.

2403 3605 2585 3659 Oratio
2614 3612 2665 3660 et
2691 3608 2896 3659 secreta
2927 3603 3132 3661 eadem
3156 3618 3283 3676 quae
3312 3607 3371 3659 in
3396 3605 3578 3663 editis.

2236 3692 2574 3749 Communia.
2600 3692 2758 3759 Laeti,
2778 3692 3041 3759 Domine,
3062 3692 3428 3765 sumpsimus
3451 3696 3808 3750 sacramenta

2163 3780 2437 3847 ccelestia,
2464 3780 2859 3838 intercedente
2880 3798 2984 3854 pro
3016 3780 3184 3837 nobis
3206 3782 3376 3838 beata
3396 3781 3573 3839 Lucia
3595 3784 3802 3851 marty-

2162 3887 2242 3939 re,
2267 3870 2339 3926 ad
2370 3870 2550 3929 vitam
2582 3869 2752 3927 nobis
2784 3870 3092 3942 proﬁciant
3122 3869 3562 3943 semp'ternam.
3594 3870 3723 3929 Per.

2448 3976 2506 4015 IN
2537 3976 2735 4015 NATALI
2767 3976 2963 4015 SANCTI
2995 3975 3209 4014 ΤΗΟΜᾸΞ
3237 3975 3524 4015 APOS'I'OLI.

2542 4047 2728 4104 Oratio
2758 4052 2811 4103 et
2838 4055 3039 4105 secreta
3066 4051 3127 4103 ut
3157 4049 3216 4103 in
3247 4047 3428 4103 editis.

2231 4139 2569 4195 Communia.
2618 4136 2776 4193 Beati
2823 4136 3070 4210 apostoli
3116 4136 3201 4193 tui
3239 4135 3495 4201 Themin,
3541 4135 3795 4201 Domine,

2157 4244 2519 4300 quaesumus,
2552 4226 2965 4282 intercessione
2996 4243 3102 4283 nos
3135 4225 3366 4299 adjuva,
3390 4241 3495 4298 pro
3517 4226 3691 4299 cujus
3719 4239 3797 4281 so-

2155 4315 2454 4373 lemnitate
2484 4314 2853 4389 percepimus
2882 4318 2984 4370 tua
3014 4318 3215 4371 sancta
3244 4314 3529 4370 laetantes.
3562 4314 3689 4373 Per.

2394 4422 2455 4461 IN
2486 4422 2679 4463 ΝΑΤΑιΙ
2711 4420 2906 4460 SANCTI
2937 4419 3220 4461 ANASTAS"
3252 4419 3560 4460 MABTYRIS.

2227 4494 2432 4551 Oratio.
2458 4493 2694 4549 Votivos
2750 4509 2879 4558 nos,
2933 4491 3199 4560 Domine,
3251 4508 3593 4565 quaesumus
3650 4487 3791 4549 beati

459 4583 662 4659 Agnus
692 4578 922 4659 Dei,qui
953 4576 1111 4639 tollis
1134 4581 1372 4652 peccata
1396 4579 1601 4635 mundi
1633 4580 1908 4638 miserere
1938 4599 2040 4640 no-
2070 4587 2119 4657 Β
2147 4582 2438 4641 Anastasii
2471 4580 2745 4654 martyris
2774 4581 2862 4637 tui
2892 4580 3107 4639 natalis
3136 4596 3370 4655 semper
3399 4580 3670 4653 excipiat,
3701 4577 3787 4653 qui

389 4654 723 4727 biszribus
746 4668 974 4724 vicibus.

456 4757 537 4815 Ad
564 4773 752 4833 pacem
779 4756 1069 4819 osculando
1098 4757 1273 4814 altare
1300 4774 1318 4812 :
1349 4756 1593 4814 Domine
1622 4761 1759 4814 Jesu
1793 4758 2035 4827 Christe,

384 4851 517 4923 etc.,
552 4850 612 4903 ut
643 4848 704 4903 in
724 4845 888 4902 editis
914 4861 1086 4920 usque
1113 4845 1183 4901 ad
1211 4848 1378 4902 tatam
1406 4848 1627 4903 tertiam
1678 4849 1998 4905 orationem.

458 4936 684 5006 Quando
707 4951 901 5008 corpus
944 4936 1164 4991 Domini
1191 4936 1251 4990 in
1280 4937 1539 4991 manibus
1580 4937 1797 5008 accipit,
1841 4936 1983 4993 dicat
2018 4954 2030 4994 :

381 5025 603 5085 Panem
632 5023 922 5099 caelestem
954 5024 1237 5103 accipiam
1270 5026 1327 5080 et
1366 5040 1577 5079 nomen
1611 5024 1837 5080 Domini
1874 5026 2031 5081 invo-

383 5114 545 5172 cabo.
570 5114 835 5183 Domine,
853 5130 968 5169 non
987 5129 1118 5168 sum
1140 5112 1376 5185 dignus,
1395 5116 1459 5166 ut
1480 5112 1662 5167 intres
1680 5114 1789 5169 sub
1815 5119 2029 5170 tectum

2146 4676 2205 4727 et
2226 4669 2661 4743 jucunditatem
2692 4668 2861 4725 nobis
2887 4686 3004 4726 sua?
3034 4668 3475 4743 glorificationis
3506 4668 3786 4734 infundat,

2148 4764 2204 4816 et
2234 4759 2337 4815 tibi
2371 4775 2476 4815 nos
2508 4758 2714 4815 reddat
2743 4763 3028 4830 acceptos.
3064 4758 3189 4814 Per.

2218 4848 2448 4905 Secreta.
2482 4848 2795 4903 Praesentia
2825 4863 3089 4915 munera,
3127 4863 3489 4919 quasumus,
3534 4847 3783 4913 Domine,

2146 4936 2227 4993 ita
2256 4953 2462 4993 serena
2492 4935 2702 5008 pietate
2732 4936 2960 4999 intuere
2984 4940 3047 4992 ut
3077 4935 3268 4992 sancti
3288 4935 3544 5008 Spiritus
3565 4936 3784 5008 perfunv

2143 5027 2357 5081 dantur
2404 5025 2829 5092 benedictione,
2872 5029 2928 5081 et
2976 5025 3035 5080 in
3081 5024 3297 5081 nostris
3345 5023 3619 5081 cordibus
3666 5039 3782 5081 eam

2142 5114 2511 5170 dilectionem
2553 5112 2804 5170 validam
2846 5113 3182 5179 infundant,
3214 5130 3316 5186 per
3344 5129 3523 5186 quam
3552 5118 3780 5171 sanctus

379 5218 607 5273 meum;
641 5203 743 5260 sed
794 5205 1025 5261 tantum
1066 5200 1158 5257 dic
1204 5200 1400 5270 verbo,
1433 5204 1490 5257 et
1537 5201 1842 5258 sanabitur
1886 5220 2031 5275 puer
2141 5209 2362 5277 martyr
2393 5202 2593 5259 omnia
2621 5203 2883 5276 corporis
2915 5206 3208 5261 tormenta
3236 5201 3470 5261 devicit.
3499 5201 3625 5258 Per.

383 5307 570 5348 meus.

449 5378 683 5447 Quando
710 5381 1077 5437 communicat
1102 5396 1122 5433 :
1155 5377 1378 5451 Corpus
1407 5377 1638 5434 Domini
1675 5378 1858 5435 nostri
1888 5380 2028 5437 Jesu

374 5465 586 5522 Christi
635 5466 927 5523 custodiat
973 5467 1230 5523 animam
1281 5483 1472 5523 meam
1528 5466 1586 5521 in
1635 5467 1810 5523 vitam
1863 5474 2026 5526 aeter-

377 5570 537 5609 nam.

447 5641 527 5697 Ad
556 5642 797 5697 sonitum
820 5648 1043 5715 puteum
1072 5646 1213 5701 hanc
1242 5647 1439 5715 fratres
1468 5645 1766 5702 arationem
1791 5645 1977 5703 dicant
2002 5665 2021 5702 :

2212 5292 2550 5350 Communia.
2586 5291 2984 5364 Sumpsimus,
3022 5291 3287 5359 Domine,
3321 5290 3510 5348 sancti
3540 5292 3776 5347 Anasta-

2137 5380 2207 5438 sii
2243 5380 2515 5453 martyris
2558 5379 2643 5435 tui
2689 5379 3057 5438 solemnitate
3096 5379 3355 5439 coelestia
3400 5384 3776 5444 sacramenta,

2135 5470 2305 5540 cujus
2337 5468 2653 5543 suil‘ragiis,
2678 5486 3040 5542 quiesumus,
3064 5469 3357 5542 largiaris,
3379 5473 3444 5525 ut
3463 5468 3618 5541 quod
3647 5473 3777 5525 tem-

2134 5556 2409 5631 poraliter
2450 5558 2731 5631 gerimus,
2775 5558 3006 5615 aeternis
3058 5557 3289 5629 gaudiis
3332 5572 3772 5630 consequamur.

2083 5708 2087 5713 ,
2135 5646 2259 5703 Per.
