3982 6172
168 433 297 499 δερ

586 588 645 627 IN
674 587 874 629 NA'I‘ALI
904 589 1096 629 SANG’I‘I
1125 588 1410 628 PROJEC’I‘I.

247 661 453 719 Oratio.
485 660 645 718 Beati
676 662 948 735 martyris
996 663 1084 718 tui
1132 662 1378 734 Projecti
1428 676 1559 727 nos,
1592 674 1821 731 quassu-

172 766 331 817 mus,
364 749 630 818 Domine,
679 750 1023 807 interventio
1055 750 1310 824 gloriosa
1339 748 1728 813 commendet,
1762 751 1827 800 ut

173 839 333 912 quod
373 838 593 895 nostris
633 840 862 896 actibus
903 857 1018 896 non
1041 856 1357 908 meremur,
1392 839 1521 909 ejus
1551 836 1825 910 precibus

172 944 632 1000 consequamur.
668 928 792 983 Per.

222 1014 480 1071 Secreta.
513 1015 775 1088 Suscipe,
830 1015 1096 1080 Domine,
1158 1013 1447 1087 propitius
1496 1013 1821 1069 orationem

175 1107 441 1160 matram
454 1120 588 1159 cum
619 1103 1013 1160 oblationibus
1045 1104 1369 1160 hostiarum
1407 1100 1827 1175 superimposi-

174 1192 342 1259 tis,et
352 1193 624 1265 martyris
636 1192 880 1264 Projecti
894 1194 1297 1265 deprecatione
1312 1193 1512 1264 pietati
1525 1196 1639 1246 tua;
1654 1188 1825 1262 perﬁ-

177 1280 557 1353 cebenignus
588 1287 875 1354 acceptas,
909 1287 967 1338 et
998 1282 1183 1349 illam,
1219 1299 1344 1355 quae
1378 1283 1433 1336 in
1465 1297 1532 1337 eo
1563 1279 1830 1352 flagravit

179 1368 346 1426 fortis
371 1368 691 1439 dilectio,in
715 1371 883 1426 nobis
905 1372 1101 1443 aspira
1147 1371 1455 1444 benignus.
1489 1371 1612 1426 Per.

252 1458 594 1515 Communia.
625 1459 850 1526 Votiva,
876 1454 1140 1527 Domine,
1164 1477 1268 1532 pro
1290 1460 1439 1515 beati
1457 1456 1727 1530 martyris
1742 1454 1829 1510 tui

176 1547 425 1621 Projecti
455 1548 730 1620 passione
759 1550 911 1605 dona
939 1550 1330 1621 percepimus,
1371 1564 1731 1620 quaesumus,
1767 1552 1832 1602 ut

179 1637 311 1708 ejus
338 1636 646 1709 praecibus,
681 1641 737 1692 et
786 1638 1088 1710 praesentis
1137 1638 1267 1692 vitae
1328 1638 1497 1693 nobis
1529 1636 1747 1709 pariter
1775 1641 1832 1692 et

180 1729 412 1782 aeterna
428 1726 658 1782 tribuas
679 1726 941 1782 conferre
960 1726 1312 1782 subsidium.
1347 1726 1470 1781 Per.

429 1849 489 1887 IN
519 1850 717 1889 NATALI
767 1849 996 1888 SANCI‘J'Z
1027 1850 1276 1887 BRIGIDE
1306 1849 1577 1887 VIRGINIS.

976 437 1358 503 excaap'r.
1398 434 1507 499 ex
1547 432 1773 498 com).
1819 429 2134 496 LITURG.
2179 414 2779 503 FONTAVELLAN.

1846 565 1901 633 Α
1932 568 2097 625 nium
2119 573 2456 626 sanctorum
2474 575 2709 627 tuorum
2733 571 2879 627 bene
2900 573 2930 638 ’ί
2950 568 3141 627 dicere
3164 570 3221 626 et
3250 567 3436 626 sancti
3461 568 3575 636 ffi-

3457 414 3578 494 890

1932 675 2064 715 care
2085 659 2363 733 digneris,
2396 664 2461 715 ut
2490 659 2668 731 hujus
2698 659 2883 733 plebis
2906 663 3040 727 tum,
3070 676 3197 732 qua:
3245 658 3346 714 illa
3393 659 3577 715 hono-

1933 748 2093 803 riﬁce
2121 749 2180 802 in
2214 749 2516 803 manibus
2546 752 2759 821 portat,
2817 752 2994 820 teque
3024 749 3312 805 cantando
3352 748 3574 817 laudat,

1934 836 2212 893 exaudias
2259 854 2426 893 voces
2469 838 2540 892 de
2587 836 2727 893 coelo
2750 840 2948 892 sancto
2971 840 3070 892 tuo
3095 840 3151 891 et
3180 838 3251 892 de
3281 838 3417 893 sede
3448 853 3577 892 ma-

1926 925 2158 997 jestatis
2188 929 2322 993 tum,
2354 926 2755 999 propitiusque
2780 926 2861 982 sis
2883 926 3159 981 omnibus
3184 923 3578 982 clamantibus

1935 1016 2006 1070 ad
2035 1018 2110 1085 te,
2146 1031 2293 1087 quos
2343 1014 2642 1070 redemisti
2699 1015 2955 1086 pretioso
2996 1014 3283 1087 sanguine
3311 1013 3438 1069 Filii
3468 1014 3575 1083 tui,

1935 1104 2035 1177 qui
2065 1109 2257 1162 tecum
2279 1103 2419 1160 vivit
2450 1107 2506 1159 et
2538 1108 2741 1176 regnat
2791 1104 2939 1159 Deus
2986 1103 3046 1157 in
3080 1104 3302 1158 unitate
3329 1103 3579 1176 Spiritus

1937 1196 2143 1259 sancti,
2178 1210 2278 1266 per
2310 1193 2507 1249 omnia
2557 1192 2769 1249 seacula
2799 1192 3166 1249 saeculorum.
3199 1195 3405 1249 Amen.
3439 1193 3579 1250 Ore-

1938 1301 2092 1339 mus.
2116 1284 2420 1355 Praaceptis
2441 1281 2799 1339 salutaribus
2822 1281 3028 1337 moniti
3045 1285 3101 1337 et
3121 1280 3318 1337 divina
3339 1281 3574 1337 institu-

1936 1372 2360 1441 tioneformati,
2392 1372 2679 1427 audemus
2700 1370 2890 1425 dicere
2914 1385 2927 1424 :
2949 1370 3118 1425 Pater
3138 1374 3356 1437 noster,
3388 1370 3487 1442 qui
3520 1386 3581 1426 es

1938 1462 1995 1517 in
2029 1461 2384 1532 cmlis,usque
2404 1462 2470 1516 Et
2499 1477 2571 1517 ne
2602 1478 2707 1517 nos
2728 1459 2973 1516 inducas
2994 1458 3052 1515 in
3066 1459 3581 1525 tentationem.Sed

1938 1549 2121 1606 libera
2151 1567 2256 1606 nos
2285 1567 2319 1605 a
2347 1548 2523 1605 malo.

2012 1641 2107 1694 Hic
2135 1643 2313 1695 mutat
2331 1656 2511 1695 vocem
2555 1641 2710 1712 quasi
2744 1640 2921 1710 legens
2941 1657 2959 1694 :
2982 1638 3228 1695 Oremus
3269 1654 3282 1692 :
3313 1638 3583 1707 Benedic,

1943 1728 2183 1784 Domine
2205 1728 2343 1784 Jesu
2378 1727 2627 1794 Christe,
2661 1727 2812 1783 hanc
2842 1732 3168 1783 creaturam
3193 1726 3341 1782 cerei
3358 1727 3587 1800 suppli-

1940 1816 2268 1872 cationibus
2292 1816 2593 1881 nostris,et
2620 1815 2861 1871 infunde
2879 1816 2928 1871 ei
2946 1833 3048 1887 per
3068 1816 3349 1871 virtutum
3372 1820 3586 1872 sanctis

254 1920 851 1992 0ratio.0mnipotens
876 1937 999 1976 sem
1013 1921 1232 1993 piterne
1248 1922 1423 1987 Deus,
1450 1920 1551 1993 qui
1576 1922 1828 1993 pruden-

1943 1906 2131 1961 crucis
2196 1905 2701 1972 benefdictionem
2748 1904 3065 1985 caelestem,
3126 1908 3189 1959 ut
3218 1904 3320 1976 qui
3350 1919 3480 1961 eam
3514 1906 3585 1960 ad

180 2009 333 2065 tium
365 2008 741 2081 lampadidus
770 2009 895 2065 oleo
925 2011 1087 2065 bonae
1116 2010 1481 2065 conscientia:
1506 2011 1727 2065 ornatis
1751 2009 1835 2065 lu-

180 2115 317 2154 men
364 2101 477 2153 tuaa
517 2097 801 2153 claritatis
828 2098 1109 2164 infundis,
1146 2100 1393 2154 concede
1426 2099 1736 2171 propitius,
1770 2104 1836 2154 ut

185 2187 399 2243 beatcai
422 2186 668 2259 Brigidze
688 2186 867 2259 virgis
887 2191 1021 2255 tuas,
1056 2188 1225 2257 cujus
1269 2187 1533 2242 natalitia
1562 2188 1832 2255 colimus,

184 2274 543 2328 afatuarum
575 2272 866 2329 consortio
897 2276 1025 2346 ejus
1067 2274 1585 2331 intercessionibus
1627 2276 1835 2333 libere-

186 2379 339 2417 mur.
375 2361 500 2417 Per.

254 2451 489 2507 Secreta.
523 2450 774 2515 Hostias,
836 2467 1195 2523 quaesumus,
1236 2453 1496 2519 Domine,
1539 2454 1832 2525 paciﬁcas,

183 2556 333 2613 quas
363 2543 475 2595 tua:
508 2540 801 2611 majestati
860 2541 1200 2597 solemniter
1254 2542 1577 2604 offerimus,
1623 2549 1835 2599 sanctae

184 2629 435 2701 Brigidaa
480 2628 724 2703 virginis
768 2634 881 2684 tua:
913 2630 1138 2685 meritis
1169 2632 1487 2699 sanctifica,
1522 2636 1586 2687 ut
1616 2636 1674 2688 et
1704 2634 1835 2689 vin-

183 2717 316 2774 cula
372 2722 745 2791 peccatorum
828 2723 1165 2774 nostrorum
1223 2719 1549 2787 absolvant,
1607 2726 1665 2777 et
1721 2727 1836 2778 tuae

184 2805 358 2864 nobis
385 2805 625 2863 famulis
652 2807 771 2863 tuis
806 2807 1218 2863 misericordiae
1251 2808 1405 2864 dona
1427 2809 1833 2883 multiplicent.

185 2896 313 2952 Per.

260 2985 602 3043 Cmnmunio.
626 2984 869 3049 Divinis,
891 3002 1250 3057 quaesumus,
1272 2986 1537 3055 Domine,
1554 2989 1837 3061 redempti

188 3074 508 3147 mysteriis,
533 3078 601 3129 ut
626 3074 811 3130 beatas
834 3075 1079 3147 Brigidae
1104 3075 1349 3147 virginis
1400 3079 1512 3129 tuae
1543 3093 1609 3131 su
1622 3078 1838 3150 lfragiis

185 3163 583 3229 sublevemur,
615 3167 673 3218 et
692 3180 725 3218 a
748 3163 1049 3236 praesentis
1074 3163 1201 3219 vita:
1224 3164 1675 3219 adversitatibus
1697 3165 1836 3221 libe-

186 3267 408 3320 remur,
440 3254 497 3307 et
516 3256 740 3307 aeternae
761 3251 1094 3307 beatudinis
1116 3252 1356 3324 praemia
1386 3269 1834 3326 consequamur.

189 3340 313 3396 Per.

578 3446 713 3485 PUR]
724 3445 938 3486 FICATIO
969 3446 1198 3486 ΞΑΝΟΓᾸΞ
1228 3446 1443 3486 MARL‘E.

190 3516 425 3574 Colleeta
470 3517 541 3574 ad
587 3527 837 3575 sanctum
891 3519 1214 3574 Adrianum.
1250 3506 1309 3575 In
1356 3522 1553 3591 primis
1591 3526 1839 3578 cantetur

258 3590 477 3662 tertia;
526 3598 714 3662 postea
764 3591 1158 3648 benedicuntur
1184 3591 1448 3657 candelae,
1481 3592 1677 3648 deinde
1705 3594 1839 3651 dicit

256 3661 517 3717 sacerdos.

259 3768 499 3824 Oremus.
561 3767 802 3835 Exaudi,
863 3785 1204 3840 quaesumus
1262 3768 1524 3837 Domine,
1606 3769 1833 3841 plebem

182 3858 366 3925 tuam,
427 3874 557 3930 quas
614 3856 982 3914 extrinsecus
1039 3875 1237 3914 annua
1268 3857 1477 3914 tribuis
1533 3859 1834 3915 devotione

180 3946 466 4013 venerari,
527 3945 779 4003 interius
835 3946 1071 4019 assequi
1128 3946 1328 4021 gratia:
1376 3952 1492 4003 tuae
1519 3946 1647 4003 luce
1695 3965 1831 4004 con-

180 4033 341 4091 cede.

253 4122 358 4181 Per
387 4123 585 4180 omnia
615 4124 828 4180 saecula
875 4124 1239 4181 saeculorum.
1300 4128 1503 4182 Amen.
1548 4127 1830 4184 Dominus

178 4212 505 4268 vobiscum.
538 4213 610 4267 Et
657 4230 792 4267 cum
830 4213 1039 4284 spiritu
1066 4219 1182 4269 tuo.
1218 4216 1464 4271 Sursum
1490 4218 1683 4273 corda.
1716 4219 1827 4274 Ha-

175 4301 388 4356 bemus
418 4301 491 4355 ad
515 4299 853 4366 Dominum,
905 4301 1135 4357 Gratias
1161 4318 1405 4374 agamus
1434 4304 1679 4362 Domino
1712 4308 1828 4364 Deo

175 4393 400 4447 nostro.
433 4387 689 4460 Dignum
720 4392 778 4444 et
799 4389 1031 4459 justum
1062 4395 1169 4446 est.

248 4478 536 4550 Praefatio.
581 4476 729 4533 Vere
776 4477 1023 4550 dignum
1067 4482 1124 4533 et
1146 4479 1376 4549 justum
1402 4482 1749 4551 est,a:quum
1773 4488 1829 4537 et

176 4566 434 4623 salutare
465 4584 571 4623 nos
618 4566 725 4622 tibi
758 4582 990 4638 semper
1045 4570 1101 4622 et
1133 4566 1350 4637 ubique
1380 4565 1599 4638 gratias
1633 4584 1822 4640 agere,

1943 1994 2275 2067 repellenda
2299 1995 2571 2051 tenebras
2593 1994 2851 2049 humano
2882 1993 3077 2068 generi
3099 1992 3376 2061 tribuisti,
3409 1993 3584 2051 talem

1942 2083 2243 2156 signaculo
2275 2084 2463 2139 crucis
2494 2086 2607 2138 tuas
2637 2082 3038 2140 fortitudinem
3096 2088 3153 2139 et
3195 2083 3589 2150 benetdictio-

1944 2188 2076 2228 nem
2099 2171 2364 2244 accipiat,
2398 2176 2463 2227 ut
2480 2170 2539 2226 in
2563 2171 3012 2243 quibuscunque
3031 2170 3172 2228 locis
3202 2188 3449 2229 accensa
3471 2171 3589 2229 sive

1945 2261 2132 2332 posita
2154 2261 2347 2326 fuerit,
2381 2259 2644 2316 discedat
2686 2258 2955 2315 diabolus
2986 2263 3045 2315 et
3071 2261 3504 2328 contremiscat,
3535 2266 3593 2318 et

1946 2349 2128 2421 fugiat
2150 2348 2401 2421 pallidus
2424 2366 2557 2404 cum
2580 2348 2856 2405 omnibus
2878 2348 3162 2405 ministris
3183 2348 3306 2406 suis
3325 2349 3395 2405 de
3422 2349 3589 2423 habi-

1943 2438 2267 2494 tationibus
2297 2437 2433 2508 illis,
2468 2455 2571 2494 nec
2604 2442 2918 2511 praesumat
2966 2437 3220 2511 amplius
3266 2436 3592 2511 inquietare

1942 2527 2031 2583 vel
2066 2528 2308 2584 illudere
2364 2527 2752 2584 servientibus
2806 2532 2941 2583 Deo.
2978 2527 3223 2584 Proinde
3272 2527 3588 2601 supplices,

1945 2634 2285 2691 quaesumus
2314 2620 2390 2683 te,
2408 2615 2667 2683 Domine,
2692 2616 3002 2672 utemittas
3024 2620 3293 2691 sanctum
3317 2618 3589 2691 angelum

1944 2689 2113 2762 tuum
2171 2705 2545 2779 Raphaelem,
2602 2707 2700 2778 qui
2733 2705 2944 2761 evulsit
2974 2713 3029 2760 et
3059 2689 3271 2777 repulit
3302 2722 3335 2761 a
3363 2689 3507 2762 Sara
3537 2710 3594 2762 et

1944 2796 2125 2852 Tobia
2155 2796 2504 2851 daemonium
2540 2795 2907 2851 mortiferum
2965 2810 3064 2850 eos
3108 2793 3503 2864 infestantem,
3537 2800 3595 2851 et

1947 2883 2395 2940 conteratillum
2435 2888 2492 2940 et
2522 2884 2723 2956 perdat
2770 2884 2841 2939 de
2861 2881 3087 2938 cunctis
3131 2882 3593 2940 habitationibus

1947 2973 2261 3029 colentium
2284 2974 2566 3040 Deum,de
2587 2972 2866 3039 basilicis,
2883 2973 2953 3028 de
2975 2970 3268 3037 domibus,
3302 2972 3372 3027 de
3404 2989 3593 3046 angu-

1946 3062 2043 3127 lis,
2072 3063 2143 3118 de
2175 3062 2444 3128 lectibus,
2475 3063 2546 3117 de
2604 3061 2938 3127 refectoriis,
2999 3062 3071 3117 de
3100 3060 3388 3116 universis
3426 3059 3589 3128 locis,

1946 3152 2003 3205 in
2028 3150 2480 3223 quibuscunque
2501 3151 2615 3205 Deo
2636 3149 2989 3204 famulantes
3012 3148 3281 3203 habitant
3295 3152 3354 3202 et
3374 3149 3590 3221 requie-

1953 3237 2742 3311 scunt,dormiunt,vigilant,
2776 3236 3101 3303 ambulant,
3135 3240 3192 3291 et
3224 3235 3589 3305 consistunt;

1870 3306 1914 3372 δ
1952 3345 2056 3384 nec
2085 3328 2272 3384 valeat
2295 3327 2393 3382 ille
2414 3306 2709 3399 malignus
2732 3323 2985 3395 amplius
3016 3324 3341 3395 inquietare
3365 3325 3454 3380 vel
3487 3342 3589 3398 pa-

1945 3433 2112 3472 vores
2136 3416 2362 3471 mittere
2384 3431 2559 3487 super
2577 3413 2727 3480 illos,
2763 3428 2910 3485 quos
2931 3412 3116 3468 sancti
3139 3412 3473 3468 chrismatis
3507 3413 3591 3468 tui

1947 3505 2220 3561 unctione
2245 3504 2429 3561 fecisti
2452 3519 2580 3559 esse
2611 3501 2891 3557 munitos.
2926 3502 3078 3557 Bene
3114 3507 3140 3566 t
3178 3501 3306 3557 dico
3330 3505 3406 3569 te,
3440 3518 3588 3571 cera,

1946 3594 2004 3649 in
2028 3595 2265 3649 nomine
2286 3593 2385 3649 Dei
2410 3591 2596 3648 Patris
2618 3591 3119 3663 omnipotentis,et
3150 3590 3277 3647 Filii
3309 3592 3436 3662 ejus
3463 3590 3588 3646 uni-

1943 3683 2146 3755 geniti,
2177 3687 2235 3739 et
2265 3681 2709 3753 Spritus-eancti
2756 3679 3056 3752 paracleti,
3111 3684 3176 3735 ut
3232 3680 3313 3736 sis
3372 3679 3590 3752 ubique

1942 3770 2154 3827 diaboli
2172 3773 2621 3844 effugato,atque
2633 3771 2895 3826 omnium
2909 3775 3079 3824 contu
3090 3768 3445 3825 rbernalium
3459 3786 3592 3825 suo-

1944 3876 2072 3915 rum
2105 3860 2531 3926 exterminatio,
2557 3860 2868 3931 adjuvante
2890 3859 3093 3915 eadem
3118 3862 3320 3913 sancta
3349 3860 3406 3912 et
3436 3857 3588 3913 indi-

1939 3949 2116 4004 vidua
2146 3949 2449 4014 Trinitate,
2484 3965 2611 4020 quis
2658 3949 2717 4003 in
2748 3948 2997 4003 Unitatis
3049 3946 3304 4002 essentia
3356 3945 3499 4001 vivit
3534 3950 3591 4001 et

1941 4041 2253 4109 conregnat
2276 4037 2334 4091 in
2358 4036 2569 4092 saecula
2600 4035 2963 4091 saeculorum.
2991 4036 3195 4090 Amen.

2010 4128 2195 4182 Finita
2243 4125 2612 4181 benedictione
2655 4124 2902 4179 sacerdos
2922 4124 3160 4195 accipiat
3190 4138 3393 4195 aquam
3424 4123 3587 4178 bene-

1937 4215 2160 4281 diclam,
2192 4218 2241 4270 et
2272 4217 2527 4286 aspergat
2545 4229 2707 4285 super
2733 4212 3006 4277 candelas,
3038 4215 3089 4266 et
3118 4215 3299 4265 sumat
3326 4210 3391 4266 de
3418 4213 3589 4267 cereis

1937 4313 1989 4360 et
2014 4303 2288 4360 accendat.
2326 4304 2458 4360 Cum
2513 4303 2770 4373 coeperint
2827 4300 3067 4370 accendi,
3126 4304 3316 4356 cantor
3372 4299 3587 4357 inchoet

1938 4393 2077 4449 hanc
2106 4392 2716 4465 antiphonamLumen
2752 4390 2821 4445 ad
2856 4388 3265 4446 revelationem
3296 4388 3581 4462 gentium,

1934 4484 2221 4537 Psalmus:
2258 4482 2443 4537 Nunc.
2470 4483 2711 4553 Repetite
2744 4480 3047 4552 antiphona
3078 4495 3174 4550 per
3192 4495 3373 4536 omnes
3397 4495 3585 4536 versus

1936 4571 2174 4641 ejusdem
2198 4569 2623 4641 psalmi.Gloria
2652 4568 2826 4624 Patri.
2851 4569 3015 4625 Sicut
3043 4573 3165 4624 erat
3197 4585 3211 4635 ;
3256 4584 3424 4639 usque
3453 4568 3585 4623 dum

175 4655 420 4717 Domine
449 4660 668 4725 sancte,
712 4656 879 4711 Pater
933 4654 1325 4728 omnipotens,
1387 4659 1595 4711 aeterne
1657 4657 1827 4725 Deus,
1857 4673 1905 4736 Ι)
1935 4658 2304 4715 accendantur
2356 4674 2539 4713 mes
2594 4659 2856 4715 candelae.
2912 4658 3160 4713 Accensis
3212 4672 3336 4712 vero
3400 4656 3585 4713 dicant

174 4746 409 4801 Creator
457 4744 583 4800 οωΙί
631 4749 688 4801 et
714 4749 900 4813 terrae,
935 4745 1051 4800 Rex
1072 4761 1297 4817 regum,
1320 4748 1375 4800 et
1406 4743 1687 4800 Dominus
1721 4746 1822 4800 do-

174 4832 554 4904 minantium,
583 4851 691 4891 nos
724 4833 1020 4906 supplices
1052 4838 1202 4899 tuos,
1232 4834 1304 4889 ad
1330 4838 1388 4889 te
1417 4832 1740 4890 clamantes
1769 4839 1826 4891 et

173 4925 501 4991 exerentes,
532 4922 850 4980 clementer
881 4923 1156 4978 exaudire
1194 4921 1454 4995 dignare.
1487 4922 1593 4985 Qui
1627 4923 1827 4979 omnia

173 5026 244 5065 ex
261 5009 443 5068 nihilo
464 5011 698 5080 creasti,
729 5016 788 5067 et
807 5012 985 5082 jussu
1015 5015 1115 5066 tuo
1138 5028 1241 5083 per
1262 5027 1439 5084 cpera
1457 5027 1636 5083 apum
1665 5010 1825 5068 hunc

171 5098 465 5171 liquorem
517 5100 590 5155 ad
620 5101 1031 5172 perfectionem
1084 5099 1233 5155 cerei
1279 5100 1472 5155 venire
1504 5099 1711 5169 fecisti,
1768 5106 1827 5158 et

173 5188 277 5260 qui
296 5187 580 5247 hodierna
604 5188 698 5245 die
718 5190 1060 5261 petitionem
1069 5190 1091 5259 j
1104 5189 1217 5245 usti
1235 5188 1524 5244 Simeonis
1542 5189 1821 5260 implesti,

172 5281 231 5333 te
260 5275 563 5335 humiliter
591 5278 991 5349 deprecamur,
1027 5284 1091 5331 ut
1118 5278 1222 5333 has
1243 5275 1513 5333 candelas
1540 5279 1611 5331 ad
1646 5296 1821 5335 usum

173 5364 483 5425 hominum
504 5370 562 5423 et
590 5367 662 5423 ad
694 5368 1005 5423 sanitatem
1037 5382 1345 5437 corporum
1375 5370 1434 5421 et
1463 5366 1819 5438 animarum,

170 5452 293 5509 sive
314 5454 377 5509 in
420 5458 598 5523 terra,
628 5456 750 5512 sive
798 5455 858 5511 in
877 5456 1046 5527 aquis
1067 5470 1321 5510 accensa
1351 5454 1571 5510 fuerint
1600 5472 1702 5527 per
1729 5456 1820 5510 in-

167 5542 533 5598 vocationem
563 5543 648 5602 tui
707 5544 1060 5601 sanctissimi
1120 5542 1375 5600 nominis
1424 5547 1483 5597 et
1511 5560 1612 5615 per
1641 5545 1819 5601 inter-

168 5631 497 5689 cessionem
528 5638 742 5691 sanctaa
771 5634 962 5689 Mariae
1006 5632 1303 5705 genitricis
1347 5631 1475 5687 Filii
1509 5633 1613 5700 tui,
1648 5637 1819 5706 cujus

169 5719 348 5779 hodie
397 5720 544 5778 festa
608 5723 813 5779 devote
861 5721 1248 5790 celebrantur,
1310 5738 1373 5777 ac
1436 5737 1635 5791 preces
1692 5740 1819 5779 om-

1932 4747 2074 4801 hanc
2100 4748 2422 4801 orationem.

2007 4835 2207 4890 Oratio.
2233 4833 2614 4905 Omnipotens
2627 4850 2747 4889 sem
2756 4834 2977 4907 piterne
2991 4833 3166 4900 Deus,
3191 4833 3290 4904 qui
3303 4832 3584 4888 hodierna

1934 4924 2027 4980 die
2049 4922 2424 4995 Unigenitum
2454 4928 2623 4976 tuum
2649 4922 2804 4977 ulnis
2826 4923 3014 4978 sancti
3041 4921 3331 4977 Simeonis
3351 4919 3412 4974 in
3432 4924 3581 4975 tem-

1934 5012 2030 5084 plo
2043 5015 2243 5066 saneto
2254 5016 2356 5065 tuo
2369 5010 2807 5081 suscipiendum
2824 5008 3187 5082 prmsentasti
3198 5007 3580 5080 ,tesupplices

1934 5102 2407 5174 deprecamur,ut
2436 5099 2545 5153 hos
2567 5114 2764 5154 cereos
2786 5104 2938 5163 tuos,
2959 5114 3105 5171 quos
3126 5114 3233 5153 nos
3267 5095 3465 5153 fideles
3494 5096 3579 5152 tui

1934 5192 2090 5246 omni
2126 5188 2561 5261 magnificentia
2618 5188 3003 5259 suscipientes
3047 5191 3276 5260 gestare
3307 5184 3578 5257 cupimus

1932 5279 2060 5334 luce
2083 5294 2378 5344 accensos,
2414 5277 2793 5343 benefdicere
2848 5280 2906 5331 et
2943 5276 3365 5342 sanctitﬁcane,
3403 5279 3577 5347 atque

1932 5368 2154 5423 lumine
2184 5382 2449 5439 supernae
2481 5364 2906 5421 benedictionis
2938 5365 3251 5421 accendere
3295 5364 3573 5438 digneris,

1931 5461 2221 5528 quatenus
2251 5471 2351 5511 eos
2368 5454 2475 5510 tibi
2507 5455 2753 5510 Domino
2788 5456 2898 5511 Deo
2929 5458 3127 5509 nostro
3156 5454 3577 5522 ofi‘erentes,di-

1929 5545 2030 5617 gni
2059 5549 2116 5600 et
2145 5548 2344 5600 sancto
2388 5542 2523 5615 igne
2564 5548 2677 5598 tua:
2717 5542 3074 5599 dulcissima:
3104 5542 3403 5600 charitatis
3436 5559 3574 5599 suc-

1929 5634 2087 5690 censi
2120 5634 2178 5689 in
2208 5631 2426 5704 templo
2457 5637 2659 5687 sancto
2681 5632 2875 5705 gloria:
2898 5637 3011 5689 tuae
3035 5633 3433 5704 repraesentari
3455 5649 3574 5690 me-

1931 5739 2185 5780 reamur.
2219 5722 2325 5778 Per
2354 5721 2648 5779 eumdem.
