3982 6172
336 340 445 405 89!

1522 335 1712 398 SEC.
1757 333 1839 398 XI
1883 332 2196 400 MONUM.
2245 339 2555 406 LITUBG.
2636 373 2640 376 -

3621 339 3763 404 892

407 477 591 536 Finita
645 473 890 533 aratione
939 481 1171 547 pergant
1222 469 1293 530 ad
1345 481 1590 530 sanctam
1631 473 1863 530 Mariam
1888 490 1979 530 ca-
2009 471 2066 538 A
2098 481 2528 547 sanctorum,ut
2548 479 2696 536 festa
2711 481 3034 553 martyrum
3052 479 3287 535 tuorum
3316 475 3653 534 Laurentini
3688 481 3764 533 et

333 568 510 626 nenda
569 565 966 638 antiphonam:
1025 566 1161 629 Ave,
1194 565 1394 630 Maria,
1427 564 1614 637 gratia
1657 564 1850 638 plena,
1884 565 1983 621 Dei

333 658 584 734 genitrix
613 657 792 729 virgo.
853 655 1087 711 Adorna
1117 654 1443 710 thalamum
1503 657 1695 722 tuum,
1739 655 1895 725 Sion,
1929 659 1986 710 et

336 749 588 821 suscipe.

409 839 614 895 Oratio.
668 835 880 891 Perfice
938 835 993 888 in
1057 834 1245 900 nobis,
1309 833 1572 901 Domine,
1618 851 1979 904 quaasumus,

334 927 581 1000 gratiam
630 929 815 988 tuam,
867 923 965 994 qui
989 924 1136 994 justi
1167 923 1453 978 Simeonis
1491 925 1981 995 exspectationem

332 1014 612 1087 implesti,
637 1017 701 1068 ut
725 1013 878 1069 sicut
899 1011 996 1068 ille
1019 1016 1265 1067 mortem
1291 1029 1405 1066 non
1435 1012 1600 1078 vidit,
1635 1011 1978 1084 priusquam

333 1104 632 1160 Christum
666 1102 981 1158 Dominum
1012 1100 1204 1156 videre
1248 1104 1590 1166 mereretur,
1651 1101 1732 1155 ita
1789 1105 1844 1156 et
1875 1117 1980 1156 nos

330 1194 511 1250 vitam
543 1192 912 1249 obtineamus
943 1193 1238 1245 aeternam.
1275 1190 1692 1246 Pereumdem.

782 1297 838 1335 IN
872 1297 1042 1334 FESTO
1091 1297 1282 1335 SANCTI
1322 1295 1524 1334 BLASH.

403 1373 613 1428 Oratio.
659 1370 813 1426 Deus
872 1370 969 1440 qui
1003 1372 1345 1440 praesentem
1391 1369 1542 1424 diem
1577 1369 1978 1425 honorabilem

329 1461 498 1518 nobis
513 1460 570 1516 in
585 1459 739 1516 beati
759 1458 932 1514 Blasii
960 1457 1231 1529 martyris
1269 1458 1352 1512 tui
1375 1458 1744 1513 solemnitate
1769 1459 1976 1525 fecisti,

329 1551 403 1607 da
438 1550 671 1623 populis
703 1550 818 1604 tuis
849 1547 1247 1619 spiritualium
1279 1564 1495 1602 munus
1526 1548 1900 1619 gaudiorum,
1923 1553 1979 1603 et

329 1638 596 1696 omnium
652 1637 914 1694 fidelium
975 1640 1199 1692 mentes
1256 1636 1441 1709 dirige
1491 1637 1549 1690 in
1581 1637 1733 1692 viam
1769 1637 1976 1692 salutis

328 1733 576 1784 aeterna.
609 1727 732 1782 Per.

2097 569 2422 642 Pergentini
2445 569 2571 626 sine
2598 570 2921 626 cessatione
2950 572 3308 633 venerantes,
3345 572 3402 624 et
3440 567 3576 623 ﬁdei
3610 584 3760 622 mu—

2095 661 2330 715 niamur
2358 659 2572 715 auxilio
2605 665 2661 716 et
2700 659 3011 732 magnifico
3043 657 3419 731 proficiamus
3448 656 3754 730 exemplo.

2096 749 2220 805 Per.

2165 839 2396 894 Secreta.
2433 839 2755 911 Martyrum
2787 843 3024 894 tuorum
3049 836 3386 892 Laurentini
3403 840 3460 892 et
3488 836 3750 908 Pergen-

2091 927 2221 994 tini,
2253 927 2517 994 Domine,
2548 928 2694 984 festa
2722 931 3064 984 venerantes
3091 942 3337 982 munera
3367 925 3592 980 nomini
3627 930 3743 980 tuo

2091 1017 2282 1073 dicata
2314 1017 2636 1085 offerimus,
2659 1013 3459 1089 praesta,quzesumus,utillis
3479 1029 3751 1070 reveren-

2091 1105 2234 1162 tiam
2293 1107 2618 1162 deferentes
2677 1105 2846 1162 nobis
2883 1104 3112 1160 veniam
3173 1103 3577 1175 impetremus.
3609 1103 3739 1158 Per.

2162 1196 2496 1251 Communia.
2532 1195 2792 1266 Protege,
2853 1195 3118 1259 Domine,
3179 1191 3410 1264 plebem
3458 1195 3644 1259 tuam,
3680 1195 3742 1247 et

2089 1285 2465 1341 festivitatem
2497 1288 2821 1357 martyrum
2852 1287 3090 1339 tuorum
3149 1280 3484 1337 Laurentini
3517 1283 3573 1336 et
3605 1281 3741 1336 Per-

2087 1374 2517 1447 gentini,quam
2549 1374 2718 1428 nobis
2747 1370 3304 1436 tradidisti,assidue
3334 1369 3595 1426 debitam
3625 1369 3735 1424 tibi

2088 1463 2230 1520 solvi
2267 1463 2537 1534 precibus
2566 1463 2816 1518 concede
2846 1465 3204 1517 sanctorum.
3239 1460 3364 1514 Per.

2231 1570 2287 1606 IN
2319 1569 2487 1606 FESTO
2518 1569 2711 1607 SANCTI
2757 1568 3038 1606 BONIFACII
3069 1566 3190 1604 CUM
3223 1564 3403 1604 SOCIIS
3443 1565 3590 1603 SUIS.

2157 1641 2439 1712 Deus,qui
2471 1642 2707 1696 beatum
2731 1639 3092 1696 Bonifacium
3116 1638 3450 1711 pontiﬁcem
3463 1641 3736 1693 constan-

2087 1731 2177 1785 tiae
2213 1730 2268 1785 in
2294 1731 2561 1802 passione
2581 1729 2888 1794 roborasti,
2921 1727 3136 1800 quippe
3187 1725 3272 1780 illi
3311 1727 3383 1781 ad
3414 1724 3736 1797 pradican-

397 1817 631 1910 Secreta.
672 1816 926 1910 Hostias,
957 1816 1405 1910 Domine-etquae
1454 1815 1672 1870 nomini
1707 1821 1805 1910 tuo
1837 1833 1975 1870 con-
2009 1847 2054 1910 Β
2086 1820 2225 1874 dum
2253 1819 2525 1890 gentibus
2556 1818 2802 1892 gloriam
2831 1821 2993 1873 tuam
3025 1815 3354 1872 Heobancm
3385 1819 3442 1870 et
3469 1812 3731 1869 Adhela-

329 1906 642 1963 secrandas
672 1903 1196 1969 oil‘erimus,sancti
1220 1903 1396 1959 Blasii
1417 1905 1691 1976 martyris
1725 1903 1808 1960 tui
1840 1921 1972 1976 pro-

327 1998 608 2068 sequatur
637 1994 841 2060 oratio,
866 2011 969 2065 per
993 2010 1168 2064 quam
1198 2009 1304 2048 nos
1322 1991 1538 2064 expiari
1561 1993 1784 2048 tribuas
1815 2010 1970 2064 qua:-

326 2101 539 2141 sumus
568 2088 625 2138 et
654 2082 906 2138 defendi.
935 2083 1060 2138 Per.

400 2174 736 2229 Communia.
762 2171 922 2227 Beati
957 2170 1132 2226 Blasii
1164 2171 1436 2244 martyris
1465 2169 1569 2236 tui,
1612 2188 1970 2243 quaesumus,

331 2262 587 2327 Domine,
611 2261 1028 2317 intercessione
1051 2277 1157 2315 nos
1180 2260 1272 2331 adj
1283 2277 1410 2326 uva,
1427 2277 1530 2332 pro
1553 2261 1722 2331 cujus
1755 2261 1974 2316 solem-

326 2352 506 2408 nitate
538 2351 902 2424 percepimus
933 2354 1035 2405 tua
1078 2353 1276 2405 sancta
1305 2348 1565 2405 laetantes
1605 2349 1971 2406 commercia.

326 2441 450 2498 Per.

734 2547 790 2583 ΙΝ
825 2545 995 2583 FESTO
1026 2543 1217 2583 SANCTI
1251 2543 1564 2582 BENEDICTI.

397 2620 603 2675 Oratio.
637 2618 816 2683 Deus,
850 2617 951 2688 qui
983 2617 1218 2672 beatum
1251 2617 1630 2672 Benedictum
1681 2634 1973 2674 comesse-

324 2724 447 2763 rem
481 2710 650 2762 tuum
685 2706 743 2760 in
777 2705 951 2760 terris
981 2705 1097 2760 vita
1144 2705 1425 2760 laudabili
1477 2706 1783 2775 decorasti,
1827 2710 1884 2762 et
1913 2707 1972 2762 in

325 2794 488 2851 caelis
519 2798 732 2850 aeterna
753 2793 939 2866 gloria
959 2793 1448 2865 sublimasti,ejus
1481 2811 1820 2866 quazsumus
1851 2797 1973 2851 suf-

326 2882 695 2956 fragantibus
729 2882 955 2937 meritis
994 2881 1111 2937 vita
1131 2885 1331 2938 nostra
1351 2884 1502 2955 apud
1525 2887 1578 2938 te
1605 2885 1972 2940 commende-

323 2977 439 3029 tur.
474 2973 598 3028 Per.

395 3061 628 3117 Secreta.
679 3059 1012 3116 Benedictio
1044 3063 1165 3127 tua,
1198 3060 1466 3128 Domine,
1496 3061 1648 3116 beati
1681 3061 1971 3118 Benedicti

324 3149 675 3207 confessoris
707 3149 1124 3204 intercessione
1156 3166 1332 3221 super
1361 3149 1468 3205 has
1492 3149 1714 3207 hostias
1740 3152 1972 3213 descen-

323 3239 576 3311 dat,qua3
598 3242 655 3294 et
671 3237 1140 3294 benedictionem
1158 3213 1326 3294 nobis
1348 3238 1666 3295 clementer
1677 3244 1968 3312 operetur,
1999 3213 2041 3279 Ο

324 3332 382 3384 et
402 3329 582 3384 beatae
605 3327 1068 3382 immortalitatis
1091 3327 1245 3383 dona
1273 3326 1560 3384 conciliet.
1595 3328 1719 3384 Per.

397 3417 736 3472 Communia.
791 3415 948 3470 Beati
996 3416 1288 3471 Benedicti
1334 3417 1687 3473 confessoris
1717 3418 1826 3486 tui,
1859 3417 1968 3473 Do-

324 3504 778 3576 mine,precibus
811 3505 1191 3573 confidentes,
1216 3522 1578 3576 quazsumus,
1594 3506 1968 3562 clementiam

323 3600 508 3661 tuam,
542 3597 606 3648 ut
636 3608 737 3664 per
767 3609 853 3659 ea,
879 3610 1006 3663 qua:
1049 3593 1436 3665 sumpsimus,
1469 3599 1686 3651 aeterna
1712 3596 1970 3652 remedia
2018 3629 2020 3636 ν

325 3682 647 3755 capiamus.
684 3681 806 3736 Per.

624 3788 680 3826 ΙΝ
710 3787 1169 3826 ANNUNTIATIONE
1200 3787 1422 3826 SANCTAi
1452 3789 1668 3828 ΜΑΒΙΑΞ.

395 3861 570 3928 Deus,
603 3860 704 3931 qui
735 3859 1018 3915 hodierna
1047 3859 1138 3914 die
1164 3859 1419 3915 Verbum
1452 3865 1618 3916 tuum
1637 3863 1817 3918 beaten
1849 3863 1972 3918 Vir-

324 3949 476 4023 ginis
504 3949 630 4005 alvo
651 3947 968 4005 coadunari
998 3947 1253 4017 voluisti,
1288 3949 1376 4005 fac
1408 3967 1514 4006 nos
1561 3951 1641 4008 ita
1673 3969 1969 4025 peragere,

323 4044 389 4095 ut
419 4038 521 4094 tibi
553 4037 780 4111 placere
808 4037 1122 4093 valeamus.
1159 4039 1265 4095 Per
1283 4041 1576 4096 eumdem.

396 4129 612 4184 Secreta
633 4135 693 4184 ut
721 4129 783 4184 in
803 4127 983 4184 editis.

396 4218 734 4272 Communia.
763 4217 997 4278 Adesto,
1047 4216 1310 4284 Domine,
1345 4217 1561 4290 populo
1597 4222 1716 4286 tuo,
1751 4226 1816 4275 ut
1845 4237 1973 4292 qua:

326 4305 580 4376 sumpsit
609 4304 877 4372 ﬁdeliter,
939 4310 996 4359 et
1055 4311 1248 4361 mente
1279 4305 1390 4361 sibi
1439 4311 1496 4361 et
1526 4323 1764 4378 corpore
1794 4308 1973 4363 beatzn

325 4393 516 4450 Mariae
576 4408 806 4464 semper
862 4392 1104 4464 virginis
1175 4394 1588 4450 intercessione
1658 4397 1973 4454 custodiat.

325 4487 453 4538 Per.

719 4587 775 4624 IN
808 4587 976 4625 FESTO
1015 4587 1244 4626 SANCTIE
1282 4588 1610 4629 EUPHEMIIE.

399 4659 602 4716 Oratio.
637 4657 895 4715 Concede
916 4660 1105 4728 nobis,
1139 4661 1508 4734 omnipotens
1558 4663 1726 4732 Deus,
1760 4670 1972 4722 sanctae

328 4748 602 4822 martyris
645 4751 756 4804 tuae
812 4749 1142 4821 Euphemiee
1201 4756 1258 4805 et
1318 4752 1608 4809 exsultare
1637 4755 1881 4822 meritis,
1915 4759 1972 4811 et

325 4838 608 4896 beneﬁcia
626 4838 837 4895 referre
868 4840 1184 4912 suffragiis.
1220 4841 1344 4895 Per.

394 4932 631 4985 Secreta.
668 4928 1007 4985 Muneribus
1038 4930 1274 4996 nostris,
1307 4929 1571 4998 Domine,
1613 4937 1669 4987 te
1703 4933 1970 5006 magniﬁ-

327 5021 989 5089 cantes,quaasumus,ut
1011 5018 1068 5072 in
1091 5023 1302 5074 sancta:
1319 5019 1487 5075 nobis
1502 5020 1974 5078 solemnitatibus

326 5105 660 5176 Euphemus
719 5106 933 5177 gaudia
963 5122 1221 5178 superna
1254 5107 1526 5164 concilies
1565 5113 1622 5163 et
1653 5110 1974 5180 patrocinia

329 5193 689 5266 sempiterna
714 5193 1000 5266 largiaris.
1033 5195 1152 5251 Per.

402 5283 737 5338 Communia.
772 5284 995 5340 Sanctae
1026 5285 1297 5358 martyris
1331 5291 1438 5340 tua:
1479 5286 1810 5358 Euphemiac
1845 5305 1970 5356 nos,

331 5368 597 5436 Domine,
629 5376 797 5441 grata
842 5373 1152 5431 comitetur
1173 5375 1378 5442 oratio,
1411 5379 1468 5429 et
1497 5378 1658 5430 tuam
1689 5376 1857 5432 nobis
1884 5378 1974 5432 in-

331 5456 691 5529 dulgentiam
725 5476 960 5530 poscere
989 5481 1106 5519 non
1130 5463 1391 5520 desistat.
1422 5464 1547 5519 Per.

510 5562 568 5600 IN
603 5563 770 5603 FESTO
797 5564 878 5603 SS.
931 5568 1298 5609 LAURENTINI.
1341 5569 1407 5607 ET
1437 5569 1795 5609 PERGENTINI.

406 5635 611 5691 Oratio.
667 5637 926 5694 Tuorum
987 5657 1111 5708 nos,
1175 5643 1437 5710 Domine,
1497 5642 1769 5715 precibus
1812 5648 1975 5701 tuere

2086 1909 2240 1964 rium
2273 1909 2496 1965 sociare
2539 1907 2816 1980 dignatus
2847 1923 2928 1974 es,
2983 1910 3091 1961 etc.

2083 2016 2143 2053 IN
2176 2014 2344 2053 FESTO
2371 2013 2703 2054 SANCTORUM
2732 2013 2942 2062 ALBINI,
2977 2010 3204 2050 PAULINI
3236 2009 3302 2047 ετ
3343 2007 3576 2057 NICETE,
3607 2007 3734 2046 CUM

2440 2102 2756 2147 NONGENTIS
2805 2100 3114 2140 OCTOGINTA
3163 2099 3375 2138 NOVEM.

2156 2177 2361 2233 Oratio.
2392 2175 2730 2248 Propitiare,
2765 2172 3025 2240 Domine,
3059 2169 3586 2244 supplicationibus
3629 2187 3730 2225 no—

2082 2267 2241 2333 stris,
2293 2270 2350 2321 et
2405 2269 2741 2320 sanctorum
2797 2266 3122 2334 martyrum
3182 2265 3282 2315 tuo
3323 2258 3537 2326 Albini,
3583 2260 3732 2315 Pau-

2084 2355 2187 2410 lini
2218 2360 2274 2411 et
2303 2355 2512 2410 Nicetaz
2535 2352 2790 2426 episcopi
2821 2367 2955 2407 cum
2985 2350 3296 2423 nongentis
3319 2348 3614 2422 octoginta
3635 2365 3734 2404 no-

2081 2462 2231 2512 vem,
2264 2444 2363 2516 qui
2397 2443 2554 2516 passi
2585 2445 2725 2498 sunt
2753 2444 2989 2514 propter
3018 2455 3229 2496 nomen
3291 2443 3481 2504 tuum,
3527 2453 3734 2492 eorum

2083 2532 2543 2607 suffragantibus
2574 2530 2819 2600 meritis,
2880 2545 3080 2602 preces
3137 2531 3370 2584 nostras
3423 2526 3736 2598 dignanter

2083 2621 2310 2688 exaudi,
2345 2625 2410 2676 ut
2429 2621 2804 2676 dimittantur
2843 2617 3012 2674 nobis
3039 2621 3274 2690 peccata
3305 2619 3524 2685 nostra,
3560 2620 3616 2671 et
3646 2619 3730 2670 te-

2083 2729 2216 2768 cum
2248 2712 2437 2768 vivere
2468 2711 2527 2765 in
2552 2713 2834 2766 aeternum
2867 2724 3214 2764 mereamur.
3249 2706 3374 2762 Per.

2154 2803 2385 2858 Secreta.
2446 2797 2708 2871 Suscipe,
2764 2797 3030 2865 Domine,
3093 2794 3405 2868 propitius,
3435 2792 3733 2850 orationes

2084 2895 2316 2947 nostras
2355 2906 2488 2945 cum
2520 2886 2915 2945 oblationibus
2945 2885 3296 2952 hostiarum,
3319 2888 3377 2940 et
3404 2887 3733 2956 martyrum

2083 2987 2341 3046 tuorum,
2403 2994 2654 3049 quorum
2712 2975 2996 3032 notabilia
3037 2973 3293 3048 gloriosa
3344 2972 3732 3040 celebramus,

2084 3068 2552 3142 deprecationem
2582 3064 2817 3138 pietatis
2847 3069 2959 3120 tute
2981 3064 3193 3137 perfice
3212 3062 3463 3135 benigno
3482 3061 3728 3130 affectu;

2085 3163 2141 3214 et
2157 3156 2554 3234 illam,quzein
2579 3155 2662 3211 eis
2689 3155 2956 3227 flagravit
2986 3153 3152 3208 fortis
3182 3151 3434 3218 dilectio,
3466 3149 3527 3206 in
3559 3150 3730 3206 nobis

2080 3247 2364 3319 respirare
2397 3245 2685 3317 benignus
2715 3243 2985 3299 concede.
3017 3243 3142 3297 Per.

2153 3337 2489 3392 Communia.
2523 3335 2871 3390 Sanctorum
2901 3336 3160 3399 tuorum,
3191 3331 3446 3396 Domine,
3469 3344 3723 3401 quorum

2080 3427 2228 3482 festa
2258 3424 2640 3489 celebramus,
2680 3420 3095 3478 intercessione
3144 3435 3313 3492 opem
3346 3417 3724 3474 miseriordiaa

2079 3515 2250 3571 nobis
2268 3515 2480 3580 tribue,
2515 3517 2580 3567 ut
2610 3511 2710 3583 qui
2743 3526 3017 3566 coronam
3047 3509 3311 3580 martyrii
3341 3507 3425 3564 tui
3459 3525 3575 3564 non
3602 3523 3726 3562 me-

2078 3601 2506 3670 remur,sa1tem
2531 3619 2566 3656 a
2592 3599 2762 3656 venia
2791 3616 2907 3655 non
2939 3598 3314 3671 repellamur.
3347 3598 3472 3652 Per.

2327 3706 2385 3743 IN
2415 3703 2628 3744 VIGILIA
2667 3704 2861 3742 SANCTI
2891 3703 3129 3742 JOANNIS
3175 3701 3478 3741 BAPTIST/E.

2152 3777 2335 3834 Oratio
2366 3782 2429 3833 ut
2455 3779 2515 3832 in
2553 3777 2732 3833 editis.

2152 3868 2387 3922 Secreta.
2419 3867 2664 3922 Munera
2692 3863 2892 3938 populi
2925 3865 3032 3932 tui,
3066 3864 3431 3935 quaesumus,
3465 3861 3735 3929 Domine,

2081 3955 2430 4030 propitiatus
2459 3953 2781 4019 intende,et
2810 3951 3221 4009 beatiJoannis
3245 3950 3541 4024 Baptista,
3565 3952 3739 4023 cujus

2081 4063 2189 4103 nos
2210 4044 2422 4100 tribuis
2443 4042 2645 4115 praaire
2675 4041 2980 4108 solemnia,
3015 4042 3104 4097 fac
3131 4041 3384 4113 gaudere
3416 4039 3736 4112 suffragiis.

2083 4136 2207 4191 Per.

2617 4222 2777 4276 Missa
2804 4237 2968 4276 mane
2994 4221 3196 4292 prima.

2157 4311 2659 4378 Oratia.Concede,
2685 4307 3429 4382 quaesumus,omnipotens
3460 4307 3636 4373 Deus,
3673 4311 3742 4362 ut

2087 4400 2187 4474 qui
2219 4399 2373 4456 beati
2401 4399 2644 4456 Joannis
2675 4399 2950 4471 Baptistae
2983 4396 3271 4454 solemnia
3298 4397 3566 4463 colimus,
3603 4397 3740 4468 ejus

2086 4490 2240 4563 apud
2269 4494 2323 4545 te
2354 4487 2872 4545 intercessionibus
2895 4486 3253 4542 muniamur.
3287 4486 3410 4541 Per.

2000 4584 2048 4649 Ι)
2151 4579 2385 4642 Secreta.
2417 4579 2678 4644 Munera,
2713 4591 3075 4649 quaesumus,
3111 4573 3370 4643 Domine,
3391 4579 3526 4642 etc.,
3567 4583 3628 4630 ut
3675 4577 3738 4630 in

2082 4669 2263 4726 editis.

2155 4757 2493 4812 Communia.
2520 4756 2754 4823 Praesta,
2778 4771 3139 4826 quaesumus,
3167 4753 3536 4826 omnipotens
3555 4751 3741 4821 Deus,

2082 4851 2148 4902 ut
2177 4845 2278 4917 qui
2310 4843 2566 4900 caelestia
2595 4843 2874 4900 alimenta
2919 4844 3310 4916 percepimus,
3339 4842 3738 4898 intercedente

2081 4936 2251 4991 beato
2277 4934 2500 4989 Joanne
2521 4932 2802 5004 Baptista,
2831 4949 2934 5005 per
2954 4931 3076 4988 haec
3103 4936 3308 4988 contra
3337 4932 3580 4988 adversa
3610 4947 3739 4986 om-

2083 5024 2181 5080 nia
2211 5021 2570 5078 muniamur.
2606 5022 2728 5077 Per.

2155 5114 2275 5168 Alia
2335 5112 2404 5167 ad
2465 5113 2734 5184 Vesperas.
2773 5115 2942 5180 Deus,
3005 5110 3107 5182 qui
3169 5127 3276 5167 nos
3333 5125 3531 5165 annua
3580 5108 3737 5164 beati

2081 5201 2328 5258 Joannis
2359 5201 2633 5272 Baptistae
2688 5200 2975 5256 solemnia
3034 5199 3402 5270 frequentare
3442 5197 3738 5267 concedis,

2083 5296 2311 5363 praesta,
2347 5307 2706 5362 quaesumus,
2742 5294 2806 5344 ut
2864 5293 2922 5344 et
2953 5288 3173 5344 devotis
3203 5288 3406 5344 eadem
3440 5286 3739 5343 mentibus

2084 5379 2467 5445 celebremus,
2500 5385 2556 5434 et
2585 5380 2714 5451 ejus
2771 5377 3092 5451 patrocinio
3150 5379 3519 5450 promerente
3569 5375 3738 5448 plene

2085 5465 2387 5538 capiamus
2436 5465 2765 5522 securitatis
2817 5468 3220 5538 augmentum.
3253 5465 3377 5521 Per.

2264 5573 2319 5610 IN
2350 5571 2561 5612 VlGlLlA
2588 5571 3004 5612 APOSTOLORUM
3058 5571 3225 5611 PETRI
3255 5571 3322 5610 ET
3364 5568 3556 5610 PAULI.

2159 5645 2357 5702 Oratio.
2393 5645 2567 5714 Deus,
2629 5645 2731 5717 qui
2790 5643 2958 5700 nobis
3000 5644 3304 5701 beatorum
3335 5641 3739 5717 apostolorum
