3982 6172
242 366 375 433 ’893

1058 368 1444 433 EXCERPT.
1489 365 1594 431 EX
1638 365 1861 430 CODD.
1907 364 2224 431 LITURG.
2265 366 2855 434 FONTAVELLAN.

3539 382 3659 443 891

262 504 500 560 tuarum
529 501 683 561 Petri
714 506 774 561 et
800 502 965 562 Pauli
998 503 1264 562 natalitia
1275 502 1532 578 gloriosa
1542 502 1749 577 praeire
1766 519 1901 559 con-
1932 503 1988 570 Α
2018 506 2185 560 ceant
2213 502 2427 561 habere
2441 508 2860 579 contemptum,
2880 512 3144 568 etamare
3159 510 3312 571 dona
3333 512 3657 575 caelestium

258 592 438 662 cedis,
455 593 668 662 tribue,
684 612 1046 666 quaesumus,
1063 612 1265 651 eorum
1280 612 1386 650 nos
1416 610 1649 665 semper
1666 596 1723 649 et
1738 593 1907 649 bene-

256 681 407 738 ficiis
437 683 743 755 preveniri
772 689 830 739 et
857 684 1223 741 orationibus
1254 683 1537 755 adjuvari.
1570 683 1694 737 Per.

329 769 564 840 Secreta,
593 775 654 827 ut
682 774 740 828 in
766 773 946 829 editis.

331 859 674 917 Communia.
706 861 882 928 Deus,
917 860 1332 934 quiecclesiam
1362 864 1525 916 tuam
1559 859 1804 930 apostoli
1819 859 1905 915 tui

255 949 426 1005 Petri
446 949 649 1006 fide’et
679 951 915 1007 nomine
932 949 1540 1021 consecrasti,quique
1570 949 1805 1004 beatum
1821 948 1905 1004 illi

257 1037 504 1095 Paulum
536 1039 609 1094 ad
659 1040 1094 1111 praedicandum
1141 1040 1414 1113 gentibus
1463 1037 1710 1110 gloriam
1742 1043 1903 1094 tuam

257 1126 477 1183 sociare
505 1127 782 1201 dignatus
808 1116 1174 1196 es,'concede
1200 1132 1264 1183 ut
1279 1144 1507 1194 omnes,
1540 1127 1639 1199 qui
1666 1129 1737 1183 ad
1766 1145 1904 1200 apo-

256 1215 541 1271 stolorum
574 1220 809 1271 tuorum
841 1216 1128 1273 solemnia
1166 1210 1579 1283 convenerunt,
1614 1216 1904 1289 spirituali

254 1304 725 1361 remuneratione
756 1305 1032 1361 ditentur.
1064 1306 1190 1363 Per.

448 1410 506 1449 IN
547 1410 716 1449 FESTO
754 1409 1169 1450 APOSTOLORUM
1211 1411 1372 1449 PETRI
1414 1411 1476 1449 ET
1520 1411 1709 1449 PAULI.

327 1481 531 1537 Oratio.
566 1482 948 1555 Omnipotens
982 1482 1336 1554 sempiterno
1375 1482 1550 1547 Deus,
1586 1483 1683 1554 qui
1717 1482 1906 1538 Eccle-

254 1569 407 1625 siam
438 1573 603 1625 tuam
627 1570 684 1626 in
716 1570 1039 1644 apostolica
1067 1570 1360 1627 soliditate
1392 1572 1697 1628 fundatam
1721 1573 1792 1628 ab
1815 1573 1903 1627 in-

158 1682 161 1685 ι
252 1659 556 1716 fernarum
588 1661 977 1716 eruisterrore
990 1665 1540 1732 portarum,prmsta
1568 1660 1627 1716 in
1651 1662 1907 1717 tuaveri-

250 1752 375 1805 tate
404 1747 927 1820 persistens,nulla
945 1749 1493 1823 recipiatconsortia
1524 1751 1899 1823 perﬁdorum.

250 1837 384 1894 Per.

327 1926 563 1983 Secreta.
596 1926 903 1983 Familiam
938 1932 1122 1995 tuam,
1165 1927 1433 1997 Domine,
1485 1929 1772 2001 pr0pitius
1810 1929 1899 1984 in-

245 2018 434 2085 tuere,
467 2020 526 2072 et
552 2016 887 2089 apostolicis
946 2017 1189 2074 defende
1243 2016 1552 2088 prasidiis,
1587 2024 1651 2073 ut
1696 2035 1900 2074 eorum

246 2104 524 2178 precibus
554 2106 929 2179 gubernetur,
950 2106 1166 2178 quibus
1199 2105 1406 2161 nititur
1432 2111 1488 2161 te
1516 2105 1901 2162 constituente

242 2193 633 2266 principibus.
666 2195 790 2252 Per.

322 2284 659 2341 Communia.
694 2285 910 2341 Exaudi
943 2303 1069 2354 nos,
1105 2290 1254 2342 Deus
1284 2284 1560 2342 salutaris
1593 2288 1810 2353 noster,
1844 2288 1901 2341 et

243 2370 647 2445 apostolorum
680 2379 915 2431 tuorum
948 2392 1055 2431 nos
1085 2379 1247 2430 tuere
1286 2374 1595 2447 praesidiis,
1647 2391 1896 2446 quorum

243 2462 482 2518 donasti
512 2462 715 2519 ﬁdeles
746 2480 874 2521 esse
896 2465 1197 2521 doctrinis.
1233 2464 1361 2520 Per.

862 2554 939 2608 Ad
975 2556 1275 2624 Vesperum.

321 2640 528 2696 Oratio.
565 2640 800 2709 Praesta,
828 2659 1189 2714 quaesumus,
1223 2641 1593 2715 omnipotens
1624 2642 1799 2709 Deus,
1837 2647 1900 2699 ut

250 2728 352 2801 qui
376 2728 930 2803 jugiterapostolica
943 2732 1278 2788 defensione
1295 2732 1619 2798 munimur,
1648 2749 1752 2787 nec
1766 2749 1897 2788 suc-

252 2818 610 2874 cumbamus
639 2819 819 2888 vitiis,
852 2836 957 2876 nec
988 2820 1387 2893 opprimamur
1441 2820 1715 2878 adversis.
1770 2823 1894 2877 Per.

490 2924 549 2963 IN
589 2924 801 2964 OCTAVA
841 2925 1038 2964 SANCTI
1076 2927 1314 2965 JOANNIS
1356 2926 1657 2966 BAPTIST/E.

272 3020 279 3025 λ
324 2996 532 3052 Oratio.
568 2996 800 3063 Praesta,
834 3014 1197 3069 quaesumus,
1222 2999 1596 3071 omnipotens
1630 3005 1798 3069 Deus,
1834 3005 1899 3057 ut

249 3082 511 3141 Ecclesia
537 3088 659 3154 tua,
675 3102 805 3158 quae
821 3086 1027 3143 iterato
1051 3088 1409 3143 nativitatem
1423 3089 1799 3159 praecursoris
1814 3090 1899 3145 Fi-

246 3172 311 3228 lii
342 3172 427 3229 tui
458 3174 1523 3232 DomininostriJeanbristiJoannis
1554 3177 1895 3248 Baptisttein

247 3266 791 3330 octavoveneratur,
814 3280 879 3320 eo
894 3264 1019 3336 ipso
1033 3282 1134 3336 pro
1151 3281 1219 3320 ea
1244 3266 1399 3336 apud
1432 3265 1894 3322 misericordiam
1928 3237 1971 3305 θ

247 3355 414 3408 tuam
443 3353 847 3425 praeveniente,
870 3370 905 3409 a
931 3352 1186 3425 peccatis
1207 3354 1550 3410 omnibuste
1579 3354 1895 3412 miserante

246 3439 484 3497 liberari
514 3458 866 3498 mereamur.
903 3447 1032 3498 Per.

315 3529 548 3586 Secreta.
603 3531 801 3587 Sancti
858 3532 1102 3587 Joannis
1163 3530 1437 3603 Baptistae
1488 3532 1892 3589 honorabilem

247 3617 608 3676 nativitatem
626 3620 992 3687 muneribus,
1006 3637 1038 3676 o
1052 3620 1108 3692 pi
1120 3619 1348 3676 isssime
1359 3620 1622 3691 Domine,
1631 3621 1893 3693 gemina-

244 3707 324 3763 tis
354 3708 414 3764 in
444 3712 644 3766 octavo
675 3709 1049 3766 Ecclesiatua
1077 3709 1171 3765 dio
1189 3709 1563 3765 devotissime
1585 3711 1890 3783 consequi-

243 3799 361 3863 tur,
395 3802 606 3869 p'raasta
633 3797 803 3854 solita
833 3798 1141 3854 clementia
1157 3802 1252 3855 tua
1271 3799 1474 3870 utipso
1506 3815 1609 3871 pro
1631 3815 1697 3853 ea
1710 3799 1890 3855 inter-

242 3885 507 3942 veniente
532 3887 590 3941 id
623 3904 841 3945 munus
872 3888 1128 3945 salutare
1160 3888 1269 3944 sibi
1316 3904 1495 3960 penes
1536 3892 1593 3945 te
1624 3889 1750 3945 ﬁeri
1776 3907 1894 3945 me-

245 3978 406 4031 reatu
416 3993 462 4030 r.
498 3975 623 4031 Per.

316 4063 654 4121 Communia.
688 4066 929 4122 Munera
959 4070 1080 4129 tua,
1115 4067 1310 4137 quaein
1328 4066 1611 4123 honorem
1634 4067 1891 4123 nominis

242 4151 327 4207 tui
359 4151 420 4207 in
454 4152 822 4208 solemnitate
848 4154 1054 4209 iterata
1072 4154 1314 4210 Joannis
1340 4156 1612 4227 Baptistae
1639 4173 1889 4228 praecur-

241 4240 393 4297 soris
423 4239 552 4295 Filii
582 4241 668 4294 tui
703 4241 932 4295 Domini
990 4242 1171 4297 nostri
1203 4243 1342 4298 Jesu
1393 4242 1604 4299 Christi
1652 4249 1891 4316 sumpta

240 4332 406 4397 sunt,
439 4343 801 4398 quaesumus,
836 4328 1206 4400 omnipotens
1228 4329 1402 4394 Deus,
1437 4336 1714 4401 praestent
1731 4334 1892 4387 auxi-

238 4416 387 4473 lium
419 4414 686 4472 Ecclesia:
717 4420 923 4481 tum,ut
956 4416 1185 4488 expiata
1230 4417 1301 4471 ab
1334 4418 1493 4472 omni
1525 4418 1890 4476 immissione

244 4503 608 4561 insidiatoris
636 4508 692 4560 te
724 4504 1049 4569 benedicat,
1082 4503 1188 4560 tibi
1221 4504 1454 4569 serviat,
1487 4509 1563 4571 et,
1594 4509 1651 4560 te
1699 4512 1888 4577 prote-

241 4597 432 4666 gente,
465 4593 537 4648 ab
569 4593 845 4649 omnibus
868 4592 1041 4649 malis
1073 4610 1307 4665 semper
1336 4593 1636 4650 sitlibera.
1673 4594 1795 4650 Per.

611 4699 670 4737 1N
710 4698 879 4738 FESTO
919 4700 1148 4739 SANCTxE
1185 4699 1506 4738 MUSTIOLE.

312 4770 513 4826 Oratio.
546 4773 777 4827 Crescat
806 4771 864 4826 in
896 4772 1086 4838 nobis,
1118 4771 1382 4839 Domine,
1412 4788 1644 4844 semper
1673 4776 1887 4828 sanctae

229 4858 623 4929 jucunditatis
654 4860 914 4921 effectus.
946 4865 1012 4916 ut
1032 4863 1211 4917 beata:
1261 4860 1548 4917 Mustiolzn
1608 4862 1883 4934 martyris

238 4949 350 5001 tuas
380 4949 709 5004 veneranda
738 4948 1020 5005 festivitas
1052 4953 1353 5021 augeatur.
1390 4950 1512 5005 Per.

308 5035 542 5092 Secreta.
576 5036 799 5094 Sancta:
830 5037 1113 5094 Mustiolze
1145 5038 1416 5110 martyris
1447 5043 1580 5104 tuae,
1611 5038 1879 5107 Domine,

236 5124 387 5180 festa
414 5125 794 5193 celebrantes,
826 5143 1026 5198 preces
1056 5126 1378 5194 offerimus,
1402 5127 1655 5182 hostiam
1676 5127 1881 5183 immo-

232 5210 448 5280 lamus,
479 5219 692 5285 praete
719 5231 1081 5286 quasumus,
1109 5219 1173 5269 ut
1201 5231 1334 5269 cum
1360 5215 1628 5286 praesidio
1654 5220 1877 5288 tempo-

233 5299 340 5355 rali
370 5304 428 5356 et
454 5300 632 5358 vitam
664 5302 834 5359 nobis
864 5304 1179 5375 prmheant,
1205 5307 1262 5357 et
1292 5302 1651 5359 incrementa
1678 5320 1877 5375 perpe-

232 5392 356 5445 tua.
390 5390 515 5447 Per.

303 5477 641 5536 Communia.
667 5481 822 5538 Deus
853 5481 1135 5537 virtutum
1157 5479 1500 5547 calentium,
1535 5497 1875 5552 quaesumus

232 5569 296 5621 ut
328 5567 635 5635 sacrificia,
697 5588 801 5643 pro
852 5574 1065 5626 sancta:
1115 5567 1401 5624 Mustiolze
1454 5570 1729 5642 martyris
1760 5575 1875 5627 tum

231 5655 504 5726 passione
532 5657 742 5727 delata,
762 5659 1185 5715 desideriorum
1207 5674 1313 5714 nos
1344 5656 1753 5729 temporalium
1777 5660 1875 5716 do-

2014 593 2391 665 gaudiorum.
2428 595 2553 650 Per.

2180 698 2239 738 IN
2279 700 2490 739 OCTAVA
2529 701 2944 745 APOSTOLORUM
2982 707 3145 748 PETRI
3186 711 3253 749 ET
3293 712 3483 753 PAULI.

2087 771 2270 828 Oratio
2300 777 2350 828 et
2379 777 2582 831 secreta
2605 778 2664 830 in
2695 777 2873 832 editis.

2088 860 2425 918 Communia.
2462 864 2771 921 Beatorum
2793 868 3194 939 apostolorum
3231 878 3489 943 tuorum,
3538 877 3655 934 Do-

2014 948 2193 1017 mine,
2229 951 2379 1005 Petri
2413 955 2469 1006 et
2499 953 2659 1008 Pauli
2684 956 3013 1014 desiderata
3037 960 3324 1020 solemnia
3352 981 3657 1025 recensen-

2014 1041 2123 1105 tes,
2156 1045 2388 1111 praesta,
2423 1057 2784 1113 quaesumus,
2819 1051 2885 1102 ut
2908 1065 3109 1106 eorum
3134 1053 3658 1125 supplicationibus

2014 1129 2391 1194 mundemur,
2423 1146 2674 1201 quorum
2706 1133 2967 1205 regimur
2995 1138 3345 1212 principatu.
3380 1142 3504 1198 Per.

2222 1234 2279 1272 IN
2320 1235 2488 1274 ras'ro
2527 1236 2869 1279 SANCTORUM
2908 1241 3123 1283 SEPTEM
3162 1234 3485 1296 Faunum}!

2085 1308 2287 1363 Oratio.
2321 1309 2554 1377 Praesta,
2584 1328 2946 1383 quaesumus,
2978 1318 3347 1391 omnipotens
3387 1323 3560 1394 Deus,
3595 1331 3661 1383 ut

2014 1397 2114 1469 qui
2145 1397 2429 1470 gloriosos
2457 1404 2741 1473 martyres
2761 1403 3413 1481 Januarium,Felicem,
3444 1413 3656 1487 Philip-

2015 1503 2178 1556 pum,
2211 1487 2533 1554 Silvanum,
2548 1489 2937 1551 Alexandrum
2949 1540 2961 1564 ,
2977 1497 3220 1553 Vitalem
3235 1505 3410 1573 atque
3423 1504 3655 1561 Martia—

2014 1573 2151 1641 lem,
2185 1576 2364 1631 fortes
2395 1576 2453 1632 in
2488 1594 2596 1634 sua
2621 1581 2983 1638 confessione
3012 1589 3411 1659 cognovimus,
3441 1595 3575 1660 etc.,
3598 1599 3658 1649 ut

2014 1666 2071 1719 in
2103 1664 2279 1730 editis,
2311 1668 2480 1721 etiam
2510 1670 2685 1739 quoad
2703 1675 2969 1727 secretam
2997 1677 3045 1729 et
3079 1681 3655 1746 postcommunionem.

2386 1773 2444 1809 IN
2485 1774 2647 1812 FESTO
2686 1776 2878 1816 SANCTI
2920 1779 3281 1821 PATERNIANI.

1933 1874 1980 1940 Β
2010 1929 2043 1940 υ
2085 1843 2290 1940 Oratio.
2323 1844 2501 1940 Deus,
2534 1846 2632 1917 qui
2667 1864 2769 1940 per
2789 1851 3066 1923 angelum
3100 1858 3265 1911 tuum
3296 1856 3657 1931 Raphaelem

2007 1929 2118 1986 iter
2147 1933 2456 1988 ostendisti
2490 1935 2658 1993 beato
2689 1938 3055 2007 Paterniano,
3088 1947 3145 1999 et
3175 1929 3402 2003 obitum
3423 1950 3660 2007 demon-

2011 2020 2233 2087 strasti,
2261 2023 2466 2078 exaudi
2501 2041 2700 2096 preces
2730 2043 2879 2098 quas
2908 2030 2965 2085 in
3000 2032 3127 2101 ejus
3157 2033 3262 2090 tibi
3293 2036 3661 2097 solemnitate

2011 2107 2348 2177 deferimus,
2379 2115 2511 2178 etc.,
2546 2122 2606 2169 ut
2636 2116 2692 2169 in
2725 2115 2903 2185 editis,
2935 2121 2997 2174 in
3050 2124 3284 2180 secunda
3334 2129 3501 2183 missa
3530 2145 3656 2186 con-

2008 2199 2229 2267 fessoris
2245 2200 2541 2270 pontiﬁcis.

2367 2306 2426 2344 IN
2465 2307 2635 2347 FESTO
2679 2308 2907 2351 SANCTIE
2945 2315 3308 2359 MARGARITJ'I.

2081 2375 2285 2469 (ir-otio.
2320 2377 2495 2469 Deus,
2526 2380 2633 2469 qui
2671 2382 2898 2440 beatam
2950 2387 3323 2462 Margaritam
3372 2393 3657 2469 virginem

2009 2464 2293 2522 hodierna
2323 2467 2396 2522 ad
2436 2467 2612 2525 cmlos
2672 2488 2776 2543 per
2834 2477 3097 2549 martyrii
3144 2480 3403 2552 palmam
3458 2464 3655 2542 venire

2007 2553 2214 2646 fecisti,
2249 2556 2498 2613 concede
2529 2558 2816 2631 propitius
2838 2567 2923 2632 ut,
2956 2566 3085 2637 ejus
3115 2570 3380 2643 exempla
3412 2590 3657 2646 sequen-

2007 2647 2094 2698 tes
2127 2644 2197 2698 ad
2229 2651 2284 2700 te
2316 2646 2615 2717 pervenire
2649 2664 3001 2708 mereamur.
3035 2654 3162 2711 Per.

2078 2733 2310 2788 Secreta.
2346 2735 2473 2789 Hec
2519 2734 2777 2807 victima,
2831 2743 3090 2812 Domine,
3142 2762 3502 2818 quaesumus,
3550 2768 3655 2824 pro

2006 2820 2189 2875 beata)
2215 2821 2456 2891 virginis
2489 2824 2814 2897 Margaritan
2847 2833 3125 2905 martyrio
3157 2834 3373 2905 oblata,
3408 2843 3465 2895 et
3487 2820 3655 2897 men-

2005 2908 2152 2964 tium
2188 2910 2357 2966 nohis
2379 2912 2714 2983 puritatem,
2749 2922 2805 2972 et
2834 2935 3142 2992 corporum
3157 2924 3417 2983 obtineat
3438 2932 3652 2987 sancti-

2007 3000 2211 3053 tatem.
2246 3000 2371 3055 Per.
3460 3002 3461 3007 “

2079 3086 2416 3178 Communia.
2476 3090 2684 3162 Hujus,
2737 3094 2999 3165 Domine,
3061 3104 3408 3159 sacramenti
3458 3123 3654 3178 perce-

2009 3174 2206 3264 ptione
2236 3181 2294 3232 et
2323 3177 2501 3233 beata
2524 3180 2847 3254 Margaritae
2869 3186 3112 3259 virginis
3144 3174 3576 3264 intercessione,
3597 3202 3655 3253 et

2008 3268 2071 3317 tu
2102 3263 2161 3318 in
2193 3265 2364 3321 nobis
2396 3283 2631 3323 manere
2664 3270 2921 3343 dignare,
2954 3280 3011 3330 et
3059 3295 3165 3334 nos
3198 3279 3256 3335 in
3308 3286 3363 3337 te
3390 3263 3650 3345 vicisSim

2008 3369 2241 3408 manere
2271 3355 2540 3410 concede.
2566 3357 2690 3414 Per.

2163 3460 2223 3498 IN
2262 3460 2430 3500 FESTO
2470 3462 2812 3506 SANCTORUM
2852 3469 3068 3515 QUIRICI
3108 3474 3176 3513 ET
3210 3476 3477 3518 JULITT/E.

2076 3532 2281 3588 Oratio.
2314 3534 2489 3602 Deus,
2524 3536 2624 3609 qui
2674 3546 3007 3599 sanctorum
3059 3549 3296 3605 tuorum
3347 3551 3560 3615 Quirici
3597 3560 3654 3611 et

2001 3619 2226 3712 .lulittze
2244 3624 2522 3712 cordibus
2540 3625 2837 3686 flammam
2856 3634 2967 3688 tuae
2996 3633 3324 3696 dilectionis
3355 3643 3653 3712 accendis,

2003 3710 2077 3764 da
2099 3710 2373 3767 cordibus
2397 3714 2611 3770 nostris
2633 3719 2897 3775 eamdem
2928 3722 3059 3778 fidei
3092 3725 3514 3802 cbaritatisque
3544 3710 3653 3787 vir-

2002 3802 2210 3863 tutem,
2227 3802 2288 3854 ut
2310 3818 2559 3871 quorum
2576 3807 2905 3876 gaudemus
2920 3811 3256 3886 triumphis,
3269 3833 3651 3884 provocamur

2002 3887 2301 3959 exemplis.
2331 3890 2458 3943 Per.

2073 3975 2314 4031 Secreta.
2340 3977 2563 4036 Illanos
2591 3983 2823 4052 veritas,
2840 3987 3102 4057 Domine,
3120 3994 3647 4064 semperillumini-

2002 4067 2116 4131 net,
2150 4080 2277 4135 quae
2310 4072 2892 4129 sanctorumtuorum
2908 4078 3180 4136 cordibus
3211 4082 3510 4140 ﬂammam
3533 4089 3646 4142 tuae

1999 4152 2330 4211 dilectionis
2362 4158 2642 4214 accendit.
2681 4161 2806 4217 Per.

2072 4243 2410 4300 Communia.
2443 4244 2724 4322 Deus,qui
2749 4253 2966 4310 sanctis
2989 4255 3103 4313 tuis
3132 4261 3492 4333 martyribus
3514 4264 3647 4330 Qui-

2000 4332 2116 4388 rico
2173 4337 2230 4388 et
2258 4333 2477 4391 Julittaz
2526 4337 2793 4396 vincendi
2854 4342 3151 4415 solatium,
3203 4354 3261 4405 et
3290 4332 3641 4410 immensam

1998 4422 2369 4479 vincentibus
2398 4424 2645 4497 gloriam
2668 4435 2943 4489 aeternam
2977 4439 3341 4510 concedis,et
3361 4440 3644 4500 laceratas

1999 4526 2204 4565 carnes
2234 4528 2458 4581 eorum,
2492 4519 2773 4590 tanquam
2805 4523 3042 4580 odorem
3074 4526 3294 4584 bonum
3340 4532 3644 4589 suavitatis

1920 4597 1967 4661 D
1999 4599 2277 4666 assumis,
2312 4602 2523 4671 tribue,
2559 4623 2921 4678 quassamus,
2967 4617 3032 4668 ut
3078 4614 3231 4672 sicut
3257 4617 3340 4673 eis
3371 4637 3643 4677 coronam

1999 4687 2259 4758 martyrii
2277 4692 2621 4761 praestitisti,
2638 4696 2717 4753 ita
2728 4701 2895 4756 nobis
2910 4708 3276 4772 peccatorum
3310 4713 3641 4765 nostrorum

1994 4774 2224 4830 veniam
2257 4775 2544 4849 largiaris.
2579 4782 2700 4839 Per.

2049 4879 2105 4917 1N
2143 4880 2366 4920 ηδτ-ΟΜ
2406 4884 2748 4930 SANCTORUM
2786 4894 3109 4935 ERMAGORE
3147 4899 3215 4937 ET
3253 4900 3583 4941 FORTUNATI.

2064 4952 2269 5008 Omtio.
2304 4955 2853 5032 Intervenientibus,
2877 4967 3141 5036 Domine,
3176 4971 3395 5028 sanctis
3427 4979 3642 5047 marty-

1992 5039 2154 5096 ribus
2186 5042 2303 5097 tuis
2364 5046 2679 5121 Ermagora
2725 5058 2782 5108 et
2831 5055 3171 5125 Fortunato,
3230 5060 3494 5117 Ecclesia:
3526 5039 3639 5119 tuae

1988 5145 2156 5228 voces
2187 5131 2451 5228 placatus
2470 5138 2733 5209 admitte,
2772 5146 3159 5203 utdestructis
3190 5148 3639 5209 adversitatibus

1991 5221 2298 5289 universis,
2332 5240 2540 5282 secura
2569 5229 2673 5285 tibi
2708 5234 2919 5290 serviat
2948 5236 3233 5294 libertate.
3267 5238 3392 5296 Per.

2056 5309 2290 5404 Secreta.
2325 5313 2567 5372 Munera
2598 5318 2948 5379 humilitatis
2981 5330 3211 5398 nostra),
3246 5328 3506 5402 Domine,
3534 5348 3637 5404 pro

1986 5403 2323 5487 sanctorum
2341 5410 2666 5478 martyrum
2682 5413 2916 5468 tuorum
2935 5414 3257 5487 Ermagorae
3272 5403 3635 5475 etFortunati

1984 5483 2237 5565 gloriosa
2268 5493 2543 5561 passione
2571 5502 2628 5553 et
2650 5498 3021 5559 solemnitate
3049 5483 3376 5576 offerentes,
3411 5522 3636 5579 quiesc-

1985 5588 2137 5672 mus,
2149 5580 2438 5648 propitius
2452 5587 2740 5658 resPicere
2754 5589 3075 5662 dignare,et
3088 5594 3350 5666 ipsorum
3365 5595 3636 5653 interces-

1985 5669 2148 5720 sione
2189 5669 2308 5723 tam
2342 5670 2413 5727 ad
2433 5674 2756 5744 profectum
2772 5678 2900 5736 vitae
2914 5697 3092 5753 quam
3124 5683 3331 5740 animae
3354 5684 3636 5741 salutaria
