3982 6172
323 327 442 395 893

1493 321 1685 386 εΑῑο.
1732 321 1812 385 ΧΙ
1858 317 2183 384 ΜΟΜιῡΜ.
2226 320 2542 387 LITURG.

3600 317 3745 384 I96

323 461 495 522 nobis
524 459 803 518 consueta
834 453 1205 515 miseratione
1228 453 1807 530 pervenireconcede.
1835 453 1960 510 Per.
1992 452 2048 521 Α
2076 458 2231 515 tione
2260 459 2430 531 cujus
2462 454 2730 514 natantia
2758 470 2859 528 per
2878 453 3001 513 haec
3032 456 3236 513 sancta
3283 469 3411 527 quia
3465 451 3742 528 sumpsi-

396 552 735 610 Communio.
797 550 1127 615 Sumentes,
1191 545 1456 613 Domine,
1501 545 1760 601 cmlestia
1815 545 1969 600 dona

325 641 812 716 mysterii,quaesu
823 655 955 692 mus
968 641 1031 691 ut
1043 640 1377 704 sanctorum
1397 638 1718 706 martyrum
1734 637 1901 689 tuoru
1913 650 1968 688 m

325 735 656 804 Ermagoraa
669 733 723 784 et
756 726 1051 784 Fortunati
1069 726 1418 797 adjuvemur
1446 723 1696 790 meritis,
1713 739 1966 795 quorum

327 821 758 880 solemnitatem
790 816 988 871 debita
1017 814 1387 870 veneratione
1417 812 1803 868 celebramus.
1843 816 1965 866 Per.

323 929 382 968 IN
424 926 592 966 FESTO
643 923 871 962 SANCTJI
924 921 1198 960 PRAXEDIS
1247 920 1498 958 VIBGINIS
1551 919 1616 956 ET
1666 918 1966 956 MARTYRIS.

396 999 611 1056 Oratio.
646 997 820 1061 Deus,
845 994 946 1066 qui
978 990 1629 1063 interczeternpotentizn
1659 994 1770 1044 tum
1793 990 1969 1045 mira-

322 1087 455 1145 cula
485 1087 660 1143 etiam
709 1085 765 1139 in
824 1100 963 1139 sexu
1016 1080 1205 1154 fragili
1245 1080 1546 1135 victoriam
1595 1079 1880 1134 castitatis
1913 1083 1970 1134 et

322 1176 588 1249 martyrii
643 1173 971 1239 contulisti,
1032 1172 1126 1237 da,
1187 1186 1546 1241 quaesumus,
1606 1173 1670 1222 ut
1701 1169 1881 1222 beata:
1915 1171 1971 1222 et

321 1271 539 1326 sanctae
572 1263 848 1336 martyris
880 1266 989 1317 tua:
1023 1259 1298 1315 Praxedis
1333 1258 1678 1328 adjuvcmur
1721 1256 1966 1326 meritis,

321 1357 492 1426 cujus
525 1351 904 1410 beatitudinis
938 1349 1290 1405 irradiamur
1315 1346 1614 1418 exemplis.
1648 1350 1775 1401 Per.

392 1447 628 1501 Secreta.
663 1441 892 1513 Accipe,
929 1440 1193 1506 Domine,
1231 1454 1476 1492 munera
1521 1453 1648 1508 qua:
1699 1437 1755 1490 in
1788 1437 1968 1490 beatae

322 1533 596 1606 martyris
628 1541 740 1586 tuae
771 1528 1046 1585 Praxedis
1063 1526 1431 1583 solemnitate
1453 1525 1795 1591 deferimus,
1831 1525 1969 1596 quia

321 1624 393 1681 ad
419 1627 520 1678 tua
557 1620 848 1694 prmeonia
877 1616 1123 1673 recurrit
1151 1620 1210 1672 et
1242 1616 1497 1681 laudem,
1525 1615 1678 1686 quod
1713 1613 1849 1670 talis
1879 1618 1968 1669 est

321 1717 447 1767 orta
477 1709 739 1766 mortalis
771 1711 1098 1778 assumpta.
1132 1710 1259 1762 Per.

2079 566 2232 615 mus,
2265 549 2450 605 votivo
2482 545 2870 621 praevenimus
2899 545 3201 618 obsequio.
3235 544 3362 600 Per.

2410 654 2468 694 IN
2507 655 2676 694 FESTO
2717 653 2914 694 SANCTI
2953 649 3386 692 CHRISTOPHORI.

2152 728 2356 797 Oratio,
2391 733 2452 784 ut
2483 730 2542 784 in
2566 728 2745 783 editis.

2149 820 2384 874 Secreta.
2417 818 2605 889 Hujus
2634 814 3046 887 tibiprecibus,
3071 811 3338 878 Domine,
3360 827 3737 884 quaesumus,

2079 912 2244 980 grata
2268 907 2389 963 haec
2421 907 2697 963 reddatur
2716 903 2950 969 oblatio,
2975 918 3077 974 pro
3109 901 3278 972 cuius
3308 905 3396 958 est
3413 900 3738 957 festivitate

2079 996 2460 1052 immolanda.
2492 1000 2620 1051 Per.

2152 1087 2488 1142 Communia.
2523 1083 2745 1156 Repleti
2776 1099 3005 1147 sumus,
3042 1076 3308 1144 Domine,
3363 1095 3605 1135 munere
3633 1096 3734 1135 so-

2077 1175 2397 1231 lemnitatis
2427 1178 2656 1245 optataa,
2692 1189 2809 1244 qua
2838 1170 2990 1226 beati
3021 1167 3423 1241 Cbristophori
3449 1169 3734 1240 martyris

2079 1265 2162 1320 tui
2197 1268 2252 1319 et
2281 1262 2616 1318 celebritate
2646 1261 2910 1316 vivamus
2941 1263 2997 1315 et
3026 1258 3314 1330 precibus.
3343 1261 3474 1312 Per.

2484 1370 2543 1406 IN
2584 1367 2752 1406 resro
2793 1366 3014 1405 manu
3052 1352 3109 1404 et
3147 1365 3318 1403 CELSI.

2148 1446 2359 1508 Oratio,
2393 1447 2448 1497 ut
2480 1444 2539 1497 in
2569 1441 2745 1496 editis.

2150 1535 2351 1588 Ξανθία.
2387 1533 2737 1586 Sanctorum
2786 1531 3110 1600 martyrum
3145 1530 3402 1593 tuorum,
3457 1525 3724 1591 Domine,

2075 1622 2301 1680 Nazarii
2351 1625 2408 1677 et
2465 1619 2614 1675 Celsi
2672 1617 3089 1673 intercessione
3141 1615 3428 1687 placatus,
3488 1618 3722 1688 praesta,

2077 1728 2437 1785 quaesumus,
2473 1714 2540 1764 ut
2571 1725 2698 1780 quae
2731 1704 3037 1778 temporali
3069 1703 3430 1760 celebramus
3469 1704 3721 1772 actione,

394 1800 730 1858 Communia.
766 1797 894 1853 Haec
950 1795 1007 1849 in
1041 1793 1228 1861 nobis,
1283 1793 1549 1858 Domine,
1598 1793 1788 1864 gratia
1843 1796 1964 1860 tua,
1997 1827 2045 1893 Β
2078 1805 2355 1876 perpetua
2387 1798 2708 1856 sanatione
2741 1795 3063 1868 capiamus,
3097 1798 3226 1850 per,

321 1903 682 1964 quaesumus,
716 1901 946 1956 semper
967 1886 1247 1948 exerceat,
1283 1885 1419 1936 utet
1439 1881 1652 1936 divinis
1684 1881 1970 1935 instauret

321 1981 520 2034 nostra
567 1976 741 2033 corda
791 1972 1106 2047 mysteriis,
1165 1976 1222 2027 et
1252 1975 1466 2027 saneta:
1528 1970 1801 2042 martyris
1858 1975 1967 2025 tuae

318 2065 594 2124 Praxedis
625 2061 1178 2119 commemoratione
1210 2059 1483 2115 laetificat.
1517 2062 1643 2113 Per.

561 2172 612 2208 IN
651 2169 818 2207 Ε’ΕὸΤο
859 2168 1084 2207 8ΑΝΟΤᾸΞ
1123 2166 1319 2206 MARle
1357 2165 1733 2204 MAGDALENE.

389 2243 574 2299 Oratio
603 2246 652 2298 et
681 2241 895 2297 Secreta
925 2243 982 2294 ut
1013 2241 1073 2294 in
1095 2240 1271 2295 editis.

389 2333 725 2390 Communia.
757 2329 1015 2398 Viviﬁea,
1042 2328 1304 2392 Domine,
1338 2326 1597 2382 animam
1628 2324 1966 2398 etspiritum

318 2427 587 2481 nostrum
619 2419 838 2492 peccati
870 2417 1107 2474 vulnere
1155 2416 1507 2484 sauciatam,
1567 2415 1968 2472 intercedente

319 2513 487 2568 beata
518 2509 703 2566 Maria
724 2506 1337 2580 Magdalena,quiejus
1355 2504 1970 2577 precibustuainvicta

318 2601 530 2656 virtute
560 2598 1023 2670 quatriduanum
1041 2595 1320 2651 Lazarum
1357 2592 1724 2649 resuscitasti
1759 2592 1830 2646 de
1845 2608 1966 2647 mo-

320 2693 622 2747 numento.
657 2685 764 2752 Qui
796 2685 962 2741 vivis.

679 2794 736 2831 ΙΝ
778 2790 945 2830 FESTO
985 2789 1180 2828 SANCTI
1219 2788 1608 2827 APOLLINARIS.

395 2869 581 2924 Oratio
615 2867 674 2922 in
705 2864 886 2920 editis.

393 2958 626 3014 Secreta.
664 2953 926 3025 Respice,
961 2950 1226 3018 Domine,
1260 2965 1437 3021 super
1466 2948 1574 3004 has
1615 2947 1837 3004 hostias
1870 2964 1972 3005 no-

322 3051 474 3104 stras
506 3061 654 3118 quas
684 3041 907 3099 nomini
932 3038 1361 3096 tuosacrandas
1392 3037 1711 3104 offerimus,
1743 3040 1800 3092 et
1819 3037 1972 3092 beati

318 3134 668 3211 Apollinaris
686 3131 958 3203 martyris
973 3130 1056 3186 tui
1091 3132 1265 3201 atque
1279 3127 1571 3201 pontificis
1583 3130 1973 3199 prosequatur

2151 1891 2489 1946 Communia.
2525 1885 2767 1952 Exaudi,
2821 1883 3085 1952 Domine,
3138 1899 3340 1955 preces
3389 1885 3642 1950 nostras,
3667 1886 3731 1938 et

2077 1979 2330 2054 populus
2358 1982 2519 2042 tuus,
2549 1975 2648 2048 qui
2677 1974 2788 2031 sub
2818 1973 2998 2029 tantis
3027 1976 3364 2028 sanctorum
3395 1975 3728 2044 martyrum

2077 2075 2311 2125 tuorum
2344 2066 2570 2123 Nazarii
2601 2069 2656 2121 et
2687 2062 2838 2120 Celsi
2871 2061 3210 2135 patrociniis
3240 2065 3328 2117 est
3349 2061 3728 2131 constitutus,

2079 2163 2196 2214 eta
2227 2157 2350 2212 suis
2408 2153 2828 2210 offensionibus
2885 2151 3186 2217 liberetur,
3218 2154 3274 2206 et
3325 2150 3398 2205 ab
3449 2148 3727 2205 omnibus

2077 2251 2312 2303 tueatur
2333 2243 2612 2300 adversis.
2647 2246 2774 2297 Per.

2078 2353 2135 2391 ΙΝ
2176 2351 2373 2392 NATALI
2413 2348 2753 2390 SANC'I'ARUM
2792 2346 3076 2386 VIRGINUM
3115 2343 3310 2384 FLORE
3359 2345 3426 2384 ΕΤ
3464 2343 3729 2384 [ιυσῐιιω.

2150 2426 2356 2481 Oratio.
2385 2423 2466 2478 Da
2496 2422 2687 2487 nobis,
2723 2420 2966 2475 Domine
2999 2419 3174 2484 Deus,
3209 2419 3430 2482 noster,
3477 2417 3538 2472 in
3591 2433 3725 2472 san-

2075 2521 2303 2571 ctarum
2338 2517 2659 2584 martyrum
2675 2514 2912 2564 tuarum
2932 2507 3108 2564 Florae
3127 2514 3179 2563 et
3211 2504 3442 2561 Lucillze
3465 2505 3727 2562 incessa-

2079 2603 2179 2660 bili
2209 2601 2578 2658 veneratione
2608 2597 2810 2665 laatari,
2843 2601 2909 2652 ut
2941 2597 3097 2669 quod
3146 2595 3317 2668 digne
3367 2599 3561 2650 mente
3611 2612 3727 2650 non

2077 2708 2394 2766 possumus
2426 2688 2735 2755 celebrare,
2770 2685 3099 2742 humilibus
3135 2684 3342 2741 saltem
3391 2683 3729 2756 frequente-

2082 2799 2216 2838 mus
2248 2778 2567 2852 obsequiis.
2600 2782 2726 2834 Per.

2151 2872 2382 2927 Secreta.
2415 2868 2747 2932 Offerimus,
2782 2865 3048 2932 Domine,
3080 2879 3280 2936 preces
3310 2868 3368 2919 et
3397 2879 3645 2918 munera
3665 2862 3725 2917 in

2081 2963 2359 3018 honorem
2391 2961 2728 3014 sanctarum
2745 2955 3042 3027 virginum
3073 2958 3310 3008 tuarum
3343 2950 3521 3008 Flora
3544 2956 3604 3007 et
3621 2952 3730 3006 Lu-

2080 3049 2224 3107 eillae
2255 3047 2596 3122 gaudentes,
2650 3048 2861 3118 prasta
2908 3059 3270 3116 quaesumus,
3323 3045 3390 3097 ut
3417 3043 3477 3097 et
3515 3057 3731 3097 conve-

2082 3139 2311 3195 nienter
2338 3137 2460 3192 haec
2489 3151 2658 3207 agere
2689 3149 3039 3197 mereamur,
3073 3137 3130 3186 et
3159 3131 3486 3186 remedium
3518 3129 3733 3204 sempi-

319 3224 524 3291 oratio,
559 3239 660 3296 per
690 3237 868 3293 quam
901 3236 1007 3276 nos
1038 3216 1453 3292 expiarifaeias
1483 3220 1540 3272 et
1568 3214 1818 3271 defendi.
1842 3219 1966 3270 Per.
2001 3191 2045 3259 C
2081 3233 2311 3284 ternum
2345 3225 2642 3282 valeamus
2672 3222 2990 3294 acquirere.
3025 3226 3152 3276 Ρθτ,

393 3313 728 3370 Communia.
762 3314 978 3365 Praesta
1008 3307 1196 3375 nobis,
1231 3322 1596 3379 qumsumus,
1629 3305 1974 3372 Domine,ut

319 3407 423 3460 tua
452 3405 657 3459 sancta
687 3416 763 3471 qu
778 3417 821 3454 ie
843 3396 1231 3469 sumpsimus,
1255 3393 1527 3468 praesidia
1548 3393 1762 3449 mentis
1781 3397 1839 3447 et
1855 3409 1975 3448 cor-

321 3493 618 3565 poris.....,
653 3493 731 3556 et,
767 3485 1285 3542 intervenientibus
1302 3484 1452 3539 beati
1473 3480 1838 3554 Apollinaris
1859 3497 1975 3536 me-

324 3579 474 3649 ritis,
507 3595 572 3633 ac
603 3577 878 3634 omnibus
910 3573 1144 3630 absolve
1177 3572 1447 3645 peccatis.
1481 3575 1608 3626 Per.

691 3683 747 3720 1N
789 3680 956 3719 FBS'I‘O
998 3678 1230 3717 ΒΛΝΟΤίΕ
1267 3676 1605 3716 ΟΗΗῙΒΤΙΝᾸΞ.

398 3755 602 3812 Oratio.
638 3753 870 3810 Crescat
901 3753 959 3807 in
991 3750 1181 3815 nobis,
1206 3748 1472 3818 Domine,
1506 3763 1734 3820 semper
1757 3751 1972 3803 sanctas

320 3842 712 3918 jucunditatis
742 3843 1002 3908 effectus,
1039 3840 1293 3895 utbeatze
1325 3837 1668 3893 Christianae
1702 3836 1973 3908 martyris

324 3941 440 3992 tua:
465 3933 798 3991 veneranda
829 3931 1112 3987 festivitas
1145 3931 1444 4001 augeatur.
1478 3929 1605 3981 Per.

397 4027 630 4084 Secreta.
657 4022 879 4078 Sanctae
903 4018 1245 4075 Christianae
1269 4015 1687 4088 martyristuie,
1714 4014 1973 4084 Domine,

327 4131 526 4188 preces
541 4111 860 4177 offerimus,
876 4109 1130 4165 hostiam
1146 4106 1541 4171 immolemus,
1562 4109 1792 4177 praesta,
1819 4120 1975 4176 quae-

328 4220 557 4269 sumus,
591 4205 657 4256 ut
687 4217 820 4254 cum
853 4197 1121 4270 praesidio
1153 4194 1482 4268 temporali,
1513 4198 1568 4248 et
1597 4194 1775 4250 vitam
1807 4192 1976 4249 nobis

329 4292 642 4363 praebeant,
677 4295 734 4344 et
764 4289 1122 4343 incrementa
1151 4287 1448 4356 perpetua.
1481 4287 1605 4337 Per.

402 4379 739 4434 Communia.
774 4381 927 4431 Deus
957 4375 1236 4428 virtutum
1266 4370 1610 4438 caelestium,
1637 4387 1978 4442 quaesumus

331 4473 396 4524 ut
426 4465 712 4524 sacrificia
743 4481 846 4536 pro
859 4467 1070 4518 sanctae
1091 4460 1395 4516 Christinze
1420 4459 1815 4532 martyristuae
1835 4478 1974 4534 pas-

2152 3317 2488 3372 Communia.
2521 3311 2937 3379 Sacramentis,
2975 3308 3240 3380 Domine,
3272 3308 3614 3364 muniamur
3633 3324 3728 3364 ac-

2079 3407 2284 3480 ceptis,
2316 3408 2373 3460 et
2402 3407 2738 3459 sanctarum
2757 3404 2992 3456 tuarum
3022 3398 3317 3471 virginum
3341 3397 3516 3454 Florae
3528 3403 3585 3452 et
3610 3399 3730 3453 Lu-

2082 3495 2226 3552 cillaa
2257 3491 2670 3550 intercessione
2682 3494 2886 3546 contra
2905 3505 3110 3545 omnes
3125 3488 3299 3561 nequi
3311 3488 3421 3543 tias
3433 3487 3728 3544 irruentes

2082 3584 2263 3642 armis
2294 3581 2626 3638 coelestibus
2653 3582 3047 3652 protegamur.
3085 3582 3214 3633 Per.

2144 3690 2203 3730 IN
2244 3685 2585 3728 INVENTIONB
2623 3685 2820 3724 SANCTI
2860 3683 3134 3723 STEPHANI
3176 3680 3670 3720 PROTOMARTYRIS.

2155 3763 2358 3818 Oratio.
2392 3760 2569 3826 Deus,
2601 3756 2701 3829 qui
2730 3773 2793 3813 es
2825 3759 3164 3812 sanctorum
3197 3759 3432 3810 tuorum
3457 3753 3735 3827 splendor

2084 3849 2389 3916 mirabilis,
2425 3846 2526 3920 qui
2559 3846 2840 3902 hodierna
2869 3845 2961 3901 die
2979 3861 3222 3916 corpora
3251 3846 3588 3900 sanctorum
3613 3847 3740 3899 tuo-

2083 3957 2213 3996 rum
2247 3935 2548 4009 Stephani,
2579 3934 2898 4003 Nicodemi,
2930 3932 3264 3990 Gamalielis
3296 3938 3474 4004 atque
3509 3932 3737 3989 Abibon

2083 4028 2414 4085 inventione
2460 4024 2713 4097 gioriosa
2753 4022 3040 4092 revelasti,
3089 4024 3165 4077 da
3196 4021 3366 4078 nobis
3413 4021 3476 4078 in
3525 4025 3743 4078 atema

2083 4116 2283 4174 laetitia
2312 4117 2382 4172 de
2411 4129 2613 4171 eorum
2641 4113 2916 4169 societate
2947 4112 3219 4185 gaudere.
3254 4115 3381 4166 Per.

2157 4208 2369 4262 Secreta
2395 4211 2452 4260 ut
2480 4205 2540 4259 in
2569 4204 2728 4260 editis
2753 4203 3123 4275 plurimorum.
3149 4208 3466 4271 martyrum
3504 4204 3742 4272 tempore

2085 4295 2344 4352 Paschali

2157 4385 2493 4440 Communia.
2514 4380 2913 4453 Sumpsimus,
2942 4379 3205 4443 Domine,
3240 4382 3580 4434 sanctorum
3605 4382 3740 4432 tuo-

2087 4489 2217 4529 rum
2247 4471 2548 4543 Stephani,
2583 4467 2902 4536 Nicodemi,
2937 4467 3276 4523 Gamalielis
3311 4471 3484 4539 atque
3513 4465 3741 4522 Abibon

331 4557 494 4614 sione
522 4551 1166 4621 delata,desideriorum
1181 4567 1286 4606 nos
1301 4547 1710 4622 temporalium
1735 4550 1972 4606 doceant

2119 4560 2376 4616 olemnia
2404 4557 2765 4614 celebrantes
2793 4560 3166 4612 sacramenta
3194 4555 3470 4623 coelestia;
3507 4558 3745 4629 praesta,

330 4645 543 4704 habere
573 4647 998 4714 contemptum,
1031 4643 1087 4695 et
1116 4640 1268 4695 dona
1309 4639 1521 4694 habere
1565 4637 1779 4695 faciant
1807 4639 1972 4696 coale-

332 4735 510 4792 stium
544 4732 913 4807 gaudiorum.
951 4734 1075 4786 Per.
1594 4752 1596 4754 τ

598 4839 658 4878 IN
697 4835 908 4877 VIGILIA
948 4834 1143 4874 SANCTI
1181 4832 1376 4872 JACOBI
1416 4833 1706 4872 APOS’I‘OLI.

405 4912 612 4968 Oratio.
644 4910 903 4967 Concede
937 4908 1124 4974 nobis,
1159 4905 1532 4978 omnipotens
1564 4906 1739 4973 Deus,
1772 4911 1980 4962 ventu-

333 5019 459 5057 ram
490 5001 642 5058 beati
673 4997 918 5072 apostoli
937 4996 1020 5052 tui
1053 4995 1250 5052 Jacobi
1272 4995 1701 5050 solemnitatem
1724 5011 1979 5067 congruo

335 5091 646 5163 praevenire
673 5089 912 5158 honore,
936 5091 992 5142 et
1018 5083 1343 5140 venientem
1368 5083 1544 5156 digna
1573 5082 1865 5139 celebrare
1887 5085 1981 5140 de-

334 5179 581 5235 votione.
621 5180 742 5234 Per.

405 5269 641 5322 Sacrata.
673 5269 918 5338 Accepta
947 5263 1051 5320 tibi
1082 5263 1178 5330 sit,
1203 5261 1463 5329 Domine,
1497 5264 1707 5316 nostra:
1730 5261 1980 5316 devotio-

338 5354 428 5410 nis
454 5355 691 5422 oblatio,
722 5360 776 5410 et
804 5356 875 5410 ad
907 5352 1094 5410 sancti
1125 5350 1326 5408 Jacobi
1364 5347 1608 5421 apostoli
1657 5348 1742 5404 tui
1777 5354 1980 5406 ventu—

337 5459 460 5496 ram
499 5443 763 5512 puriores
796 5444 971 5498 faciat
1013 5459 1118 5499 nos
1161 5439 1359 5497 venire
1409 5436 1804 5494 festivitatem.
1852 5444 1981 5496 Per.

407 5530 748 5586 Communia.
785 5536 998 5586 Praesta
1029 5530 1219 5598 nobis,
1253 5532 1470 5584 aeterne
1501 5525 1786 5597 Salvator,
1832 5530 1984 5587 beati

336 5618 537 5675 Jacobi
569 5618 815 5693 apostoli
874 5620 957 5675 tui
1019 5636 1124 5675 nos
1177 5619 1395 5692 ubique
1423 5615 1518 5690 pia
1579 5617 1801 5691 protegi
1851 5635 1984 5674 ora-

2085 4666 2446 4724 quaesumus,
2481 4652 2548 4703 ut
2578 4647 2734 4718 quod
2766 4645 3168 4718 temporaliter
3197 4645 3482 4719 gerimus,
3507 4643 3745 4700 internis

2091 4738 2325 4811 gaudiis
2356 4751 2810 4808 consequamur.
2845 4738 2972 4791 Per.

2650 4840 2985 4879 BENEDICI‘IO
3027 4839 3174 4879 UVE.

2161 4913 2466 4981 Benctdic,
2487 4913 2752 4979 Domine,
2787 4913 2968 4969 ethos
2985 4913 3210 4969 fructus
3239 4927 3416 4968 novos
3437 4925 3750 4983 uvae,quos

2090 5009 2153 5060 tu
2186 5002 2430 5060 Domine
2483 5017 2613 5057 rore
2643 4999 2771 5056 coeli
2805 5005 2862 5056 et
2912 5002 3261 5057 inundantia
3306 5001 3637 5075 pluviarum
3689 5003 3750 5055 et

2090 5098 2421 5166 temporum
2453 5091 2766 5146 serenitate
2795 5094 2969 5162 atque
2998 5089 3428 5162 tranquillitate
3456 5089 3528 5144 ad
3552 5091 3748 5144 matu-

2093 5183 2325 5238 ritatem
2361 5181 2671 5253 perducere
2703 5179 2979 5252 dignatus
3011 5196 3094 5247 es,
3128 5185 3186 5236 et
3233 5179 3445 5237 dedisti
3493 5193 3622 5235 eam
3669 5179 3744 5233 ad

2095 5289 2238 5327 usus
2272 5272 2522 5336 nostros,
2557 5284 2690 5324 cum
2722 5269 3043 5340 gratiarum
3087 5269 3311 5325 actione
3359 5267 3652 5342 percipere
3682 5267 3743 5322 in

2094 5360 2330 5417 nomine
2361 5357 2591 5413 Domini
2612 5357 2750 5414 Jeeu
2776 5357 3010 5425 Christi,
3040 5373 3143 5431 per
3175 5375 3351 5431 quem
3383 5358 3502 5412 haec
3519 5355 3742 5424 omnia,

2095 5449 2359 5515 Domine,
2396 5463 2629 5520 semper
2658 5447 2813 5504 bona
2843 5465 3025 5505 creas.
3061 5453 3193 5504 Per.

2167 5556 2224 5594 IN
2266 5553 2435 5595 PESTO
2477 5552 2673 5592 SANCTI
2711 5553 2916 5592 DONATI
2958 5553 3225 5594 EPISCOPI
3262 5551 3325 5592 ΒΤ
3363 5549 3670 5591 ΜΑΒἸὝΒῙΒ.

2170 5628 2373 5684 Oratio.
2436 5630 2608 5694 Deus,
2643 5625 2743 5696 qui
2804 5625 2864 5680 in
2922 5625 3073 5681 beati
3107 5625 3312 5681 Donati
3360 5623 3634 5696 martyris
3659 5621 3746 5678 tui
