3982 6172
192 260 316 324 89Ἰ
999 257 1386 323 EXCERP’I‘.
1430 259 1536 328 EX
1579 263 1807 328 CODD.
1852 264 2169 331 IJTURG.
2212 266 2803 335 FONTAVELLAN.
3485 269 3604 333 898

195 396 377 465 atque
408 391 698 465 pontiﬁcis
723 393 994 450 manibus
1025 394 1215 466 poculi
1269 396 1589 469 fragmenta
1626 404 1846 455 restau-
1878 404 1932 468 Α
2034 403 2369 459 Communia.
2402 410 2570 478 Deus,
2603 408 2704 478 qui
2758 405 3074 464 Ecclesium
3126 412 3285 463 tuam
3324 422 3605 480 sponsam

193 498 328 540 rare
374 481 654 570 dignatus
704 498 787 549 es,
819 482 1279 556 supplicantium
1312 502 1514 558 preces
1562 488 1851 563 benignus
1958 508 2160 548 vocare
2189 493 2466 567 dignatus
2494 512 2576 563 es,
2612 500 2678 552 ut
2719 514 2845 569 qum
2893 496 3134 553 haberet
3182 496 3452 570 gratiam,
3503 511 3609 569 per

191 569 425 643 exaudi,
459 574 524 630 ut
554 571 711 644 quod
748 571 962 630 ﬁducia
993 590 1109 630 non
1140 573 1316 631 habet
1342 576 1851 651 meritorum,ejus
1958 580 2059 637 Dei
2091 582 2451 639 devotionem
2484 583 2723 641 haberet
2749 586 2925 642 etiam
2956 603 3023 642 ex
3052 587 3283 642 nomine
3305 586 3604 659 pietatem,

191 662 365 718 nobis
393 660 815 719 intercessione
847 663 1116 719 donetur.
1152 668 1280 721 Per.
1959 670 2054 739 da,
2087 675 2153 726 ut
2180 673 2371 729 omnis
2402 672 2524 729 hzec
2554 674 2718 747 plebs
2761 675 2983 731 nomini
3033 680 3135 732 tuo
3185 674 3460 742 serviens,
3495 674 3606 730 hn—

267 751 502 809 Secreta.
536 754 715 819 Deus,
745 751 843 823 qui
905 751 964 808 in
1023 751 1179 809 beati
1229 752 1439 810 Donati
1487 755 1744 828 episcopi
1795 762 1852 813 et
1951 759 2054 831 jus
2084 761 2349 817 vocabuli
2382 764 2673 819 consortio
2703 763 2880 837 digna
2912 780 3041 820 esse
3069 768 3381 833 mereatur,
3415 769 3472 820 et
3513 778 3607 821 ec-

191 839 475 914 martyris
508 839 590 897 tui
627 840 901 899 manibus
930 840 1123 913 poculi
1156 841 1485 916 fragmenta
1524 850 1850 902 restaurare
1960 848 2138 905 clesia
2166 853 2270 905 tua
2298 851 2358 906 in
2389 852 2813 925 templo,cujus
2847 852 3278 909 anniversarias
3305 853 3430 910 dies
3459 853 3606 910 celes

192 931 475 1005 dignatus
500 945 564 987 es
597 946 844 989 munera
866 930 1055 1004 plebis
1076 934 1187 987 tua:
1211 932 1562 1006 prOpitiatus
1591 935 1848 1002 intende,

151 1073 165 1081 ,
191 1023 262 1076 ut
306 1020 436 1092 ejus
485 1019 657 1076 nobis
708 1018 808 1075 ﬁat
832 1019 1183 1092 supplicatio
1236 1021 1513 1079 salutaris
1543 1040 1646 1096 pro
1677 1025 1849 1097 cujus

194 1107 566 1166 solemnitate
595 1106 940 1166 hodiernam
972 1108 1130 1166 diem
1163 1109 1547 1168 celebramus.
1580 1113 1706 1169 Per.

270 1197 611 1256 Communia.
646 1196 1030 1269 Omnipotens
1059 1204 1117 1256 et
1147 1198 1481 1258 misericors
1510 1201 1685 1271 Deus,
1713 1208 1846 1275 etc.;

192 1294 259 1345 ut
288 1289 350 1345 in
375 1286 558 1349 aditis.

385 1393 445 1430 IN
483 1391 697 1431 VIGILIA
736 1390 1161 1434 ASSUMPTIONIS
1188 1395 1417 1436 SANC'I‘JE
1455 1398 1668 1439 MABIIE.

268 1463 474 1533 Oratio,
502 1472 563 1521 ut
592 1467 653 1522 in
681 1465 860 1523 editis.

263 1553 499 1615 Secreta.
531 1554 766 1629 Magna,
806 1572 1171 1629 quaesumus,
1220 1558 1482 1631 Domine,
1533 1562 1685 1633 apud
1737 1562 1849 1618 cle-

190 1643 482 1702 mentium
509 1647 673 1702 tuam
707 1662 811 1718 pro
843 1646 1013 1703 nobis
1047 1646 1391 1704 interveniat
1421 1650 1520 1705 Dei
1542 1650 1851 1708 Genitricis

1959 938 2185 1006 bratur,
2211 940 2316 996 tibi
2349 941 2606 1011 collecta,
2638 946 2694 999 te
2725 944 2948 1008 timeat,
2981 947 3036 998 te
3069 941 3359 1015 diligat,te
3389 960 3604 1016 sequa-

1957 1031 2073 1096 tur,
2110 1029 2339 1086 utdum
2363 1030 2588 1103 jugiter
2638 1048 2740 1103 per
2785 1030 3026 1102 vestigia
3072 1035 3173 1087 tua
3217 1031 3502 1104 graditur,
3533 1032 3605 1088 ad
3692 1049 3709 1057 '

1959 1116 2217 1174 caelestia
2246 1119 2559 1191 promissa,
2594 1124 2648 1175 te
2680 1121 2948 1189 ducente,
2974 1120 3271 1193 pervenire
3292 1124 3604 1178 mereatur.

1960 1207 2088 1264 Per.

2312 1316 2367 1353 IN
2407 1315 2576 1353 FES'I‘O
2616 1316 2808 1356 SANCTI
2850 1315 3259 1356 SYIHPHORIANI.

2032 1387 2235 1442 Oratio.
2265 1386 2424 1442 Beati
2457 1388 2731 1460 martyris
2759 1388 2841 1443 tui
2876 1386 3308 1461 Symphoriani,
3337 1387 3604 1457 Domine,

1962 1493 2068 1531 nos
2100 1480 2260 1535 tuere
2289 1477 2598 1550 praesidiis,
2635 1482 2698 1533 ut
2737 1480 2907 1550 cujus
2940 1478 3371 1535 solemnitatem
3414 1494 3615 1534 annua

1960 1564 2260 1621 devotione
2291 1566 2622 1634 recolimus,
2656 1567 2784 1638 ejus
2828 1565 3351 1624 intercessionibus
3380 1567 3452 1623 ab
3483 1583 3606 1625 om-

1961 1653 2133 1709 nibus
2165 1655 2616 1711 adversitatibus
2645 1672 2941 1711 eruamur.
2976 1656 3101 1710 Per.

188 1732 405 1840 oratio,
434 1750 609 1807 quam
641 1733 856 1840 idcirco
886 1734 963 1840 de.
990 1736 1521 1840 praesentissimum.
1542 1739 1847 1840 transtuli-
1881 1774 1929 1840 Β
2030 1743 2262 1840 Secreta.
2295 1743 2558 1816 Suscipe,
2609 1745 2853 1840 Domine
2910 1761 3273 1840 quaesumus,
3303 1745 3611 1840 propitius

189 1821 294 1891 sti,
330 1826 393 1879 ut
420 1839 526 1896 pro
554 1824 807 1897 peccatis
838 1828 1058 1882 nostris
1110 1824 1461 1882 ﬁducialiter
1508 1828 1847 1886 intercedat.

189 1911 305 1969 Per
332 1913 630 1971 eumdem.

272 2001 614 2060 Cmnmunia.
628 2004 1654 2080 Concede,quaasumus,omnipotens
1680 2010 1849 2077 Deus,

188 2089 268 2147 ab
300 2090 481 2147 beatae
515 2091 712 2148 Marize
738 2109 970 2165 semper
988 2094 1235 2167 virginis
1253 2097 1467 2168 gaudia
1486 2102 1701 2153 πείρινθα
1731 2115 1853 2170 per-

187 2181 443 2254 tingere,
473 2181 545 2238 de
577 2182 749 2255 cujus
779 2200 888 2238 nos
917 2186 1249 2241 veneranda
1295 2186 1698 2258 assumptione
1750 2188 1849 2242 tri-

189 2270 330 2327 buis
361 2288 558 2328 annua
589 2271 958 2330 solemnitate
988 2275 1263 2345 gaudere.
1298 2274 1404 2330 Per
1433 2276 1725 2331 eumdem.

517 2378 579 2417 IN
616 2378 1017 2420 ASSUMPTIONE
1056 2377 1288 2419 SANC’I'E
1326 2381 1540 2420 MARIJE.

273 2448 479 2505 Oratio.
514 2450 861 2507 Veneranda
891 2449 1083 2516 nobis,
1114 2450 1379 2517 Domine,
1420 2451 1598 2523 hujus
1629 2452 1741 2509 diei
1775 2454 1853 2510 fe-

198 2537 433 2594 stivitas
482 2555 653 2610 opem
694 2538 955 2594 conferat
985 2539 1256 2606 salutem,
1288 2541 1346 2595 in
1378 2558 1497 2613 qua
1527 2546 1728 2598 sancta
1759 2544 1855 2599 Dei

198 2625 461 2700 genitrix
517 2630 766 2683 mortem
827 2627 1009 2683 subiit
1056 2628 1457 2699 temporalem,
1499 2647 1605 2687 nec
1660 2637 1857 2688 tamen

199 2715 413 2773 mortis
463 2715 710 2772 nexibus
755 2715 1000 2788 deprimi
1041 2718 1249 2789 potuit,
1286 2734 1411 2790 quae
1444 2719 1654 2775 Filium
1686 2726 1856 2778 tuum

203 2801 529 2861 Dominum
559 2809 826 2861 nostrum
872 2807 943 2861 de
986 2822 1047 2862 se
1094 2806 1298 2879 genuit
1329 2807 1716 2865 incarnatum.
1750 2811 1859 2878 Qui

206 2896 429 2949 tecum.

277 2981 516 3039 Secreta.
549 2983 888 3052 Subveniat,
930 2985 1194 3053 Domine,
1243 3001 1603 3057 quaesumus,
1635 2991 1770 3056 etc.,
1800 2993 1862 3045 ut

201 3073 269 3126 in
293 3070 477 3141 editis,
493 3073 664 3128 etiam
686 3072 865 3145 quoad
890 3077 1464 3145 postcammunianem.

584 3178 644 3218 IN
682 3177 891 3217 OCTAVA
931 3177 1130 3219 SANCTI
1172 3180 1491 3219 LAUBEN'I‘II.

278 3250 489 3307 Oratio.
520 3251 679 3307 Beati
719 3251 1015 3307 Laurentii
1064 3269 1171 3308 nos
1202 3252 1393 3323 faciat,
1428 3253 1690 3323 Domine,
1725 3272 1861 3328 pas-

203 3338 298 3395 sio
324 3340 656 3396 veneranda
684 3339 1034 3406 laetantes,et
1064 3345 1127 3396 ut
1152 3358 1285 3397 eum
1317 3342 1680 3399 sufﬁcienter
1707 3360 1861 3421 reco-

107 3417 117 3425 ’
200 3427 421 3497 lamus,
454 3428 670 3501 dignus
699 3428 934 3484 efﬁciat.
968 3430 1095 3485 Per.

275 3517 514 3573 Secreta.
550 3517 704 3573 Beati
753 3518 1047 3574 Laurentii
1098 3520 1372 3591 martyris
1422 3537 1548 3588 nos,
1595 3522 1857 3590 Domine,

198 3604 476 3678 precibus
524 3609 785 3680 protege,
843 3608 1014 3679 cujus
1071 3606 1473 3664 honorabilem
1522 3610 1857 3682 passionem

200 3694 553 3751 muneribus
591 3695 905 3768 geminatis
954 3712 1366 3769 exsequamur,
1400 3715 1527 3770 quae
1558 3699 1696 3755 licet
1724 3717 1857 3773 pro-

199 3781 351 3855 priis
381 3783 458 3839 sit
488 3785 871 3841 memoranda
900 3785 1630 3859 principiis,indesinenter
1656 3792 1851 3846 tamen

198 3876 510 3944 permanet
538 3872 814 3947 gloriosa.
850 3874 975 3930 Per.

274 3964 617 4019 Communia.
649 3963 920 4020 Solemus
951 3963 1120 4020 nobis
1150 3965 1493 4023 intercessio
1524 3967 1677 4023 beati
1712 3972 1855 4023 Lau-

194 4049 377 4106 rentii
408 4050 704 4124 martyris,
736 4069 1099 4124 quaesumus,
1128 4054 1397 4122 Domine,
1430 4059 1663 4129 praestet
1692 4057 1854 4112 auxi-

192 4136 349 4194 lium
376 4142 441 4193 ut
470 4138 722 4196 cmlestis
755 4157 968 4197 mensae
999 4143 1574 4217 participatio,quam
1598 4146 1854 4218 sumpsi-

192 4243 358 4295 mus,
408 4226 633 4283 tribuat
681 4222 951 4284 EcclesiTa'e
1002 4235 1115 4285 tuae
1164 4233 1514 4289 recensitam
1570 4233 1852 4292 laetitiam.

190 4316 330 4373 Per.

655 4421 713 4460 IN
755 4421 922 4460 FES'I'O
963 4421 1159 4463 SANC'I'I
1202 4425 1405 4463 MAGNI.

1960 1831 2280 1888 orationem
2313 1836 2573 1888 nostram
2589 1849 2723 1888 cum
2747 1832 3142 1889 oblationibus
3162 1831 3491 1890 hostiarum
3515 1849 3610 1889 su-

1960 1937 2064 1993 per
2090 1919 2405 1993 impositis,
2438 1924 2495 1977 et
2525 1921 2800 1993 martyris
2829 1921 2914 1975 tui
2948 1920 3360 1994 Symphoriani
3405 1922 3610 1995 depre-

1960 2010 2186 2065 catione
2215 2009 2417 2081 pietati
2466 2013 2580 2065 tum
2629 2011 2843 2081 perﬁce
2894 2010 3184 2083 benignus
3232 2014 3526 2083 acceptus,
3559 2013 3616 2067 et

1960 2098 2153 2165 illum,
2208 2099 2308 2170 qui
2362 2100 2419 2153 in
2469 2115 2603 2154 eum
2657 2099 2939 2170 ﬂagravit,
2992 2099 3296 2165 fervorem,
3333 2097 3394 2155 in
3444 2098 3614 2155 nobis

1962 2187 2157 2258 aspira
2185 2187 2497 2260 benignus,
2531 2192 2595 2242 ut
2624 2187 2685 2242 in
2709 2192 2809 2242 tua
2838 2187 3144 2243 dilectione
3176 2191 3613 2259 permanentes,

1962 2280 2018 2331 et
2046 2276 2107 2330 in
2137 2280 2241 2332 tua
2269 2276 2382 2332 ﬁde
2426 2276 2796 2331 inveniamur
2847 2276 3107 2341 stabiles,
3141 2281 3199 2331 et
3240 2275 3300 2330 in
3349 2275 3613 2331 moribus

1965 2364 2284 2421 concordes
2314 2369 2371 2420 et
2398 2365 2456 2421 in
2489 2379 2663 2437 opere
2694 2364 2981 2421 efﬁcaces.
3017 2364 3139 2420 Per.

2038 2454 2376 2510 Communia.
2437 2455 2610 2510 Sacro
2671 2469 2913 2510 munere
2979 2452 3192 2521 satiati,
3251 2469 3614 2525 quaesumus,

1966 2543 2338 2615 omnipotens
2369 2544 2545 2610 Deus,
2579 2546 2644 2598 ut
2672 2542 3095 2599 interveniente
3124 2542 3296 2598 beato
3327 2541 3617 2615 Sympho-

1966 2632 2131 2687 ria"o
2162 2635 2416 2704 martyre
2452 2633 2553 2685 tuo
2583 2644 2788 2686 omnes
2838 2645 2943 2686 nos
2992 2633 3327 2684 sanctorum
3378 2632 3617 2684 tuorum

1959 2720 2173 2792 jubeas
2204 2737 2312 2775 nos
2342 2719 2549 2775 ascisci
2583 2719 2847 2793 collegio.
2880 2718 3007 2782 Per,

2148 2826 2206 2865 IN
2244 2826 2410 2865 FEs'I‘O
2448 2825 2642 2865 SANCTI
2685 2821 3105 2864 BARTHOLOMEI
3144 2821 3435 2863 APOS'I'OLI.

2042 2901 2227 2955 Oratio
2257 2903 2310 2953 et
2339 2901 2543 2954 secreta
2571 2904 2632 2953 ut
2658 2899 2721 2952 in
2748 2896 2925 2953 editis.

2047 2988 2383 3043 Communia.
2417 2987 2676 3059 Protege,
2707 2986 2972 3054 Domine,
3003 2984 3286 3057 populum
3338 2988 3532 3049 tuum,
3563 2989 3622 3040 et

1972 3075 2220 3150 apostoli
2269 3075 2353 3131 tui
2404 3073 2811 3131 Bartholomaai
2858 3073 3180 3145 patrocinio
3228 3073 3618 3129 conﬁdentem

1891 3142 1933 3210 (ἶ
1972 3142 2251 3238 perpetua
2280 3163 2613 3220 defensione
2645 3142 2939 3223 conserva.
2977 3162 3101 3217 Per.

2295 3270 2350 3310 ιΝ
2390 3269 2561 3308 Ρεετο
2598 3267 2789 3307 SANCTI
2828 3265 2962 3307 ιισιη
3003 3267 3306 3305 ΜΑΒἸὙΒΙΒ.

2042 3345 2259 3401 Oratio.
2290 3342 2503 3398 Adesto
2535 3338 3065 3413 supplicationibus
3097 3339 3334 3408 nostris,
3368 3344 3432 3395 ut
3459 3340 3612 3396 beati

1966 3432 2097 3490 Ruﬁ
2129 3429 2650 3487 intercessionibus
2672 3428 3052 3496 conﬁdentes,
3078 3443 3184 3483 nec
3209 3428 3386 3483 minis
3410 3432 3622 3484 terrea-

1969 3539 2103 3578 mur
2127 3518 2562 3577 adversantium
2594 3534 2699 3574 nec
2728 3516 2851 3573 ulla
2879 3516 3303 3574 conturbamur
3353 3517 3614 3573 incursu.

1968 3612 2093 3668 Per.

2038 3702 2280 3756 Secreta.
2313 3697 2928 3771 Oblatis,quaasumus,
2948 3696 3209 3766 Domine,
3227 3695 3461 3769 placare
3491 3711 3622 3751 mu-

1968 3790 2228 3855 neribus,
2262 3792 2321 3844 et
2350 3787 2748 3844 intercedente
2793 3787 2962 3843 beato
3015 3786 3166 3842 Rufo
3213 3788 3467 3858 martyre
3497 3788 3619 3852 tuo,

1967 3897 2001 3937 a
2029 3878 2258 3935 cunctis
2288 3894 2394 3933 nos
2422 3876 2667 3932 defende
2696 3873 2993 3948 periculis.
3026 3874 3152 3930 Per.

2036 3964 2731 4027 Cammunia.Coelestibus
2753 3963 2952 4020 refecti
2983 3962 3367 4019 sacramentis
3394 3966 3455 4019 et
3481 3977 3621 4035 gan-

1966 4054 2402 4128 diis,supplices
2430 4058 2486 4110 te
2517 4068 2825 4126 rogamus,
2845 4051 3191 4121 Domine,ut
3220 4066 3471 4123 quorum
3494 4050 3618 4123 glo-

1966 4129 2191 4203 riamur
2217 4140 2558 4216 triumphis,
2592 4144 2967 4214 protegamur
2997 4138 3253 4195 auxiliis.
3290 4139 3415 4197 Per.

2227 4250 2285 4290 IN
2325 4246 2493 4289 ιθΕὲΓο
2532 4246 2726 4287 SANCTI
2764 4245 3001 4285 JOANNIS
3040 4243 3348 4284 BAP'I'ISTE.

2037 4325 2222 4382 Oratio
2250 4328 2313 4379 ut
2344 4324 2405 4377 in
2432 4319 2616 4377 editis.

2035 4416 2269 4472 Secreta.
2305 4413 2547 4469 Munera
2572 4407 2974 4478 tibi,Domine,
3008 4424 3111 4481 pro
3160 4405 3350 4464 sancti
3400 4408 3619 4480 marty-

270 4489 483 4547 Oratio.
516 4490 732 4548 Adesto
762 4492 1029 4561 Domine,
1063 4493 1593 4568 supplicationibus
1615 4500 1853 4567 nostris,
1885 4511 1932 4575 Β
1963 4505 2047 4561 ris
2077 4505 2162 4559 tui
2194 4502 2439 4559 Joannis
2474 4499 2745 4572 Baptistae
2787 4497 3058 4571 passione
3105 4495 3445 4564 deferimus,
3478 4494 3619 4568 quia

193 4584 256 4637 et
302 4578 698 4637 intercedente
728 4582 897 4638 beato
930 4586 1183 4656 martyre
1226 4588 1327 4640 tuo
1376 4585 1604 4659 Magno,
1632 4587 1706 4642 ab
1746 4588 1855 4643 ho-

195 4668 384 4725 stium
416 4685 521 4726 nos
551 4670 798 4727 defende
829 4673 1184 4745 propitiatus
1215 4674 1476 4731 incursu.
1514 4675 1637 4731 Per.

272 4758 508 4815 Secreta.
554 4758 771 4817 Praesta
818 4761 1009 4831 nobis,
1062 4780 1422 4835 quaesumus,
1483 4764 1855 4838 omnipotens

194 4845 376 4913 Deus,
411 4851 476 4902 ut
504 4852 715 4905 nostra;
746 4850 1104 4910 humilitatis
1133 4852 1368 4921 oblatio,
1395 4858 1451 4909 et
1481 4870 1584 4927 pro
1616 4858 1852 4911 tuorum

194 4934 307 4990 tibi
337 4939 503 5009 grata
533 4936 613 4993 sit
638 4938 857 4996 honore
890 4946 1314 5012 sanctorum,et
1339 4960 1445 5000 nos
1477 4960 1715 5016 corpore
1748 4962 1852 5018 pa-

195 5020 343 5080 riter
369 5027 430 5081 et
455 5029 649 5083 mente
681 5028 968 5099 puriﬁcet.
1004 5031 1128 5087 Per.

272 5112 612 5170 Communia.
648 5116 774 5171 Tua
803 5123 1006 5174 sancta
1025 5125 1348 5186 sumentes,
1378 5123 1856 5194 queesumus,Do-

197 5200 381 5271 mine,
414 5205 479 5258 ut
508 5202 660 5260 beati
693 5204 887 5280 Magni
931 5225 1039 5264 nos
1088 5208 1318 5266 faveant
1358 5211 1528 5267 beata
1555 5212 1846 5284 praesidia.

197 5289 325 5346 Per.

376 5396 437 5435 IN
477 5398 848 5440 DEDICATIONB
887 5402 1157 5443 BASILICE
1196 5403 1385 5444 SANC'I‘I
1428 5405 1674 5446 FLORIDI.

269 5467 457 5525 Oratio
494 5479 544 5528 ει
586 5481 812 5546 secreta,
862 5479 926 5532 ut
963 5477 1024 5534 in
1072 5476 1234 5537 aditis
1282 5479 1344 5535 in
1385 5477 1724 5540 dedicatione
1760 5498 1845 5543 ec-

195 5557 403 5624 clesia.

1968 4593 2108 4647 dum
2140 4590 2343 4645 ﬁnitur
2375 4590 2432 4643 in
2462 4587 2656 4655 terris,
2691 4586 2878 4642 factus
2928 4590 3019 4641 est
3070 4584 3286 4641 caelesti
3329 4584 3466 4640 sede
3494 4598 3618 4656 per-

1966 4683 2201 4751 petuus,
2225 4681 2281 4731 et
2308 4691 2648 4747 qumsu-mus
2679 4680 2744 4730 ut
2766 4676 2895 4746 ejus
2926 4676 3164 4729 obtentu
3217 4673 3387 4729 nobis
3439 4671 3616 4744 proﬁ-

1965 4767 2078 4823 ciat
2106 4766 2176 4822 ad
2210 4763 2478 4819 salutem.
2514 4763 2639 4817 Per.

2036 4853 2373 4911 Communia.
2406 4850 2675 4905 Conferat
2709 4851 2895 4916 nobis,
2934 4849 3193 4913 Domine,
3227 4846 3414 4903 sancti
3443 4846 3615 4902 Joan-

1962 4945 2053 5001 nis
2103 4942 2379 5014 Baptistm
2426 4945 2675 5010 utraque
2726 4938 3088 5002 solemnitas,
3123 4941 3189 4990 ut
3216 4940 3275 4991 et
3302 4932 3619 5008 magniﬁca

1961 5035 2346 5098 sacramenta,
2379 5045 2506 5101 quae
2537 5027 2925 5099 sumpsimus,
2968 5025 3333 5082 sanctiﬁcata
3378 5037 3614 5079 venere-

1962 5141 2117 5191 mur,
2144 5125 2201 5177 et
2228 5120 2287 5174 in
2318 5117 2487 5174 nobis
2518 5116 2715 5189 potius
2745 5115 2901 5171 edita
2927 5114 3308 5188 gaudeamus.
3337 5112 3463 5168 Per.

2325 5225 2383 5263 IN
2424 5222 2587 5263 FES’I'O
2625 5222 2850 5261 8ΑΝϐΤιΕ
2889 5220 3245 5261 FELICITA'I‘IS.

2032 5301 2236 5359 Oratio.
2272 5298 2506 5364 Praesta,
2540 5310 2905 5367 quaesumus,
2939 5294 3311 5366 omnipotens
3345 5296 3514 5358 Deus,
3550 5295 3615 5347 ut

1956 5393 2142 5449 beatae
2180 5385 2492 5445 Felicitatis
2522 5384 2799 5457 martyris
2832 5389 2943 5440 tuae
2974 5381 3265 5441 solemnia
3305 5397 3615 5437 recensen-

1956 5486 2051 5540 tes
2075 5478 2305 5536 meritis
2334 5475 2522 5550 ipsius
2552 5482 2931 5547 protegamur
2958 5477 3017 5529 et
3039 5471 3331 5547 precibus.
3366 5472 3492 5527 Per.

2026 5570 2264 5632 Secreta.
2301 5567 2456 5626 Vota
2482 5562 2682 5641 populi
2712 5562 2821 5637 tui,
2841 5561 3108 5636 Domine,
3138 5560 3491 5649 propitiatus
3519 5558 3611 5623 it:-
