3982 6172
205 283 312 351 901

1020 292 1400 355 EXCE-RPT.
1448 292 1547 355 EX
1597 294 1824 358 CODD.
1872 291 2186 358 Ll'l‘URG.
2236 291 2835 360 FON'I‘AVELLAN.

3493 286 3611 353 902
3698 322 3703 327 ~

206 437 357 490 mus,
390 421 658 492 Domine,
682 423 867 479 bonos
899 441 1091 481 mores
1114 423 1379 498 placatus
1402 427 1673 498 institue;
1694 433 1758 485 tu
1792 429 1849 484 in
1880 431 1936 498 Α
2042 428 2378 486 Communia.
2421 430 2752 502 Sumentes,
2794 427 3059 496 Domine,
3094 430 3385 500 perpetuas
3414 443 3613 483 sacra-

202 527 290 580 eo,
329 511 485 583 quod
517 510 624 567 tibi
674 511 960 585 placitum
993 512 1089 583 sit,
1136 513 1447 588 dignanter
1492 516 1757 589 infunde,
1789 523 1854 574 ut

203 604 258 744 ἓι
302 599 518 675 dignus
559 601 656 674 sit,
703 607 760 659 et
809 606 910 659 tua
947 603 1137 661 valeat
1181 603 1464 662 beneﬁcia
1509 608 1850 679 promereri.

245 706 328 744 er.

245 706 328 746 ΘΓ.

274 779 613 838 Communia.
659 781 810 853 Haec,
844 798 1207 855 quaesumus,
1240 783 1508 855 Domine,
1536 790 1672 854 etc.,
1702 792 1763 843 ut
1795 790 1856 844 in

202 867 379 924 editis.
1145 931 1161 944 ,

423 974 547 1014 ΑΗΔ
586 976 758 1016 MISSA
796 977 907 1016 PRO
946 977 1257 1019 SEME‘I‘IPSO
1295 980 1632 1021 SACERDO’I‘E.

277 1045 482 1102 Oratio.
511 1047 861 1121 Suppliciter
906 1053 984 1118 te,
1027 1049 1293 1122 piissime
1323 1051 1500 1121 Deus,
1535 1053 1702 1111 Pater
1729 1072 1853 1111 om-

204 1132 500 1207 nipotens,
522 1135 625 1208 qui
645 1142 733 1193 est
752 1142 980 1194 creator
1009 1138 1273 1195 omnium
1304 1156 1526 1211 rerum,
1551 1143 1852 1216 deprecor,

206 1224 270 1277 ut
310 1223 454 1279 dum
503 1241 598 1280 me
649 1226 935 1282 famulum
982 1231 1148 1283 tuum
1190 1244 1386 1286 coram
1437 1232 1857 1304 omnipotentia

204 1311 533 1383 maiestatis
577 1317 691 1369 tum
745 1315 995 1388 graviter
1043 1317 1360 1390 deliquisse
1408 1320 1705 1392 conﬁteor,
1755 1339 1859 1395 per

202 1400 685 1459 intercessionem
718 1404 897 1460 beatae
928 1405 1122 1461 Marias
1146 1423 1378 1481 semper
1395 1408 1638 1482 virginis
1660 1420 1717 1468 et
1737 1428 1858 1468 om-

203 1489 370 1546 nium
402 1494 740 1548 sanctorum
770 1496 1006 1550 tuorum
1040 1512 1278 1552 manum
1312 1498 1722 1555 misericordiae
1743 1505 1857 1558 tua:

202 1577 349 1634 mihi
378 1579 666 1654 porrigas,
700 1587 991 1654 quatenus
1021 1585 1162 1640 dum
1193 1585 1342 1641 hanc
1374 1586 1724 1645 oblationem
1746 1594 1857 1645 tua:

202 1667 441 1741 pietatis
462 1668 660 1739 offero,
683 1671 838 1741 quod
856 1673 1123 1745 nequiter
1145 1673 1380 1743 admisi,
1402 1674 1860 1734 clementissime

202 1757 473 1831 digneris
499 1775 594 1815 me
618 1759 936 1817 absolvere.
969 1762 1094 1817 Per.

232 1906 256 1925 ς
276 1846 511 1903 Secreta.
543 1847 699 1905 Deus
746 1849 1182 1923 misericordiae,
1215 1856 1366 1908 Deus
1411 1854 1667 1926 pietatis,
1700 1856 1855 1913 Deus

203 1935 614 2009 indulgentiae,
637 1937 896 2013 indulge,
928 1957 1148 2013 quaeso,
1174 1945 1232 1996 et
1263 1941 1539 1999 miserere
1570 1944 1683 2000 mei
1705 1945 1857 2002 servi

203 2025 320 2093 tui,
344 2029 402 2083 et
431 2026 788 2083 sacriﬁcium
809 2029 963 2101 quod
996 2029 1229 2101 pietatis
1259 2036 1373 2087 tuae
1394 2032 1593 2105 gratia:
1626 2033 1860 2090 humili-

203 2118 297 2171 ter
327 2115 523 2184 oﬂ'ero,
556 2115 807 2189 benigne
858 2117 1118 2191 digneris
1150 2119 1465 2192 suscipere,
1514 2127 1571 2177 et
1600 2128 1857 2195 peccata,

205 2219 338 2276 qua:
368 2202 702 2262 labentibus
723 2206 881 2262 vitiis
903 2208 1186 2277 contraxi,
1213 2208 1390 2265 beatae
1412 2209 1607 2266 Mariae
1630 2228 1863 2285 semper

198 2292 472 2367 virginis,
506 2298 563 2363 et
592 2294 857 2351 omnium
872 2299 1212 2352 sanctorum
1230 2300 1465 2354 tuorum
1483 2299 1618 2373 pius
1641 2318 1707 2357 ac
1726 2319 1858 2374 pro-

201 2381 390 2454 pitius
415 2385 474 2437 et
503 2382 837 2440 misericors
863 2384 1190 2459 indulgeas,
1223 2391 1280 2443 et
1296 2386 1487 2444 locum
1508 2390 1862 2461 paenitentiae

207 2486 277 2526 ac
305 2468 697 2543 lacrymarum
721 2471 967 2528 ﬂumina
989 2476 1265 2545 concede,
1290 2482 1355 2532 ut
1384 2477 1615 2533 veniam
1639 2495 1867 2536 merear

207 2557 473 2630 accipere
505 2557 875 2617 delictorum.
912 2562 1035 2618 Per.

290 2646 631 2705 Communia.
683 2653 859 2719 Deus,
909 2651 1010 2723 qui
1042 2652 1322 2723 vivorum,
1355 2672 1417 2711 es
1445 2656 1706 2714 Salvator
1734 2675 1861 2715 om-

213 2735 405 2805 nium,
441 2735 543 2808 qui
575 2753 691 2793 non
722 2738 810 2794 vis
839 2743 1086 2796 mortem
1118 2746 1621 2814 peccatorum,nec
1650 2746 1866 2805 laetaris

212 2824 278 2881 in
307 2824 638 2905 perditione
669 2827 1065 2898 morientium,
1097 2833 1153 2885 te
1198 2831 1539 2904 suppliciter
1569 2834 1865 2908 deprecor,

215 2917 287 2969 ut
313 2914 600 2970 concedas
630 2914 775 2970 mihi
803 2916 1033 2971 veniam
1072 2922 1441 2989 peccatorum
1483 2937 1770 2993 meorum,
1804 2929 1869 2981 ut

216 3002 482 3059 admissa
513 3002 779 3069 defleam,
812 3007 868 3059 et
899 3006 1268 3076 postmodum
1297 3008 1508 3076 flenda,
1529 3029 1642 3068 non
1661 3014 1870 3070 admit-

213 3094 339 3146 tam
364 3107 377 3146 :
412 3095 472 3146 ut
506 3107 639 3147 cum
671 3091 815 3146 mihi
846 3097 1107 3148 extarma
1132 3095 1255 3151 dies
1283 3095 1532 3169 ﬁnisque
1550 3099 1677 3155 vita:
1700 3102 1868 3158 adve-

1969 521 2164 573 menta
2194 517 2403 575 salutis
2425 522 2584 574 tuam
2609 520 2993 591 deprecamur
3011 515 3404 583 clementiam,
3428 520 3492 571 ut
3513 533 3616 589 per

1963 624 2032 664 ea
2062 605 2350 664 famulum
2384 610 2551 664 tuum
2571 608 2639 664 N.
2672 608 2744 664 ab
2763 607 2921 664 omni
2955 604 3300 663 adversitate
3322 609 3612 679 protegas.

1964 696 2090 752 Per.

2524 804 2649 842 ALIA
2689 804 2800 842 PRO
2839 801 3054 843 AMICIS.

2038 878 2241 933 Oratio.
2293 876 2466 945 Deus,
2519 877 2619 948 qui
2668 875 2971 932 charitatis
3020 875 3173 930 dona
3216 889 3319 946 per
3364 873 3615 946 gratiam

1966 966 2153 1023 sancti
2183 964 2434 1038 Spiritus
2452 968 2688 1021 tuorum
2712 964 2987 1021 cordibus
3006 961 3299 1031 infudisti,
3321 963 3396 1018 6a
3425 961 3616 1019 famu-

1964 1052 2038 1108 lis
2051 1052 2169 1108 tuis
2185 1052 2251 1107 N.
2278 1068 2381 1124 pro
2400 1051 2616 1123 quibus
2633 1056 2795 1107 tuam
2818 1052 3203 1123 deprecamur
3223 1048 3615 1118 clementiam,

1964 1139 2216 1197 salutem
2248 1140 2463 1196 mentis
2484 1144 2542 1195 et
2570 1139 2852 1211 corporis,
2899 1143 2963 1194 ut
2993 1144 3048 1195 te
3078 1144 3201 1194 tota
3228 1139 3441 1195 virtute
3481 1136 3619 1194 dili-

1964 1233 2126 1303 gant,
2160 1233 2217 1285 et
2247 1246 2374 1301 qua:
2406 1228 2510 1284 tibi
2542 1227 2755 1303 placita
2786 1231 2925 1283 sunt
2958 1233 3077 1283 tota
3104 1227 3409 1285 devotione
3440 1228 3621 1301 perﬁ-

1966 1320 2141 1375 ciant.
2174 1322 2304 1373 Per.

2036 1408 2270 1464 Secreta.
2303 1406 2595 1473 Miserere,
2648 1422 3011 1478 quaesumus,
3063 1405 3332 1475 Domine,
3382 1403 3621 1461 famulis

1966 1498 2106 1565 tuis,
2140 1513 2245 1569 pro
2287 1495 2501 1568 quibus
2532 1496 2641 1551 hoc
2673 1495 3026 1551 sacriﬁcium
3057 1493 3251 1552 laudis
3281 1500 3395 1551 tuae
3427 1494 3622 1550 oil‘eri-

1968 1604 2102 1643 mus
2157 1585 2472 1657 majestati,
2527 1588 2592 1640 ut
2638 1600 2740 1656 per
2785 1584 2907 1640 haec
2957 1588 3324 1641 sacramenta
3353 1599 3621 1656 superna:

1966 1674 2391 1731 benedictionis
2413 1674 2663 1747 gratiam
2688 1674 3011 1742 oblineant,
3043 1677 3099 1729 et
3119 1672 3365 1746 gloriam
3397 1677 3622 1729 mternze

1887 1800 1937 1865 B
1970 1763 2352 1821 beatitudinis
2374 1763 2699 1834 acquirant.
2732 1763 2859 1819 Pcr.

2039 1854 2378 1910 Communia.
2413 1850 2619 1906 Divina
2648 1850 2898 1908 libantes
2930 1850 3224 1924 mysteria,
3259 1867 3621 1924 quaesumus,

1968 1942 2233 2013 Domine,
2266 1941 2470 1997 uthszc
2486 1939 2767 1997 salutaria
2798 1943 3168 1995 sacramenta
3194 1937 3279 1994 illi
3310 1937 3628 2012 proﬁciant

1968 2032 2039 2087 ad
2072 2031 2514 2104 prosperitatem
2546 2033 2603 2085 et
2625 2046 2849 2102 pacem,
2885 2045 2986 2101 pro
3019 2044 3269 2101 quorum
3292 2027 3623 2096 dilectione,

1968 2119 2090 2176 haec
2118 2124 2231 2175 tuas
2263 2118 2584 2181 obtulimus
2614 2116 2928 2190 majestati.
2964 2117 3088 2172 Per.

2042 2208 2187 2264 Alia.
2217 2208 2394 2277 Deus,
2427 2207 2528 2279 qui
2561 2206 2896 2279 supplicum
2927 2210 3163 2261 tuorum
3194 2210 3327 2261 vota
3356 2222 3461 2279 per
3496 2206 3628 2262 cha-

1971 2297 2162 2355 ritatis
2193 2296 2388 2353 ofﬁcia
2436 2296 2733 2368 suscipere
2781 2295 3064 2368 dignaris,
3118 2294 3192 2350 da
3231 2294 3471 2351 famulis
3504 2294 3624 2350 tuis

1969 2388 2028 2443 in
2063 2392 2164 2443 tua
2194 2386 2472 2459 proﬁcere
2503 2384 2833 2454 dilectione,
2872 2388 2933 2439 ut
2962 2388 3019 2440 et
3054 2383 3158 2438 tibi
3191 2400 3398 2440 secura
3428 2387 3629 2441 mente

1972 2477 2325 2548 deserviant,
2346 2479 2404 2531 et
2432 2475 2490 2530 in
2525 2479 2628 2531 tua
2646 2491 2786 2548 pace
2807 2491 3039 2547 semper
3059 2474 3335 2532 assistere
3360 2489 3626 2531 merean-

1972 2571 2085 2622 tur.
2121 2571 2247 2622 Per.
2986 2627 3035 2655 κ

2474 2669 2644 2708 MISSA
2695 2668 2804 2707 PRO
2846 2668 3108 2707 PECCATIS
3118 2693 3129 2706 .

2048 2743 2254 2798 Oratio.
2301 2740 2622 2797 Exsultatio
2667 2740 2884 2812 divina,
2939 2740 3124 2814 pietas
3156 2743 3417 2813 paterna,
3450 2741 3629 2810 maje-

1976 2836 2096 2888 stas
2125 2831 2433 2899 immensa,
2460 2834 2515 2886 te
2543 2829 2789 2903 supplex
2818 2833 3194 2902 tremensque
3224 2829 3505 2902 deprecor
3523 2845 3629 2901 pro

1978 2918 2199 2975 famula
2223 2922 2325 2975 tua
2353 2920 2421 2974 N.
2453 2924 2515 2974 ut
2531 2920 2633 2975 des
2654 2919 2702 2975 ei
2724 2923 2979 2974 mentem
3003 2935 3233 2992 puram,
3259 2916 3632 2974 charitatem-

1978 3025 2091 3080 que
2124 3008 2461 3079 perfectam,
2511 3007 2569 3062 in
2614 3008 2843 3063 actibus
2893 3006 3312 3074 sinceritatem,
3362 3007 3421 3062 in
3454 3007 3628 3063 corde

1982 3095 2318 3168 puritatem,
2350 3096 2408 3149 in
2442 3112 2612 3168 opere
2642 3095 2936 3162 virtutem,
2987 3095 3045 3149 in
3077 3094 3341 3151 moribus
3371 3094 3634 3167 discipli-

214 3178 391 3251 nerit,
422 3180 798 3236 emendatum
822 3179 1049 3237 delictis
1071 3183 1345 3241 omnibus
1367 3167 1460 3242 me
1481 3188 1725 3260 angelus
1741 3207 1872 3246 san-
1899 3167 1944 3235 δ
1982 3167 2141 3251 tiam,
2179 3187 2242 3238 ut
2270 3183 2426 3255 (ἰυοά
2476 3167 2603 3249 έιοδ,
2647 3183 2781 3239 licet
2810 3182 3058 3255 indigni,
3092 3186 3230 3238 ante
3255 3187 3631 3254 conspectum

216 3266 439 3323 ctitatis
469 3269 774 3340 suscipiat.
810 3272 930 3326 Per.

627 3374 799 3414 MISSA
837 3374 946 3413 PRO
984 3376 1161 3414 AMICO
1201 3377 1461 3417 VIVENTE.

293 3442 502 3501 Oratio.
546 3449 701 3503 Deus
729 3447 829 3519 qui
870 3446 1168 3519 justiﬁcas
1215 3450 1487 3523 impium,
1539 3457 1597 3509 et
1638 3472 1753 3511 non
1782 3456 1870 3513 vis

218 3537 471 3591 mortem
506 3540 900 3609 peccatorum,
937 3538 1302 3609 majestatem
1339 3544 1502 3596 tuam
1534 3543 1875 3616 suppliciter

218 3622 622 3696 deprecamur,
662 3629 728 3681 ut
767 3626 1055 3682 famulum
1090 3633 1275 3697 tuum,
1304 3629 1372 3684 N.
1396 3630 1466 3685 de
1506 3635 1610 3687 tua
1648 3633 1871 3690 miseri-

220 3712 421 3768 cordia
438 3714 850 3785 conﬁdentem,
876 3715 1093 3771 caelesti
1118 3721 1389 3791 protegas
1406 3718 1697 3792 benignus
1719 3724 1876 3779 auxi-

218 3800 321 3870 lio,
348 3806 405 3856 et
445 3803 684 3860 assidua
713 3804 1068 3876 protectione
1090 3821 1414 3876 conserves,
1450 3812 1515 3864 ut
1534 3808 1639 3865 tibi
1654 3810 1877 3884 jugiter

220 3889 538 3946 famuletur
580 3896 637 3948 ct
681 3892 861 3950 nullis
891 3895 1310 3954 tentationibus
1362 3915 1396 3955 a
1443 3902 1499 3955 to
1545 3905 1868 3973 separetur.

219 3978 350 4034 Per.

291 4066 527 4125 Secreta.
561 4069 769 4142 Hujus,
806 4072 1072 4140 Domine,
1103 4090 1465 4147 quaesumus,
1499 4078 1716 4135 virtute
1747 4096 1871 4153 my-

217 4155 382 4213 sterii
412 4162 468 4214 et
497 4176 531 4213 a
551 4160 802 4231 propriis
820 4178 928 4216 nos
957 4164 1178 4218 munda
1207 4164 1459 4232 delictis,
1494 4172 1550 4222 et
1583 4167 1874 4238 famulum

223 4250 397 4302 tuum
419 4246 487 4303 N.
523 4247 596 4301 ab
627 4249 902 4304 omnibus
930 4251 1163 4307 absolve
1188 4256 1460 4324 peccatis.
1497 4257 1623 4321 Per.

295 4326 638 4382 Communia.
692 4328 1008 4384 Puriﬁcent
1037 4347 1163 4396 nos,
1210 4333 1476 4399 Domine,
1510 4352 1872 4409 quaesumus,

214 4416 597 4470 sacramenta
620 4430 748 4487 quae
774 4417 1162 4489 sumpsimus,
1193 4424 1251 4474 et
1291 4420 1580 4479 famulum
1611 4430 1778 4483 tuum
1805 4429 1872 4483 N.

1981 3271 2311 3344 majestatis
2344 3276 2453 3326 tua:
2484 3270 2735 3326 ﬁdeliter
2749 3271 3068 3342 devoteque
3093 3287 3197 3341 pro
3228 3270 3357 3343 ipsa
3386 3269 3637 3325 clemen-

1980 3362 2073 3418 tiae
2104 3364 2216 3416 tute
2257 3360 2578 3429 offerimus,
2628 3359 2863 3432 pietatis
2914 3363 3026 3413 tuas
3079 3358 3272 3431 gratia
3318 3358 3633 3414 obtinendo

1982 3454 2312 3523 cognoscat.
2346 3453 2475 3504 Per.

2055 3540 2284 3595 Secreta.
2302 3536 2564 3610 Indulge,
2593 3535 2851 3604 Domine,
2872 3534 3227 3609 supplicanti
3249 3536 3393 3592 mihi
3416 3534 3637 3592 famulo

1981 3633 2102 3695 tuo,
2135 3629 2211 3683 da
2250 3626 2679 3700 indulgentiam
2730 3625 3031 3699 poscendi,
3064 3630 3129 3681 ut
3153 3641 3357 3682 secure
3388 3625 3496 3682 tibi
3526 3630 3637 3681 Do-

1984 3717 2143 3774 mino
2193 3717 2309 3773 Deo
2366 3720 2563 3773 nostro
2621 3715 2918 3773 victimam
2982 3732 3089 3787 pro
3148 3714 3374 3772 famula
3434 3719 3538 3771 tua
3591 3714 3638 3770 N

1983 3806 2188 3862 otl‘erre
2201 3805 2446 3873 valeam,
2482 3811 2547 3861 ut
2567 3823 2672 3879 pro
2692 3805 2920 3861 dilectis
2939 3805 3066 3860 suis
3097 3805 3330 3861 veniam
3360 3804 3638 3873 obtineat,

1983 3900 2040 3952 et
2071 3911 2173 3967 per
2203 3898 2259 3951 te
2288 3895 2507 3967 pariter
2531 3899 2736 3950 sancta
2762 3910 3009 3949 munera
3039 3897 3354 3949 consecuta
3379 3893 3452 3949 ad
3483 3891 3639 3949 salu-
3706 3896 3711 3899 “

1983 3990 2099 4040 tem
2132 3988 2356 4039 aeternae
2383 3982 2583 4055 gratiae
2621 3999 2756 4039 cum
2780 3988 2879 4038 tuo
2906 3982 3197 4053 adjutorio
3220 3982 3407 4053 possit
3437 3996 3640 4054 perve-

1985 4072 2125 4127 nire.
2163 4072 2288 4127 Per.

2058 4160 2400 4217 Communia.
2453 4160 2747 4216 Conﬁrma
2778 4158 2909 4230 hoc,
2960 4158 3137 4227 Deus,
3188 4158 3340 4231 quod
3371 4160 3644 4229 operatus

1992 4266 2054 4306 es
2087 4249 2145 4304 in
2179 4249 2372 4318 nobis,
2413 4254 2471 4304 et
2502 4248 2729 4305 custodi
2778 4248 3052 4321 gratiam,
3083 4263 3262 4320 quam
3294 4245 3461 4302 nobis
3509 4262 3642 4301 con-

1989 4340 2140 4397 ferre
2171 4339 2449 4413 dignatus
2480 4356 2565 4405 es,
2586 4343 2822 4394 tuorum
2842 4337 3255 4393 intercessione
3284 4339 3641 4405 sanctorum,

1993 4436 2048 4485 et
2078 4430 2299 4485 donum
2333 4433 2445 4484 tuae
2495 4426 2909 4484 misericordiae
2956 4425 3189 4482 famulae
3243 4430 3359 4483 tuae
3384 4425 3645 4482 conferre

216 4502 295 4558 ab
327 4500 485 4601 omnni
534 4500 708 4575 culpa
758 4502 1008 4560 liberum
1058 4522 1185 4562 esse
1215 4511 1488 4577 concede,
1520 4516 1578 4567 et
1604 4514 1705 4584 qui
1736 4531 1871 4571 con-
1904 4537 1951 4601 ο
1985 4518 2248 4591 dignare.
2282 4518 2407 4573 Per.

218 4589 481 4648 scientia:
503 4594 668 4648 reatu
691 4592 1136 4666 constringitur,
1159 4596 1411 4653 caelestis
1436 4600 1674 4655 remedii
1692 4600 1874 4672 pleni-

217 4678 424 4736 tudine
453 4679 751 4753 glorietur.
788 4681 911 4736 Per.

620 4758 627 4763 “
674 4787 783 4826 pao
820 4788 1007 4828 amas
1056 4790 1417 4832 VIVENTIBUS.

294 4856 500 4914 Oratio.
548 4857 933 4933 Omnipotens
983 4864 1339 4938 sempiterna
1396 4866 1569 4935 Deus,
1603 4867 1877 4926 miserere

218 4944 462 5002 famulis
490 4947 629 5018 tuis,
652 4953 710 5005 et
739 4949 923 5025 dirige
952 4970 1052 5010 eos
1080 4955 1404 5012 secundum
1436 4961 1599 5013 tuam
1629 4956 1877 5014 clemen-

221 5034 367 5093 tiam
398 5035 457 5091 in
488 5037 644 5095 viam
666 5039 874 5115 salutis
894 5045 1142 5107 aeternis,
1174 5049 1238 5099 ut
1268 5049 1323 5101 te
1345 5046 1598 5103 donante
1627 5047 1733 5103 tibi
1755 5047 1875 5120 pla-

222 5123 337 5180 cita
365 5124 624 5199 cupiant,
657 5130 714 5183 et
742 5130 865 5184 tota
892 5129 1105 5187 virtute
1135 5133 1459 5205 perﬁciant.
1493 5136 1618 5192 Per.

296 5212 538 5271 Secreta.
573 5215 863 5287 Proﬁciat,
891 5235 1253 5291 quaesumus,
1282 5221 1546 5291 Domine,
1572 5223 1693 5280 haec
1711 5225 1870 5282 obla-

222 5301 327 5369 tio,
375 5320 555 5376 quam
602 5308 714 5361 tua:
764 5306 1056 5380 supplices
1104 5308 1402 5367 offerimus
1450 5313 1764 5383 majestati,
1799 5316 1871 5371 ad

222 5388 475 5447 salutem
506 5391 862 5450 famulorum
894 5398 1152 5466 tuorum,
1179 5397 1242 5452 ut
1270 5398 1634 5470 providentia
1654 5405 1755 5459 tua
1783 5420 1873 5460 eo-

221 5493 357 5631 :um
371 5479 509 5626 Ivita
537 5480 690 5539 inter
737 5483 980 5542 adversa
1009 5488 1067 5543 et
1094 5501 1370 5562 prospera
1403 5486 1623 5564 ubique
1654 5490 1870 5567 diriga-

248 5583 340 5628 ur.
421 5583 503 5630 er.

248 5583 340 5628 ur.
371 5583 503 5630 P6P.

2401 4621 2572 4661 MISSA
2607 4622 2737 4660 ALIA
2778 4622 2887 4661 PRO
2928 4622 3211 4661 PECCATIS.

2058 4694 2262 4749 Oratio.
2328 4692 2481 4748 Deus
2529 4694 2967 4763 misericordiae,
3024 4694 3179 4751 Deus
3236 4692 3640 4765 indulgentiae,

1987 4780 2225 4854 indulge
2255 4797 2473 4852 quaeso,
2502 4785 2559 4837 et
2591 4782 2866 4839 miserere
2900 4782 3118 4838 famulo
3142 4788 3250 4837 tuo
3269 4781 3338 4836 N.
3390 4785 3457 4835 ut
3495 4779 3641 4835 deli~

1985 4875 2233 4937 ctorum,
2268 4886 2395 4941 qua:
2425 4869 2529 4924 tibi
2560 4887 2628 4925 ex
2649 4888 2747 4927 ore
2777 4872 3027 4943 aperuit,
3059 4870 3221 4925 nulla
3243 4870 3302 4924 in
3322 4885 3387 4924 eo
3413 4866 3643 4923 macula

1984 4962 2310 5017 reservetur
2340 4958 2605 5027 interius,
2631 4960 2732 5016 sed
2771 4976 2874 5032 per
2921 4957 3270 5032 pmnitentiae
3302 4957 3527 5013 luctum
3558 4956 3632 5011 ad

1982 5053 2086 5106 tua
2111 5050 2405 5103 mereatur
2435 5048 2734 5119 pervenire
2766 5048 3077 5121 promissa.
3111 5048 3236 5121 Per.

2051 5137 2228 5192 Lectio
2257 5135 2560 5192 Ezechielis
2602 5136 2903 5208 prophetas.
2954 5134 3367 5193 Convertimini
3413 5134 3485 5191 ad
3520 5151 3639 5202 me,

1983 5233 2115 5296 ete.,
2148 5243 2317 5298 usque
2341 5225 2480 5283 dicit
2503 5225 2808 5282 Dominus.

2053 5316 2343 5387 Sequentia
2372 5316 2549 5371 sancti
2592 5315 2881 5383 Evangelii
2943 5313 3241 5370 secundum
3296 5313 3635 5370 Mattha‘um.

1983 5406 2047 5460 In
2076 5403 2174 5460 illo
2204 5406 2500 5477 tempore:
2535 5403 2949 5460 Discumbente
2970 5403 3131 5471 Jesu,
3154 5407 3288 5472 etc.,
3313 5417 3483 5479 usque
3512 5418 3641 5476 pec-

1981 5497 2209 5552 catores
2238 5493 2298 5549 in
2324 5492 2753 5568 pmnitentiam.

2001 5574 2006 5579 ’
2052 5582 2286 5643 Secreta.
2328 5582 2593 5660 Respice,
2643 5596 3006 5660 quasumus,
3038 5579 3303 5652 Domine,
3335 5579 3409 5640 ad
3438 5593 3637 5659 preces
