3982 6172
368 173 488 236 903

1599 148 1787 237 εΑεὲρ.
1832 171 1910 234 x1
1955 165 2266 239 MONUM.
2316 173 2546 237 AUCT.

3656 175 3809 238 904

368 307 574 364 famuli
632 305 717 363 tui
777 307 877 380 qui
926 306 1032 365 tibi
1077 311 1269 365 mente
1315 312 1372 365 et
1400 308 1571 364 corde
1630 324 1691 363 se
1747 324 2019 381 peccasse
2050 310 2102 376 Α
2133 308 2289 363 renis
2336 308 2640 363 affectibus
2681 307 2893 381 expiati
2932 309 3004 364 ad
3059 308 3298 381 superni
3346 307 3801 382 pienitudinem

367 396 619 471 graviter
646 396 983 466 confitetur;
1009 400 1065 453 et
1093 403 1321 469 praesta,
1346 402 1412 453 ut
1428 412 1530 469 per
1549 395 1900 452 oblationem
1922 397 2003 452 tui

367 484 625 559 corporis
646 490 704 543 et
733 487 1057 560 sanguinis,
1082 504 1256 559 quam
1280 486 1385 541 tibi
1417 503 1521 559 pro
1549 485 1676 558 ipso
1702 487 2005 542 offerimus

361 576 593 632 veniam
624 576 934 648 impetrare
961 575 1277 631 valeamus.
1308 576 1430 631 Per.

441 666 776 721 Communia.
826 664 1061 730 Refecti,
1114 681 1474 736 quaesumus,
1530 664 1792 730 Domine,
1855 663 2005 720 datis

367 754 508 822 tuis,
543 757 599 809 te
628 751 920 824 supplices
951 769 1279 821 exoramus,
1311 756 1377 808 ut
1401 762 1676 809 eonverso
1708 754 1884 808 fratre
1901 769 2003 808 no-

366 849 485 899 stro
511 841 581 897 ad
615 839 767 895 viam
807 839 1072 912 justitiae,
1106 841 1327 897 fontem
1357 840 1746 915 lacrymarum
1778 841 1838 896 in
1870 858 2004 897 eum

362 929 683 996 concutias,
715 933 771 985 et
800 946 871 984 ne
901 930 1057 985 ultra
1083 929 1338 1003 lugenda
1367 930 1712 995 committat,
1745 946 1878 986 eum
1910 946 2005 1001 pa-

357 1025 525 1077 terna
551 1018 765 1091 pietate
798 1019 1047 1075 custodi.
1073 1023 1199 1076 Per.

662 1122 773 1162 PRO
812 1124 1245 1164 CONFITENTIBUS
1287 1125 1527 1164 PECCATA
1566 1126 1693 1165 SUA.

431 1197 636 1254 Oratio.
672 1195 913 1265 Exaudi,
966 1214 1325 1269 quaesumus,
1369 1198 1631 1266 Domine,
1667 1196 2001 1271 supplicum

356 1302 579 1358 preces,
612 1290 742 1351 etc.,
780 1290 841 1340 ut
873 1287 933 1341 in
963 1286 1177 1341 titaniis
1206 1286 1382 1342 editis.
1453 1342 1461 1352 ,

427 1374 661 1431 Secreta.
694 1373 927 1430 Hostias
967 1374 1097 1441 tibi,
1129 1375 1392 1442 Domine,
1437 1374 1783 1448 placationis
1812 1374 1998 1431 offeri-

357 1479 512 1533 mus,
544 1467 610 1520 ut
629 1462 841 1519 delicta
861 1468 1060 1520 nostra
1081 1464 1395 1521 miseratus
1426 1463 1695 1521 absolvas
1714 1468 1771 1520 et
1801 1480 1999 1537 pacem

358 1553 527 1609 nobis
553 1553 859 1609 concedas.
893 1553 1019 1611 Per.

428 1641 766 1697 Communia.
818 1646 1035 1698 Praesta
1090 1642 1279 1709 nobis,
1339 1646 1551 1699 azterne
1600 1643 1880 1710 Salvator,
1937 1646 2002 1698 ut

354 1729 741 1802 percipientes
758 1730 865 1786 hoc
885 1747 1125 1787 munere
1154 1731 1383 1787 veniam
1410 1736 1781 1804 peccatorum
1804 1733 1875 1789 de
1889 1733 2009 1790 tuis

354 1830 586 1891 semper
615 1818 911 1875 beneficiis
941 1819 1278 1892 gloriemur.

865 1924 1031 1966 MISSA
1069 1926 1179 1964 PRO
1220 1926 1496 1965 PECCATIS.

425 1997 629 2054 Oratio.
683 1997 857 2065 Deus,
912 1999 1011 2071 qui
1061 2000 1431 2071 peccantium
1482 2017 1596 2056 non
1644 1999 1731 2055 vis
1781 2000 2007 2057 animas

350 2086 564 2158 perire,
597 2086 696 2143 sed
724 2086 949 2158 culpas,
975 2087 1207 2143 contine
1225 2105 1455 2160 poenam
1488 2105 1665 2161 quam
1691 2105 2006 2157 meremur,

348 2179 405 2230 et
434 2191 613 2247 quam
645 2192 957 2246 precamur
1006 2193 1184 2249 super
1217 2194 1324 2233 nos
1373 2177 1606 2233 effunde
1636 2177 2007 2235 clementiam

345 2266 531 2331 tuam,
568 2268 633 2319 ut
689 2265 759 2320 de
793 2281 1040 2320 maerore
1094 2266 1376 2338 gaudium
1430 2269 1544 2320 tute
1595 2266 2006 2323 misericordia:

350 2353 631 2425 consequi
663 2368 1016 2410 mereamur.
1052 2354 1180 2411 Per.

419 2440 649 2497 Secreta.
705 2442 1026 2497 Subveniat
1078 2442 1271 2511 nobis,
1326 2442 1591 2509 Domine,
1642 2459 2002 2513 qua-sumus,

346 2530 616 2585 sacrificii
648 2531 952 2602 praesentis
976 2529 1213 2596 oblatio,
1240 2547 1367 2602 qua:
1400 2547 1507 2585 nos
1539 2534 1595 2585 et
1613 2531 1684 2585 ab
1717 2531 2004 2587 universis

344 2619 642 2674 erroribus
671 2622 935 2690 potenter
972 2618 1253 2686 absolvat,
1288 2623 1343 2674 et
1374 2635 1407 2673 a
1440 2618 1617 2674 totius
1648 2618 1854 2691 eripiat
1880 2636 2004 2694 per-

345 2705 585 2762 ditionis
616 2706 879 2762 incursu.
914 2711 1041 2762 Per.

420 2796 757 2850 Communia.
794 2795 1035 2862 Exaudi,
1070 2795 1337 2860 Domine,
1369 2795 1653 2868 gemitum
1694 2796 1894 2868 populi
1914 2796 2001 2851 tui

345 2900 419 2940 ne
447 2882 581 2956 plus
602 2884 757 2956 apud
780 2888 834 2938 te
847 2882 1035 2939 valeat
1057 2884 1298 2940 offensio
1312 2883 1798 2956 delinquentium,
1822 2901 1998 2956 quam

346 2972 746 3028 misericordia
793 2975 896 3027 tua
950 2972 1177 3028 indulta
1224 2971 1460 3028 ﬂetibus
1509 2972 1991 3045 supplicantium.

342 3065 469 3116 Per.

705 3165 814 3204 PRO
854 3165 1200 3205 REMISSIONE
1240 3166 1563 3205 PECCATORU
1572 3168 1634 3207 Μ.

413 3237 600 3294 Oratio
629 3242 681 3293 et
708 3242 931 3304 secreta,
966 3246 1027 3293 ut
1056 3240 1117 3293 in
1145 3238 1325 3294 editis.

416 3326 753 3382 Communia.
790 3328 944 3393 Quos
966 3343 1208 3383 munere
1238 3325 1454 3383 caelesti
1482 3326 1692 3395 reficis,
1725 3327 1988 3392 Domine,

343 3415 538 3470 divino
566 3420 730 3470 tuere
754 3415 1044 3487 praesidio,
1069 3426 1133 3470 ut
1164 3415 1279 3471 tuis
1311 3415 1604 3487 mysteriis
1633 3415 1994 3488 perfruentes

344 3502 526 3558 nullis
552 3504 877 3558 subdamur
893 3504 1173 3571 adversis,
1198 3509 1256 3559 et
1283 3520 1317 3558 a
1336 3504 1563 3559 cunctis
1580 3503 1995 3576 iniquitatibus

302 3620 305 3621 ν
346 3590 561 3646 nostris
592 3607 735 3646 exue
758 3606 862 3646 nos
884 3589 1254 3662 omnipotens
1276 3591 1451 3661 Deus,
1472 3597 1528 3647 et
1550 3592 1605 3646 in
1630 3596 1730 3647 tua
1750 3593 1837 3647 fac
1855 3608 1995 3664 pace

344 3678 617 3753 gaudere.
651 3682 779 3733 Per.

641 3782 811 3824 MISSA
852 3784 961 3823 PRO
1000 3784 1164 3823 MALIS
1203 3785 1690 3825 COGITA’I‘IONIBUS.

415 3857 603 3913 Oratio
631 3859 690 3912 in
719 3864 942 3923 secreta,
974 3865 1034 3912 ut
1065 3858 1121 3911 in
1156 3856 1337 3913 editis.

416 3945 754 4002 Communia.
788 3946 894 4001 Per
922 3945 1029 4001 hoc
1077 3946 1454 4015 sacriﬁcium,
1489 3963 1850 4019 quaesumus,
1883 3951 1995 4003 Do-

344 4034 523 4101 mine,
563 4035 715 4107 quod
753 4039 864 4090 tuae
918 4034 1241 4090 obtulimus
1272 4035 1587 4107 majestati,
1619 4036 1692 4091 ab
1722 4036 1997 4092 omnibus

343 4140 442 4179 cor
470 4122 674 4179 famuli
705 4122 791 4177 tui
823 4123 1079 4178 emunda
1103 4123 1547 4179 tentationibus.
1583 4123 1705 4180 Per.

619 4228 784 4267 NISSA
824 4228 934 4266 PRO
973 4228 1266 4268 PETITIONE
1307 4229 1716 4268 LACRYMARUM.

416 4300 601 4354 Oratio
626 4309 676 4355 et
696 4301 1158 4370 Postcam-munio,
1192 4304 1252 4355 ut
1281 4302 1343 4355 in
1373 4301 1557 4356 editis.

416 4378 649 4442 Secreta.
713 4387 842 4441 Haec
918 4388 1224 4455 sacrificia,
1298 4404 1658 4459 quaesumus,
1731 4390 2071 4477 Domine,D

343 4492 473 4547 quas
508 4478 620 4529 tua:
649 4474 848 4546 pietati
881 4474 1224 4546 obtulimus,
1259 4477 1428 4533 nobis
1458 4478 1765 4550 proﬁciant
1785 4479 1856 4534 ad
1889 4496 1992 4534 no-

344 4568 600 4619 strorum
630 4563 860 4618 veniam
912 4569 1305 4635 peccatorum,
1338 4569 1397 4620 et
1449 4567 1844 4623 miserationis
1876 4572 1986 4623 tua:

344 4669 577 4725 semper
606 4653 869 4707 tribuant
900 4652 1197 4709 solatium.
1235 4654 1358 4715 Per.

770 4758 939 4797 MISSA
982 4758 1090 4796 PRO
1127 4759 1498 4799 TRIBULATION
1507 4759 1535 4799 Ε
1546 4787 1558 4798 .

414 4831 621 4888 Oratio.
657 4830 1009 4886 Inefl‘abilem
1046 4831 1512 4888 miscricordiam
1542 4838 1725 4899 tuam,
1761 4852 1989 4906 quaesu-

342 4939 495 4985 mus,
541 4920 806 4987 Domine,
852 4920 1020 4975 nobis
1051 4920 1363 4977 clementer
1406 4924 1667 4990 ostende,
1721 4929 1783 4977 ut
1813 4924 1989 4978 simul

342 5027 451 5065 nos
481 5027 516 5066 a
540 5010 793 5082 peccatis
843 5026 1022 5065 exuas
1049 5014 1105 5064 et
1133 5027 1167 5064 a
1209 5010 1396 5080 poenis
1430 5028 1578 5083 quas
1616 5028 1720 5084 pro
1752 5010 1844 5066 bis
1878 5029 1993 5068 me-

342 5115 541 5154 remur
572 5099 806 5171 eripias.
841 5097 965 5154 Per.

414 5187 646 5244 Secreta.
677 5187 950 5243 Purificet
967 5203 1094 5254 nos,
1119 5186 1382 5257 Domine,
1407 5204 1768 5260 quaesumus,
1796 5205 1997 5244 mune-

344 5273 426 5329 ris
451 5276 753 5345 praesentis
783 5275 1021 5343 oblatio,
1044 5281 1099 5331 et
1120 5276 1330 5349 dignos
1352 5290 1519 5332 sacra
1549 5277 1994 5349 participatione

347 5360 627 5434 perficiat.
661 5363 784 5419 Per.

419 5448 754 5511 Communia.
786 5451 1020 5529 Prwsta,
1043 5454 1305 5528 Domine,
1328 5470 1690 5532 quaesumus,
1724 5458 1789 5513 ut
1820 5473 1853 5515 θ.
1881 5458 2007 5514 ter-'

2128 395 2500 463 sacramenti,
2533 397 2704 468 cujus
2734 396 3045 454 libavimus
3063 402 3265 454 sancta
3283 398 3619 455 tendamus.
3645 399 3798 463 Per.

2759 529 2889 568 ALIA
2946 530 3133 569 MISSA.

2193 619 2396 673 Oratio.
2453 624 2625 687 Deus,
2661 619 2762 691 qui
2811 624 3195 676 contritorum
3248 637 3363 676 non
3401 621 3658 695 despicis
3688 637 3802 695 ge-

2118 708 2350 776 mitum,
2370 712 2426 763 et
2456 708 2825 765 monentium
2845 726 2959 766 non
2990 709 3218 783 spernis
3241 710 3535 780 affectum,
3571 712 3795 768 adesto

2117 797 2387 868 precibus
2427 798 2662 866 nostris,
2714 816 2862 871 quas
2895 799 3095 871 pietati
3128 804 3241 854 tua:
3268 816 3372 872 pro
3399 799 3796 856 tribulatione

2123 892 2323 941 nostra
2352 886 2674 953 offerimus,
2708 887 3088 960 implorantes
3115 892 3183 943 ut
3213 905 3317 944 nos
3348 887 3668 945 clementer
3687 906 3796 945 su-

2118 974 2355 1046 scipias,
2397 980 2456 1031 et
2485 975 2610 1031 solo
2662 976 2942 1032 bonitatis
2984 981 3097 1032 tuae
3140 977 3358 1033 intuitu
3408 977 3659 1047 tribuas,
3711 982 3789 1034 ut

2118 1063 2404 1135 quidquid
2450 1068 2653 1119 contra
2683 1082 2792 1122 nos
2821 1065 3118 1121 diabolica:
3151 1072 3327 1138 atque
3354 1066 3627 1123 humana:
3655 1084 3787 1123 mo.

2113 1151 2340 1208 liuntur
2369 1153 2770 1222 adversitates,
2795 1155 2865 1210 ad
2895 1154 3144 1210 nihilum
3175 1155 3424 1228 redigas,
3449 1161 3504 1212 et
3527 1156 3782 1212 consilio

2114 1242 2522 1298 misericordize
2542 1247 2657 1298 tuae
2680 1242 2909 1312 allidas,
2935 1249 3229 1315 quatenus
3255 1243 3436 1301 nullis
3452 1245 3778 1302 adversita-

2118 1330 2279 1386 tibus
2309 1331 2451 1400 Iasi,
2502 1333 2602 1388 sed
2636 1333 2708 1388 ab
2740 1333 2899 1388 omni
2952 1333 3327 1390 tribulatione
3385 1339 3442 1393 et
3495 1335 3778 1409 angustia

2117 1418 2368 1488 liberati,
2403 1421 2623 1493 gratias
2646 1421 2753 1477 tibi
2776 1423 2834 1477 in
2863 1421 3115 1499 Ecclesia
3143 1427 3247 1479 tua
3278 1423 3617 1480 referamus.
3643 1424 3773 1482 Per.

2188 1509 2422 1565 Secreta.
2476 1515 2650 1576 Deus,
2707 1512 2807 1583 qui
2868 1512 3180 1569 tribulatos
3235 1514 3407 1569 corde
3463 1530 3660 1583 sanas,
3696 1516 3769 1570 ad

2111 1596 2261 1653 hanc
2292 1599 2582 1670 propitius
2630 1599 2883 1655 hostiam
2938 1601 3248 1674 dignanter
3280 1596 3534 1668 attende,
3566 1607 3624 1659 et
3652 1618 3771 1674 qua

2037 1681 2085 1747 B
2118 1687 2293 1742 totius
2320 1688 2523 1742 mundi
2558 1688 2791 1743 voluisti
2811 1688 2993 1744 laxari
3017 1689 3249 1758 delicta,
3279 1690 3768 1762 protribulatione

2119 1779 2319 1832 nostra
2349 1776 2661 1833 clementer
2688 1793 2942 1844 assume,
2976 1784 3294 1851 nostraque
3323 1783 3531 1835 cuncta
3560 1779 3766 1836 diseri-

2118 1866 2279 1921 mina
2298 1865 2537 1933 solvere,
2558 1865 2994 1923 tribulationem
3023 1869 3276 1939 attende,
3303 1868 3572 1925 miserias
3590 1868 3763 1941 pelle,

2116 1956 2420 2028 angustias
2448 1959 2505 2011 et
2534 1972 2841 2027 presseras
2864 1972 3089 2022 amove,
3112 1962 3178 2013 ut
3193 1957 3349 2013 exuti
3373 1958 3447 2013 ab
3463 1957 3762 2027 omnibus,

2116 2061 2244 2116 qua:
2284 2045 2562 2115 patimur,
2623 2044 2817 2113 malis,
2862 2046 2921 2100 in
2973 2046 3092 2101 tuis
3138 2063 3368 2120 semper
3409 2045 3767 2104 delectemur

2117 2132 2407 2189 exsultare
2435 2134 2753 2190 beneflciis.
2789 2135 2910 2191 Per.

2189 2221 2528 2278 Communia.
2562 2222 2819 2290 Dimitte,
2842 2241 3201 2295 quaesumus,
3234 2225 3496 2295 Domine,
3530 2232 3770 2298 peccata

2117 2315 2335 2379 nostra,
2368 2315 2427 2366 et
2445 2310 2636 2366 tribue
2658 2312 2827 2367 nobis
2846 2312 3308 2368 misericordiam
3324 2317 3506 2382 tuam,
3531 2314 3769 2387 orisque

2117 2399 2301 2455 nostri
2347 2398 2601 2471 alloquio
2657 2401 3003 2472 deprecatus
3055 2407 3315 2458 nostram
3365 2402 3771 2459 humilitatem

2114 2488 2366 2555 attende,
2415 2486 2643 2543 vincula
2674 2488 2852 2556 solve,
2888 2489 3098 2546 delicta
3126 2489 3272 2559 dele,
3323 2489 3767 2548 tribulationem

2111 2575 2354 2649 inepice,
2379 2576 2789 2632 adversitatem
2815 2577 3051 2650 repelle,
3068 2579 3453 2652 effectumque
3466 2580 3767 2652 petitionis

2112 2669 2322 2720 nostra
2346 2665 2570 2738 jugiter
2599 2665 2916 2722 clementer
2943 2669 3172 2722 exaudi.
3209 2667 3332 2722 Per.

2540 2799 2710 2838 MISSA
2750 2800 2806 2837 IN
2846 2800 3111 2839 TEMPORE
3151 2800 3331 2840 BELLI.

2182 2888 2387 2943 Oratio.
2424 2888 2806 2960 Omnipotens
2854 2893 2910 2945 et
2940 2888 3270 2946 misericors
3318 2894 3469 2946 Deus
3519 2907 3554 2947 a
3581 2891 3762 2948 bello-

2110 2968 2238 3031 rum
2273 2994 2400 3043 nos,
2436 2994 2797 3049 quaesumus,
2825 2977 3058 3033 turbine
3076 2978 3163 3033 fac
3183 2979 3434 3050 quietos,
3458 2979 3767 3052 quiabona

2020 3048 2064 3115 C
2105 3065 2273 3122 nobis
2305 3048 2628 3139 praestabis,
2653 3067 2703 3122 si
2727 3083 2926 3138 pacem
2956 3048 3272 3124 dederis—et
3303 3048 3520 3125 mentis
3554 3072 3613 3124 et
3640 3086 3766 3125 cor-

2103 3155 2282 3226 poris.
2317 3153 2443 3210 Per.

2174 3244 2407 3298 Secreta.
2442 3244 2831 3311 Sacrificium,
2863 3247 2997 3314 etc.,
3032 3248 3089 3299 ut
3118 3247 3175 3300 in
3208 3246 3385 3302 editis.

2177 3332 2516 3388 Communia.
2584 3333 2949 3389 Sacrosancti
3014 3335 3273 3406 corporis
3328 3338 3386 3389 et
3449 3335 3762 3408 sanguinis

2107 3420 2332 3477 Domini
2383 3420 2567 3477 nostri
2606 3422 2745 3478 Jesu
2806 3422 3019 3478 Christi
3070 3424 3379 3480 refectione
3423 3425 3759 3493 confortati,

2104 3504 2407 3583 supplices.
2433 3517 2489 3565 te
2522 3526 2817 3583 rogamus,
2851 3511 3222 3584 omnipotens
3242 3513 3416 3581 Deus,
3442 3496 3509 3567 ut
3536 3512 3647 3567 hoc
3675 3522 3764 3568 re-

2106 3599 2295 3653 medio
2326 3598 2607 3671 singulari
2639 3599 2709 3654 ab
2734 3599 2999 3654 omnium
3024 3605 3393 3671 peccatorum
3415 3617 3521 3656 nos
3542 3601 3763 3675 cogita-

2103 3687 2260 3742 tione
2294 3687 2584 3759 purifices,
2611 3690 2667 3742 et
2698 3687 3132 3759 apericulorum
3169 3689 3402 3746 munias
3422 3690 3760 3747 incursione

2104 3779 2470 3831 cunctarum.
2504 3778 2611 3830 Per
2634 3775 2927 3832 eumdem.

2483 3906 2652 3945 MISSA
2695 3906 2805 3945 PRO
2847 3907 3363 3956 PERSEQUENTIBUS.

2178 3997 2382 4052 Oratio.
2414 3995 2680 4051 Hostium
2726 4001 3083 4064 nostrorum,
3117 4014 3475 4070 quaesumus,
3510 3996 3757 4054 Domine

2104 4084 2278 4152 Deus,
2314 4083 2463 4140 elide
2487 4085 2848 4156 superbiam,
2880 4091 2936 4141 et
2958 4103 3060 4158 per
3082 4087 3555 4143 intercessionem
3575 4088 3758 4143 beata!

2106 4173 2299 4228 Mariae
2332 4172 2610 4245 Virginis,
2636 4178 2693 4228 et
2723 4174 2986 4229 omnium
3011 4179 3351 4230 sanctorum
3383 4175 3629 4231 dexterae
3642 4180 3762 4231 tuas

2103 4263 2319 4318 virtute
2355 4266 2676 4334 prosterne.
2714 4262 2837 4317 Per.

2174 4351 2407 4407 Secreta.
2442 4352 2648 4422 Hujus.
2692 4351 2955 4419 Domine,
2991 4369 3355 4424 quaesumus,
3384 4352 3604 4408 virtute
3635 4370 3761 4423 my-

2104 4440 2262 4495 sterii
2297 4457 2401 4512 per
2447 4439 2923 4496 intercessionem
2956 4441 3137 4497 beatae
3170 4441 3362 4497 Maria:
3411 4441 3671 4515 Virginis
3703 4445 3762 4497 et

2103 4528 2368 4583 omnium
2402 4532 2787 4583 sanctoruma
2810 4528 3025 4584 nostris
3043 4530 3399 4586 mundemur
3421 4528 3687 4598 occultis,
3704 4534 3760 4585 et

2099 4616 2172 4671 ab
2207 4615 2583 4671 inimicorum
2616 4615 2936 4671 liberamur
2966 4618 3217 4674 insidiis.
3242 4620 3367 4673 Per.

2173 4706 2510 4760 Communia.
2542 4704 2827 4773 Viviﬁcet,
2871 4721 3230 4776 quaesumus,
3265 4705 3532 4774 Domine,
3562 4706 3759 4780 propi-

2101 4794 2263 4848 tiatio
2297 4793 2378 4848 tui
2410 4798 2611 4847 sancta
2631 4794 2911 4865 mysterii,
2930 4798 2987 4849 et
3008 4811 3110 4867 per
3125 4795 3334 4850 merita
3364 4796 3542 4851 beatae
3564 4795 3760 4850 Mariae

2101 4879 2380 4951 Virginis.
2415 4883 2471 4934 et
2498 4883 2837 4935 sanctorum
2857 4880 3119 4936 omnium
3142 4880 3544 4954 pariternobis
3567 4881 3763 4954 expia-

2102 4969 2320 5025 tionem
2352 4966 2574 5023 tribuat
2604 4973 2662 5023 et
2692 4969 3017 5024 munimen.
3054 4969 3177 5024 Per.

2403 5100 2576 5139 MISSA
2617 5101 2671 5139 IN
2705 5100 2974 5139 TEMPORE
3012 5100 3442 5142 MORTALITATIS.

2486 5174 2669 5229 Oratio
2692 5177 2747 5229 et
2773 5182 2978 5229 secreta
3008 5181 3073 5230 ut
3101 5177 3159 5230 in
3190 5175 3371 5231 editis.

2175 5281 2515 5335 Communia.
2543 5281 2920 5336 Sacramenta
2937 5298 3065 5353 nos,
3085 5299 3448 5354 quaesumus,
3482 5281 3756 5348 Domine,

2102 5372 2205 5423 tua
2218 5372 2419 5423 sancta
2449 5372 2769 5438 sumentes,
2793 5375 2851 5425 et
2880 5371 2952 5425 ab
2965 5371 3123 5427 omni
3138 5371 3425 5445 propitius
3445 5369 3759 5444 iniquitate

2105 5461 2163 5517 et
2191 5456 2446 5537 periculo
2478 5457 2741 5518 defende.
2777 5459 2903 5518 Per.
