3982 6172
604 463 775 503 MISSA
805 464 915 503 PRO
945 464 1075 502 ITER
1102 463 1438 502 AGENTIBUS.

586 536 768 593 Oratio
797 542 852 592 et
879 544 1080 592 secreta
1109 544 1170 592 ut
1199 537 1262 591 in
1290 535 1470 591 editis.

265 626 603 682 Communia.
637 624 792 682 Deus
822 625 1068 682 inﬁnitae
1100 624 1512 681 misericordiae
1555 628 1613 680 et
1660 625 1843 698 maje-

192 715 363 771 atatis
395 715 719 781 immensas,
753 731 930 786 quem
961 730 1067 770 nec
1098 714 1289 786 spatia
1320 713 1604 783 locorum,
1630 731 1734 770 nec
1757 715 1842 770 in-

188 801 428 860 tervalla
458 806 812 875 temporum,
848 805 919 859 ab
944 802 1059 873 his,
1085 819 1234 875 quos
1258 802 1463 870 tueris,
1484 803 1839 876 abjungunt,

191 892 393 949 adesto
424 892 660 948 famulis
687 892 807 949 tuis
836 892 894 946 in
924 896 983 949 te
1014 892 1233 965 ubique
1262 891 1604 958 ﬁdentibus,
1636 896 1693 948 et
1740 908 1844 964 per

190 998 446 1049 omnem,
480 997 660 1052 quam
692 980 830 1036 ituri
863 986 1003 1037 sunt
1032 980 1212 1048 viam,
1244 981 1362 1036 dux
1403 980 1487 1036 eis
1537 985 1594 1037 et
1642 997 1838 1038 comes

188 1086 319 1125 esse
348 1070 623 1141 dignare;
658 1068 805 1124 nihil
828 1070 913 1125 eis
939 1068 1310 1125 adversitatis
1332 1074 1556 1137 noceat,
1583 1068 1662 1124 nil
1685 1069 1840 1124 diffi-

190 1158 429 1213 cultatis
458 1158 725 1224 cheistat,
757 1162 969 1214 cuncta
997 1158 1081 1214 eis
1132 1156 1414 1223 salubria,
1461 1161 1673 1213 cuncta
1724 1157 1844 1213 sint

189 1262 487 1318 prospera,
520 1251 589 1301 ut
618 1247 729 1303 sub
759 1263 866 1320 cpe
895 1247 1141 1303 dexterae
1182 1250 1296 1302 tua:
1346 1246 1632 1318 quidquid
1673 1247 1841 1318 justo

186 1335 538 1408 expetierint
584 1335 872 1391 desiderio
926 1334 1097 1392 celeri
1148 1339 1583 1406 consequantur
1611 1335 1840 1391 effectu.

187 1423 315 1479 Per.

260 1545 428 1584 MISSA
476 1547 531 1585 IN
585 1544 679 1585 DIE
726 1544 1114 1584 DEPOSITIONIS
1164 1544 1462 1594 DEFUNC’I‘I,
1519 1544 1604 1595 III,
1651 1528 1738 1584 νεὶ
1760 1546 1837 1597 VI,

887 1599 976 1655 vel
1006 1616 1136 1654 xxx.

556 1690 739 1745 Oratio
768 1690 907 1743 utin
935 1688 1098 1744 editis
1128 1689 1219 1743 die
1246 1690 1379 1744 terti
1395 1705 1443 1744 ο.

259 1780 493 1834 Secreta.
508 1778 741 1842 Adesto,
755 1776 1019 1843 Domine,
1051 1775 1585 1849 supplicationibus
1619 1776 1841 1833 nostris

180 1870 240 1922 et
270 1866 419 1922 hanc
451 1865 826 1932 oblationem,
846 1882 1024 1937 quam
1048 1865 1152 1920 tibi
1179 1865 1480 1922 offerimus
1500 1882 1606 1939 pro
1645 1862 1845 1923 anima

183 1954 393 2011 famuli
426 1954 511 2009 tui
542 1954 608 2009 N.
640 1954 700 2008 in
734 1955 829 2009 die
878 1954 1262 2026 depositionis
1310 1956 1437 2025 ejus
1485 1955 1656 2011 tertio
1711 1955 1846 2026 (vel-

181 2043 442 2114 septimo
454 2044 538 2098 vel
558 2043 903 2112 tricesimo),
927 2040 1195 2115 placidus
1216 2060 1282 2099 ac
1298 2042 1591 2115 benignus
1606 2059 1844 2099 assume

190 2137 322 2187 Per.

258 2220 596 2275 Commenta.
631 2220 1013 2291 Omnipotens
1046 2220 1392 2292 simpiterne
1442 2224 1616 2283 Deus,
1668 2219 1844 2276 collo-

184 2326 319 2365 care
344 2309 588 2381 dignare
609 2309 837 2364 animas
854 2307 1144 2364 famuloru
1156 2325 1211 2363 m
1232 2307 1704 2380 famularumque
1719 2312 1846 2364 tua-

182 2414 342 2463 rum,
368 2392 606 2454 illorum
622 2413 874 2467 quorum
889 2396 1045 2452 diem
1059 2395 1424 2453 celebramus
1436 2396 1842 2469 depositionis,

180 2486 244 2542 in
277 2485 508 2542 sinibus
538 2484 858 2553 Abraham,
893 2486 1055 2540 Isaac
1086 2489 1143 2539 et
1173 2484 1373 2552 Jacob,
1406 2490 1472 2541 ut
1523 2502 1658 2540 cum
1712 2486 1837 2541 dies

178 2573 502 2648 agnitionis
532 2578 644 2629 tua).
675 2574 994 2640 advenerit,
1028 2573 1182 2628 inter
1210 2578 1445 2631 sanctos
1466 2577 1599 2629 tuos
1630 2577 1687 2630 et
1722 2572 1843 2630 ele-

179 2668 308 2720 ctos
340 2661 1024 2735 resuscitari-prrecipias.
1059 2661 1184 2717 Per.

435 2767 605 2807 MISSA
635 2767 745 2827 PRO
777 2768 892 2806 Ι]Νο
920 2767 1242 2806 SACERDO’I‘E
1273 2766 1586 2806 DEFUNC’PO.

252 2841 460 2897 Oratio.
497 2839 655 2896 Beati
689 2838 903 2895 Floridi
936 2841 1288 2896 confessoris
1329 2838 1440 2907 tui,
1494 2854 1841 2911 quaesumus

181 2930 453 2997 Domine,
487 2928 903 2983 interaessione
924 2944 1032 2984 nos
1065 2932 1321 3001 protege,
1365 2931 1423 2983 et
1451 2926 1711 2983 animam
1757 2926 1841 2981 fa-

181 3016 332 3072 muli
354 3015 439 3071 tui
457 3016 778 3072 sacerdotis
798 3020 1136 3071 sanctorum
1150 3020 1389 3072 tuorum
1404 3017 1589 3088 junge
1604 3030 1841 3071 consor-

182 3105 304 3162 tiis.
325 3106 449 3161 Per.

1013 315 1394 375 EXCERPT.
1441 312 1813 377 EX’GODD.
1860 316 2176 377 LITURG.
2222 317 2812 380 FONTAVELLAN.

3499 327 3625 388 906

1882 450 1938 517 Α
1966 449 2197 505 animas
2229 449 2584 506 famulorum
2606 456 2840 508 tuorum
2864 452 3360 511 subdiaconorum
3382 456 3443 511 in
3464 455 3622 515 lucis

1953 541 2182 593 aeterna:
2210 539 2481 610 perﬁcies
2512 540 2747 613 regione
2779 542 3055 614 gaudere.
3090 543 3217 598 Per.

2027 628 2369 684 Communia.
2392 628 2494 684 His
2520 629 2849 698 sacrificiis,
2864 647 3227 702 quaesumus,
3243 634 3619 706 omnipotens

1952 715 2128 780 Deus,
2160 720 2490 788 purgentur
2521 718 2733 790 anima;
2756 722 2811 773 et
2834 718 3077 790 spiritus
3097 720 3458 777 famulorum
3492 728 3621 780 tuo-

1950 819 2083 857 rum
2112 803 2628 873 subdiaconorum,
2649 811 2713 859 ut
2733 807 2805 861 ad
2828 807 3252 879 indulgentiam
3279 814 3339 864 et
3362 811 3606 884 refrige-

1952 890 2106 946 rium
2140 893 2563 963 sempiternum
2590 895 2892 965 parvenire
2920 900 3275 951 mereantur.
3310 899 3436 954 Per.

2372 999 2537 1038 MISSA
2570 1000 2679 1038 PRO
2706 1001 2813 1039 υΝο
2842 1000 3160 1040 DEFUNCTO.

2025 1070 2224 1125 Oratio.
2256 1070 2636 1142 Omnipotens
2684 1072 3038 1144 sempiterna
3087 1074 3263 1142 Deus,
3310 1076 3403 1130 cui
3454 1093 3609 1131 nun-

1954 1174 2130 1229 quam
2162 1158 2287 1214 sine
2317 1176 2420 1232 spe
2439 1160 2850 1215 misericordia:
2873 1161 3259 1233 supplicatur,
3283 1164 3603 1236 propitiare

1953 1247 2162 1302 anima:
2194 1247 2398 1304 famuli
2429 1249 2537 1314 tui,
2570 1253 2637 1303 ut
2666 1249 2769 1320 qui
2801 1250 2871 1304 de
2900 1250 3008 1305 hac
3030 1249 3148 1305 vita
3175 1250 3236 1306 in
3268 1253 3355 1307 tui
3408 1253 3606 1308 nomi-

1953 1337 2046 1391 nis
2057 1337 2421 1392 confessione
2442 1338 2734 1405 discessit,
2756 1342 3093 1394 sanctorum
3111 1343 3347 1395 tuorum
3366 1358 3615 1397 numero

1954 1424 2135 1481 facias
2166 1426 2489 1498 aggregari.
2516 1426 2640 1482 Per.

2024 1513 2255 1569 Secreta.
2292 1514 2629 1586 Propitiare,
2672 1532 3032 1586 quaesumus,
3081 1516 3348 1585 Domine,
3394 1517 3606 1572 anima:

1952 1601 2159 1657 famuli
2191 1603 2275 1657 tui
2308 1603 2398 1670 N.,
2434 1620 2536 1669 pro
2569 1620 2684 1674 quo
2709 1604 2818 1659 tibi
2849 1604 3073 1660 hostias
3106 1605 3449 1675 placationis
3472 1606 3613 1661 olfe-

1954 1692 2160 1761 rimus,
2194 1696 2268 1760 et,
2293 1690 2432 1765 quia
2463 1693 2521 1746 in
2554 1692 2663 1747 hac
2694 1692 2822 1747 luce
2844 1693 2902 1746 in
2927 1693 3040 1747 fide
3063 1693 3281 1748 mansit
3300 1692 3608 1761 catholica,

1950 1776 2010 1832 in
2042 1779 2239 1834 futura
2268 1780 2385 1835 vita
2412 1779 2462 1835 ei
2490 1779 2792 1835 retributio
2814 1779 3066 1835 etslestis
3086 1780 3286 1852 gaudii
3322 1781 3614 1837 condone-

1956 1872 2071 1922 tur.
2092 1872 2219 1922 Per.

2028 1956 2368 2013 Communia.
2392 1957 2629 2024 Praesta,
2655 1973 3017 2029 quaesumus,
3041 1957 3413 2031 omnipotens
3434 1959 3611 2015 Deus.

1957 2049 2019 2099 ut
2051 2044 2249 2100 anima
2280 2044 2485 2100 famuli
2517 2044 2602 2100 tui
2633 2046 2701 2100 N.
2736 2046 2806 2100 ab
2838 2045 3063 2118 angelis
3084 2045 3235 2102 lueis
3258 2050 3531 2117 suscepta
3551 2046 3614 2101 in

1956 2138 2281 2206 praeparata
2310 2133 2646 2189 habitacula
2676 2134 2885 2189 deduci
2918 2133 3099 2189 facias
3124 2134 3452 2190 beatorum.
3483 2134 3615 2191 Per.

2280 2238 2448 2277 MISSA
2476 2239 2587 2276 PRO
2620 2238 2907 2277 PLURIBUS
2937 2238 3266 2277 DEFUNCTIS.

2028 2313 2229 2366 Oratio.
2263 2310 2436 2377 Deus,
2470 2312 2643 2382 cuius
2674 2310 3083 2366 misericordia
3115 2327 3228 2365 non
3262 2315 3352 2365 est
3403 2326 3617 2368 nume-

1956 2416 2077 2465 rus,
2103 2399 2335 2471 suscipe
2357 2397 2646 2471 propitius
2667 2415 2768 2469 pro
2782 2398 3460 2454 animabusfamulorum
3476 2403 3610 2455 tue-

1956 2505 2089 2543 rum
2122 2503 2320 2559 preces
2352 2491 2606 2554 nostras,
2642 2492 2699 2543 et
2728 2486 2876 2542 lucis
2909 2487 2993 2543 eis
3023 2486 3286 2543 laetitiam
3319 2496 3497 2560 atque
3547 2487 3609 2542 in

1956 2576 2190 2649 regione
2212 2581 2548 2631 sanctorum
2572 2580 2808 2631 tuorum
2836 2574 3173 2631 societatem
3192 2577 3462 2632 concede.
3483 2576 3611 2632 Per.

2024 2664 2375 2720 Secreta.Pro
2389 2663 2605 2736 requie,
2621 2663 2883 2727 Domine,
2901 2664 3237 2719 animarum
3253 2663 3611 2720 famulorum

1952 2758 2191 2809 tuorum
2225 2754 2291 2808 N.
2327 2753 2560 2824 suscipe
2587 2752 2865 2820 hostiam,
2898 2768 3077 2824 quam
3100 2755 3162 2808 tu
3187 2752 3303 2807 Deo
3327 2753 3481 2807 Patri
3502 2768 3610 2824 pro

1955 2841 2123 2897 nobis
2156 2840 2422 2896 obtulisti
2452 2840 2789 2914 benignam,
2825 2845 2891 2895 ut
2919 2839 3021 2912 qui
3065 2856 3243 2895 causa
3295 2839 3606 2895 hominum

1952 2929 2307 2986 descendisti
2340 2929 2411 2984 de
2441 2927 2621 2995 ccelis,
2654 2933 2710 2984 te
2740 2928 3017 2984 redeunte
3035 2932 3370 2984 mereantur
3406 2944 3610 2985 nume-

1953 3019 2069 3073 rari
2100 3019 2158 3073 in
2191 3016 2486 3073 consortio
2512 3020 2871 3083 sanctorum,
2901 3017 2999 3088 qui
3033 3033 3167 3071 cum
3203 3017 3312 3071 Deo
3334 3017 3503 3071 Patre
3552 3019 3609 3073 et

1951 3107 2170 3178 Spiritu
2200 3109 2403 3161 sancto
2433 3104 2580 3159 vivis
2603 3111 2659 3159 et
2678 3120 2888 3176 regnas
2909 3105 2966 3158 in
2992 3104 3203 3160 saecula
3224 3103 3600 3159 saeculorum.

256 3194 491 3249 Secreta.
544 3193 807 3265 Suscipe,
861 3209 1223 3265 quaesumus,
1276 3192 1546 3259 Domine,
1615 3190 1840 3248 hostias
1870 3177 1913 3245 C
1995 3177 2374 3251 Communia.
2409 3193 2540 3248 Haec
2568 3208 2673 3247 nos
2706 3193 3062 3259 communio,
3096 3191 3360 3258 Domine,
3392 3194 3606 3264 purget

180 3282 534 3353 placationis
564 3286 621 3337 et
649 3280 841 3337 laudis
888 3297 1035 3353 quas
1082 3280 1189 3336 tibi
1239 3281 1300 3336 in
1349 3280 1632 3337 honorem
1682 3279 1835 3335 beati

182 3369 401 3426 Floridi
434 3370 785 3427 confessoris
815 3370 900 3425 tui
934 3368 1359 3425 consecrandas
1405 3368 1742 3436 deferimus,
1782 3371 1838 3423 et

181 3475 291 3531 pro
324 3459 522 3530 requie
552 3457 757 3513 famuli
784 3458 871 3513 tui
904 3457 1222 3514 sacerdotis
1259 3457 1327 3511 N.
1358 3456 1460 3511 tibi
1495 3456 1839 3529 suppliciter

178 3547 264 3603 im
274 3546 586 3603 molamus.
620 3547 748 3602 Per.

234 3622 598 3691 Communia.
633 3635 969 3691 Ascendant
995 3634 1067 3689 ad
1102 3637 1177 3701 te,
1214 3632 1481 3700 Domine,
1515 3649 1716 3706 preces
1742 3650 1838 3689 no-

182 3729 343 3792 stra},
378 3729 435 3779 et
463 3711 723 3779 animam
750 3722 955 3778 famuli
999 3722 1083 3778 tui
1134 3722 1455 3778 sacerdotis
1502 3723 1570 3778 N.
1623 3722 1840 3796 gaudia

181 3818 402 3871 eterna
431 3812 778 3885 suscipiant,
810 3816 867 3868 et
886 3827 1062 3884 quem
1094 3811 1282 3867 fecisti
1301 3810 1630 3884 adoptionis
1655 3810 1839 3883 parti-

178 3902 398 3974 cipem,
421 3902 636 3973 jubeas
665 3900 1020 3957 hereditatis
1033 3903 1148 3955 tuaa
1176 3916 1304 3956 esse
1324 3904 1672 3957 consortem.
1709 3899 1837 3955 Per.

490 4006 660 4046 MISSA
688 4006 800 4045 PRO
830 4005 1173 4046 DIACONIBUS
1203 4005 1533 4045 DEFUNCI‘IS.

261 4081 464 4135 Oratio.
483 4080 719 4144 Adesto,
742 4078 1009 4149 Domine,
1032 4077 1563 4150 supplicationibus
1600 4075 1837 4145 nostris,

175 4171 243 4225 et
272 4168 481 4224 anima;
514 4166 875 4222 famulorum
907 4170 1144 4221 tuorum
1176 4166 1580 4234 diaeonorum,
1616 4170 1674 4221 et
1721 4181 1843 4223 om-

179 4256 351 4312 nium
380 4255 725 4310 clericorum
748 4258 862 4308 tua;
881 4253 1314 4325 propitiationis
1335 4254 1763 4310 abundantiam
1785 4258 1843 4310 et

177 4342 615 4414 indulgentiam
641 4344 1095 4413 consequantur,
1128 4344 1187 4395 et
1211 4340 1363 4397 lucis
1412 4347 1700 4413 perpetua:
1739 4344 1841 4398 tri-

179 4435 340 4488 buas
369 4429 454 4485 eis
485 4430 874 4485 mansionem.
905 4433 1035 4485 Per.

1948 3300 1982 3338 a
2007 3281 2270 3348 crimine,
2304 3286 2359 3336 et
2381 3280 2692 3335 animabus
2716 3279 3071 3334 famulorum
3094 3284 3329 3334 tuorum
3346 3278 3605 3335 ccelestis

1947 3371 2145 3444 gaudii
2179 3370 2400 3425 tribuat
2429 3368 2813 3435 consortium,
2846 3372 2914 3423 ut
2941 3370 3075 3422 ante
3104 3367 3382 3422 thronum
3401 3366 3603 3439 gloriae

1946 3466 2059 3515 tuae
2080 3461 2395 3533 segregatas
2417 3472 2552 3512 cum
2575 3455 2812 3522 dextris,
2836 3455 2980 3511 nihil
3002 3472 3315 3511 commune
3348 3455 3606 3512 habeant

1949 3565 2081 3603 cum
2116 3545 2395 3601 sinistris.
2429 3545 2554 3601 Per.

2246 3652 2415 3691 MISSA
2446 3650 2830 3690 PLURIMOBUM
2850 3650 3295 3689 DEFUNCTORUM.

2022 3726 2226 3781 Oratio.
2261 3725 2434 3789 Deus,
2466 3722 2558 3778 cui
2584 3722 2887 3796 proprium
2918 3727 3007 3777 est
3036 3738 3267 3794 semper
3305 3722 3595 3794 misereri,

1950 3818 2009 3870 et
2036 3829 2236 3886 preces
2256 3811 2529 3869 exaudire
2543 3811 3027 3884 supplicantium,
3044 3810 3360 3882 propitiare
3378 3810 3607 3866 anima-

1950 3904 2063 3958 bus
2092 3901 2447 3956 famulorum
2464 3903 2705 3955 tuorum
2723 3900 2793 3955 N.
2808 3943 2821 3967 ,
2838 3903 2901 3954 ut
2922 3903 2978 3953 te
3004 3898 3328 3954 miserante
3350 3914 3383 3953 a
3407 3913 3615 3969 pecca-

1950 3996 2144 4045 torum
2164 3987 2415 4044 vinculis
2440 3988 2715 4058 absoluti,
2738 3988 2809 4043 ad
2831 3991 3056 4043 aeternae
3097 3984 3480 4042 beatitudinis
3525 4002 3614 4042 re—

1954 4077 2151 4151 quiem
2182 4075 2484 4147 pervenire
2514 4079 2869 4130 mereantur.
2912 4075 3035 4129 Per.

2025 4168 2257 4221 Secreta.
2291 4163 2554 4235 Suscipe,
2589 4161 3047 4218 clementissime
3078 4162 3267 4229 Pater,
3302 4178 3405 4233 pro
3450 4178 3612 4217 com-

1954 4253 2374 4311 memoratione
2397 4250 2754 4307 famulorum
2778 4255 3015 4306 tuorum
3041 4249 3108 4305 N.
3138 4249 3395 4305 hostiam
3418 4249 3614 4323 placa-

1953 4344 2129 4399 tionis
2160 4347 2215 4398 et
2245 4340 2459 4408 laudis,
2494 4345 2558 4396 ut
2587 4339 2861 4395 sacriﬁcii
2917 4339 3222 4411 praesentis
3272 4337 3488 4395 oblatio
3538 4340 3612 4395 ad

1957 4432 2326 4504 refrigerium
2359 4430 2693 4485 animarum
2725 4444 2929 4484 eorum
2960 4432 3014 4483 te
3059 4427 3373 4484 miserante
3421 4443 3620 4501 perve-

255 4521 493 4576 Secreta.
527 4518 750 4574 Exaudi
799 4534 929 4586 nos,
978 4520 1180 4572 sancte
1227 4516 1398 4571 Pater
1447 4515 1841 4587 omnipotens,
1876 4538 1922 4601 Β
1957 4520 2096 4574 niat.
2120 4520 2241 4574 Per.

183 4614 403 4664 aeterne
431 4608 607 4676 Deus,
642 4611 707 4661 ut
735 4605 828 4662 his
859 4604 1040 4662 sacris
1072 4604 1417 4661 muneribus
1440 4601 1841 4675 plueatusani-

188 4715 321 4753 mas
353 4696 619 4752 omnium
653 4694 1012 4751 famulorum
1045 4698 1280 4750 tuorum
1330 4691 1711 4747 diaconorum
1754 4708 1846 4748 re-

188 4785 456 4856 demptio
488 4785 848 4856 sempiterna
869 4783 1186 4856 possideat.
1221 4782 1345 4838 Per.

267 4873 605 4929 Communia.
630 4873 1011 4945 Omnipotens
1033 4876 1242 4928 aeterne
1271 4870 1445 4937 Deus,
1478 4868 1710 4943 suscipe
1723 4885 1850 4942 pro-

190 4961 378 5033 pitius
422 4978 624 5033 preces
677 4965 910 5018 nostras
969 4977 1071 5032 pro
1130 4959 1442 5015 animabus
1490 4956 1846 5014 famulorum

193 5053 433 5105 tuorum
467 5050 871 5117 diaconorum,
903 5052 968 5103 ut
992 5048 1052 5103 in
1078 5046 1229 5103 lucis
1258 5046 1493 5119 regione
1514 5064 1613 5103 eas
1633 5047 1693 5102 in
1719 5063 1849 5103 san-

190 5143 425 5193 ctorum
458 5143 694 5194 tuorum
725 5152 969 5194 numero
998 5134 1180 5191 facias
1209 5135 1536 5208 aggregari.
1573 5136 1699 5193 Per.

640 5243 803 5284 HISSA
820 5242 929 5280 PRO
943 5238 1419 5280 SUBDIACONIBUS.

272 5316 480 5370 Oratio.
515 5316 692 5380 Deus,
725 5313 819 5369 cui
850 5311 1152 5384 proprium
1184 5316 1274 5366 est
1304 5310 1567 5368 misereri
1615 5328 1848 5384 semper

194 5406 254 5457 et
284 5418 541 5474 parcere,
577 5407 710 5471 etc.,
745 5409 808 5457 ut
838 5403 899 5455 in
918 5399 1094 5455 editis.

271 5491 505 5546 Secreta.
542 5490 852 5546 Offerimus
881 5487 1009 5555 tibi,
1064 5486 1325 5553 Domine,
1387 5486 1610 5544 hostias
1657 5487 1847 5561 placa-

197 5578 377 5634 tionis
408 5583 467 5635 et
495 5577 708 5643 laudis,
745 5582 810 5632 ut
828 5581 1119 5650 perpetuae
1143 5573 1556 5631 misericordiae
1577 5576 1844 5651 largitate

521 5701 787 5764 PATROL.
832 5702 981 5762 CLI.

2028 4608 2369 4661 Communia.
2398 4606 2665 4672 Absolve,
2700 4622 3068 4677 quresumus,
3093 4605 3359 4669 Domine,
3383 4604 3617 4659 animas

1956 4693 2311 4748 famulorum
2344 4699 2580 4748 tuorum
2611 4694 2679 4748 N.
2715 4695 2786 4749 ab
2814 4695 3081 4749 omnium
3112 4691 3343 4748 vinculo
3374 4691 3618 4747 delicto-

1958 4796 2110 4845 rum,
2138 4784 2200 4834 ut
2233 4781 2291 4836 in
2325 4780 2767 4836 resurrectionis
2798 4779 2983 4852 gloria
3018 4780 3168 4834 inter
3197 4784 3428 4833 sanctos
3480 4782 3618 4833 tuos

1959 4868 2291 4925 resuscitati
2324 4868 2632 4939 respirent.
2668 4869 2787 4924 Per.

2350 4972 2523 5010 MISSA
2555 4972 2664 5010 PRO
2696 4973 2905 5011 FEMINA
2936 4972 3250 5010 DEFUNCTA.

2030 5047 2233 5102 Oratio.
2269 5043 2655 5114 Omnipotens
2687 5044 3040 5115 sempiterna
3073 5043 3250 5106 Deus,
3272 5038 3540 5096 conditor
3560 5043 3620 5095 et

1957 5134 2292 5205 redemptor
2315 5131 2650 5187 animarum
2673 5131 2774 5203 qui
2800 5131 3112 5187 animabus
3135 5131 3615 5185 sanetorumtuo—

1957 5240 2087 5278 rum
2110 5228 2333 5277 aeternae
2365 5220 2750 5276 beatitudinis
2780 5219 3085 5292 praemium
3107 5215 3431 5284 contulisti,
3469 5232 3616 5289 pras-

1958 5316 2069 5379 sta,
2106 5324 2471 5382 quasumus,
2496 5312 2561 5363 ut
2589 5308 2788 5363 anima
2817 5306 3051 5362 famulae
3084 5311 3200 5369 tuae
3232 5305 3301 5360 N.
3331 5321 3511 5376 quam
3540 5305 3617 5360 de

1955 5400 2062 5453 hoc
2097 5397 2307 5454 saaculo
2340 5396 2590 5475 migrare
2613 5396 2874 5469 jussisti,
2912 5396 3081 5466 cujus
3112 5384 3618 5450 commemoratio-

1957 5505 2087 5544 nem
2125 5486 2375 5558 agimus,
2410 5488 2748 5543 sanctorum
2780 5483 3070 5542 consortio
3117 5482 3334 5554 perfrui
3388 5499 3625 5539 merea-

1958 5584 2072 5633 tur.
2115 5576 2238 5630 Per.

3216 5700 3295 5760 29
