3982 6172
410 298 530 358 907

1600 301 1790 362 SEC.
1838 301 1912 360 XI
1959 301 2271 363 MONUM.
2322 303 2634 365 LITURG.

3725 306 3862 367 908

461 432 717 507 .Sacrcta.
771 432 876 488 Pro
929 433 1125 490 anima
1173 433 1399 489 Iamulac
1464 439 1574 487 ture
1640 432 1706 486 N.
1777 432 2051 501 hostiam,
2084 435 2140 500 Α
2244 434 2612 506 ΟΙῙυνιονίιιηι.
2669 437 2835 492 Stetit
2888 437 3134 511 angelus
3184 453 3361 510 super
3407 455 3567 494 aram
3619 439 3852 511 templi

413 521 678 588 Domine,
707 539 1067 593 qumsumus,
1100 522 1329 593 suscipe
1353 522 1643 594 benignus
1677 521 1954 590 oblatam,
1993 527 2060 576 ut

412 626 518 681 per
536 609 644 664 hoc
672 611 965 682 singulare
987 611 1242 666 officium
1266 609 1515 665 vinculis
1532 609 1834 666 horrenda)
1855 609 2060 666 mortis

412 703 589 754 exuta
618 699 796 753 vitam
826 704 1118 754 mereatur
1147 703 1443 753 aeternam.
1470 699 1595 753 Per.

486 789 824 843 Communia.
859 786 1102 855 Inclina,
1124 804 1485 859 quaesumus,
1511 803 1710 842 aurem
1733 792 1894 842 tuam
1919 784 2060 860 sup-

411 876 826 949 plicationibus
860 877 1096 942 nostris,
1133 881 1189 930 et
1219 877 1426 930 animae
1459 875 1692 930 famula:
1727 881 1828 930 taze
1862 893 2061 949 perpe-

413 971 522 1021 tua:
554 966 702 1020 lucis
732 965 922 1020 tribue
950 964 1336 1019 mansionem.
1362 965 1486 1019 Per.

775 1071 944 1109 MISSA
976 1071 1084 1108 PRO
1118 1069 1428 1108 DEFUNCTIS
1460 1071 1709 1108 FEMINIS.

484 1146 668 1200 Oratio
693 1147 742 1197 at
770 1151 973 1197 secreta
1003 1150 1064 1197 ut
1091 1145 1151 1196 in
1171 1143 1330 1196 aditis
1360 1159 1456 1213 pro
1488 1159 1599 1196 una
1622 1142 1900 1214 defuncta.

485 1234 824 1290 Communia.
850 1231 1169 1298 Inveniant,
1195 1231 1830 1302 quaesumus,Domine,
1852 1232 2060 1286 animae

412 1323 767 1380 famularum
803 1326 1034 1375 tuarum
1069 1320 1217 1375 lucis
1238 1327 1460 1374 aeternae
1483 1320 1865 1387 consortium,
1891 1321 2062 1391 cujus

412 1416 704 1484 perpetua:
736 1410 932 1482 gratim
967 1414 1290 1464 consecutae
1313 1413 1924 1477 suntsacramentum,
1958 1426 2062 1480 per

411 1503 814 1572 resurgentem
848 1515 877 1554 e
909 1499 1156 1552 mortuis
1193 1499 1389 1553 Jesum
1418 1498 1711 1552 Christum
1746 1498 2059 1554 Dominum

411 1594 699 1654 nostrum,
731 1588 827 1658 qui
863 1594 1054 1642 tecum
1085 1587 1220 1642 vivit
1241 1590 1298 1641 et
1320 1592 1523 1659 regnat
1550 1588 1720 1651 Deus,
1754 1586 1812 1642 in
1836 1588 2060 1642 unitate

410 1677 662 1748 Spiritus
693 1676 880 1731 sancti
913 1693 1014 1748 per
1045 1676 1241 1731 omnia
1274 1676 1485 1731 sarcula
1516 1675 1884 1731 saeculorum.

656 1782 824 1819 MISSA
857 1783 912 1819 IN
945 1781 1217 1819 IIONOREM
1249 1781 1476 1818 SANCTE
1503 1781 1821 1818 TRINITATIS

484 1854 793 1909 Benedicta
822 1855 898 1908 sit
929 1858 1130 1908 sancta
1160 1853 1418 1908 Trinitas
1449 1858 1623 1924 atque
1656 1853 1903 1909 indivisa
1934 1853 2058 1908 uni-

412 1946 531 2009 tas;
559 1941 968 1997 conﬁtebimur
989 1943 1062 2007 ei,
1085 1942 1223 2013 quia
1248 1942 1381 1996 fecit
1405 1942 1709 1998 nobiscum
1726 1942 2054 1998 misericor-

410 2031 569 2087 diam
602 2047 792 2086 suam.

481 2118 1072 2174 Psal.Benedicamus
1104 2119 1328 2172 Patrem
1381 2123 1437 2172 et
1486 2118 1716 2173 Filium.
1777 2121 1835 2184 ii.
1887 2123 2058 2174 Bene-

407 2207 600 2263 dictus
625 2223 708 2273 es,
735 2207 910 2273 Deus,
936 2208 1037 2278 qui
1059 2206 1306 2262 intueris
1328 2207 1590 2279 abyssos,
1615 2216 1670 2262 el
1690 2209 1856 2263 sedes
1879 2224 2058 2280 super

406 2294 734 2351 cherubim.
770 2297 821 2361 ἲ.
856 2295 1185 2350 Benedicite
1219 2299 1420 2360 Deum,
1443 2295 1570 2351 caeli
1594 2295 1892 2362 caelorum,
1918 2295 2057 2368 quia

404 2385 544 2440 fecit
567 2383 874 2438 nobiscum
917 2383 1378 2439 misericordiam
1433 2401 1621 2439 suam.
1676 2383 1944 2440 Alleluia.
1999 2386 2052 2451 it.

406 2471 754 2528 Benedictus
787 2489 870 2538 es,
895 2470 1136 2527 Domine
1171 2477 1320 2527 Deus
1353 2477 1586 2544 patrum
1621 2479 1975 2540 nostrorum,
2000 2477 2057 2528 et

403 2559 718 2616 laudabilis
749 2561 805 2614 in
837 2559 1064 2614 saecula.

657 2650 1004 2720 Olfertarium
1032 2657 1083 2704 et
1111 2651 1419 2704 communio
1449 2655 1506 2704 ut
1533 2652 1592 2704 in
1620 2650 1800 2705 editis.

755 2755 810 2792 IN
841 2755 1116 2792 HONOREM
1139 2754 1364 2792 SANC'I‘.‘E
1393 2755 1616 2794 CRUCIS.

474 2829 591 2883 Nos
641 2832 835 2882 autem
881 2825 1118 2898 gloriari
1182 2831 1406 2897 oportet
1465 2828 1522 2881 in
1587 2843 1758 2888 cruce
1822 2827 2055 2883 Domini

403 2916 590 2972 nostri
616 2916 756 2971 Jesu
788 2913 1016 2980 Christi,
1050 2915 1108 2968 in
1141 2931 1256 2986 quo
1286 2918 1376 2970 est
1406 2914 1586 2982 salus,
1621 2916 1738 2970 vita
1769 2920 1826 2972 et
1860 2932 2053 2972 resur-

403 3005 581 3062 rectio
614 3008 835 3070 nostra,
863 3020 966 3076 per
995 3020 1170 3075 quem
1205 3001 1408 3059 salvati
1448 3009 1504 3059 et
1549 3003 1780 3060 liberati
1820 3021 2050 3062 sumus.

471 3095 622 3150 Psal.
657 3098 809 3148 Deus
836 3094 1202 3149 misereatur.
1239 3094 1297 3160 ii).
1332 3093 1597 3148 Christus
1619 3094 1807 3150 factus
1830 3100 1920 3150 est
1945 3113 2048 3168 pro

401 3184 571 3241 nobis
600 3183 879 3239 obediens
911 3199 1096 3254 usque
1127 3181 1199 3238 ad
1224 3185 1495 3249 mortem,
1547 3187 1794 3238 mortem
1851 3165 2043 3242 autem
2079 3165 2121 3233 (ἶ

400 3272 612 3330 crucis.
650 3274 702 3340 ᾖ.
737 3272 977 3343 Propter
1005 3271 1161 3342 quod
1193 3273 1249 3326 et
1278 3270 1432 3325 Deus
1465 3269 1740 3327 exaltavit
1770 3272 1958 3344 illum,
1992 3281 2051 3331 et

400 3363 562 3420 dedit
592 3361 675 3416 illi
703 3377 936 3428 nomen,
971 3361 1125 3431 quod
1158 3365 1248 3416 est
1277 3377 1452 3431 super
1483 3377 1654 3416 omne
1677 3379 1909 3420 nomen.
1950 3365 2047 3420 Al-

399 3452 596 3508 leluia.
658 3452 710 3517 it.
771 3450 886 3505 Nos
935 3453 1131 3504 autem
1187 3449 1425 3521 gloriari
1483 3455 1708 3522 oportet
1757 3451 1816 3506 in
1877 3469 2047 3510 cruce

398 3538 633 3596 Domini
663 3538 846 3593 nostri
874 3537 1013 3592 Jesu
1043 3536 1276 3592 Christi.

635 3627 984 3698 Oﬂertorium
1004 3633 1056 3680 et
1080 3628 1410 3692 communia,
1445 3630 1504 3680 ut
1534 3628 1592 3681 in
1625 3628 1810 3683 editis.

788 3731 844 3768 IN
876 3729 1150 3768 HONOREM
1177 3730 1402 3768 SANCTIE
1434 3732 1647 3770 MARIE.

462 3802 706 3860 Vultum
737 3807 909 3859 tuum
941 3801 1426 3874 deprecabuntur.
1461 3807 1570 3858 etc.
1604 3805 1753 3861 Psat.
1799 3807 2042 3864 Eructa-

384 3893 554 3963 vitJil.
589 3892 812 3948 Diﬂ‘usa
841 3895 931 3948 est
961 3890 1172 3963 gratia,
1224 3894 1332 3946 etc.
1362 3893 1412 3959 ᾖ.
1443 3891 1684 3963 Propter
1712 3894 2038 3964 veritatem,

381 3987 491 4040 etc.
526 3981 791 4038 Alleluia.
827 3982 879 4050 ὲ.
922 3980 1124 4052 Specie
1175 3984 1277 4035 tua
1321 3984 1378 4035 et
1432 3979 1868 4052 pulchritudine
1914 3989 2037 4052 tua,

382 4075 495 4128 etc.

456 4158 827 4232 Oﬂ'ertorium.
863 4159 1243 4213 Adducentur
1274 4157 1414 4229 Regi
1442 4157 1698 4230 virgines
1733 4165 1863 4230 post
1883 4177 2035 4227 eam,

387 4249 661 4320 proxima:
692 4248 820 4318 ejus
852 4246 1168 4301 afferentur
1198 4245 1326 4301 tibi.

459 4336 798 4391 Communia.
870 4335 1090 4405 Regina
1144 4334 1351 4389 mundi
1418 4335 1786 4405 dignissima,
1859 4337 2034 4410 Virgo

385 4422 574 4478 Maria
595 4428 898 4494 perpetua,
921 4422 1213 4477 intercede
1236 4438 1338 4493 pro
1361 4426 1558 4477 nostra
1580 4439 1720 4494 pace
1742 4428 1801 4479 et
1823 4425 2031 4494 salute,

386 4527 516 4582 quae
547 4509 802 4582 genuisti
851 4509 1147 4565 Christum
1197 4509 1507 4564 Dominum
1561 4510 1700 4576 sine.
1735 4511 1884 4568 virili
1941 4533 2035 4572 se-
2066 4529 2114 4594 D

384 4599 565 4655 mine.

883 4705 940 4742 IN
975 4704 1166 4742 SANCTI
1196 4703 1514 4743 MICHAELIS.

454 4775 785 4834 Benedicite
803 4777 1119 4832 Dominum
1150 4791 1354 4831 omnes
1377 4777 1565 4850 angeli
1591 4779 1740 4849 ejus,
1765 4784 2030 4852 potentes

379 4866 612 4933 virtute,
665 4865 764 4937 qui
815 4863 1004 4920 facitis
1041 4865 1284 4920 verbum
1321 4865 1473 4935 ejus,
1531 4866 1604 4920 ad
1675 4867 2029 4925 audiendam

379 4972 582 5012 vocem
609 4971 950 5010 sermonum
984 4954 1134 5024 ejus.

451 5045 600 5101 Psal.
625 5043 893 5112 Benedic,
918 5041 1116 5098 anima
1131 5058 1278 5098 mea.
1297 5043 1355 5110 Ii).
1372 5043 1701 5100 Benedicite
1713 5044 2028 5100 Dominum

380 5149 586 5189 omnes
644 5131 836 5204 angeli
880 5131 1031 5201 ejus,
1081 5134 1344 5202 potentes
1390 5131 1621 5198 virtute,
1673 5131 1774 5203 qui
1837 5132 2028 5189 facitis

378 5221 620 5276 verbum
650 5222 798 5292 ejus.

452 5309 505 5373 in
558 5307 825 5376 Benedic,
873 5309 1071 5363 anima
1120 5323 1272 5373 mea,
1320 5307 1656 5374 Dominum,
1705 5313 1764 5363 et
1831 5311 2029 5367 omnia

378 5393 658 5449 interiora
686 5411 814 5451 mea
844 5412 1057 5452 nomen
1086 5399 1350 5451 sanctum
1385 5395 1533 5465 ejus.
1563 5395 1832 5452 Alleluia.

449 5482 502 5548 ἲ.
536 5482 897 5539 Concussum
929 5489 1018 5540 est
1049 5500 1230 5550 mare,
1263 5488 1320 5538 et
1349 5485 1703 5538 contremuit
1720 5489 1896 5553 terra,
1927 5486 2026 5542 ubi

379 5568 772 5642 archangelus
804 5571 1051 5629 Michael
1082 5572 1470 5628 descendebat
1499 5571 1569 5627 de
1601 5571 1763 5628 caelo.

2166 523 2394 579 habens
2423 524 2791 580 thuribulum
2822 543 3063 582 aureum
3095 527 3155 582 in
3189 545 3367 582 manu
3400 544 3530 596 sua,
3583 533 3640 584 et
3694 529 3860 584 data

2171 616 2311 668 sunt
2339 612 2390 668 ei
2419 613 2657 670 incensa
2682 614 2890 681 multa,
2926 620 2982 670 et
3023 616 3286 671 ascendit
3339 615 3539 671 fumus
3589 633 3851 672 aroma-

2170 705 2296 756 tum
2329 701 2387 756 in
2419 707 2735 775 conspectu
2767 703 2889 759 Dei.
2915 703 3180 760 Alleluia.

2241 793 2580 847 Communia.
2633 791 2978 862 Benedicite,
3032 809 3236 848 omnes
3306 792 3497 864 angeli
3569 794 3846 858 Domini,

2170 879 2508 945 Dominum,
2542 879 2827 952 hymnum
2850 880 3045 948 dicite,
3081 887 3137 936 et
3156 881 3584 954 superexaltate
3607 897 3754 937 eum
3781 881 3847 938 in

2172 968 2403 1024 saecula.

2565 1093 2623 1130 IN
2647 1093 2909 1131 HONOREH
2930 1093 3126 1132 SANC'I‘I
3151 1094 3426 1131 SPIRITUS.

2241 1190 2504 1247 Charitas
2537 1191 2633 1247 Dei
2663 1192 2878 1248 diffusa
2907 1196 2995 1247 est
3025 1192 3082 1247 in
3105 1192 3382 1248 cordibus
3406 1193 3642 1249 nostris.
3672 1193 3842 1248 Alle-

2170 1279 2313 1345 luia,
2366 1296 2468 1351 per
2513 1279 2940 1336 inhabitantem
2988 1280 3272 1353 Spiritum
3320 1282 3450 1351 ejus
3502 1281 3558 1335 in
3626 1281 3836 1337 nobis.

2169 1366 2438 1434 Alleluia,
2470 1367 2736 1424 Alleluia.

2242 1457 2391 1512 Psal.
2452 1457 2696 1512 Domine
2743 1458 2914 1512 Deus.
2976 1459 3033 1524 ιῖ.
3087 1459 3260 1513 Beata
3311 1473 3454 1530 gens
3509 1458 3680 1527 cujus
3736 1462 3833 1512 est

2170 1545 2455 1601 Dominus
2478 1545 2631 1600 Deus
2645 1562 2867 1613 eorum,
2888 1545 3140 1618 populus
3154 1563 3329 1618 quem
3343 1546 3518 1618 elegit
3531 1546 3828 1603 Dominus

2171 1635 2324 1690 Deus
2351 1633 2411 1688 in
2442 1633 2844 1690 haereditatem
2877 1635 3010 1690 sibi.

2242 1724 2293 1789 3‘.
2326 1722 2513 1778 Verbo
2545 1722 2776 1778 Domini
2799 1722 2927 1779 caeli
2952 1723 3168 1778 ﬁrmati
3195 1726 3353 1789 sunt,
3376 1727 3433 1778 et
3457 1722 3679 1794 Spiritu
3702 1723 3830 1778 oris

2019 1853 2030 1882 ε
2091 1804 2139 1869 Β
2171 1812 2298 1882 ejus
2328 1812 2514 1866 virtus
2543 1828 2767 1867 eorum.
2798 1811 3065 1866 Alleluia.

2239 1902 2289 1966 Si.
2337 1900 2504 1968 Veni,
2571 1904 2769 1956 sancte
2819 1901 3094 1972 Spiritus,
3143 1899 3299 1972 reple
3350 1905 3585 1955 tuorum
3642 1901 3826 1956 corda

2165 1988 2450 2054 fidelium,
2483 1992 2540 2044 et
2568 1989 2655 2044 tui
2688 1988 2904 2044 amoris
2935 1989 2994 2042 in
3027 1989 3110 2043 eis
3140 1986 3334 2060 ignem
3365 1989 3636 2043 accende.

2243 2078 2607 2149 Offertorzum.
2647 2075 2857 2132 Emitte
2888 2075 3170 2148 Spiritum
3199 2081 3390 2144 tuum,
3422 2081 3479 2131 et
3531 2077 3822 2132 creabun-

2165 2171 2280 2235 tur,
2313 2171 2371 2222 et
2400 2165 2707 2222 renovabis
2738 2164 3154 2230 faciemterrae;
3181 2165 3258 2220 sit
3273 2163 3459 2237 gloria
3479 2165 3714 2221 Domini
3759 2165 3822 2219 in

2167 2255 2400 2310 saecula.
2435 2253 2707 2310 Alleluia.

2238 2345 2576 2400 Communia.
2611 2341 2864 2414 Spiritus
2888 2347 3127 2398 sanctus
3149 2343 3379 2398 docebit
3397 2359 3518 2412 vos,
3545 2340 3828 2408 Alleluia,

2165 2449 2551 2504 quaecumque
2581 2431 2778 2487 dixero
2818 2431 3000 2486 vobis.
3035 2430 3298 2487 Alleluia.

2825 2547 3136 2618 Sequentia.

2238 2653 2434 2709 Sancti
2466 2651 2719 2725 Spiritus
2751 2652 2908 2708 adsit
2939 2652 3110 2708 nobis
3139 2652 3347 2724 gratia,

2238 2743 2370 2806 Qum
2403 2741 2579 2797 corda
2607 2745 2809 2796 nostra
2833 2739 2945 2797 sibi
2973 2741 3146 2796 faciat
3177 2739 3552 2796 habitacula?

2235 2829 2506 2902 Expulsis
2531 2829 2666 2884 inde
2696 2830 2923 2884 cunctis
2953 2829 3110 2885 vitiis
3136 2826 3565 2900 spiritualibus.

2237 2918 2489 2991 Spiritus
2521 2917 2671 2973 alme
2701 2917 3028 2974 illustrator
3059 2917 3346 2984 omnium,

2235 3007 2512 3063 Horridas
2541 3011 2753 3064 nostra;
2784 3007 3000 3062 mentis
3034 3022 3220 3078 purga
3243 3005 3537 3060 tenebras.

2237 3099 2470 3152 Amator
2501 3100 2702 3152 sancte
2731 3100 3102 3151 sensatorum
3151 3109 3384 3166 semper
3429 3092 3826 3165 cogitatuum.

2233 3185 2479 3240 Infunde
2492 3184 2828 3240 unctionem
2840 3182 3534 3251 tuam,c1emens,nostris
3547 3180 3830 3237 sensibus

2233 3275 2320 3329 Tu
2352 3273 2692 3345 puriﬁcator
2718 3272 2982 3328 omnium
3015 3271 3370 3344 flagitiorum
3431 3269 3706 3342 Spiritus,

2230 3361 2483 3418 Puriﬁca
2513 3366 2745 3417 nostros
2774 3360 2975 3417 oculos
3008 3359 3302 3416 interioris
3333 3359 3617 3426 hominis,

2229 3451 2302 3507 Ut
2330 3449 2512 3506 videri
2552 3466 2866 3521 supremus
2897 3449 3134 3505 Genitor
3167 3448 3349 3520 possit
3374 3465 3408 3503 a
3429 3445 3600 3503 nobis

2231 3538 2434 3594 Mundi
2466 3537 2657 3593 cordis
2683 3553 2859 3608 quem
2890 3536 2998 3592 soli
3024 3552 3260 3592 cernere
3291 3539 3540 3608 possunt
3568 3533 3745 3590 oculi.

2227 3626 2544 3698 Prophetas
2565 3629 2626 3680 tu
2645 3625 2974 3697 inspirasti,
2993 3630 3058 3680 ut
3076 3623 3365 3696 praeconia
3406 3622 3623 3679 Christi
3678 3639 3828 3695 prae-

2154 3715 2480 3772 cinuissent
2503 3713 2739 3786 inclyta.

2222 3803 2530 3876 Apostolos
2543 3802 2977 3869 confortasti,ut
2990 3805 3274 3874 tropaeum
3287 3799 3497 3856 Christi
3509 3817 3612 3872 per
3620 3803 3822 3856 totum

2149 3893 2441 3949 mundum
2467 3891 2771 3947 veherent.

2219 3981 2462 4045 Quando
2494 3978 2829 4034 machinam
2855 3994 2958 4051 per
2986 3978 3246 4034 Verbum
3280 3994 3458 4034 suum
3489 3975 3624 4032 fecit
3647 3981 3810 4032 Deus

2148 4068 2297 4136 caeli,
2328 4073 2517 4135 terrae,
2544 4066 2750 4132 maria,

2218 4159 2307 4212 Tu
2329 4173 2394 4210 su
2404 4171 2503 4228 per
2524 4171 2708 4227 aquas
2721 4155 2985 4210 facturus
2999 4171 3098 4210 eos
3117 4169 3328 4210 nomen
3346 4158 3516 4210 tuum
3531 4152 3814 4225 expandi-

2147 4245 2244 4314 sti,
2279 4243 2552 4316 Spiritus.

2218 4334 2304 4388 Tu
2336 4332 2648 4388 animabus
2677 4330 3041 4386 viviﬁcandis
3065 4347 3251 4402 aquas
3282 4329 3580 4385 fecundas.

2216 4423 2304 4478 Tu
2336 4420 2648 4492 aspirando
2677 4420 2784 4475 das
2817 4417 3112 4491 spiritales
3141 4434 3270 4475 esse
3293 4417 3582 4474 homines.

2221 4511 2307 4566 'I‘u
2332 4510 2585 4565 divisum
2598 4525 2700 4580 per
2715 4507 2950 4579 linguas
2965 4507 3252 4562 mundum
3267 4511 3324 4562 et
3334 4507 3484 4562 ritus
3501 4504 3807 4571 adunasti,

2221 4597 2562 4654 Idololatras
2593 4597 2666 4652 ad
2689 4595 2914 4652 cultum
2935 4593 3036 4651 Dei
3066 4592 3794 4666 revocans,magistrorum

2147 4686 2386 4760 optime.

2213 4775 2360 4847 Ergo
2383 4791 2489 4830 nos
2511 4771 2910 4846 supplicantes
2923 4770 3027 4826 tibi
3051 4772 3258 4828 exaudi
3274 4769 3584 4844 propitius,
3599 4773 3804 4825 sancte

2141 4865 2414 4937 Spiritus,

2210 4952 2345 5008 Sine
2377 4968 2492 5024 quo
2523 4967 2722 5022 preces
2752 4967 2957 5008 omnes
2988 4968 3167 5009 cassae
3198 4949 3519 5006 creduntur
3547 4951 3605 5003 et
3639 4945 3797 5001 indi-

2140 5059 2264 5116 gnze
2292 5041 2393 5096 Dei
2420 5039 2685 5107 auribus,

2210 5131 2299 5186 Tu
2329 5129 2429 5201 qui
2462 5128 2728 5184 omnium
2761 5127 3110 5184 saeculorum
3141 5131 3361 5184 sancte.

2209 5219 2316 5283 Qui
2368 5216 2626 5273 nominis
2674 5216 2926 5273 docuisti
2990 5217 3264 5274 instincte
3324 5211 3793 5285 complectendo,

2137 5306 2413 5380 Spiritus,

2209 5395 2339 5467 Ipse
2367 5393 2539 5450 hodie
2569 5393 2867 5466 apostolos
2892 5393 3108 5450 Christi

2208 5483 2446 5539 Donans
2469 5498 2710 5538 munere
2732 5482 2966 5539 insolito
2987 5486 3042 5538 et
3063 5480 3293 5538 cunctis
3315 5477 3597 5536 inauditis
3611 5493 3798 5534 secu-

2136 5573 2233 5642 lis,
2266 5573 2433 5630 llunc
2464 5572 2621 5627 diem
2651 5570 2974 5643 gloriosum
3008 5570 3216 5627 fecisti.
