3982 6172
158 290 273 361 909

656 440 824 479 MISSA
858 441 966 479 PRO
1020 442 1300 482 PECCATIS.

222 510 517 567 Misereris
564 512 852 579 omnium,
905 518 1011 569 etc.
1074 519 1137 570 ut
1186 517 1246 569 in
1297 516 1458 571 editis
1515 532 1684 587 usque
1730 515 1801 571 ad

151 597 416 655 Alleluia.

223 687 509 744 Graduale.
544 688 807 746 Alleluia.
945 692 1210 756 Domine,
1245 693 1452 748 exaudi
1479 692 1798 750 orationem

149 795 361 847 meam,
385 783 443 834 et
473 778 693 835 clamor
725 798 893 837 meus
927 782 997 837 ad
1036 786 1090 837 te
1121 784 1332 837 veniat.

219 868 591 939 Olfertorium.
627 868 899 925 Miserere
932 870 1064 937 mei,
1101 874 1274 935 Deus,
1309 870 1635 926 secundum
1674 888 1797 927 ma-

147 971 324 1029 gnam
355 955 816 1013 misericordiam
838 963 1025 1014 tuam.
1058 959 1391 1028 Dele,Deus,
1426 959 1795 1032 iniquitatem

149 1061 361 1101 meam.

220 1135 783 1192 Communianclina
810 1153 1011 1192 aurem
1044 1142 1229 1203 tuam,
1249 1136 1500 1193 accelera
1533 1142 1595 1192 ut
1625 1155 1797 1194 eruas

147 1240 275 1279 D08.

431 1331 489 1369 IN
538 1331 708 1369 FESTO
762 1332 1151 1371 PLURIMORUM
1203 1334 1543 1372 MARTYRUM.

216 1401 577 1475 Sapientiam
610 1409 948 1459 sanctorum
984 1409 1222 1461 narrent
1250 1404 1472 1476 populi,
1507 1409 1565 1460 et
1592 1403 1795 1462 laudes

142 1508 346 1548 eorum
403 1493 669 1548 enuntiet
723 1492 1000 1561 Ecclesia,
1064 1494 1305 1550 nomina
1364 1500 1557 1550 autem
1591 1512 1791 1550 eorum

144 1580 342 1636 vivent
370 1580 429 1635 in
464 1580 742 1637 saeculum
777 1582 994 1639 saeculi.

214 1670 366 1724 Psal.
408 1670 677 1743 Magnus.
725 1672 783 1731 ιῗ.
817 1671 1122 1727 Justorum
1155 1672 1363 1727 anima:
1390 1674 1448 1728 in
1481 1690 1659 1728 manu
1697 1673 1793 1728 Dei

142 1763 305 1822 sunt,
326 1763 383 1814 et
412 1775 528 1814 non
559 1763 759 1831 tanget
807 1759 938 1814 illos
985 1764 1342 1816 tormentum
1377 1761 1635 1818 malitiae.
1668 1761 1793 1817 Visi

144 1852 286 1902 sunt
317 1845 503 1903 oculis
534 1847 942 1920 insipientium
968 1849 1135 1917 mori,
1196 1850 1282 1905 illi
1341 1855 1536 1907 autem
1566 1855 1705 1906 sunt
1731 1849 1793 1906 in

142 1952 308 2007 pace,
338 1935 608 1992 Alleluia.
635 1938 831 1993 Sancti
868 1937 973 2004 tui,
1019 1939 1285 2005 Domine,
1321 1940 1610 1995 ﬂorebunt
1639 1940 1794 1996 sicut

142 2023 527 2092 lilium,sicut
556 2026 698 2082 odor
718 2025 967 2082 balsami
993 2031 1164 2083 erunt
1194 2033 1327 2084 ante
1360 2032 1435 2083 te.

215 2113 588 2186 Oﬂ‘ertorium.
621 2115 1011 2171 Exsultabunt
1070 2117 1255 2172 sancti
1307 2117 1365 2171 in
1396 2117 1602 2190 gloria,
1634 2116 1792 2173 laeta-

141 2203 369 2259 buntur
395 2203 456 2259 in
480 2204 774 2261 cubilibus
797 2205 1367 2273 suis,exsultali0nes
1398 2207 1495 2261 Dei
1531 2207 1586 2261 in
1622 2207 1795 2262 fauci-

143 2293 258 2347 bus
281 2309 505 2348 eorum.

215 2381 560 2438 Communia.
594 2383 711 2456 Ego
740 2399 842 2439 vos
902 2383 1050 2457 elegi
1107 2384 1177 2441 de
1209 2385 1429 2440 mundo
1476 2388 1542 2440 ut
1565 2384 1711 2441 eatis
1736 2389 1794 2441 et

142 2471 404 2527 fructum
435 2471 711 2527 aﬂ‘eratis.

591 2578 650 2616 IN
700 2579 869 2617 νεετο
909 2579 1013 2619 (ΣοΝ
1025 2580 1271 2618 FESSORU
1281 2582 1322 2619 Μ
1334 2606 1345 2619 .

214 2650 561 2719 Sacerdotes
593 2650 702 2717 tui,
738 2649 1004 2717 Domine,
1064 2650 1408 2721 induantur,
1469 2656 1603 2720 etc.,
1636 2656 1693 2709 ut
1734 2655 1793 2708 in

143 2738 327 2794 editis.

213 2828 365 2883 Psal.
406 2828 716 2884 Memento.
752 2830 811 2898 ιῖ.
873 2829 1217 2885 Sacerdotes
1249 2831 1377 2901 ejus
1428 2831 1678 2887 induant
1707 2850 1795 2888 sa-

144 2916 347 2983 lutari,
372 2921 429 2972 et
452 2917 640 2972 sancti
668 2917 796 2989 ejus
813 2916 1202 2973 exsultatione
1224 2918 1619 2976 exsultabant.
1654 2920 1794 2976 llluc

144 3005 466 3077 producam
517 3022 697 3062 cornu
757 3006 956 3074 David,
1010 3007 1206 3079 paravi
1238 3007 1536 3063 lucernam
1566 3009 1795 3066 Christo

140 3111 295 3151 meo.
327 3093 596 3150 Alleluia.
642 3095 837 3150 Sancti
874 3095 977 3161 tui,
1010 3094 1272 3151 Domine.

217 3170 1001 3255 0/feriorium.Exsultabunt
1031 3183 1215 3239 sancti
1246 3184 1306 3239 in
1337 3184 1539 3257 gloria.

214 3274 557 3329 Communio.
584 3272 891 3329 Justorum
915 3271 1196 3327 animaein
1222 3289 1397 3327 manu
1422 3273 1523 3328 Dei
1546 3277 1705 3340 sunt,
1736 3279 1793 3330 et

138 3378 259 3416 non
278 3366 475 3434 tanget
497 3360 632 3418 illos
654 3365 1009 3417 tormentum
1035 3360 1416 3416 malitiaa.Visi
1445 3366 1586 3418 sunt
1606 3362 1792 3420 oculis

139 3450 557 3523 insipientium
591 3451 762 3521 mori,
796 3448 879 3504 illi
914 3454 1108 3506 autem
1128 3455 1269 3505 sunt
1289 3449 1346 3505 in
1382 3468 1540 3523 pace.

574 3555 849 3596 OFFICIUM
898 3556 967 3594 DE
1009 3556 1361 3594 VIRGINIBUS.

150 3686 155 3689 _
215 3628 457 3685 Vultum
490 3633 684 3685 tuum.
707 3629 857 3685 Psal.
893 3628 1209 3683 Eructavit.
1238 3630 1295 3697 Ii).
1321 3628 1560 3700 Propter
1581 3628 1789 3685 verita-

144 3724 263 3773 tem
289 3722 345 3773 et
366 3718 883 3788 mansuctidinem,
906 3722 1014 3773 etc.
1039 3718 1213 3784 Audi,
1238 3717 1378 3784 filia,
1411 3724 1467 3773 et
1496 3718 1644 3786 vide,
1680 3723 1790 3774 etc.

144 3800 350 3878 Specie
380 3815 503 3875 tua,
537 3812 646 3864 etc.

215 3896 591 3967 Offermrium.
664 3896 888 3953 Diﬁ‘usa
945 3900 1035 3953 est
1090 3896 1278 3970 gratia
1322 3896 1380 3952 in
1412 3895 1585 3952 labiis
1636 3895 1796 3965 tuis;

145 3989 456 4066 propterea
480 3986 777 4042 benedixit
810 3990 862 4042 te
885 3986 1038 4042 Deus
1059 3984 1117 4041 in
1139 3990 1418 4042 aeternum
1442 3990 1499 4042 et
1528 3985 1585 4041 in
1621 4002 1798 4041 saecu-

140 4074 269 4129 lum
305 4074 521 4130 saeculi.

218 4162 558 4219 Communio.
595 4163 854 4219 Dilexisti
880 4162 1200 4233 justitiam,
1236 4167 1293 4219 et
1313 4164 1487 4220 odisti
1521 4163 1796 4237 iniquita-

141 4256 262 4308 tem
291 4269 305 4319 ;
338 4257 647 4325 prepterea
678 4250 844 4305 unxit
872 4255 929 4305 te
962 4255 1130 4319 Deus,
1164 4252 1319 4307 Deus
1348 4257 1509 4308 tuus.

940 290 1332 354 EXCERPT.
1378 291 1479 355 EX
1524 292 1752 355 CODD.
1798 292 2110 356 LITURG.
2160 292 2760 371 FON'I‘AVELLAN.

1898 3450 2012 3506 dia.

3439 292 3561 359 910

1830 434 1878 494 Α
1986 427 2301 499 Sequentia
2332 427 2516 482 sancti
2540 425 2835 500 Evangelii
2860 426 3186 482 secundum
3209 425 3558 480 Marcum.ln

1908 514 2008 571 illo
2039 520 2299 589 tempore
2330 515 2475 571 dixit
2527 517 2702 572 Jesus
2762 514 3068 589 discipulis
3129 513 3253 571 suis
3287 532 3300 570 :
3332 514 3560 587 Videte,

1908 603 2169 677 vigiltate
2232 608 2290 659 et
2318 609 2499 672 orate,
2532 608 2667 673 etc.,
2728 622 2900 677 usque
2955 604 3025 661 ad
3072 603 3352 661 omnibus
3383 603 3512 659 dico
3547 619 3561 660 :

1878 692 2156 765 -Vigilate
2188 694 2474 749 inclusive.

2342 798 2613 839 OFFICIUM
2645 799 2875 839 SANCTAS
2904 799 3116 839 MARIE.

1978 870 2162 938 Salve,
2180 875 2381 927 sancta
2412 888 2646 944 parens,
2681 871 2851 929 enixa
2881 888 3169 945 puerpera
3201 887 3424 946 regem,
3458 868 3558 944 qui

1907 959 2119 1015 oculum
2154 965 2485 1032 terramque
2517 962 2666 1034 regit
2688 961 2746 1016 ia
2765 959 2980 1017 smcula
3006 960 3375 1018 saeculorum.

1974 1050 2122 1109 Psal.
2176 1049 2350 1121 Virgo
2378 1050 2479 1104 Dei
2525 1050 2807 1117 Genitrix,
2843 1066 3018 1123 quem
3049 1054 3208 1105 totus
3251 1066 3369 1105 non
3400 1047 3558 1121 capit

1905 1138 2088 1205 orbis,
2122 1137 2180 1193 in
2210 1142 2314 1193 tua
2338 1155 2400 1194 se
2439 1137 2648 1194 clausit
2672 1140 2896 1195 viscera
2919 1140 3106 1195 factus
3130 1138 3326 1195 homo.
3356 1140 3414 1207 ἡ.
3450 1138 3556 1193 Be-

1906 1228 2136 1283 nedicta
2166 1231 2223 1283 et
2251 1226 2599 1283 venerabilis
2655 1244 2737 1296 es,
2796 1227 2972 1301 Virgo
3028 1228 3233 1295 Maria,
3268 1243 3399 1299 quae
3428 1225 3555 1283 sine

1904 1321 2058 1371 tactu
2093 1316 2335 1388 pudoris
2392 1316 2626 1371 inventa
2668 1332 2731 1373 es
2760 1316 2944 1372 Mater
2971 1314 3308 1371 Salvatoris.
3344 1314 3546 1387 Virgo,

1906 1404 2002 1460 Dei
2035 1405 2314 1471 Genitrix,
2351 1422 2524 1476 quem
2547 1408 2703 1460 totus
2736 1421 2850 1462 non
2875 1405 3032 1477 capit
3053 1404 3234 1473 orbis,
3268 1403 3328 1460 in
3359 1407 3460 1459 tua
3491 1419 3554 1461 se

1903 1493 2115 1549 clausit
2131 1493 2355 1549 viscera
2382 1496 2569 1550 factus
2586 1493 3053 1550 homo.Alleluia.
3079 1495 3133 1563 ᾖ.
3158 1494 3295 1551 Post
3314 1496 3552 1567 partum

1904 1580 2805 1654 Virgoinviolatapermansisti:
2838 1583 2939 1639 Dei
2973 1581 3552 1651 Genitrix,intercede

1903 1689 2005 1745 pro
2039 1671 2227 1727 nobis.

2572 1762 2879 1835 Sequentia.

1975 1848 2092 1904 Hac
2124 1849 2281 1905 clara
2312 1850 2404 1905 die
2437 1854 2633 1905 turma
2662 1849 2869 1905 festiva
2897 1850 2999 1905 dat
3026 1848 3334 1921 praeconia,

1976 1938 2220 1994 Mariam
2253 1938 2655 2011 conercpando
2701 1937 3053 2010 symphonia
3080 1940 3369 1994 nectarea.

1976 2026 2180 2082 Mundi
2211 2026 2616 2099 Domina,quae
2638 2030 2726 2083 est
2756 2025 2881 2083 sola
2901 2025 3238 2084 castissima
3251 2025 3550 2101 virginum

1904 2115 2145 2188 Regina.

1975 2203 2193 2259 Salutis
2223 2222 2420 2270 causa,
2454 2205 2584 2260 vitae
2643 2207 2836 2277 porta,
2887 2209 3063 2277 atque
3139 2203 3267 2260 cceli
3339 2202 3552 2260 referta

1903 2293 2110 2366 gratia.

1974 2383 2120 2437 Nam
2152 2383 2223 2438 ad
2257 2382 2417 2438 illam
2450 2382 2533 2438 sic
2566 2383 2773 2439 nuntia
2840 2382 2978 2438 olim
3010 2386 3151 2438 sunt
3187 2381 3339 2439 facta
3368 2397 3548 2455 ange-

1902 2470 2015 2528 lica
2034 2490 2053 2526 .·

1898 2584 1901 2588 Α
1974 2562 2111 2628 Ave,
2145 2560 2346 2629 Maria,
2380 2559 2570 2632 gratia
2594 2560 2694 2617 Dei
2727 2560 2899 2633 plena
2930 2575 3033 2632 per
3062 2559 3295 2616 saecula.
3406 2561 3410 2564 ’

1976 2649 2290 2705 Mulierum
2322 2650 2420 2721 pia
2450 2650 2686 2722 agmina
2714 2649 2869 2705 intra
2890 2666 3120 2722 semper
3137 2647 3444 2705 benedicta

1976 2739 2151 2811 Virgo
2178 2742 2237 2795 et
2257 2739 2495 2811 gravida
2521 2738 2706 2794 Mater
2723 2737 3127 2811 intacta,prole
3148 2738 3440 2812 gloriosa:

1977 2828 2079 2884 Cui
2112 2833 2315 2884 contra
2345 2827 2533 2883 Maria
2562 2826 2685 2883 haec
2716 2828 2906 2885 reddit
2936 2828 3190 2886 femina:

1976 2918 2039 2972 In
2070 2934 2162 2972 me
2194 2918 2488 2989 quomodo
2520 2927 2622 2974 tua
2649 2919 2794 2975 ﬁent
2824 2918 3033 2974 nuntia
3053 2917 3082 2973 Ἰ
3240 2904 3243 2909 ’

1977 3006 2097 3061 Viri
2128 3006 2257 3061 novi
2290 3005 2513 3061 nullam
2547 3011 2700 3062 certe
2731 3006 3022 3078 copulam,

1979 3097 2056 3150 Ex
2087 3111 2203 3166 quo
2234 3099 2408 3167 atque
2439 3100 2577 3150 nata
2607 3111 2737 3149 sum
2771 3096 3133 3166 incorrupta.

1820 3170 1864 3237 C
1972 3183 2114 3238 Diva
2145 3183 2367 3239 missus
2398 3184 2478 3237 ita
2507 3182 2697 3238 reddit
2725 3182 2935 3238 atrata:

1972 3272 2137 3327 Flatu
2171 3288 2337 3327 sacro
2370 3270 2541 3344 plena
2571 3271 2694 3338 fies,
2728 3270 2933 3326 Maria.

1969 3361 2128 3417 Nova
2156 3361 2406 3416 offerens
2436 3360 2653 3433 gaudia
2684 3362 2886 3415 sancto
2918 3358 3092 3432 plena
3118 3357 3242 3414 nati
3264 3374 3367 3431 per
3393 3374 3548 3414 exor-

1969 3540 2128 3595 Intra
2180 3538 2267 3594 tui
2329 3538 2475 3595 uteri
2532 3537 2791 3595 claustra
2850 3540 3073 3611 regnat,
3107 3536 3207 3610 qui
3263 3536 3550 3610 gubernat

1903 3628 2120 3685 aethera

1973 3718 2201 3786 Omnia,
2227 3717 2328 3788 qui
2361 3718 2461 3773 dat
2492 3722 2757 3790 tempore
2786 3717 3050 3789 paciﬁca.

1975 3806 2292 3878 Sequentia
2322 3807 2511 3862 sancti
2544 3806 2837 3880 Evangelii
2877 3806 3205 3863 secundum
3239 3805 3478 3861 Lucam.

1979 3896 2041 3950 In
2073 3894 2173 3950 illo
2206 3900 2468 3968 tempore
2499 3895 2720 3967 repleta
2750 3899 2838 3951 est
2866 3894 3182 3963 Elisabeth,
3224 3897 3359 3962 etc.,
3388 3907 3555 3965 usque

1905 3984 1975 4039 ad
1995 3983 2238 4039 salutari
2272 4000 2397 4039 meo
2430 3985 2712 4039 inclusive.

1977 4074 2344 4144 Oﬂeriorium.
2372 4077 2509 4139 Ave,
2542 4071 2742 4127 Maria.

1979 4161 2321 4218 Communia.
2378 4163 2555 4215 Beata
2609 4159 2835 4215 viscera
2880 4158 3097 4227 Mariae,
3130 4173 3258 4229 quae
3290 4159 3557 4230 portave-

1909 4256 2048 4308 runt
2078 4249 2277 4307 aeterni
2308 4248 2496 4306 Patris
2527 4246 2759 4304 Filium.

912 4511 1329 4571 EXCERPTA
1376 4510 1479 4569 EX
1522 4511 1880 4572 SECUNDO
1924 4512 2200 4574 CODltlE
2243 4510 2817 4572 AVELLANENSI.

1735 4664 2051 4677 —————

583 4787 647 4825 Ml
660 4786 760 4825 SSA
803 4786 912 4824 PRO
944 4785 1378 4825 TRIBULATIONE.

229 4858 402 4914 Salus
424 4858 620 4932 populi
645 4876 748 4931 ego
775 4859 1091 4926 sum,dixit
1112 4856 1398 4913 Dominus
1430 4858 1535 4925 ;de
1558 4875 1819 4930 quacun-

1837 4769 1885 4834 D
1988 4768 2178 4824 Lectio
2200 4766 2332 4821 libri
2358 4766 2683 4838 Sapientia.
2717 4768 2993 4825 Miserere
3022 4768 3412 4838 nostri,Deus,
3435 4771 3570 4832 etc.,

1928 4874 2098 4929 usque
2127 4856 2196 4912 ad
2244 4856 2400 4911 verba
2435 4860 2499 4910 ut
2529 4861 2800 4912 enarrent
2827 4856 3124 4912 mirabilia
3153 4861 3273 4925 tua,
3308 4855 3574 4923 Domine,

171 4962 286 5020 que
311 4945 689 5002 tribulatione
723 4946 1103 5003 clamaverint
1127 4948 1196 5002 ad
1233 4962 1348 5013 me,
1382 4948 1689 5003 exaudiam
1723 4965 1823 5005 eos
1931 4946 2085 5002 Deus
2116 4948 2331 5001 noster.

152 5042 210 5092 et
230 5053 329 5091 ero
354 5035 592 5091 illorum
615 5036 899 5091 Dominus
935 5037 991 5091 in
1026 5040 1394 5109 perpetuum.
1429 5038 1576 5092 Psal.
1615 5038 1818 5093 Atten-

161 5124 303 5192 dite,
330 5124 562 5196 popule.
598 5124 813 5179 Gloria.

233 5215 439 5269 Oratio.
474 5212 855 5286 Omnipotens
889 5214 1243 5286 sempiterno
1273 5217 1444 5280 Deus,
1472 5216 1814 5269 maestorum

152 5299 496 5369 consolatio,
528 5301 929 5357 laborantium
956 5302 1257 5364 fortitudo,
1292 5300 1634 5372 perveniant
1655 5302 1725 5357 ad
1761 5307 1820 5358 te

2003 5031 2597 5104 Graduale.Propitius
2620 5033 3038 5101 esto,Domine,
3062 5032 3315 5105 peccatis
3335 5030 3573 5099 nostris,

1935 5123 2245 5196 nequando
2265 5121 2464 5177 dicant
2483 5124 2685 5194 gentes
2710 5138 2722 5176 :
2756 5120 2864 5177 Ubi
2890 5125 2979 5178 est
3009 5121 3164 5177 Deus
3187 5137 3388 5176 eorum
3407 5118 3435 5175 ?

2002 5215 2056 5281 ᾖ,
2091 5213 2311 5284 Adjuva
2342 5227 2448 5266 nos
2498 5210 2652 5266 Deus
2685 5207 2961 5266 salutaris
3008 5213 3226 5281 noster,
3257 5213 3315 5267 et
3343 5211 3581 5281 propter

1935 5302 2218 5359 honorem
2250 5298 2507 5356 nominis
2538 5299 2643 5369 tui,
2667 5298 3131 5366 Domine,libera
3151 5314 3278 5355 nos.
3311 5296 3579 5354 Alleluia.

160 5407 365 5462 preces
396 5391 467 5446 de
497 5407 854 5463 quacunque
884 5389 1261 5446 tribulatione
1307 5388 1711 5458 clamantium,
1753 5395 1823 5448 ut
1930 5393 2085 5449 1)δαί.
2119 5390 2389 5457 Domine,
2425 5389 2633 5445 exaudi
2683 5388 3001 5445 orationem
3035 5404 3249 5454 meam,
3275 5391 3333 5443 et
3363 5386 3588 5443 clamor

164 5495 373 5535 omnes
420 5479 533 5535 sibi
574 5479 633 5535 in
687 5478 1139 5535 necessitatibus
1194 5478 1317 5535 suis
1351 5477 1817 5537 misericordiam
1931 5498 2105 5538 meus
2137 5480 2209 5536 ad
2244 5483 2300 5535 te
2330 5478 2544 5535 veniat.

162 5573 326 5628 tuam
357 5568 653 5645 gaudeant
681 5568 965 5627 adfuisse.
1002 5568 1125 5628 Per.

2003 5568 2323 5648 Sequentia
2353 5567 2540 5627 sancti
2576 5566 2869 5649 Evangelii
2902 5566 3224 5627 secundum
3260 5565 3503 5626 Lucam.
3524 5565 3594 5627 In
