3982 6162
439 257 575 351 9η

1624 290 1813 355 S/EC.
1858 290 1941 354 XI
1985 288 2300 356 MONUM.
2345 289 2661 357 LlTURG.

3746 284 3881 349 912

441 424 543 481 illo
572 429 834 499 tempore
862 425 1008 483 dixit
1033 424 1208 484 Jesus
1264 424 1568 497 discipulis
1599 425 1762 482 suis:
1794 426 2082 490 Quoniam
2111 429 2168 495 Α
2197 440 2320 482 rem
2349 426 2487 483 Jesu
2519 425 2749 484 Christo
2778 425 2918 483 Filia
2933 426 3063 500 ejus
3075 429 3133 483 et
3160 420 3415 499 Spiritui
3449 426 3658 481 sancto
3679 439 3879 496 para-

441 518 712 588 opportet
740 530 972 589 semper
1000 532 1188 587 orare,
1218 518 1352 584 etc.,
1384 529 1554 587 usque
1579 512 1979 572 advindictam
2010 513 2085 570 i1-

442 601 638 661 lorum
659 604 943 662 inclusive.

522 694 892 767 Offertorium.
924 692 985 750 Si
1040 691 1414 749 ambulavero
1443 690 1505 748 in
1534 691 1727 749 medio
1758 691 2089 749 tribulatio-

445 783 561 852 nis,
592 782 916 841 viviﬁcabis
936 798 1051 851 me,
1083 781 1347 854 Domine,
1366 785 1423 837 et
1443 781 1788 855 superiram
1820 781 2086 837 inimico-

443 888 577 928 rum
598 885 863 928 meorum
879 871 1156 928 extendes
1185 887 1430 929 manum
1460 874 1648 939 tuam,
1680 874 1737 927 et
1748 869 1978 928 salvum
1996 886 2089 926 me

444 959 581 1017 fecit
609 959 847 1016 dextera
873 963 996 1017 tua.

514 1047 749 1105 Secreta.
786 1050 898 1105 llas
929 1047 1056 1119 tibi,
1098 1049 1367 1117 Domine,
1401 1048 1701 1105 offerimus
1732 1048 1957 1105 hostias
1986 1066 2092 1121 pro

446 1135 633 1195 salute
665 1142 867 1195 nostra
889 1142 947 1194 et
975 1155 1081 1211 pro
1111 1139 1390 1196 omnibus
1443 1138 1732 1211 angustiis
1795 1136 1965 1194 nobis
2002 1137 2089 1192 in-

443 1228 810 1300 gruentibus,
861 1233 1152 1301 quatenus
1194 1243 1450 1300 corpora
1510 1232 1566 1283 et
1596 1227 1825 1283 animas
1859 1231 2093 1282 nostras

441 1316 696 1390 Spiritus
725 1318 912 1373 sancti
942 1316 1134 1392 gratia
1162 1304 1413 1373 liberare
1445 1320 1620 1389 atque
1654 1315 1987 1371 illuminare
2009 1315 2093 1370 di-

443 1405 663 1479 gneris.
698 1405 824 1463 Per.

517 1493 856 1552 Communia.
890 1499 1077 1553 Amen
1131 1495 1260 1551 dico
1317 1494 1503 1565 vobis,
1538 1493 1829 1567 quidquid
1860 1498 2094 1551 orantes

445 1583 666 1656 petitis,
700 1584 917 1642 credite
949 1584 1086 1658 quia
1114 1584 1432 1659 accipietis;
1468 1588 1524 1640 ct
1552 1584 1653 1640 ﬁet
1690 1582 1878 1640 vobis.

516 1672 597 1729 Ad
624 1675 1083 1729 communionem.
1101 1673 1189 1730 Da
1216 1672 1406 1741 nobis,
1440 1671 1705 1741 Domine,
1727 1688 2095 1745 quaesumus,

2197 514 2354 571 alito.

2268 605 2475 662 Deinde
2494 605 2675 678 signat
2713 621 2838 662 eum
2857 607 2919 661 in
2943 606 3144 678 fronte,
3181 602 3371 659 dicens
3389 619 3414 658 ,ο
3432 600 3686 675 Signum
3725 617 3884 679 san-

2197 695 2537 761 ctaafcrucis
2590 695 2820 752 Domini
2879 694 3064 752 nostri
3117 692 3261 751 Jesu
3322 690 3545 747 Christi
3572 689 3637 746 in
3670 689 3886 748 fronte

2197 787 2299 840 tua
2319 801 2490 856 pono.

2272 873 2543 930 Deindeet
2562 875 2623 930 in
2637 882 2854 947 pectore
2888 875 3083 946 signet,
3115 872 3300 929 dicens
3320 889 3340 928 :
3362 869 3611 945 Signum
3644 866 3883 928 salutis

2201 961 2472 1027 tDomini
2503 962 2688 1019 nostri
2719 963 2862 1020 Jesu
2892 961 3102 1019 Christi
3136 962 3195 1017 in
3230 963 3435 1034 pectus
3471 963 3649 1015 tuum
3680 975 3878 1033 pono.

2198 1050 2406 1123 Accipe
2438 1051 2908 1123 signumtcrucis
2938 1050 3153 1107 Christi
3200 1054 3318 1105 tam
3350 1048 3409 1106 in
3452 1049 3649 1117 corde,
3678 1064 3877 1121 quam

2202 1139 2261 1194 in
2298 1139 2503 1196 fronte.
2539 1141 2717 1197 Sume
2768 1140 2943 1196 ﬁdem
2997 1138 3325 1196 cmlestium
3393 1142 3875 1212 praeceptorum;

2200 1227 2335 1284 talis
2394 1234 2516 1285 esto
2574 1229 2864 1301 moribus,
2924 1234 2989 1285 ut
3016 1228 3314 1302 templum
3343 1227 3447 1284 Dei
3478 1243 3610 1284 esse
3644 1227 3869 1300 possis.

2202 1317 2472 1375 Gaudeas
2518 1318 2820 1392 ingressus
2874 1318 2929 1373 in
2989 1317 3310 1374 Ecclesiam
3368 1315 3471 1373 Dei
3516 1316 3786 1372 evasisse
3815 1319 3871 1371 te

2202 1406 2444 1479 laqueos
2469 1407 2866 1477 mortis,laetus
2897 1423 3149 1481 agnosce
3180 1405 3581 1479 idol¢,respue
3613 1403 3873 1463 simula-

2203 1513 2321 1565 cra,
2354 1496 2478 1552 cole
2512 1501 2690 1553 Deum
2746 1497 2978 1553 Patrem
3033 1495 3503 1570 omnipotentem
3546 1498 3611 1551 et
3662 1493 3873 1551 Jesum

2202 1584 2498 1641 Christum
2524 1584 2728 1642 Filium
2763 1585 3019 1658 ejus,qui
3040 1602 3175 1642 cum
3201 1600 3273 1642 eo
3301 1588 3361 1641 et
3391 1583 3615 1658 Spiritu
3658 1588 3873 1640 sancto

2202 1671 2343 1729 vivit
2361 1676 2419 1728 et
2448 1678 2651 1747 regnat
2671 1678 2819 1731 Deus
2842 1674 2901 1731 in
2921 1678 3137 1731 aeterna
3166 1672 3392 1731 saecula
3420 1671 3801 1730 seculorum.

446 1760 518 1817 de
546 1760 921 1869 tribulatione
968 1760 1251 1862 laetitiam,
1275 1851 1291 1869 ἱ
1312 1766 1377 1818 ut
1405 1762 1508 1869 qui
1556 1762 1656 1818 diu
1706 1778 1810 1869 pro
1841 1760 2094 1860 peccatis
2124 1803 2172 1869 B
2276 1764 2482 1818 Amen.

448 1849 668 1907 nostris
684 1849 1536 1924 afﬂigimur,intercedentibus
1567 1850 1842 1908 omnibus
1874 1850 2095 1907 sanctis

446 1937 586 2008 tuis,
610 1939 671 1994 in
713 1943 816 1996 tua
834 1934 1235 1998 misericordia
1254 1939 1628 2013 respiramus.
1687 1939 1812 1997 Per.

803 2082 933 2122 ALIA
961 2082 1132 2123 MISSA
1161 2081 1272 2122 PRO
1301 2082 1738 2122 TRIBULATIONE.

519 2170 692 2229 Salus
723 2172 923 2246 populi
956 2188 1062 2246 ego
1093 2188 1247 2239 sum,
1280 2171 1425 2228 dicit
1452 2172 1758 2228 Dominus.

519 2259 726 2316 Oratio.
759 2259 935 2329 Deus,
993 2260 1166 2316 Pater
1212 2261 1636 2334 orphanorum,
1681 2260 1986 2333 judexque
2013 2259 2103 2315 vi-

447 2349 721 2420 duarum,
743 2347 1035 2422 lacrymas
1052 2348 1319 2406 Ecclesiae
1350 2353 1465 2405 tute
1488 2348 1809 2405 miseratus
1841 2348 2099 2416 intende,

445 2436 725 2511 illamque
742 2442 845 2495 tua
866 2438 1324 2495 misericorditer
1345 2437 1554 2511 eripiat
1583 2439 1892 2510 majestas,
1924 2453 2101 2510 quam

449 2526 613 2584 nulla
643 2532 876 2584 terrena
895 2527 1156 2584 defendit
1189 2530 1468 2599 potestas.
1504 2526 1631 2582 Per.

523 2614 718 2671 Lectio
747 2614 1012 2672 Jeremiaa
1046 2614 1362 2689 prophetae.
1396 2615 1457 2670 Si
1492 2615 1832 2687 iniquitates
1870 2618 2103 2671 nostras

455 2704 900 2773 contenderunt,
963 2709 1096 2773 etc.,
1155 2720 1325 2776 usque
1380 2703 1451 2761 ad
1481 2721 1613 2774 nos,
1656 2702 1920 2773 Domine,
1948 2704 2102 2761 Deus

458 2796 677 2848 noster.

530 2880 819 2938 Graduale.
882 2881 1178 2955 Propitius
1234 2886 1380 2949 esto,
1419 2882 1678 2949 Domine,
1730 2882 1943 2954 adjuva
1972 2900 2099 2952 nos,

461 2969 637 3027 Deus.
666 2968 934 3027 Alleluia.
968 2970 1234 3039 Domine,
1266 2971 1494 3027 exaudi.

527 3061 905 3132 Evangelium.
928 3061 1212 3126 Quoniam
1243 3065 1487 3133 oportet.

525 3149 959 3223 0ﬁertorium.Si
990 3149 1383 3207 ambulavero.

521 3239 756 3296 Secreta.
768 3239 895 3296 Haec
922 3239 1136 3307 hostia,
1162 3239 1430 3308 Domine,
1450 3255 1626 3312 quam
1650 3254 1753 3311 pro
1775 3237 2100 3295 inﬁdelium

450 3327 622 3387 bellis
642 3328 964 3396 offerimus,
989 3329 1095 3385 tibi
1120 3328 1199 3385 sit
1223 3332 1482 3401 accepta,
1516 3332 1580 3384 ut
1610 3343 1714 3401 per
1739 3327 1914 3397 hanc,
1944 3329 2098 3400 quod

449 3417 655 3474 devote
704 3417 1029 3491 poscimus,
1062 3420 1118 3473 te
1167 3418 1483 3489 adiuvante
1508 3433 1959 3490 consequamur.
1993 3416 2102 3473 Per

522 3506 860 3563 Communia.
894 3510 1103 3575 Amen,
1138 3505 1266 3562 dico
1292 3505 1474 3563 vobis.

426 3666 431 3671 η
521 3594 601 3650 Ad
623 3596 1080 3651 communionem.
1142 3593 1430 3666 Deprime,
1465 3609 1829 3666 quaesumus,
1858 3592 2098 3650 Domine

451 3681 766 3755 Deus,jura
784 3687 1166 3756 tyrannorum
1184 3682 1289 3737 tibi
1314 3681 1854 3752 adversantium,ut
1869 3682 2099 3739 discant

450 3774 507 3827 te
537 3769 659 3828 fore
687 3774 1075 3845 protectorem
1102 3770 1376 3828 Ecclesiae
1410 3775 1520 3827 tua:
1551 3775 1655 3827 tuo
1674 3770 1928 3844 pretioso
1958 3788 2095 3828 san-

448 3859 624 3934 guine
653 3860 986 3934 redemptae.
1022 3860 1148 3917 Per.

575 3984 782 4024 INCIPIT
810 3983 960 4023 0RDO
997 3984 1071 4024 AD
1109 3982 1578 4023 CATHECUMENUM
1617 3982 1966 4023 FACIENDUM.

516 4076 797 4147 Interroga
849 4077 1027 4149 primo
1070 4074 1136 4131 de
1191 4076 1416 4131 nomine
1450 4076 1588 4147 ejus,
1614 4073 1713 4130 hoc
1730 4077 1827 4142 est,
1860 4090 1963 4146 quo
1994 4090 2093 4131 no-

443 4166 595 4220 mine
620 4166 737 4221 vult
768 4166 972 4233 vocari,
1003 4166 1055 4220 et
1073 4164 1216 4221 dicto
1246 4166 1426 4220 sancti
1455 4165 1700 4220 nomine.

515 4253 703 4318 Quare
732 4252 942 4309 venisti
971 4253 1044 4309 ad
1078 4251 1437 4308 Ecclesiam?
1460 4253 1519 4321 ἢ.
1544 4250 1912 4306 Christianus
1946 4250 2089 4306 fleri.

515 4340 662 4403 Quid
693 4339 846 4411 petis
864 4340 892 4395 ‘l
916 4342 974 4405 Ii}.
1010 4340 1232 4395 Fidem.

516 4424 688 4481 Fides
714 4424 857 4497 quid
884 4426 991 4481 tibi
1024 4432 1315 4499 praaparat
1336 4426 1365 4482 ‘l
1406 4429 1465 4495 ιῖ.
1497 4426 1691 4482 Vitam
1718 4432 2017 4484 aeternam.

2282 1853 2409 1907 Alia
2440 1854 2633 1907 oratio.
2669 1851 3052 1926 Omnipotens
3103 1851 3467 1925 sempiterne
3516 1850 3699 1917 Deus,
3757 1854 3869 1907 etc.

2277 1940 2442 1997 Alia:
2496 1940 2699 1997 Preces
2745 1945 2998 2010 nostras,
3029 1945 3141 1998 etc.
3170 1940 3297 1997 Alia
3321 1958 3339 1995 :
3393 1939 3572 2007 Deus,
3619 1940 3727 2013 qui
3757 1939 3869 1996 hu-

2208 2028 2369 2084 mani
2402 2030 2655 2102 generis,
2688 2035 2800 2086 etc.

2276 2119 2402 2174 Alia
2449 2120 2626 2175 oratio
2654 2136 2673 2173 :
2703 2120 3051 2176 Exoreismus
3079 2121 3241 2189 salis,
3271 2123 3406 2187 etc.,
3456 2122 3518 2175 ut
3550 2119 3615 2174 in
3656 2120 3867 2176 Rituali

2206 2208 2470 2264 Romano.

2280 2296 2588 2366 Bene’rdic,
2603 2296 2976 2370 omnipotens
2994 2298 3169 2366 Deus,
3189 2297 3343 2354 hanc
3363 2301 3697 2355 creaturam
3719 2296 3862 2355 salis

2208 2386 2613 2443 benedictione
2635 2386 2851 2442 caelesti
2894 2387 2955 2443 in
2980 2387 3215 2443 nomine
3249 2384 3668 2455 DominifJesu
3696 2386 3861 2444 Chri-

2211 2475 2287 2532 sti
2309 2479 2367 2531 et
2396 2475 2454 2530 in
2484 2474 2698 2531 virtute
2728 2475 2984 2547 Spiritus
3014 2474 3299 2543 sancti,ad
3332 2474 3718 2548 etfugandum
3752 2475 3857 2530 ini-

2212 2565 2454 2629 micum,
2488 2580 2664 2635 quam
2700 2569 2784 2629 tu,
2818 2564 3087 2634 Domine,
3131 2563 3860 2632 sanctiﬁcandotsanctiﬁ-

2210 2652 2741 2722 ces,bcnedicendo
2765 2654 3131 2723 benefdicas,
3166 2652 3382 2726 ﬁatque
3404 2652 3685 2709 omnibus
3709 2654 3863 2710 acci-

2210 2741 2507 2814 pientibus
2545 2742 2800 2814 perfecta
2824 2742 3137 2809 medicina,
3170 2758 3520 2815 permanens
3546 2742 3857 2800 invisceri-

2211 2830 2322 2886 bus
2335 2831 2695 2887 sumentium
2716 2830 2773 2887 in
2805 2832 3041 2888 nomine
3071 2830 3485 2898 DominifJesu
3506 2829 3727 2888 Christi
3760 2832 3860 2905 qui

2210 2923 2490 2976 venturus
2510 2923 2601 2977 est
2618 2919 2679 2976 in
2701 2920 2926 2995 Spiritu
2957 2923 3159 2978 sancta
3184 2919 3470 2993 judicare.

2283 3008 2425 3065 Tunc
2453 3010 2687 3081 accipiat
2703 3008 2768 3065 de
2796 3010 2913 3082 ipso
2940 3009 3074 3077 sale,
3107 3018 3161 3067 et
3175 3013 3414 3083 ponatur
3431 3011 3492 3066 in
3532 3025 3629 3066 ore
3657 3012 3849 3082 infan-

2207 3098 2309 3153 tis:
2338 3098 2549 3170 Accipe
2578 3096 2665 3153 sal
2694 3098 3013 3171 sapientiae,
3045 3098 3397 3172 propitiatus
3444 3097 3522 3155 sit
3576 3099 3639 3156 in
3672 3098 3851 3155 vitam

2132 3170 2176 3239 C
2210 3190 2506 3242 aeternam.
2532 3188 2738 3244 Amen.

2280 3275 2564 3332 Dominus
2594 3276 2922 3333 vobiscum.
2957 3278 3016 3347 ix).
3041 3278 3110 3333 Et
3137 3294 3292 3334 cum.

2282 3365 2486 3421 Oratio.
2502 3364 2656 3422 Deus
2677 3369 2911 3438 patrum
2932 3370 3289 3440 nostrorum,
3315 3370 3424 3423 etc.
3455 3371 3517 3423 ut
3544 3368 3606 3423 in
3638 3368 3839 3424 Rituali

2206 3453 2369 3510 edito.

2276 3543 2479 3598 Deinde
2514 3541 2884 3614 apprehendat
2908 3543 3210 3611 dexteram,
3267 3548 3321 3600 et
3376 3543 3687 3601 introducat
3726 3561 3845 3617 eum

2204 3632 2267 3686 in
2276 3631 2575 3698 ecclesiam,
2593 3633 2674 3687 sic
2692 3632 2916 3689 dicendo
2927 3650 2947 3687 :
2964 3632 3271 3705 Ingredere
3283 3632 3344 3688 in
3356 3631 3645 3706 templum
3659 3632 3845 3689 Domi-

2206 3718 2286 3788 ni,
2320 3724 2385 3775 ut
2416 3718 2636 3777 habeas
2667 3724 2895 3793 partem
2926 3737 3061 3777 eum
3090 3720 3338 3778 Christo.

2418 3871 2628 3910 INCIPIT
2655 3870 2806 3911 ORDO
2835 3872 2907 3911 AD
2938 3871 3253 3912 SYMBOLUM
3277 3872 3627 3912 FACIENDUM.

2273 3992 2425 4044 Deus
2453 3987 2768 4058 Abraham,
2801 3992 2933 4058 etc,,
2964 3993 3024 4045 ut
3053 3990 3114 4045 in
3131 3989 3275 4046 edito
3308 3991 3539 4047 Rituali.

2273 4078 2555 4150 Adjuratio
2583 4081 2773 4133 contra
2795 4077 3133 4135 daemonem:
3175 4080 3347 4152 Ergo,
3381 4079 3687 4135 maledicta
3715 4079 3835 4135 dia~

2200 4164 2353 4231 hole,
2385 4170 2492 4221 etc.
2505 4210 2518 4235 ,
2551 4170 2612 4221 ut
2639 4183 2810 4237 supra
2840 4168 2897 4221 in
2914 4168 3370 4234 Ritualibus,cum
3388 4167 3488 4224 hoc
3505 4171 3717 4224 tantum
3733 4167 3837 4225 dis-

2198 4255 2453 4321 crimine,
2468 4254 2609 4326 quod
2630 4257 2687 4311 in
2727 4272 2830 4311 ms.
2862 4272 2971 4313 non
2996 4259 3230 4329 ponitur
3263 4257 3559 4314 conclusio.

2269 4343 2556 4417 Adjurah’a
2580 4361 2747 4418 super
2766 4347 3052 4416 feminam.
3073 4344 3227 4403 Deus
3267 4344 3415 4414 coeli,
3438 4348 3551 4402 etc.
3575 4350 3636 4402 ut
3656 4347 3717 4402 in
3731 4346 3835 4403 edi-

2198 4434 2286 4501 tis,
2309 4434 2511 4505 absque
2530 4441 2710 4490 lamen
2725 4435 3089 4491 conclusione.

512 4512 906 4605 Abrenuntias
927 4514 1154 4605 Satanae
1174 4516 1203 4571 ‘l
1334 4516 1698 4605 Abrenuntio
1727 4520 1786 4573 et
1813 4519 2089 4575 omnibus
2121 4538 2167 4605 η
2266 4522 2548 4594 Adjuratio
2574 4538 2739 4595 super
2764 4524 3090 4580 masculum.
3121 4524 3295 4591 Deus,
3329 4523 3660 4581 immortale
3689 4542 3826 4598 pre-

440 4599 673 4673 pompis
730 4601 907 4673 ejus;
966 4602 1314 4660 abrenuntio
1365 4608 1422 4659 et
1483 4604 1760 4663 omnibus
1814 4606 2088 4679 operibus
2121 4599 2158 4605 ’⁷
2196 4610 2435 4682 sidium,
2467 4615 2598 4680 etc.,
2630 4620 2692 4669 ut
2719 4614 2780 4668 in
2799 4612 2979 4669 editis.

438 4704 589 4745 6.108.

463 4705 532 4744 iu
576 4730 589 4744 .

463 4704 705 4845 JCsredis
744 4777 1021 4861 inDeum
1057 4778 1283 4836 Patrem
1334 4780 1817 4855 omnipotentem,
1849 4783 2083 4842 Creato-

434 4881 558 4922 rem
589 4865 717 4922 cmli
745 4871 802 4924 et
832 4871 1005 4924 terrae
1024 4866 1055 4922 Τ
1077 4869 1134 4937 ii).
1166 4869 1368 4926 Credo.

2262 4701 2388 4755 Alia
2430 4700 2707 4773 adjuratio
2730 4704 3057 4759 communis.
3104 4702 3279 4777 Ergo,
3309 4702 3469 4770 audi,
3496 4700 3821 4772 maledicta,

2190 4790 2323 4851 etc.,
2354 4796 2416 4844 ut
2445 4790 2505 4845 in
2527 4789 2704 4846 editis.

2258 4879 2639 4935 Exarcismus.
2670 4879 2943 4937 Exoreizo
2994 4884 3072 4949 te,
3132 4879 3437 4937 immunde
3475 4878 3739 4954 spiritus,
3772 4881 3823 4938 in

500 4954 701 5011 Credis
730 4959 788 5010 et
811 4955 867 5011 in
890 4955 1094 5013 Jesum
1113 4955 1411 5014 Christum
1436 4959 1645 5015 Filium
1677 4963 1806 5028 ejus
1838 4963 2078 5019 unicum
2189 4963 2425 5023 nomine
2449 4965 2636 5023 Patris
2658 4971 2716 5024 et
2730 4967 2855 5023 Filii
2880 4973 2937 5025 et
2959 4969 3212 5042 Spiritus
3238 4968 3449 5037 sancti,
3481 4973 3549 5026 ut
3578 4984 3748 5027 exeas
3774 4972 3826 5026 et

427 5041 743 5100 Dominum
762 5048 1052 5114 nostrum,
1069 5050 1278 5101 natum
1302 5052 1360 5101 et
1390 5063 1632 5118 passum
1657 5049 1684 5102 ‘l
1709 5051 1767 5119 it.
1802 5049 2005 5105 Credo.

2188 5055 2424 5111 recedas
2443 5056 2515 5111 ab
2555 5056 2664 5112 ho‘c
2684 5056 2902 5114 famulo
2924 5057 3024 5114 Dei
3050 5076 3063 5127 ;
3090 5058 3217 5132 ipse
3236 5058 3341 5114 tibi
3364 5059 3631 5131 imperet,
3658 5057 3825 5116 male-

496 5131 695 5221 Credis
716 5138 775 5189 et
793 5133 854 5189 in
868 5134 1150 5207 Spiritum
1175 5138 1737 5201 sanctum,sanctam
1760 5136 2075 5194 Ecclesiam
2185 5142 2339 5198 dicte
2360 5144 2656 5216 damnate,
2681 5146 2783 5219 qui
2804 5146 3054 5220 pedibus
3092 5131 3272 5221 super
3297 5163 3460 5205 mare
3490 5146 3821 5212 ambulavit,

418 5220 788 5291 catholicam,
808 5228 1144 5279 sanctorum
1165 5222 2074 5289 communionem,remissionem
2183 5234 2241 5286 et
2267 5232 2433 5289 Petro
2456 5235 2740 5308 mergenti
2763 5235 3061 5293 dexteram
3092 5220 3368 5310 porrexit.
3401 5236 3551 5308 Ergo
3572 5236 3816 5295 exoreiza

422 5311 1029 5400 peccatorum,carnis
1053 5310 2075 5377 resurrectionem,vitamaeternam?
2180 5323 2258 5387 te,
2306 5320 2612 5380 immunde
2660 5324 2927 5398 spiritus,
2986 5325 3380 5400 perfPatrem,
3439 5329 3497 5381 et
3553 5323 3817 5393 Fiflium,

433 5396 459 5451 ὣ
490 5397 691 5451 Credo.

421 5410 459 5459 ιη
490 5410 691 5451 uredo.

488 5479 692 5533 Deinde
737 5484 981 5554 ima/[let
1006 5488 1063 5540 in
1092 5489 1291 5558 faciem
1312 5488 1431 5559 ejus
1449 5488 1630 5544 tribus
1653 5489 1859 5546 vicibus
1887 5508 2068 5550 sacer-

415 5563 531 5635 dos,
562 5564 791 5621 dicendo
813 5584 827 5625 :
851 5569 949 5625 Exi
972 5573 1044 5629 ab
1066 5574 1469 5646 eo,immunde
1491 5576 1759 5652 spiritus,
1782 5580 1858 5639 da
1886 5581 2070 5645 hono-

2180 5413 2238 5466 et
2266 5410 2886 5483 Spiritumtsanctum,
2920 5418 2985 5471 ut
3040 5431 3212 5472 exeas
3266 5419 3324 5471 et
3352 5412 3589 5473 recedas
3619 5412 3690 5469 ad
3718 5411 3819 5469 hoc

2176 5498 2400 5557 famulo
2429 5501 2566 5558 Dei:
2588 5502 2714 5575 ipse
2734 5502 2893 5559 enim
2916 5502 3023 5560 tibi
3043 5500 3633 5578 imperat,maledicte
3659 5501 3814 5558 dam-

2177 5591 2330 5660 nate,
2388 5590 2488 5665 qui
2547 5606 2697 5650 caeco
2753 5596 2891 5653 nata
2948 5591 3150 5653 oculos
3208 5592 3456 5670 aperuit,
3510 5594 3569 5651 et
3602 5588 3812 5669 quatri-
