3982 6172
185 412 306 488 913

985 417 1375 499 EXCERPT.
1417 419 1524 485 EX
1567 420 1793 484 CODD.
1826 415 2142 485 LITURG.
2187 421 2788 489 FONTAVELLAN.

3472 422 3593 488 9M

188 559 455 618 duanum
486 554 773 635 Lazarum
804 553 875 613 de
906 559 1289 613 monumento
1320 553 1644 613 suscitavit.
1690 553 1837 627 Ergo
1865 551 1923 622 Α
1948 556 2235 632 templum
2267 557 2367 616 Dei
2394 558 2530 630 vivi,
2560 562 2617 617 et
2645 559 2895 633 Spiritus
2917 560 3157 618 sanctus
3189 556 3415 617 habitet
3440 558 3502 617 in
3522 562 3591 618 eo

186 649 284 719 sit,
310 651 421 706 etc.

256 738 543 796 Dominus
570 736 895 793 vobiscum.
928 736 998 791 Et
1028 752 1163 791 cum
1197 734 1406 809 spiritu
1438 739 1538 791 tuo

259 830 473 895 Oratio,
504 827 757 895 1Eterna,
791 829 922 893 etc.,
956 831 1018 881 ut
1049 827 1109 881 in
1140 825 1319 881 editis.

254 919 449 974 Lectic.
483 915 614 971 Haec
672 915 813 971 dicit
843 913 1201 970 domininus.
1261 913 1477 970 Omnes
1538 913 1827 982 sitientes,

179 1012 318 1074 etc.,
342 1021 512 1078 usque
535 1004 605 1061 ad
633 1003 693 1059 in
723 1003 1117 1060 crassitudine
1137 1004 1345 1059 animae
1373 1006 1601 1059 vestrae.

255 1096 541 1155 Graduale.
574 1092 795 1163 Venite,
828 1092 956 1159 filii,
988 1093 1185 1150 audite
1233 1108 1348 1162 me,
1400 1093 1672 1150 timorem
1709 1093 1823 1149 Do-

176 1186 327 1244 mini
355 1185 574 1243 docebo
600 1200 723 1240 vos.
756 1185 813 1253 ᾖ.
845 1183 1116 1239 Accedite
1144 1184 1216 1239 ad
1250 1200 1406 1251 eum,
1436 1188 1493 1239 et
1530 1182 1826 1240 illumina-

177 1275 346 1344 mini,
376 1278 435 1332 et
462 1273 641 1331 facies
668 1274 871 1329 vestrm
903 1289 1017 1328 non
1044 1272 1495 1329 confundentur.

249 1364 567 1438 Sequentia
596 1361 782 1419 sancti
799 1361 1091 1435 Evangelii
1122 1363 1447 1418 secundum
1470 1362 1823 1419 Matthaeum.

173 1457 239 1512 In
270 1454 374 1511 illo
400 1459 663 1527 tempore
693 1451 871 1508 oblati
913 1454 1052 1508 sunt
1079 1451 1219 1508 Jesu
1266 1451 1512 1524 parvuli,
1563 1456 1697 1520 etc.,
1730 1469 1827 1509 us-

174 1560 282 1618 que
308 1543 379 1600 ad
409 1541 554 1599 abiit
580 1541 737 1597 inde.

245 1636 310 1690 Et
339 1637 469 1689 tunc
496 1630 736 1688 dicatur:
771 1633 942 1685 Pater
974 1634 1192 1698 noster,
1218 1634 1269 1685 et
1297 1630 1482 1686 Credo
1515 1629 1575 1685 in
1616 1630 1822 1687 Deum.

173 1724 237 1779 Et
265 1723 414 1779 alius
443 1722 598 1777 homo
629 1721 763 1777 levet
789 1735 935 1787 eum,
966 1734 1078 1775 non
1107 1720 1203 1775 ille
1240 1736 1335 1791 qui
1386 1722 1548 1787 tenet,
1599 1720 1826 1776 dicendo

169 1812 468 1869 similiter:
499 1812 671 1865 Pater
700 1812 917 1876 noster,
952 1815 1004 1864 et
1024 1808 1205 1864 Credo
1238 1808 1297 1863 in
1329 1808 1535 1864 Deum.

326 1915 539 1956 INCIPIT
576 1915 726 1954 ORDO
767 1914 1028 1954 BAP’I‘ISII
1069 1914 1142 1953 AD
1183 1914 1677 1954 SUCCURRENDUM.

241 1988 529 2045 Medelam
559 1990 722 2042 tuam
756 1987 1053 2059 deprecor,
1104 1985 1350 2043 Domine
1396 1991 1621 2054 sancte,
1650 1991 1823 2044 Pater

168 2077 565 2150 omnipotens,
598 2077 808 2130 aeterne
828 2074 1002 2142 Deus,
1036 2073 1136 2145 qui
1161 2073 1416 2129 tribuisti
1442 2073 1718 2130 humanis
1741 2074 1824 2129 in-

167 2164 555 2224 ﬁrmitatibus
583 2163 805 2235 erigere
831 2162 1122 2218 famulum
1144 2167 1311 2218 tuum
1326 2161 1823 2236 aegritudinislan-

169 2273 312 2331 gore
336 2255 705 2328 depressum,
722 2256 779 2307 et
801 2268 1032 2308 omnem
1047 2253 1429 2324 sensumejus
1452 2252 1691 2324 dignare
1706 2252 1821 2308 tuis

168 2340 609 2402 visitationibus
642 2340 914 2407 refovere,
966 2347 1258 2413 quatenus
1305 2342 1494 2413 gratia
1542 2340 1819 2413 baptismi

168 2434 261 2491 tui
290 2433 477 2506 possit
504 2447 641 2487 cum
670 2430 884 2504 gaudio
915 2429 1226 2487 sanitatem
1257 2430 1538 2502 accipere.
1585 2429 1818 2502 Expells

165 2523 367 2596 itaque
379 2522 452 2577 ab
483 2536 550 2576 eo
580 2522 850 2576 cunctam
864 2517 1529 2575 contrarimvaletudinis
1550 2519 1817 2589 tutelam,

164 2617 237 2670 ut
265 2612 336 2669 ad
387 2609 637 2684 gratiam
695 2612 859 2664 tuam
918 2612 1217 2681 gratanter
1267 2612 1574 2676 occurrat;
1626 2608 1817 2665 releva

163 2716 344 2775 quem
377 2699 663 2754 redimere
692 2697 969 2771 dignatus
1002 2713 1087 2765 es,
1122 2700 1187 2752 ut
1207 2696 1485 2770 baptismi
1518 2697 1595 2753 sit
1625 2698 1683 2752 in
1717 2697 1815 2753 illo

164 2789 385 2865 palma,
419 2803 534 2843 non
593 2786 819 2853 mortis,
852 2790 910 2841 et
955 2785 1276 2859 gloriosum
1327 2803 1560 2858 semper
1590 2786 1815 2857 bajulet

161 2878 323 2952 quod
355 2876 578 2949 accepit
607 2874 979 2948 signaculum
1003 2879 1215 2931 sanctae
1251 2880 1277 2942 λι
1313 2876 1522 2931 crucis.

232 2966 572 3031 Coniuratio.
607 2967 721 3019 Nec
756 2969 808 3020 te
838 2963 1038 3030 lateat,
1070 2969 1278 3026 etc..ut
1305 2967 1367 3021 in
1398 2967 1579 3034 editis,
1609 2972 1815 3038 prmler

157 3056 564 3116 conclusionem
591 3053 648 3109 in
684 3053 920 3109 nomine
951 3053 1179 3110 Domini
1213 3055 1351 3111 Jesu
1378 3054 1611 3111 Christi.

234 3144 476 3203 Initium
491 3143 675 3200 sancti
690 3142 982 3215 Evangelii
1002 3145 1324 3199 secundum
1341 3144 1699 3199 Matthaaum.
1724 3143 1814 3198 Li-

156 3239 266 3295 ber
295 3231 687 3309 generationis
715 3233 855 3288 Jesu
878 3232 1095 3288 Christi
1126 3232 1251 3288 Filii
1283 3233 1597 3289 Abraham.
1630 3232 1810 3288 Abra-

156 3301 529 3382 ham'autem
546 3322 749 3395 genuit
762 3321 942 3391 Isaac,
967 3323 1125 3378 Isaac
1158 3325 1350 3378 autem
1376 3322 1578 3394 genuit
1603 3322 1806 3389 Jacob,
1840 3301 1882 3369 (ἶ

154 3413 344 3472 Jacob
373 3415 567 3468 autem
601 3411 804 3484 genuit
849 3410 881 3466 J
890 3410 1064 3466 udam
1121 3414 1176 3465 et
1209 3411 1415 3467 fratres
1456 3413 1603 3483 ejus.
1636 3412 1718 3467 Ex
1746 3428 1814 3467 ea

156 3500 536 3577 generatione
567 3503 704 3555 nata
721 3504 810 3556 est
838 3498 1015 3572 Virgo
1034 3498 1215 3554 Maria
1232 3499 1415 3555 Mater
1435 3500 1813 3556 Domininos-

160 3591 240 3649 tri
270 3591 409 3646 Jesu
441 3588 517 3645 Cb
526 3587 676 3643 risti.

235 3678 469 3736 Initium
485 3676 668 3733 sancti
685 3674 977 3749 Evangelii
1001 3676 1326 3731 secundum
1348 3677 1586 3733 Lucam.
1613 3678 1814 3735 Fuitin

160 3769 372 3826 diebus
404 3766 670 3834 Herodis,
706 3770 841 3831 etc.,
874 3781 1042 3838 usque
1070 3766 1141 3821 ad
1171 3765 1297 3823 sine
1328 3766 1585 3838 querela.

239 3855 558 3929 Sequentia
587 3853 774 3911 sancti
816 3854 1107 3927 Evangelii
1159 3855 1485 3912 secundum
1533 3856 1815 3912 Marcum.

158 3946 405 4005 Initium
428 3944 725 4017 Evangelii
758 3944 898 4001 Jesu
920 3944 1157 4013 Christi,
1183 3949 1317 4012 etc.,
1352 3961 1519 4017 usque
1543 3946 1817 4003 adomnis

159 4052 299 4093 caro
332 4034 591 4091 salutare
625 4032 747 4089 Dei.

235 4124 476 4180 Initium
506 4123 692 4179 sancti
718 4122 1017 4194 Evangelii
1064 4125 1388 4179 secundum
1418 4123 1725 4181 Joannem.
1752 4126 1815 4182 In

161 4210 454 4288 principio
485 4214 612 4267 erat
641 4210 899 4265 Verbum
928 4216 985 4265 et
1012 4210 1267 4266 Verbum
1289 4218 1411 4268 erat
1430 4215 1585 4286 apud
1605 4215 1815 4284 Deum,

159 4308 222 4361 et
252 4303 408 4359 Deus
440 4302 565 4355 erat
590 4298 868 4353 Verbum.
902 4298 1019 4353 Hoc
1056 4302 1180 4353 erat
1210 4300 1268 4353 in
1325 4300 1611 4372 principio
1660 4306 1815 4376 apud

159 4393 376 4449 Deum.
410 4385 620 4442 Omnia
649 4402 752 4456 per
797 4385 991 4457 ipsum
1043 4386 1194 4441 facta
1240 4392 1380 4441 sunt
1425 4393 1483 4443 et
1531 4389 1658 4445 sine
1690 4393 1816 4464 ipso

159 4482 384 4537 factum
412 4477 503 4531 est
535 4472 703 4541 nihil,
737 4477 846 4529 etc.
880 4475 943 4528 Et
978 4476 1060 4529 sic
1089 4478 1257 4529 totum
1277 4474 1514 4532 dicatur.

266 4578 605 4623 BENEDICTIO
642 4580 811 4626 AQU/E
847 4577 919 4619 AD
960 4580 1361 4619 BAP’I‘IZANDUM
1403 4581 1713 4621 INFIRMUM.

1943 648 2003 703 in
2035 648 2439 706 remissionem
2498 650 2763 707 omnium
2813 654 3210 723 peccatorum.
3260 655 3323 706 In
3357 650 3594 709 nomine

1943 737 2176 796 Domini
2206 738 2345 795 Jesu
2372 738 2605 805 Christi,
2642 740 2744 812 qui
2775 743 3061 796 venturus
3092 744 3199 809 est,
3232 740 3490 797 exorcizo
3512 744 3590 811 te,

1940 833 2208 887 creatura
2238 846 2426 903 aquae,
2440 845 2543 903 per
2567 830 2798 897 Deumf
2832 829 3055 897 vivum,
3071 845 3176 903 per
3202 830 3386 886 Deum
3411 835 3441 897 τι
3467 847 3597 887 san-

1939 922 2088 987 tum,
2113 935 2216 992 per
2245 919 2429 975 Deum
2462 918 2644 976 totius
2671 922 2970 989 creaturae,
2994 917 3096 992 qui
3126 921 3184 974 te
3208 918 3266 973 in
3299 917 3592 992 principio

1938 1008 2314 1081 separavitab
2328 1009 2573 1077 arida,et
2595 1008 2655 1064 in
2668 1013 2919 1082 quatuor
2935 1008 3279 1064 fluminibus
3301 1007 3455 1064 exire
3459 1009 3587 1080 jus-

1937 1098 2036 1164 sit,
2050 1102 2231 1154 totam
2248 1102 2460 1154 terram
2472 1096 2712 1170 irrigare
2726 1098 3126 1170 praecepit,qui
3145 1096 3392 1171 pedibus
3409 1114 3591 1170 supra

1938 1204 2099 1244 mare
2113 1187 2518 1255 ambulavit,et
2531 1188 2791 1243 aJoanne
2804 1186 3119 1244 inJordane
3134 1186 3464 1259 baptizatus
3475 1190 3585 1255 est;

1938 1276 2038 1350 qui
2068 1282 2122 1332 te
2152 1294 2268 1332 una
2297 1293 2430 1333 cum
2463 1276 2751 1349 sanguine
2779 1292 2886 1333 suo
2918 1275 3212 1348 produxit,
3243 1278 3300 1331 et
3327 1274 3585 1348 discipu-

1937 1365 2010 1422 lis
2041 1367 2165 1422 suis
2197 1366 2255 1421 in
2286 1369 2343 1422 te
2372 1366 2666 1438 baptizare
2679 1364 2863 1438 jussit
2892 1365 3126 1421 dicens:
3160 1365 3261 1430 Ite,
3296 1363 3586 1436 baptizata

1937 1472 2139 1512 omnes
2170 1458 2393 1528 gentes,
2427 1455 2485 1510 in
2516 1454 2750 1511 nomine
2780 1453 2965 1510 Patris
2995 1457 3052 1509 et
3083 1452 3212 1510 Filii
3240 1456 3297 1509 et
3334 1452 3585 1525 Spiritus

1936 1545 2144 1600 sancti.
2179 1543 2342 1600 Unde
2356 1544 2560 1615 adjuro
2591 1546 2665 1607 te,
2691 1559 2866 1615 aqua,
2886 1560 2989 1615 per
3017 1543 3201 1599 Deum
3226 1545 3255 1609 ἰ’
3287 1540 3587 1610 vivum,ut

1935 1632 2210 1690 efﬁciaris
2239 1649 2393 1704 aqua
2421 1636 2622 1688 sancta
2681 1636 2734 1698 τι,
2774 1648 2930 1704 aqua
2987 1631 3293 1687 benedicta
3342 1635 3398 1697 t,
3432 1647 3586 1702 aqua

1934 1738 2065 1794 qua:
2099 1720 2307 1778 abluas
2339 1723 2562 1788 sordes,
2596 1725 2653 1777 et
2701 1721 2949 1776 mundes
3000 1722 3257 1791 peccata,
3308 1722 3392 1787 ut,
3448 1736 3583 1774 cum

1934 1811 2305 1868 descenderis
2335 1810 2395 1866 in
2427 1814 2483 1867 te
2513 1810 2706 1866 infans
2733 1808 2970 1878 Christi,
3006 1809 3111 1864 fias
3143 1808 3273 1863 fons
3300 1823 3465 1880 aquae
3496 1824 3586 1863 sa-

1936 1899 2134 1956 lientis
2164 1900 2224 1956 in
2255 1900 2433 1955 vitam
2465 1904 2762 1955 mternam.
2800 1900 2861 1954 In
2893 1896 3131 1953 nomine
3171 1896 3404 1952 Domini
3444 1897 3582 1953 Jesu

1933 1990 2143 2049 Christi
2171 1991 2231 2046 in
2263 1990 2444 2047 vitam
2478 1993 2777 2045 aeternam.
2812 1989 3016 2043 Amen.

2003 2081 2103 2153 (Ad
2138 2083 2449 2149 marginem
2478 2079 2673 2135 codicis
2729 2077 2881 2135 adest
2908 2078 3028 2134 haec
3077 2075 3333 2133 rabrica:
3384 2075 3579 2132 deinde

1928 2170 2172 2227 sacerdos
2199 2172 2385 2226 mittat
2412 2184 2627 2224 cereum
2646 2183 2930 2223 accensum
2959 2167 3020 2220 in
3067 2168 3294 2236 fontem,
3347 2165 3535 2221 dicens
3560 2181 3575 2221 :

1931 2260 2256 2316 Descendat
2284 2256 2345 2313 in
2376 2256 2963 2329 hancplenitudinem
2986 2253 3163 2309 fontis
3193 2253 3379 2310 virtus
3402 2252 3580 2325 Spiri-

1929 2355 2026 2406 tus
2059 2348 2266 2405 sancti.
2294 2349 2421 2403 Post
2452 2347 2548 2402 hoc
2575 2352 2832 2416 aspergat
2868 2347 3077 2416 fontem
3124 2342 3439 2410 chrismate,
3490 2343 3576 2398 di-

1927 2456 2083 2496 cens:
2109 2436 2326 2493 Infusio
2356 2433 2724 2501 Chrismatis,
2752 2432 2961 2490 salutis
2989 2435 3048 2488 et
3077 2446 3265 2503 aquae,
3296 2430 3373 2487 sit
3402 2430 3461 2487 in
3478 2447 3577 2487 no-

1928 2528 2086 2585 mine
2111 2525 2342 2584 Domini
2363 2522 2698 2581 nostriJesu
2724 2520 2939 2578 Christi
2970 2519 3032 2576 in
3061 2520 3241 2576 vitam
3271 2523 3572 2576 aeternam.

1926 2620 2126 2674 Amen.

1996 2707 2199 2763 Deinde
2227 2706 2412 2776 sufﬂet
2438 2705 2499 2759 in
2528 2718 2672 2773 aqua
2701 2700 2874 2756 tribus
2901 2699 3113 2755 vicibus
3134 2701 3187 2753 et
3217 2699 3399 2753 mittat
3426 2697 3571 2753 chri-

1922 2812 2040 2852 sma
2068 2787 2131 2851 in
2182 2794 2404 2851 modum
2459 2793 2636 2847 crucis
2668 2794 2722 2857 t;
2755 2788 2952 2845 deinde
3006 2789 3194 2859 tangat
3222 2790 3272 2843 et
3324 2802 3488 2843 nares
3517 2790 3569 2843 et

1920 2902 2080 2942 aures
2108 2884 2173 2941 de
2221 2890 2396 2955 sputo,
2453 2881 2637 2936 dicens
2668 2879 2738 2934 ad
2793 2894 2985 2934 aurem
3031 2877 3187 2933 illius
3243 2877 3564 2932 sinistram:

1920 2973 2268 3047 Ephphetha
2297 2970 2452 3044 quod
2482 2972 2572 3025 est
2601 2966 2933 3039 adaperiro;
2966 2970 3030 3021 tu
3062 2969 3278 3032 autem,
3310 2964 3561 3033 diabole,

1921 3064 2213 3136 effugere;
2248 3056 2743 3133 appropinquabit
2770 3055 2927 3110 enim
2950 3055 3247 3124 judicium
3264 3053 3399 3136 ‘Dei.

1990 3128 2179 3208 Postea
2202 3128 2633 3216 ivero—tangatiei
2675 3148 2879 3216 pectus,
2927 3150 2977 3198 et
3024 3145 3170 3201 inter
3216 3128 3471 3214 scapulas
3499 3141 3566 3197 de

1920 3242 2033 3297 oleo
2063 3241 2368 3296 exorcizato
2397 3254 2523 3293 cum
2534 3234 2739 3307 pollice
2765 3249 2980 3289 crucem
2994 3231 3243 3302 faciendo
3252 3247 3273 3293 ;
3304 3234 3355 3287 et
3381 3237 3565 3286 vocato

1920 3331 2145 3386 nomine
2171 3329 2286 3399 ejus
2314 3329 2485 3383 dicat:

1990 3414 2383 3473 Abrenuntias
2414 3411 2681 3469 Satanae?
2712 3412 2771 3481 ii).
2791 3406 3263 3465 Abrenuntio.Et
3294 3404 3575 3463 omnibus

1922 3505 2198 3579 operibus
2228 3503 2403 3574 ejus?
2435 3504 2471 3570 ii;
2502 3499 2881 3557 Abrcnuntio.
2914 3499 2986 3554 Et
3017 3495 3295 3554 omnibus
3342 3494 3579 3568 pompis

1922 3596 2093 3668 ejus?
2125 3596 2182 3664 it.
2216 3590 2601 3649 Abrenuntio.
2635 3591 2720 3662 (In
2748 3588 2994 3660 margine
3024 3586 3353 3642 adnotatur:
3389 3584 3568 3657 Fuge,

1923 3683 2228 3740 immunde
2260 3682 2522 3755 spiritus,
2557 3680 2631 3735 da
2661 3678 2943 3734 honorem
2994 3676 3111 3732 Deo
3159 3675 3286 3731 vivo
3313 3677 3371 3731 et
3415 3689 3568 3730 vero.

1923 3773 2047 3841 Exi,
2075 3772 2380 3827 immunda
2410 3769 2672 3842 spiritus,
2708 3768 2783 3823 da
2812 3766 3007 3822 locum
3040 3763 3283 3841 Spiritui
3315 3763 3564 3834 sancto.)

1998 3865 2299 3929 Inlerrogcl
2325 3878 2336 3915 :
2375 3858 2577 3915 Credis
2594 3857 2651 3911 in
2686 3857 2870 3912 Deum
2884 3853 3149 3910 Patrem?
3166 3857 3279 3918 etc,
3300 3856 3361 3907 ut
3379 3868 3570 3924 supra,

1928 3967 2095 4022 usque
2125 3949 2195 4005 ad
2225 3950 2487 4003 ultimum
2515 3961 2833 4018 responsum
2860 3943 3064 3998 Credo.

1997 4042 2061 4095 Et
2087 4040 2383 4109 interroget
2410 4052 2531 4091 eum
2564 4036 2743 4090 tribus
2799 4031 3004 4088 vicibus
3037 4031 3115 4085 ita
3171 4028 3436 4083 dicendo:
3470 4027 3575 4083 Vis

1925 4126 2252 4201 baptizari?
2288 4127 2344 4195 ii.
2376 4123 2523 4180 Volo
2555 4123 2699 4196 (ter).

1998 4218 2065 4273 Et
2093 4233 2198 4289 ego
2227 4220 2283 4272 te
2314 4212 2542 4288 baptizo
2574 4212 2631 4267 in
2665 4210 2902 4266 nomine
2946 4205 3156 4276 Patris,
3189 4213 3240 4263 et
3287 4220 3489 4276 merge,
3522 4206 3579 4259 et

1927 4305 2080 4374 Filii,
2110 4313 2161 4361 et
2190 4320 2391 4373 merge,
2427 4306 2487 4357 et
2506 4300 2761 4373 Spiritus
2794 4297 3002 4365 sancti,
3033 4304 3084 4352 et
3114 4311 3316 4365 merge.

1997 4397 2283 4467 Baptizato
2314 4395 2495 4449 autem
2524 4392 2757 4460 infante,
2807 4387 2978 4459 faciat
3023 4386 3312 4458 presbyter
3357 4384 3581 4453 signum

1925 4486 2101 4539 crucis
2125 4485 2191 4539 de
2219 4484 2513 4539 chrismate
2541 4497 2669 4536 cum
2720 4478 2920 4550 pollice
2950 4478 3009 4531 in
3038 4475 3236 4531 vertice
3287 4474 3407 4545 ejus
3457 4489 3583 4528 cum

1929 4573 2267 4627 invocatione
2305 4575 2506 4627 sancta:
2564 4568 2863 4634 Trinitatis,
2923 4566 3106 4621 dicens
3143 4582 3163 4619 :
3222 4564 3288 4618 In
3345 4561 3581 4617 nomine

241 4658 301 4712 In
345 4655 545 4727 primis
587 4651 846 4708 dicantur
898 4653 1124 4708 litanias.
1187 4652 1388 4708 Deinde
1424 4654 1674 4724 sequitur
1701 4656 1815 4711 haec
1843 4667 1889 4731 ι)
1919 4659 2109 4713 Patris
2134 4663 2190 4714 et
2212 4658 2342 4713 Filii
2376 4662 2433 4714 et
2462 4655 2716 4728 Spiritus
2746 4654 2967 4722 sancti;
3003 4661 3052 4709 ct
3091 4652 3238 4708 dicat
3284 4652 3424 4707 hanc
3453 4666 3580 4706 ora-

160 4746 362 4803 oratio.

234 4832 457 4889 Exaudi
489 4848 624 4899 nos,
650 4832 1020 4904 omnipotens
1044 4835 1286 4900 Deus,et
1317 4832 1494 4904 hujus
1512 4849 1674 4906 aqua:
1688 4834 1820 4890 sub-

165 4921 397 4979 stantiae
427 4920 696 4977 immisce
728 4920 1025 4989 virtutem,
1059 4927 1124 4977 ut
1148 4922 1424 4979 abluendi
1458 4939 1562 4996 per
1581 4938 1709 4979 eam
1729 4941 1817 4980 sa-

176 5011 424 5068 nitatem
457 5010 633 5066 simul
661 5016 717 5065 et
746 5010 928 5066 vitam
958 5027 1292 5068 mereamur
1340 5017 1637 5069 aeternam.
1693 5013 1816 5069 Per.

725 5101 1074 5155 Emorcismus
1098 5115 1277 5172 aqua.

182 5205 187 5211 '
243 5187 520 5244 Exorcizo
552 5192 630 5256 te,
663 5192 931 5244 creatura
961 5205 1146 5260 aquae,
1180 5190 1240 5244 in
1268 5190 1504 5246 nomine
1537 5196 1563 5257 ’τ
1604 5191 1696 5247 Dei
1721 5193 1823 5247 Pa-

171 5277 282 5333 tris
311 5276 755 5348 omnipotentis,
787 5281 844 5332 et
874 5276 934 5331 in
988 5277 1224 5332 nomine
1264 5279 1401 5333 Jesu
1435 5279 1645 5336 Christi
1695 5281 1823 5337 Filii

171 5368 303 5439 ejus
335 5370 390 5432 t,
410 5369 475 5422 ‘et
507 5365 565 5420 in
595 5365 810 5422 virtute
841 5365 1097 5437 Spiritus
1123 5366 1376 5436 sanctit,
1410 5373 1476 5424 ut
1506 5371 1699 5427 omnis
1716 5370 1827 5425 vir-

1938 4749 2141 4805 tionem
2166 4763 2177 4800 :

1999 4842 2151 4893 Deus
2182 4833 2552 4904 omnipotens
2565 4836 2622 4887 et
2641 4832 2806 4887 Pater
2819 4829 3051 4886 Domini
3071 4827 3253 4886 nostri
3266 4828 3297 4882 J
3303 4844 3407 4883 esu
3421 4826 3582 4881 Chri-

1927 4926 2024 4993 sti,
2060 4925 2161 4997 qui
2193 4927 2250 4977 te
2309 4921 2668 4994 regeneravit
2697 4936 2765 4974 ex
2823 4934 2975 4989 aqua
3003 4923 3061 4973 et
3087 4916 3310 4988 Spiritu
3361 4918 3581 4978 sancto,

1928 5013 2148 5088 quique
2180 5009 2453 5066 dedittibi
2468 5008 2874 5065 remissionem
2897 5004 3163 5060 omnium
3185 5006 3580 5075 peccatorum,

1929 5104 2055 5176 ipse
2085 5107 2140 5157 te
2172 5100 2340 5156 liniat
2393 5098 2710 5154 chrismate
2770 5093 2983 5150 salutis
3041 5092 3099 5147 in
3155 5089 3385 5176 Christo
3440 5089 3584 5171 Jesu

1935 5167 2178 5249 Domino
2212 5192 2429 5245 nostro.
2464 5188 2580 5242 Pax
2612 5184 2717 5240 tibi
2744 5183 2805 5239 in
2836 5183 3017 5238 vitam
3048 5172 3349 5237 aeternam.
3375 5167 3580 5233 Amen.

2133 5281 2345 5335 lucmr
2382 5292 2532 5332 oano
2570 5291 2643 5330 AD
2684 5287 3089 5329 POENITENTIAH
3130 5284 3384 5324 DANDAM.

2006 5372 2067 5426 In
2092 5369 2292 5439 primis
2322 5366 2454 5421 dicit
2478 5363 2726 5420 sacerdos
2759 5377 2774 5417 :
2833 5358 3079 5415 Domine
3119 5359 3274 5414 Deus
3322 5348 3588 5428 Omnipo-

169 5458 268 5511 tus
300 5454 641 5521 adversarii,
675 5459 732 5510 et
760 5454 955 5511 omnis
988 5455 1246 5511 incursio
1262 5459 1509 5524 Satanae,
1538 5475 1827 5532 omneque
1935 5462 2092 5525 tens,
2127 5455 2416 5529 pr0pitius
2448 5458 2574 5510 esto
2606 5450 2751 5507 mihi
2786 5448 3097 5522 peccatori,
3131 5450 3196 5502 ut
3228 5446 3405 5517 digne
3451 5462 3591 5518 pos-

175 5542 532 5616 phantasma
560 5544 879 5609 eradicare,
909 5548 968 5600 et
1007 5543 1342 5615 explantare
1384 5549 1441 5600 et
1470 5546 1725 5619 eﬂ'ugare
1756 5548 1828 5603 ab
1937 5546 2052 5603 sim
2084 5545 2191 5600 tibi
2225 5545 2443 5617 gratias
2473 5559 2662 5616 agere,
2695 5539 2903 5610 quime
2922 5536 3231 5609 indignum
3255 5539 3311 5590 et
3335 5539 3596 5607 peccato-

170 5632 280 5688 hac
308 5636 578 5689 creatura
607 5649 792 5704 aquai,
827 5639 893 5689 ut
926 5634 1004 5689 sit
1035 5633 1165 5689 fons
1193 5649 1356 5705 aqua:
1380 5633 1648 5691 salientis
1671 5636 1731 5691 in
1752 5636 1833 5690 vi-

1942 5651 2063 5698 rem
2104 5634 2175 5689 ad
2210 5633 2604 5690 ministerium
2626 5634 2797 5685 tuum
2815 5641 3019 5682 vocare
3042 5625 3319 5697 dignatus
3336 5627 3486 5692 es,et
3503 5638 3597 5678 me

176 5720 296 5780 tam
328 5726 631 5789 aeternam,
666 5727 731 5778 ut
760 5721 894 5795 quis
927 5738 997 5779 ex
1025 5739 1093 5778 ea
1124 5722 1452 5795 baptizatus
1491 5723 1685 5796 fuerit,
1735 5726 1838 5781 ﬁat
1943 5724 2230 5796 exiguum
2278 5727 2335 5778 et
2381 5720 2668 5777 humilem
2726 5714 3085 5773 constituisti
3142 5713 3500 5770 intercedere
3529 5711 3602 5767 ad
