3982 6172
380 379 507 446 915

1579 381 1769 444 SEC.
1814 377 1894 441 XI
1935 375 2249 439 MONUM.
2292 375 2610 442 LITURG.

3672 340 3797 429 916

380 513 697 574 Dominum
710 515 1485 573 nostrumJesumChristum
1505 531 1603 586 pro
1620 504 2016 586 peccantibus.
2048 508 2105 576 Α
2132 511 2205 567 de
2233 513 2336 566 tua
2361 507 2760 567 misericordia
2789 506 3088 564 confidens
3120 502 3192 561 ad
3227 503 3448 559 aeterna
3479 498 3704 574 gaudia
3734 503 3795 556 te

380 605 657 677 Ideoque,
690 606 1022 661 dominator
1051 605 1315 674 Domine,
1349 604 1449 677 qui
1500 619 1705 659 omnes
1752 600 2021 658 homines

372 693 461 750 vis
489 693 679 750 salvos
709 693 858 760 fieri,
890 696 949 749 et
976 695 1049 749 ad
1090 693 1447 767 agnitionem
1498 691 1760 747 veritatis
1804 689 2018 758 venire,

373 783 476 857 qui
507 799 621 839 non
652 781 739 837 vis
767 785 1017 838 mortem
1048 788 1442 855 peccatorum,
1464 782 1563 837 sed
1598 786 1661 835 ut
1690 784 2025 835 convertan-

373 875 471 928 tur
499 875 557 927 et
611 871 829 939 vivant,
891 873 1123 944 suscipe
1181 871 1506 927 orationem
1567 886 1781 935 meam,
1844 884 2021 940 quam

372 960 519 1017 facio
550 964 685 1016 ante
716 964 1094 1032 conspectum
1126 964 1294 1016 tuum
1341 976 1445 1033 pro
1494 975 1584 1014 me
1641 962 1941 1031 peccatore
1969 960 2026 1011 et

372 1065 478 1123 pro
510 1047 665 1118 aliis,
700 1049 801 1121 qui
828 1050 901 1106 ad
931 1050 1337 1122 paenitentiam
1360 1048 1432 1103 ad
1466 1064 1557 1103 me
1587 1047 1847 1116 veniunt,
1895 1045 2022 1102 Sal-

373 1142 559 1195 vator.

447 1229 788 1297 Inter-rogat:
823 1227 1023 1283 Credis
1055 1227 1113 1282 in
1145 1227 1330 1283 Deum
1383 1226 1608 1281 Patrem
1659 1225 2028 1297 omnipoten-

377 1316 518 1382 tem,
551 1318 609 1371 et
639 1314 871 1381 Filium,
905 1319 961 1371 et
992 1314 1272 1387 Spiritum
1304 1320 1574 1371 sanctum
1597 1315 1624 1368 ?
1645 1316 1704 1383 ii).
1739 1315 1940 1369 Credo.

450 1421 650 1503 Credis
679 1422 836 1494 quod
868 1421 925 1477 in
958 1421 1071 1477 ista
1116 1438 1309 1490 carne,
1341 1423 1401 1477 in
1451 1439 1568 1493 qua
1617 1438 1771 1476 nunc
1819 1438 1901 1487 es,
1938 1438 2029 1476 re-

383 1526 624 1583 surgere
654 1506 835 1567 habes
867 1510 925 1565 in
958 1511 1051 1566 die
1076 1510 1303 1582 judicii,
1339 1514 1395 1566 et
1427 1510 1679 1582 recipere
1711 1510 1865 1582 quod
1900 1526 2030 1583 ges-

384 1598 515 1656 sisti
548 1599 667 1654 sive
697 1599 941 1663 bonum,
974 1597 1093 1655 sive
1125 1599 1347 1655 malum
1367 1600 1395 1654 ‘I
1428 1601 1463 1667 1i,
1495 1600 1697 1654 Credo.

458 1686 555 1743 Vis
585 1686 878 1743 dimittere
908 1685 1049 1754 illis,
1081 1687 1178 1759 qui
1213 1688 1271 1742 in
1291 1692 1347 1743 te
1379 1692 1780 1760 peccaverunt,
1807 1688 2034 1744 dicente

385 1774 670 1832 Domino:
704 1773 764 1830 Si
802 1791 921 1830 non
972 1774 1318 1831 remiseritis
1365 1779 1603 1847 peccata
1645 1776 2030 1845 hominibus;

2129 603 2466 673 protegente
2497 599 2815 672 perveniat.
2852 596 2975 653 Per.

2200 690 2325 744 Alia
2350 690 2546 743 oratio.
2604 687 2971 756 Maiestatem
3025 688 3211 750 tuam,
3267 678 3513 736 Domine
3558 674 3792 745 sancte,

2132 778 2300 832 Pater
2330 777 2723 849 omnipotens,
2776 778 2987 829 aeterne
3039 771 3194 827 Deus
3240 767 3340 841 qui
3385 784 3502 823 non
3533 769 3793 822 mortem

2129 865 2217 922 vis
2247 869 2637 937 peccatorum,
2671 864 2772 920 sed
2802 861 2982 916 vitam
3015 874 3248 931 semper
3273 854 3547 929 inquiris,
3580 859 3637 911 te
3661 871 3805 927 sup-

2133 953 2360 1026 pliciter
2387 968 2718 1020 exoramus,
2756 951 2978 1023 respice
3011 950 3247 1004 flentem
3278 943 3571 1001 famulum
3617 947 3797 999 tuum

2135 1042 2207 1099 ad
2238 1048 2293 1098 te
2322 1045 2703 1114 prostratum,
2737 1041 2985 1112 ejusque
3040 1036 3344 1109 planctum
3402 1034 3462 1088 in
3493 1032 3785 1105 gaudium

2135 1135 2247 1187 tua:
2279 1129 2676 1186 miserationis
2708 1131 3013 1194 converte;
3047 1124 3247 1182 scinde
3275 1123 3621 1179 delictorum
3668 1138 3800 1176 sac-

2136 1237 2293 1281 cum.
2327 1224 2385 1276 et
2410 1219 2587 1273 indue
2609 1234 2743 1273 eum
2774 1216 3035 1272 laetitiam
3052 1213 3391 1283 salutarem,
3425 1217 3489 1266 ut
3519 1215 3654 1283 post
3674 1210 3801 1265 lon-

2136 1326 2270 1383 gam
2329 1306 2819 1381 peregrinationis
2877 1305 3092 1360 famem
3125 1302 3195 1356 de
3251 1299 3472 1357 sanctis
3501 1298 3800 1355 altaribus

2138 1398 2402 1462 satietur,
2436 1397 2736 1469 ingressus
2769 1392 3109 1449 cubiculum
3142 1390 3319 1463 Regis
3351 1390 3407 1443 in
3440 1387 3633 1462 ipsius
3664 1395 3802 1444 aula

2138 1486 2442 1544 benedicat
2467 1501 2678 1541 nomen
2736 1481 2932 1556 gloriae
2982 1484 3116 1537 tum.
3178 1479 3285 1535 Per
3335 1478 3653 1534 Dominum
3688 1495 3793 1533 no-

2142 1580 2357 1633 strum.

2213 1665 2545 1721 Benedictio.
2580 1663 2893 1719 Benedicat
2918 1661 3025 1717 tibi
3059 1658 3343 1715 Dominus
3400 1656 3800 1730 omnipotens,

2142 1760 2199 1810 et
2228 1753 2520 1810 custodiat
2549 1757 2624 1809 te.
2658 1753 2940 1809 Ostendat
2961 1749 3246 1806 Dominus
3265 1746 3467 1803 faciem
3480 1751 3640 1801 tuam
3658 1746 3802 1813 tibi,

389 1879 494 1919 nec
525 1863 695 1919 Pater
720 1867 914 1919 vester
941 1862 1195 1920 dimittet
1224 1834 1389 1920 vobis
1436 1868 1673 1936 peccata
1702 1870 1896 1922 vestra
1916 1867 1944 1921 ?
1972 1834 2030 1935 Ii):
2069 1875 2116 1941 Β
2145 1848 2202 1941 ei
2232 1842 2702 1941 ‘Pi_5‘_’_"_ef1m“ui-
2725 1844 3030 1899 convertat
3046 1834 3567 1895 Ποωίηυενυηυω
3590 1851 3801 1903 suum,

387 1951 553 2008 Volo.

450 2038 615 2094 Dicat
636 2055 656 2093 :
683 2037 746 2093 In
778 2053 991 2093 manus
1024 2042 1178 2105 tuas,
1208 2039 1467 2108 Domine,
1503 2043 1848 2098 commendo
1872 2043 2039 2115 spiri-

386 2130 514 2183 tum
548 2142 765 2182 meum.
800 2126 987 2182 Tribus
1034 2128 1243 2183 vicibus
1290 2130 1600 2201 capitulum
1643 2133 2034 2205 suscepimus,

389 2219 563 2282 Deus,
598 2214 1063 2271 misericordiam
1093 2219 1255 2272 tuam
1288 2234 1456 2290 usque
1487 2219 1721 2275 dextera
1740 2223 1861 2289 tua,
1888 2222 2034 2277 Psal:

390 2303 639 2377 Magnus
682 2303 984 2359 Dominus.
1038 2304 1251 2361 Gloria.
1305 2307 1491 2379 Kyrie,
1544 2307 1792 2376 Christe,
1848 2310 2035 2383 Kyrie,

390 2392 560 2449 Pater
589 2395 804 2447 noster.
838 2392 906 2447 Et
937 2409 1028 2447 ne.
1083 2394 1400 2465 Capitulum
1450 2401 1800 2464 convertere,
1861 2399 2039 2467 Deus,

390 2478 841 2553 aliquantulum.
879 2482 947 2536 Et
975 2482 1306 2554 deprecare.
1355 2483 1556 2541 Salvos
1619 2486 1706 2542 fac
1754 2503 1951 2543 servos
1984 2492 2041 2544 et

396 2569 644 2628 ancillas
671 2574 825 2636 tuas,
861 2573 1011 2625 Deus
1043 2587 1230 2627 meus.
1259 2571 1413 2627 Nihil
1448 2574 1712 2645 proficiat
1744 2576 2039 2632 inimicus.

396 2660 468 2717 Et
520 2656 689 2714 ﬁlius
736 2656 1087 2730 iniquitatis.
1150 2659 1313 2716 Mitte
1388 2662 1460 2733 ei,
1523 2664 1698 2732 Deus,
1758 2665 2041 2721 auxilium

397 2749 469 2805 de
500 2751 726 2805 saneto.
759 2748 829 2803 Et
851 2748 923 2802 de
952 2747 1110 2802 Sion.
1153 2749 1416 2817 Domine,
1471 2753 1678 2807 exaudi
1728 2754 2043 2811 orationem

396 2853 611 2895 meam.
643 2838 712 2893 Et
738 2836 961 2892 clamor
1018 2853 1205 2893 meus.
1244 2832 1547 2896 Dominus
1592 2841 1918 2900 vobiscum.
1977 2846 2048 2901 Et

401 2944 559 2983 cum.

476 3016 679 3072 Oratio.
713 3014 1018 3088 Suscipere
1046 3015 1327 3089 digneris,
1352 3017 1597 3074 Domine
1628 3026 1847 3092 sancte,
1881 3027 2051 3079 Pater

404 3102 796 3176 omnipotens,
827 3108 1038 3160 aeterne
1055 3104 1401 3173 Deus,hunc
1430 3106 1718 3166 famulum
1738 3114 1928 3181 tuum,
1949 3114 2050 3186 qui

404 3192 560 3249 viam
590 3191 803 3249 erroris
833 3192 1127 3250 dimittere
1166 3194 1345 3268 cupit,
1399 3200 1456 3252 et
1483 3198 1553 3252 ad
1588 3198 1741 3255 viam
1790 3200 2050 3258 veritatis

406 3295 640 3338 currere
670 3280 998 3339 desiderat:
1036 3288 1499 3357 praesta.quzeso,
1529 3276 1794 3356 Domine,
1820 3294 1883 3345 ut
1904 3290 2055 3346 sicut

408 3387 545 3427 eum
575 3386 645 3426 ex
672 3386 827 3443 aqua
849 3375 907 3427 et
935 3372 1153 3443 Spiritu
1185 3379 1385 3428 sancto
1412 3374 1563 3431 dono
1592 3381 1704 3432 tum
1734 3379 1933 3450 gratiae
1966 3397 2053 3436 re-

409 3474 687 3533 generare
716 3458 992 3530 dignatus
1019 3477 1101 3528 es,
1136 3461 1217 3516 ita
1244 3464 1494 3518 concede
1520 3465 1832 3537 propitius,
1870 3472 1931 3521 ut
1953 3486 2056 3540 per

410 3562 608 3602 veram
635 3550 1016 3618 sanctamque
1055 3550 1479 3607 confessionem
1528 3559 1740 3609 sanetae
1786 3556 2053 3612 Ecclesiae

411 3637 524 3689 tuas
556 3634 858 3706 aggregari
891 3640 1201 3691 mereatur.
1237 3642 1363 3694 Per.

483 3740 627 3796 Alia.
660 3739 902 3808 Exaudi,
935 3741 1412 3817 Domine,preces
1428 3753 2053 3816 nostras,etconiitenti

409 3828 517 3885 tibi
549 3845 720 3901 parce
750 3830 1025 3901 peccatis,
1047 3835 1111 3887 ut
1141 3849 1314 3905 quem
1334 3837 1699 3893 conscientiae
1718 3856 1834 3895 suae
1859 3847 2055 3901 reatus
2112 3890 2131 3901 .

410 3922 666 3986 accusat,
699 3917 1076 3993 indulgentias
1108 3926 1222 3977 tuae
1255 3923 1551 3982 miseratio
1593 3927 1874 3985 absolvat.
1926 3932 2050 3988 Per.

478 4024 623 4081 Alia.
653 4026 973 4084 Praeveniat
1001 4027 1136 4084 huic
1159 4028 1378 4087 famulo
1410 4035 1531 4102 tuo,
1561 4050 1922 4107 quaesumus,
1947 4039 2054 4095 Do-

407 4113 587 4182 mine,
619 4114 1021 4173 misericordia
1052 4123 1173 4188 tua,
1209 4124 1276 4175 ut
1307 4137 1511 4178 omnes
1549 4123 1893 4195 iniquitates
1925 4129 2052 4199 ejus

409 4201 581 4259 celeri
614 4202 979 4277 indulgentia
1009 4205 1332 4263 deleantur.
1368 4209 1498 4278 Per,

480 4308 685 4364 Deinde
711 4314 915 4381 septem
956 4314 1197 4383 psalmos
1246 4331 1373 4369 cum
1402 4317 1646 4372 lectione.
1710 4321 2048 4391 Capitalum,

406 4395 683 4451 Converte
716 4413 844 4463 nos,
876 4399 1052 4466 Deus,
1112 4400 1387 4458 salutaris
1440 4409 1653 4460 noster.
1710 4408 1779 4462 Et
1834 4416 2043 4468 averte.

407 4482 552 4551 Fiat,
580 4483 755 4552 Deus,
808 4482 1211 4543 misericordia
1268 4495 1387 4545 tua.
1443 4492 1603 4548 Sicut
1656 4497 2043 4568 speravimus.

2147 1937 2205 1990 et
2232 1934 2329 1989 det
2357 1932 2461 1988 tibi
2494 1948 2720 2005 pacem.

2215 2023 2340 2078 Alia
2391 2021 2703 2078 benedictio.
2768 2017 3080 2074 Benedicat
3135 2016 3241 2072 tibi
3301 2014 3587 2071 Dominus
3642 2013 3803 2069 Deus

2147 2111 2541 2183 omnipotens,
2585 2114 2642 2165 et
2688 2106 2980 2164 custodiat
3022 2110 3100 2170 te,
3134 2110 3192 2161 et
3217 2119 3324 2177 per
3371 2101 3800 2159 abundantiam

2148 2199 2336 2257 sancti
2366 2198 2619 2272 Spiritus
2651 2214 2749 2252 cor
2777 2200 2944 2251 tuum
2965 2192 3319 2259 corroboret,
3353 2195 3611 2247 mentem
3636 2193 3801 2245 tuam

2149 2289 2494 2355 sanctificet,
2534 2287 2710 2341 vitam
2771 2284 3110 2357 ampliﬁcet,
3171 2280 3580 2336 castimoniam
3629 2279 3799 2334 deco-

2151 2382 2254 2443 ret,
2288 2382 2460 2449 atque
2490 2392 2700 2432 sensus
2728 2378 2862 2430 tuos
2886 2373 2946 2428 in
2985 2372 3155 2427 bonis
3210 2370 3484 2442 operibus
3527 2367 3805 2424 informet

2151 2465 2682 2540 prosperatribuat,
2698 2452 2899 2535 pacem
2924 2460 3221 2526 concedat,
3243 2458 3492 2514 salutem
3513 2457 3795 2524 conferat,

2154 2555 2407 2628 quietem
2442 2554 2681 2623 nutriat,
2714 2552 3056 2607 charitatem
3090 2549 3295 2611 foveat,
3328 2550 3383 2603 et
3413 2547 3485 2601 ab
3516 2542 3796 2601 omnibus

2154 2644 2458 2700 diabolicis
2490 2647 2545 2698 et
2573 2641 2850 2698 humanis
2880 2638 3114 2694 insidiis
3143 2654 3250 2694 sua
3280 2641 3336 2692 te
3382 2651 3612 2707 semper
3659 2651 3803 2706 pro-

2153 2733 2400 2790 tectione
2431 2733 2722 2800 defendat,
2754 2735 2817 2785 ut
2847 2727 3131 2802 quidquid
3175 2727 3246 2781 ab
3281 2741 3346 2781 eo
3393 2722 3801 2796 postulaveris,

2157 2823 2471 2879 clementer
2499 2821 2795 2888 concedat,
2830 2819 3057 2874 auferat
3085 2815 3284 2872 omnia
3314 2812 3471 2869 mala
3509 2829 3636 2885 quae
3667 2827 3802 2884 ges-

2157 2911 2306 2981 sisti,
2341 2915 2398 2968 et
2424 2909 2645 2966 tribuat
2672 2909 2778 2964 tibi
2810 2906 3077 2981 gratiam,
3102 2920 3279 2976 quam
3299 2919 3530 2974 semper
3558 2901 3802 2973 rogasti.

2158 3000 2267 3067 Qui
2296 3000 2460 3055 vivis.

2231 3089 2437 3146 Deinde
2490 3087 2779 3142 admoneat
2826 3101 2953 3141 eum
2982 3091 3032 3139 et
3058 3082 3239 3138 dicat:
3302 3081 3471 3135 Pater
3526 3072 3727 3134 noster
3758 3085 3812 3133 et

2160 3180 2340 3237 Credo
2368 3178 2430 3233 in
2461 3178 2666 3233 Deum.
2699 3174 2903 3231 Deinde
2929 3175 3100 3245 faciat
3126 3187 3249 3227 cum
3277 3169 3522 3226 sacerdos
3558 3169 3811 3239 conﬁteri

2084 3243 2127 3310 (ἶ
2159 3273 2212 3325 et
2240 3283 2493 3324 accusare
2517 3266 2581 3321 de
2600 3265 2834 3337 peccatis
2852 3265 2987 3319 suis.

2232 3356 2521 3413 Confiteor
2550 3355 2665 3410 Deo
2694 3351 3099 3425 omnipotenti,
3132 3352 3190 3404 et
3244 3349 3423 3403 beatae
3455 3346 3645 3402 Mariae
3676 3363 3807 3418 per-

2165 3452 2348 3520 petuae
2377 3445 2627 3516 Virgini,
2658 3447 2717 3499 et
2770 3444 2935 3497 beato
2992 3438 3259 3495 Michaeli
3319 3434 3689 3508 archangelo,
3747 3441 3804 3491 et

2163 3536 2382 3593 sanctis
2413 3532 2691 3607 apostolis
2722 3532 2887 3587 Petro
2918 3533 2976 3585 et
3028 3527 3224 3593 Paulo,
3262 3531 3319 3581 et
3375 3526 3545 3580 beato
3604 3523 3804 3580 Blasio

2165 3625 2405 3699 martyri
2437 3629 2538 3679 tuo
2566 3627 2625 3678 et
2653 3620 2930 3677 omnibus
2960 3616 3195 3683 sanctis,
3230 3620 3287 3670 et
3312 3614 3473 3670 vobis
3510 3612 3807 3680 Patribus,

2166 3732 2295 3771 mea
2342 3712 2534 3785 culpa,
2579 3727 2707 3766 mea
2735 3708 2927 3780 culpa,
2961 3722 3092 3761 mea
3142 3703 3351 3776 culpa;
3406 3701 3544 3774 quia
3574 3701 3811 3773 peccavi

2163 3806 2222 3861 in
2253 3801 2620 3876 cogitatione,
2665 3797 2977 3864 locutione,
3038 3792 3439 3857 delectatione,
3493 3804 3813 3854 consensu,

2163 3872 2356 3950 verbis
2385 3897 2444 3947 et
2473 3884 2663 3962 opere,
2700 3888 2757 3942 in
2791 3883 3098 3948 adulterio,
3124 3882 3180 3937 in
3214 3872 3490 3954 perjurio,
3523 3878 3583 3933 in
3612 3878 3813 3933 homi-

2163 3983 2336 4051 cidio,
2372 3982 2429 4035 in
2461 3960 2605 4034 falso
2650 3974 3007 4041 testimonio,
3040 3972 3103 4027 in
3159 3960 3488 4040 sacrilegio,
3540 3967 3598 4021 in
3627 3966 3811 4032 furto,

2164 4074 2223 4127 in
2256 4071 2480 4143 rapina,
2509 4068 2567 4122 in
2593 4061 3087 4135 concupiscentia,
3111 4060 3170 4114 in
3189 4056 3448 4121 avaritia,
3466 4072 3594 4110 mea
3614 4053 3813 4126 culpa,

2162 4178 2293 4218 mea
2322 4158 2514 4230 culpa,
2577 4171 2707 4210 mea
2752 4151 2943 4224 culpa.
2979 4148 3209 4205 Peccavi
3244 4147 3303 4201 in
3354 4145 3613 4218 quinque
3675 4159 3814 4198 sen-

2161 4251 2326 4307 sibus
2356 4244 2618 4319 corporis
2649 4242 2786 4309 mei,
2815 4241 2966 4309 visu,
3000 4238 3223 4305 auditu,
3258 4240 3456 4309 gustu,
3491 4233 3735 4287 odoratu
3756 4238 3817 4287 et

2159 4344 2339 4405 tactu,
2392 4352 2523 4391 mea
2563 4332 2753 4404 culpa.
2818 4327 3048 4386 Peccavi
3107 4327 3166 4381 in
3198 4329 3326 4381 octo
3384 4319 3814 4394 principalibus

2155 4428 2333 4495 vitiis,
2366 4430 2422 4482 et
2453 4425 2510 4479 in
2543 4428 2767 4494 septem
2795 4415 3199 4473 eriminalibus
3215 4412 3494 4486 peccatis,
3526 4415 3582 4465 et
3610 4409 3670 4463 in
3686 4426 3815 4465 om-

2157 4518 2331 4573 nibus
2361 4514 2517 4568 vitiis
2547 4511 2693 4566 meis
2727 4507 2917 4577 malis,
2944 4505 3395 4578 quibuscunque
3425 4499 3604 4554 miser
3627 4497 3811 4554 homo

404 4570 1260 4682 (ῗῖξξῗιᾳῗοωῇοηθω
1287 4597 1300 4635 ³
1335 4580 1401 4634 Et
1443 4580 1665 4639 Clamor
1714 4602 1900 4642 meus'
1935 4588 2046 4644 Ου’
2078 4612 2124 4677 D
2156 4570 2393 4682 peccare
2424 4605 2633 4675 potest.
2670 4598 2832 4653 Unde
2853 4570 3057 4669 precor
3089 4570 3317 4648 beatam
3348 4588 3652 4660 Virginem
3686 4586 3809 4641 Ma-

404 4659 604 4717 minus
634 4662 959 4719 vobiscum.

478 4769 694 4825 Oratio.
726 4772 959 4840 Precor,
1025 4773 1285 4843 Domine,
1349 4775 1719 4836 clementiam
1779 4787 1964 4849 tuam,
1997 4789 2054 4840 et

404 4856 867 4915 misericordiam
895 4863 1221 4933 majestatis
1246 4869 1380 4931 tuae,
1413 4870 1477 4921 ut
1509 4866 1645 4924 huic
1678 4871 1897 4927 famulo
1944 4876 2044 4929 tuo

402 4951 640 5019 peccata
666 4952 725 5004 et
772 4948 1031 5007 facinora
1078 4953 1380 5010 conﬁtenti
1430 4958 1658 5014 veniam
1713 4959 1956 5027 relaxes,
1992 4966 2047 5018 et

401 5035 832 5134 praeteritorum
863 5040 1177 5099 criminum
1209 5045 1412 5119 culpas
1441 5048 1736 5104 dimittere
1755 5050 2043 5122 digneris;

401 5123 504 5193 qui
527 5122 924 5185 humeristuis
945 5147 1110 5187 ovem
1126 5135 1414 5205 perditam
1429 5137 1706 5193 reduxisti
1730 5139 1800 5192 ad
1825 5138 2042 5206 caulas,

402 5214 461 5265 et
487 5212 588 5282 qui
619 5214 916 5285 publicani
948 5221 1220 5291 precibus
1271 5229 1327 5280 et
1371 5226 1733 5281 confessione
1784 5225 2047 5299 placatus

384 5312 501 5397 ps,
516 5302 580 5353 tu
610 5302 784 5359 etiam
816 5304 961 5397 huic
985 5309 1203 5366 famulo
1228 5315 1328 5369 tuo
1363 5312 1610 5385 placare,
1667 5314 1927 5383 Domine,
1982 5320 2044 5373 tu

340 5416 345 5423 ~
400 5383 578 5484 hujus
609 5404 808 5484 preces
834 5394 1122 5470 benignus
1171 5383 1423 5473 suscipe,
1482 5401 1711 5457 remitte
1766 5403 1818 5458 ei
1850 5406 2048 5462 omnia

401 5489 648 5531 erumna
684 5483 741 5533 et
768 5488 1089 5554 peccata,et
1119 5488 1193 5545 da
1224 5490 1275 5544 ei
1305 5508 1407 5562 pro
1439 5491 1747 5562 suppliciis
1793 5493 2043 5563 veniam,

403 5577 508 5656 pro
539 5577 783 5656 maerore
826 5568 1110 5641 laetitiam,
1169 5596 1273 5650 pro
1323 5583 1505 5635 morte
1561 5580 1776 5643 vitam;
1834 5587 1891 5637 et
1947 5584 2046 5656 qui

405 5651 475 5707 ad
536 5655 755 5711 tantam
810 5673 974 5730 spem
1034 5663 1285 5722 caelestis
1343 5668 1525 5740 apicis
1582 5668 1890 5726 devolutus
1937 5651 2043 5740 est,

2160 4677 2328 4762 riam,
2362 4696 2418 4748 et
2447 4692 2682 4746 beatum
2715 4684 3060 4742 Michaelem
3091 4677 3533 4752 archangelum,
3582 4680 3640 4731 et
3668 4692 3811 4731 san-

2164 4792 2287 4842 ctos
2318 4779 2611 4854 apostolos
2642 4777 2875 4831 Petrum
2907 4778 2965 4829 et
2989 4770 3258 4836 Paulum,
3293 4773 3351 4823 et
3398 4766 3637 4822 beatum
3673 4763 3811 4820 Bla-

2158 4876 2312 4933 sium
2340 4873 2656 4940 martyrem
2687 4869 2877 4931 tuum,
2911 4867 2967 4918 et
2996 4875 3200 4917 omnes
3226 4859 3461 4914 sanctos
3490 4858 3548 4910 et
3573 4857 3814 4910 sanctas

2158 4963 2279 5026 Dei,
2314 4964 2370 5016 et
2380 4938 2513 5022 vos,
2523 4955 2738 5020 Patres,
2766 4968 2930 5008 orare
2943 4966 3047 5022 pro
3064 4965 3154 5004 me
3168 4938 3469 5021 peccatOre
3495 4942 3811 4998 Dominum

2156 5056 2426 5108 nostrum
2456 5046 2659 5101 Jesum
2706 5041 3025 5096 Christum.
3059 5036 3127 5094 Et
3184 5036 3340 5092 unde
3370 5032 3500 5089 volo
3549 5030 3813 5103 recipere

2159 5136 2559 5214 pmuiteutiam
2596 5148 2696 5204 pro
2728 5129 2842 5184 vita
2869 5133 2925 5184 et
2956 5131 3161 5183 morte.

2228 5226 2521 5284 .ibsoiutio.
2557 5222 2671 5276 Nos
2703 5236 2771 5275 ex
2790 5221 2950 5290 parte
2980 5216 3081 5272 Dei
3103 5210 3522 5287 omnipotentis
3541 5213 3601 5266 et
3627 5209 3813 5265 beatae

2158 5316 2351 5374 Maria:
2401 5313 2689 5386 perpetuae
2744 5306 3003 5379 Virginis
3034 5309 3091 5361 et
3144 5303 3299 5360 beati
3357 5297 3663 5357 Michaelis
3721 5314 3813 5386 ar-

2157 5385 2447 5478 changeli,
2482 5405 2537 5456 et
2564 5400 2865 5455 beatorum
2898 5393 3301 5469 apostolorum
3334 5389 3486 5447 Petri
3513 5392 3570 5445 et
3618 5385 3815 5453 Pauli,

2157 5500 2216 5554 et
2245 5492 2399 5550 beati
2429 5488 2607 5546 Blasii
2640 5487 2935 5557 martyris,
2961 5488 3017 5541 et
3045 5485 3311 5540 omnium
3366 5480 3708 5535 sanctorum
3749 5491 3820 5531 ac

2159 5587 2516 5645 sanctarum,
2549 5594 2618 5632 ex
2650 5575 2839 5631 officio
2891 5578 3089 5630 nostro
3120 5572 3353 5638 damus,
3406 5573 3466 5624 et
3494 5566 3816 5621 conﬁrma-

2159 5690 2291 5730 mus
2317 5669 2481 5727 vobis
2510 5680 2713 5722 verum
2740 5663 3060 5735 judicium,
3094 5665 3149 5717 et
3178 5676 3374 5717 veram
3408 5652 3819 5730 pmnitentiam

3675 6054 3683 6061 ς

3596 6072 3783 6098 Ni
