3982 6172
401 367 520 431 923
1595 363 1782 428 SEO.
1822 362 1904 426 XI
1946 364 1973 425 Β

2301 361 2615 425 LITUBG.
3280 390 3281 393 η
3695 355 3831 418 924

400 503 612 560 Sancte
639 501 890 574 Tiburti,
922 519 1004 560 or.
2072 499 2129 568 Α
2156 499 2364 553 Sancta
2392 495 2635 569 Agathe,
2669 511 2750 550 or.

398 597 606 650 Sancte
637 593 946 659 Gaudenti,
980 610 1063 648 or.
2155 588 2365 643 Sancta
2394 588 2609 659 Agnes,
2642 602 2726 641 or.

398 684 606 738 Sancte
637 682 832 747 Paule,
867 698 949 736 or.
2154 677 2370 732 Sancta
2401 677 2598 745 Lucia,
2635 693 2720 730 or.

398 773 607 828 Sancte
639 769 914 835 Machari,
951 787 1036 825 or.
2155 767 2367 821 Sancta
2392 765 2742 834 Christiana,
2773 780 2856 820 or.

396 865 603 916 Sancte
632 859 857 925 Savine,
890 876 974 914 or.
2155 856 2371 910 Sancta
2399 854 2727 922 Anastasia,
2761 870 2846 907 or.

397 950 611 1006 Omnes
644 949 828 1004 sancti
862 949 1245 1015 confessores,
1277 950 1439 1002 orate
1480 962 1583 1017 pro
1615 961 1702 1000 eo.
2153 947 2362 999 Sancta
2390 943 2670 1016 Eugenia,
2706 959 2788 997 or.

396 1039 565 1112 Kyrie
595 1036 836 1103 eleison,
870 1036 1096 1093 Christe
1133 1035 1372 1102 eleison,
1428 1035 1597 1107 Kyrie
1648 1033 1886 1090 eleison.
1938 1033 2043 1088 Pa-
2151 1036 2362 1088 Sancta
2393 1031 2746 1098 Innocentis,
2781 1048 2866 1086 or.

465 1131 552 1182 ter
581 1130 796 1194 noster,
825 1130 882 1182 et
908 1142 978 1180 ne
1009 1142 1136 1181 nos.
2153 1121 2370 1177 Omnes
2401 1125 2612 1175 sanctae
2638 1119 2910 1192 virgines,
2944 1121 3104 1174 orate
3135 1136 3236 1191 pro
3268 1135 3354 1175 eo.

469 1219 670 1272 Oratio.
707 1216 880 1278 Deus,
944 1214 1206 1269 ﬁdelium
1264 1213 1530 1269 conditor
1577 1217 1629 1268 et
1689 1212 2042 1282 redemptor,
2153 1209 2365 1266 Omnes
2397 1209 2584 1265 sancti
2615 1214 2673 1264 et
2699 1212 2911 1264 sanctae
2943 1209 3068 1276 Dei,
3101 1212 3260 1264 orate
3290 1225 3393 1281 pro
3424 1224 3512 1264 eo.

395 1307 603 1362 animae
636 1305 839 1361 famuli
860 1305 944 1359 tui
969 1303 1373 1360 remissionem
1405 1302 1669 1358 omnium
1701 1300 1890 1356 tribue
1913 1317 2044 1372 pec-
2153 1299 2321 1371 Kyrie
2351 1299 2590 1365 eleison,
2624 1298 2850 1354 Christe
2881 1297 3119 1367 eleison,
3151 1299 3318 1370 Kyrie
3349 1297 3590 1354 eleison.
3635 1299 3815 1355 Pater

396 1400 679 1463 (ratorum,
715 1398 780 1448 ut
811 1392 1256 1465 indulgentiam,
1289 1409 1469 1463 quam
1529 1407 1760 1462 semper
1803 1389 2041 1461 optavit,
2154 1393 2369 1444 noster.
2404 1390 2472 1443 Et
2501 1405 2570 1444 ne
2602 1406 2726 1445 nos.

395 1488 792 1556 consequatur
820 1486 876 1538 et
909 1482 1194 1553 requiem.
1231 1482 1354 1536 Per.
2226 1477 2430 1532 Oratio.
2469 1482 2639 1544 Deus,
2671 1479 2764 1533 cui
2800 1478 3101 1550 proprium
3133 1482 3222 1533 est
3267 1478 3530 1534 misereri
3576 1495 3816 1551 semper

858 1573 1132 1642 Incipiunt
1170 1572 1302 1627 aliae
1347 1571 1580 1626 litanizu.
2153 1572 2200 1622 el
2241 1584 2494 1639 parcere,
2529 1567 2761 1640 suscipe
2791 1568 3262 1640 deprecationem
3295 1572 3556 1625 nostram
3587 1585 3696 1641 pro
3731 1569 3813 1623 fa-

393 1661 619 1716 Christe
651 1661 784 1714 audi
819 1677 944 1715 nos.
983 1661 1129 1729 (ιον.)
2154 1656 2314 1710 mulo
2345 1661 2466 1722 tuo,
2505 1662 2560 1711 et
2591 1673 2766 1728 quem
2800 1656 3149 1712 delictorum
3183 1662 3392 1713 catena
3429 1657 3810 1730 constringit,

397 1751 566 1805 Pater
594 1749 664 1804 de
695 1747 823 1802 coeli
853 1749 1026 1814 Deus,
1061 1747 1335 1802 miserere
1376 1746 1446 1802 ei.
2153 1745 2450 1800 miseratio
2483 1749 2594 1800 tua:
2624 1745 2859 1818 pietatis
2890 1745 3173 1802 absolvat.
3205 1750 3335 1802 Per.

395 1837 520 1893 Filii
553 1837 884 1908 redemptor
922 1836 1128 1891 mundi
1161 1841 1332 1901 Deus,
1366 1835 1498 1891 mis.
2074 1866 2122 1932 Β
2762 1837 2905 1892 Alia
2934 1836 3164 1890 lilam‘w.

394 1925 645 1998 Spiritus
676 1929 875 1980 sancte
907 1925 1080 1988 Deus,
1112 1923 1245 1978 mis.
2074 1923 2118 1932 ’⁷
2150 1923 2378 1980 Christe
2410 1923 2547 1979 audi
2578 1941 2702 1980 nos.
2737 1926 2883 1996 (ίαν.)

393 2018 607 2072 Sancta
638 2015 895 2072 Trinitas
928 2019 984 2070 et
1015 2031 1168 2069 unus
1197 2014 1369 2080 Deus,
1414 2013 1546 2068 mis.
2152 2014 2363 2068 Sancta
2392 2012 2593 2081 Maria,
2627 2013 2920 2070 intercede
2949 2029 3053 2085 pro
3096 2029 3182 2068 eo.

395 2106 610 2161 Sancta
641 2104 843 2170 Maria,
867 2120 968 2158 ora
996 2119 1100 2174 pro
1135 2118 1222 2157 eo.
2149 2105 2359 2157 Sancta
2388 2101 2490 2157 Dei
2519 2103 2799 2168 Genitrix,
2832 2103 2940 2158 int.

395 2194 604 2249 Sancte
635 2191 900 2258 Michael,
933 2208 1016 2245 or.
2148 2194 2359 2246 Sancta
2383 2191 2565 2245 Mater
2595 2190 2845 2258 Domini,
2879 2191 2984 2246 int.

392 2285 600 2337 Sancte
629 2280 882 2345 Gabriel,
917 2296 999 2334 or.
2150 2281 2359 2334 Sancte
2391 2279 2605 2334 chorus
2639 2279 2975 2346 cherubim,
3007 2279 3114 2335 int.

391 2374 600 2426 Sancte
631 2368 906 2442 Baphael,
941 2385 1024 2423 or.
2151 2369 2360 2424 Sancte
2391 2368 2604 2424 chorus
2635 2369 2955 2440 seraphim,
2989 2369 3097 2424 int.

392 2460 606 2516 Omnes
637 2459 823 2515 sancti
855 2457 1044 2531 angeli
1078 2461 1134 2512 et
1164 2455 1520 2528 archangeli,
1555 2460 1714 2511 orate
1749 2472 1851 2527 pro
1878 2471 1966 2510 eo.
2152 2458 2358 2512 Sancte
2389 2457 2601 2512 chorus
2633 2457 2998 2529 angelorum,
3032 2458 3138 2513 int.

391 2552 601 2604 Sancte
632 2548 819 2614 Petre,
859 2564 942 2602 or.
2153 2547 2359 2622 Sancte
2393 2545 2607 2601 chorus
2629 2545 3118 2618 patriarcharum,
3156 2547 3262 2601 int.

391 2641 598 2691 Sancte
628 2635 821 2700 Paule,
854 2651 938 2690 or.
2152 2635 2361 2691 Sancte
2393 2634 2605 2691 chorus
2638 2636 3058 2706 apostolorum,
3089 2634 3194 2689 int.

394 2724 600 2780 Sancte
630 2724 878 2790 Andrea,
909 2740 990 2777 or.
2150 2724 2359 2780 Sancte
2391 2723 2605 2781 chorus
2635 2728 2981 2796 martyrum,
3015 2724 3121 2779 int.

393 2813 602 2868 Sancte
630 2812 908 2876 Joannes,
945 2828 1029 2865 or.
2151 2813 2361 2868 Sancte
2392 2813 2608 2868 chorus
2639 2812 2964 2879 doctorum,
3001 2813 3107 2868 int.

390 2904 597 2956 Sancte
627 2900 862 2970 Jacobe,
886 2916 968 2954 or.
2139 2902 2359 2962 Sancte
2391 2901 2605 2957 chorus
2631 2902 3023 2969 sacerdotum,
3058 2901 3164 2957 int.

391 2991 599 3046 Sancte
629 2989 912 3061 Philippe,
955 3006 1039 3044 or.
2147 2990 2358 3046 Sancte
2388 2990 2601 3046 chorus
2633 2989 2960 3059 levitarum,
2994 2991 3099 3046 int.

387 3080 594 3136 Sancte
623 3078 1062 3145 Bartholomaee,
1099 3094 1181 3133 or.
2147 3079 2357 3134 Sancte
2387 3078 2599 3135 chorus
2629 3079 3073 3146 monachorum,
3105 3078 3211 3134 int.

384 3169 592 3224 Sancte
623 3168 908 3237 Matthaae,
942 3185 1026 3222 or.
2071 3223 2106 3237 η
2147 3168 2358 3223 Sancte
2387 3168 2600 3223 chorus
2630 3168 3028 3234 innocentum,
3065 3169 3171 3223 int.

383 3261 592 3313 Sancte
623 3256 871 3322 Thoma,
904 3274 988 3312 or.
1763 3301 1766 3304 .
2064 3223 2108 3290 C
2148 3257 2355 3312 Sancte
2386 3256 2600 3312 chorus
2620 3257 2937 3330 virginum,
2973 3257 3078 3312 int.

382 3347 592 3402 Sancte
618 3345 839 3413 Simon,
873 3363 957 3401 or.
2145 3345 2349 3401 Omnis
2380 3344 2593 3401 chorus
2625 3345 2890 3400 omnium
2923 3345 3392 3412 sanctorum,int.

385 3437 592 3491 Sancte
623 3435 929 3501 Thaddzee,
963 3451 1047 3489 or.
2141 3433 2245 3490 Fili
2279 3434 2399 3498 Dei,
2435 3435 2708 3490 miserere
2737 3434 2810 3489 ei.
2841 3434 2984 3507 (bis).

388 3525 598 3578 Sancte
629 3523 866 3589 Mathia,
900 3540 981 3578 or.
2147 3522 2498 3594 Redemptor
2522 3523 2748 3590 mundi,
2783 3522 2921 3582 mis.

385 3613 594 3665 Sancte
620 3609 906 3676 Barnaba,
941 3627 1022 3665 or.
2144 3611 2218 3666 Ut
2245 3611 2473 3668 veniam
2504 3612 2554 3668 ei
2588 3614 2789 3680 dones,
2825 3620 2877 3668 te
2909 3628 3206 3686 rogamus.

384 3701 594 3754 Sancte
623 3698 896 3769 Cleopha,
931 3717 1015 3754 or.
2145 3699 2216 3755 Ut
2243 3702 2422 3757 vitam
2453 3702 2505 3758 ei
2539 3703 2741 3772 dones,
2773 3705 2828 3757 te
2861 3718 2982 3774 rog.

385 3788 596 3843 Sancte
624 3787 948 3854 Timothee,
983 3805 1065 3843 or.
2144 3789 2216 3846 Ut
2244 3795 2512 3846 sanctum
2545 3791 2884 3863 paradisum
2915 3790 2966 3846 ei
2995 3792 3196 3858 dones,
3233 3797 3286 3847 te
3318 3808 3440 3863 rog.

385 3876 596 3931 Sancte
627 3876 838 3943 Marce,
875 3895 958 3932 or.
2145 3878 2217 3934 Ut
2245 3877 2439 3934 locum
2474 3879 2755 3952 refrigerii
2789 3880 2838 3936 ei
2873 3880 3074 3946 dones,
3108 3884 3164 3936 te
3194 3895 3317 3951 rog.

381 3964 600 4020 Omnes
632 3965 818 4020 sancti
841 3964 1088 4036 apostoli
1118 3970 1176 4021 et
1204 3963 1592 4037 evangelistaa,
1629 3970 1789 4022 orate
1813 3983 1914 4038 pro
1943 3984 2031 4023 eo.
2143 3972 2216 4023 Ut
2249 3967 2301 4024 ei
2333 3985 2560 4040 parcas,
2593 3973 2648 4023 te
2682 3986 2802 4041 rog.

383 4053 548 4126 Kyrie
577 4053 817 4120 eleison,
854 4054 1082 4110 Christe
1113 4053 1352 4122 eleison,
1385 4054 1555 4127 Kyrie
1593 4053 1834 4112 eleison.
1867 4057 2037 4112 Pater
2147 4057 2219 4114 Ut
2248 4058 2298 4112 ei
2327 4056 2654 4128 indulgeas,
2686 4061 2743 4112 te
2774 4075 2894 4131 rog.

383 4148 598 4200 noster.
629 4144 698 4199 Et
729 4160 798 4198 ne
833 4161 957 4198 nos.
2145 4146 2217 4202 Ut
2243 4144 2649 4200 misericordia
2680 4151 2737 4201 et
2767 4147 3139 4220 indulgentiae
3172 4146 3369 4203 locum
3399 4147 3450 4203 ei
3482 4147 3690 4216 dones,
3743 4152 3803 4203 te

456 4232 660 4286 Oratio.
696 4231 966 4293 Oramus,
1029 4233 1401 4304 omnipotens
1443 4233 1617 4302 Deus,
1651 4237 1718 4288 ut
1776 4233 2034 4288 animam
2216 4251 2340 4305 rog.

383 4319 588 4374 famuli
617 4319 698 4374 tui
731 4319 1045 4375 clementer
1074 4321 1381 4391 suscipias,
1416 4320 1516 4391 qui
1547 4321 1618 4374 ad
1653 4325 1821 4376 tuum
1868 4338 2034 4377 sanc-
2145 4321 2217 4378 Ut
2254 4328 2623 4394 peccatorum
2655 4324 2784 4394 ejus
2816 4342 2931 4380 non
2962 4324 3307 4391 recorderis,
3341 4329 3398 4380 te
3429 4340 3554 4395 rog.

383 4408 510 4459 tum
545 4405 858 4477 imperium
891 4405 984 4460 sui
1031 4405 1271 4478 reliquit
1327 4407 1587 4478 corporis
1647 4407 2031 4477 domicilium,
2777 4413 2915 4469 Alta:
2950 4414 3168 4470 litania:

383 4493 643 4564 dumque
674 4497 728 4548 te
752 4494 996 4562 jubente
1027 4495 1096 4549 ad
1130 4499 1343 4550 terram
1391 4495 1721 4565 revertitur,
1773 4497 2032 4554 animam
2145 4500 2393 4570 Christe,
2429 4503 2566 4558 audi
2590 4519 2714 4558 nos.
2751 4502 2898 4573 (tein)

383 4598 561 4653 quam
594 4597 933 4654 regenerare
963 4583 1242 4655 dignatus
1271 4600 1333 4639 es
1368 4584 1681 4656 baptismo,
1726 4588 2033 4660 aggregari
2063 4591 2112 4656 D
2146 4590 2439 4663 PrOpitius
2470 4595 2616 4658 esto,
2650 4607 2822 4662 parce
2851 4591 2925 4657 ei,
2955 4592 3222 4648 Domine.

382 4670 685 4744 praecipias
706 4671 1006 4742 justorum
1038 4672 1366 4734 consortiis.
1403 4673 1528 4730 Per.
2155 4679 2447 4749 PrOpitius
2475 4683 2620 4745 esto,
2653 4679 2837 4735 libera
2865 4695 3022 4748 eum,
3056 4679 3320 4736 Domine.

1005 4761 1138 4816 Aliae
1168 4763 1408 4820 litaniaz.
2143 4767 2228 4822 Ah
2262 4767 2346 4822 ira
2379 4771 2499 4833 tua,
2535 4766 2634 4822 lib.

380 4849 596 4905 Christi
630 4850 765 4905 audi
789 4866 917 4906 nos.
951 4850 1100 4922 (tera)
2142 4857 2186 4910 A
2215 4872 2384 4927 pmna
2413 4854 2645 4922 inferni,
2680 4855 2780 4911 lib.

381 4944 592 4995 Sancta
616 4940 906 5005 Susanna,
941 4956 1042 4995 ora
1070 4956 1174 5012 pro
1206 4955 1297 4995 eo.
2141 4946 2186 4999 A
2217 4943 2592 5000 damnatione
2623 4949 2858 5013 aeterna,
2891 4946 2992 5002 lib.

381 5028 595 5084 Sancta
625 5028 914 5095 Felicitas,
946 5045 1034 5084 or.
2140 5036 2186 5089 A
2218 5036 2502 5105 potestate
2535 5032 2772 5098 diaboli,
2805 5034 2906 5092 lib.

382 5116 598 5173 Sancta
630 5118 976 5190 Euphemia,
1007 5135 1090 5172 or.
2141 5126 2186 5178 A
2217 5139 2521 5194 pcenarum
2553 5121 2716 5193 locis,
2749 5123 2848 5179 lib.

382 5204 598 5261 Sancta
628 5205 880 5271 Caecilia,
916 5223 999 5260 or.
2140 5213 2187 5267 A
2220 5216 2405 5267 morte
2435 5212 2710 5280 secunda,
2742 5212 2844 5269 lib.

381 5294 596 5348 Sancta
625 5293 927 5364 Perpetua,
971 5311 1053 5349 or.
2143 5307 2190 5355 Α
2221 5301 2489 5373 gehenna
2519 5301 2693 5374 ignis,
2727 5302 2830 5358 lib.

383 5380 599 5434 Sancta
625 5381 1004 5448 Scholastica,
1039 5400 1122 5439 or.
2141 5392 2186 5445 A
2218 5389 2360 5445 locis
2392 5390 2680 5460 obscuris,
2714 5390 2814 5446 lib.

384 5468 598 5523 Sancta
629 5467 926 5538 Columba,
957 5488 1039 5528 or.
2142 5478 2227 5533 Ab
2259 5478 2417 5534 omni
2449 5481 2740 5552 augustia,
2773 5480 2878 5537 lib.

387 5556 600 5612 Sancta
634 5557 814 5624 Anna,
849 5576 932 5614 or.
2142 5569 2188 5623 A
2218 5572 2591 5639 peccatorum
2620 5568 2861 5639 ultione,
2897 5570 2996 5628 lib.

386 5646 600 5704 Sancta
632 5645 953 5717 Elisabeth,
984 5665 1068 5703 or.
2141 5659 2188 5713 A
2220 5655 2508 5729 supplic-io
2539 5661 2987 5729 tormentorum,
3024 5661 3123 5717 lib.
