  <div class='ocr_page' id='page_1' title='image "/cluster/home/n/w/nwhite01/storage/ocr_20150623/151/hvd.32044054760095/468.png"; bbox 0 0 3982 6172; ppageno 0'>
   <div class='ocr_carea' id='block_1_1' title="bbox 165 413 289 474">
    <p class='ocr_par' dir='ltr' id='par_1_1' title="bbox 165 413 289 474">
     <span class='ocr_line' id='line_1_1' title="bbox 165 413 289 474; baseline -0.008 0"><span class='ocrx_word' id='word_1_1' title='bbox 165 413 289 474; x_wconf 74' lang='grc'>925</span> 
     </span>
    </p>
   </div>
   <div class='ocr_carea' id='block_1_2' title="bbox 168 545 783 617">
    <p class='ocr_par' dir='ltr' id='par_1_2' title="bbox 168 545 783 617">
     <span class='ocr_line' id='line_1_2' title="bbox 168 545 783 617; baseline 0.002 -14"><span class='ocrx_word' id='word_1_2' title='bbox 168 547 257 603; x_wconf 86' lang='lat' dir='ltr'>Ab</span> <span class='ocrx_word' id='word_1_3' title='bbox 286 545 442 604; x_wconf 86' lang='lat' dir='ltr'>omni</span> <span class='ocrx_word' id='word_1_4' title='bbox 477 546 652 617; x_wconf 91' lang='lat' dir='ltr'>malo,</span> <span class='ocrx_word' id='word_1_5' title='bbox 680 546 783 605; x_wconf 90' lang='lat' dir='ltr'>lib.</span> 
     </span>
    </p>
   </div>
   <div class='ocr_carea' id='block_1_3' title="bbox 169 636 1818 712">
    <p class='ocr_par' dir='ltr' id='par_1_3' title="bbox 169 636 1818 712">
     <span class='ocr_line' id='line_1_3' title="bbox 169 636 1818 712; baseline -0.001 -19"><span class='ocrx_word' id='word_1_6' title='bbox 169 636 341 708; x_wconf 82' lang='lat' dir='ltr'>Kyrie</span> <span class='ocrx_word' id='word_1_7' title='bbox 368 636 606 705; x_wconf 89' lang='lat' dir='ltr'>eleison,</span> <span class='ocrx_word' id='word_1_8' title='bbox 640 638 868 695; x_wconf 81' lang='lat' dir='ltr'>Christe</span> <span class='ocrx_word' id='word_1_9' title='bbox 899 637 1139 706; x_wconf 88' lang='lat' dir='ltr'>eleison,</span> <span class='ocrx_word' id='word_1_10' title='bbox 1171 638 1342 712; x_wconf 73' lang='lat' dir='ltr'>Kyrie</span> <span class='ocrx_word' id='word_1_11' title='bbox 1371 636 1611 694; x_wconf 89' lang='lat' dir='ltr'>eleison.</span> <span class='ocrx_word' id='word_1_12' title='bbox 1650 637 1818 693; x_wconf 91' lang='lat' dir='ltr'>Pater</span> 
     </span>
    </p>
   </div>
   <div class='ocr_carea' id='block_1_4' title="bbox 243 729 810 785">
    <p class='ocr_par' dir='ltr' id='par_1_4' title="bbox 243 729 810 785">
     <span class='ocr_line' id='line_1_4' title="bbox 243 729 810 785; baseline 0.005 -3"><span class='ocrx_word' id='word_1_13' title='bbox 243 730 455 783; x_wconf 80' lang='lat' dir='ltr'>noster.</span> <span class='ocrx_word' id='word_1_14' title='bbox 486 729 553 783; x_wconf 88' lang='lat' dir='ltr'>Et</span> <span class='ocrx_word' id='word_1_15' title='bbox 582 744 653 785; x_wconf 91' lang='lat' dir='ltr'>ne</span> <span class='ocrx_word' id='word_1_16' title='bbox 684 746 810 785; x_wconf 89' lang='lat' dir='ltr'>nos.</span> 
     </span>
    </p>
   </div>
   <div class='ocr_carea' id='block_1_5' title="bbox 243 816 1818 891">
    <p class='ocr_par' dir='ltr' id='par_1_5' title="bbox 243 816 1818 891">
     <span class='ocr_line' id='line_1_5' title="bbox 243 816 1818 891; baseline -0.001 -18"><span class='ocrx_word' id='word_1_17' title='bbox 243 817 445 873; x_wconf 79' lang='lat' dir='ltr'>Oratio.</span> <span class='ocrx_word' id='word_1_18' title='bbox 470 816 850 891; x_wconf 85' lang='lat' dir='ltr'>Omnipotens</span> <span class='ocrx_word' id='word_1_19' title='bbox 876 818 1227 891; x_wconf 79' lang='lat' dir='ltr'>sempiterno</span> <span class='ocrx_word' id='word_1_20' title='bbox 1250 818 1423 885; x_wconf 87' lang='lat' dir='ltr'>Deus,</span> <span class='ocrx_word' id='word_1_21' title='bbox 1448 822 1818 874; x_wconf 79' lang='lat' dir='ltr'>conservator</span> 
     </span>
    </p>
   </div>
   <div class='ocr_carea' id='block_1_6' title="bbox 171 905 1815 980">
    <p class='ocr_par' dir='ltr' id='par_1_6' title="bbox 171 905 1815 980">
     <span class='ocr_line' id='line_1_6' title="bbox 171 905 1815 980; baseline 0 -19"><span class='ocrx_word' id='word_1_22' title='bbox 171 905 523 976; x_wconf 88' lang='lat' dir='ltr'>animarum,</span> <span class='ocrx_word' id='word_1_23' title='bbox 539 908 639 979; x_wconf 86' lang='lat' dir='ltr'>qui</span> <span class='ocrx_word' id='word_1_24' title='bbox 662 924 808 979; x_wconf 91' lang='lat' dir='ltr'>quos</span> <span class='ocrx_word' id='word_1_25' title='bbox 830 907 1045 980; x_wconf 87' lang='lat' dir='ltr'>diligis,</span> <span class='ocrx_word' id='word_1_26' title='bbox 1064 908 1327 979; x_wconf 82' lang='lat' dir='ltr'>corripis,</span> <span class='ocrx_word' id='word_1_27' title='bbox 1345 911 1563 979; x_wconf 90' lang='lat' dir='ltr'>etquos</span> <span class='ocrx_word' id='word_1_28' title='bbox 1586 906 1815 979; x_wconf 88' lang='lat' dir='ltr'>recipis,</span> 
     </span>
    </p>
   </div>
   <div class='ocr_carea' id='block_1_7' title="bbox 171 995 1814 1069">
    <p class='ocr_par' dir='ltr' id='par_1_7' title="bbox 171 995 1814 1069">
     <span class='ocr_line' id='line_1_7' title="bbox 171 995 1814 1069; baseline 0.001 -18"><span class='ocrx_word' id='word_1_29' title='bbox 171 995 265 1069; x_wconf 88' lang='lat' dir='ltr'>pie</span> <span class='ocrx_word' id='word_1_30' title='bbox 283 995 353 1051; x_wconf 93' lang='lat' dir='ltr'>ad</span> <span class='ocrx_word' id='word_1_31' title='bbox 372 996 837 1054; x_wconf 81' lang='lat' dir='ltr'>emendationem</span> <span class='ocrx_word' id='word_1_32' title='bbox 852 1003 1164 1065; x_wconf 89' lang='lat' dir='ltr'>coerces,te</span> <span class='ocrx_word' id='word_1_33' title='bbox 1180 996 1537 1066; x_wconf 86' lang='lat' dir='ltr'>invocamus,</span> <span class='ocrx_word' id='word_1_34' title='bbox 1553 995 1814 1064; x_wconf 89' lang='lat' dir='ltr'>Domine,</span> 
     </span>
    </p>
   </div>
   <div class='ocr_carea' id='block_1_8' title="bbox 170 1084 1818 1159">
    <p class='ocr_par' dir='ltr' id='par_1_8' title="bbox 170 1084 1818 1159">
     <span class='ocr_line' id='line_1_8' title="bbox 170 1084 1818 1159; baseline -0.001 -19"><span class='ocrx_word' id='word_1_35' title='bbox 170 1089 236 1140; x_wconf 91' lang='lat' dir='ltr'>ut</span> <span class='ocrx_word' id='word_1_36' title='bbox 268 1085 553 1141; x_wconf 87' lang='lat' dir='ltr'>medelam</span> <span class='ocrx_word' id='word_1_37' title='bbox 587 1088 747 1141; x_wconf 90' lang='lat' dir='ltr'>tuam</span> <span class='ocrx_word' id='word_1_38' title='bbox 780 1086 1041 1143; x_wconf 81' lang='lat' dir='ltr'>conferre</span> <span class='ocrx_word' id='word_1_39' title='bbox 1075 1087 1335 1159; x_wconf 85' lang='lat' dir='ltr'>digneris</span> <span class='ocrx_word' id='word_1_40' title='bbox 1375 1086 1582 1142; x_wconf 70' lang='lat' dir='ltr'>animae</span> <span class='ocrx_word' id='word_1_41' title='bbox 1613 1084 1818 1141; x_wconf 86' lang='lat' dir='ltr'>famuli</span> 
     </span>
    </p>
   </div>
   <div class='ocr_carea' id='block_1_9' title="bbox 170 1174 1818 1247">
    <p class='ocr_par' dir='ltr' id='par_1_9' title="bbox 170 1174 1818 1247">
     <span class='ocr_line' id='line_1_9' title="bbox 170 1174 1818 1247; baseline 0 -19"><span class='ocrx_word' id='word_1_42' title='bbox 170 1174 396 1246; x_wconf 89' lang='lat' dir='ltr'>tui,qui</span> <span class='ocrx_word' id='word_1_43' title='bbox 428 1175 487 1229; x_wconf 89' lang='lat' dir='ltr'>in</span> <span class='ocrx_word' id='word_1_44' title='bbox 520 1192 759 1247; x_wconf 91' lang='lat' dir='ltr'>corpore</span> <span class='ocrx_word' id='word_1_45' title='bbox 783 1176 1180 1231; x_wconf 87' lang='lat' dir='ltr'>membrorum</span> <span class='ocrx_word' id='word_1_46' title='bbox 1204 1175 1818 1242; x_wconf 89' lang='lat' dir='ltr'>debilitationem,vim</span> 
     </span>
    </p>
   </div>
   <div class='ocr_carea' id='block_1_10' title="bbox 174 1260 1818 1336">
    <p class='ocr_par' dir='ltr' id='par_1_10' title="bbox 174 1260 1818 1336">
     <span class='ocr_line' id='line_1_10' title="bbox 174 1260 1818 1336; baseline 0.001 -19"><span class='ocrx_word' id='word_1_47' title='bbox 174 1260 412 1327; x_wconf 88' lang='lat' dir='ltr'>laboris,</span> <span class='ocrx_word' id='word_1_48' title='bbox 438 1263 709 1320; x_wconf 87' lang='lat' dir='ltr'>stimulas</span> <span class='ocrx_word' id='word_1_49' title='bbox 742 1266 993 1320; x_wconf 89' lang='lat' dir='ltr'>sustinet</span> <span class='ocrx_word' id='word_1_50' title='bbox 1022 1264 1379 1321; x_wconf 86' lang='lat' dir='ltr'>inﬁrmitatis</span> <span class='ocrx_word' id='word_1_51' title='bbox 1408 1283 1420 1320; x_wconf 93' lang='lat'>:</span> <span class='ocrx_word' id='word_1_52' title='bbox 1456 1265 1531 1320; x_wconf 90' lang='lat' dir='ltr'>da</span> <span class='ocrx_word' id='word_1_53' title='bbox 1559 1263 1635 1331; x_wconf 90' lang='lat' dir='ltr'>ei,</span> <span class='ocrx_word' id='word_1_54' title='bbox 1666 1281 1818 1336; x_wconf 73' lang='lat' dir='ltr'>qua:-</span> 
     </span>
    </p>
   </div>
   <div class='ocr_carea' id='block_1_11' title="bbox 175 1352 1822 1426">
    <p class='ocr_par' dir='ltr' id='par_1_11' title="bbox 175 1352 1822 1426">
     <span class='ocr_line' id='line_1_11' title="bbox 175 1352 1822 1426; baseline 0.001 -20"><span class='ocrx_word' id='word_1_55' title='bbox 175 1368 406 1422; x_wconf 90' lang='lat' dir='ltr'>sumus,</span> <span class='ocrx_word' id='word_1_56' title='bbox 438 1352 685 1426; x_wconf 87' lang='lat' dir='ltr'>gratiam</span> <span class='ocrx_word' id='word_1_57' title='bbox 715 1358 882 1409; x_wconf 89' lang='lat' dir='ltr'>tuam</span> <span class='ocrx_word' id='word_1_58' title='bbox 905 1353 1060 1425; x_wconf 87' lang='lat' dir='ltr'>piam</span> <span class='ocrx_word' id='word_1_59' title='bbox 1095 1370 1243 1419; x_wconf 88' lang='lat' dir='ltr'>esse,</span> <span class='ocrx_word' id='word_1_60' title='bbox 1278 1358 1341 1409; x_wconf 92' lang='lat' dir='ltr'>ut</span> <span class='ocrx_word' id='word_1_61' title='bbox 1373 1354 1429 1408; x_wconf 92' lang='lat' dir='ltr'>in</span> <span class='ocrx_word' id='word_1_62' title='bbox 1463 1354 1607 1409; x_wconf 90' lang='lat' dir='ltr'>hora</span> <span class='ocrx_word' id='word_1_63' title='bbox 1632 1352 1822 1409; x_wconf 79' lang='lat' dir='ltr'>exitus</span> 
     </span>
    </p>
   </div>
   <div class='ocr_carea' id='block_1_12' title="bbox 174 1439 1821 1516">
    <p class='ocr_par' dir='ltr' id='par_1_12' title="bbox 174 1439 1821 1516">
     <span class='ocr_line' id='line_1_12' title="bbox 174 1439 1821 1516; baseline 0.001 -21"><span class='ocrx_word' id='word_1_64' title='bbox 174 1439 332 1496; x_wconf 89' lang='lat' dir='ltr'>illius</span> <span class='ocrx_word' id='word_1_65' title='bbox 363 1440 434 1496; x_wconf 90' lang='lat' dir='ltr'>de</span> <span class='ocrx_word' id='word_1_66' title='bbox 463 1458 704 1514; x_wconf 89' lang='lat' dir='ltr'>corpore</span> <span class='ocrx_word' id='word_1_67' title='bbox 734 1443 955 1515; x_wconf 88' lang='lat' dir='ltr'>absque</span> <span class='ocrx_word' id='word_1_68' title='bbox 986 1443 1205 1516; x_wconf 84' lang='lat' dir='ltr'>peccati</span> <span class='ocrx_word' id='word_1_69' title='bbox 1239 1442 1469 1498; x_wconf 84' lang='lat' dir='ltr'>macula</span> <span class='ocrx_word' id='word_1_70' title='bbox 1498 1442 1601 1498; x_wconf 90' lang='lat' dir='ltr'>tibi</span> <span class='ocrx_word' id='word_1_71' title='bbox 1634 1441 1821 1497; x_wconf 89' lang='lat' dir='ltr'>datori</span> 
     </span>
    </p>
   </div>
   <div class='ocr_carea' id='block_1_13' title="bbox 175 1529 1824 1604">
    <p class='ocr_par' dir='ltr' id='par_1_13' title="bbox 175 1529 1824 1604">
     <span class='ocr_line' id='line_1_13' title="bbox 175 1529 1824 1604; baseline 0.002 -20"><span class='ocrx_word' id='word_1_72' title='bbox 175 1529 408 1602; x_wconf 90' lang='lat' dir='ltr'>proprio</span> <span class='ocrx_word' id='word_1_73' title='bbox 440 1547 541 1603; x_wconf 89' lang='lat' dir='ltr'>per</span> <span class='ocrx_word' id='word_1_74' title='bbox 571 1548 780 1587; x_wconf 90' lang='lat' dir='ltr'>manus</span> <span class='ocrx_word' id='word_1_75' title='bbox 806 1537 1143 1588; x_wconf 90' lang='lat' dir='ltr'>sanctorum</span> <span class='ocrx_word' id='word_1_76' title='bbox 1176 1532 1578 1604; x_wconf 79' lang='lat' dir='ltr'>repraesentari</span> <span class='ocrx_word' id='word_1_77' title='bbox 1610 1548 1824 1587; x_wconf 88' lang='lat' dir='ltr'>merea-</span> 
     </span>
    </p>
   </div>
   <div class='ocr_carea' id='block_1_14' title="bbox 174 1619 835 1691">
    <p class='ocr_par' dir='ltr' id='par_1_14' title="bbox 174 1619 835 1691">
     <span class='ocr_line' id='line_1_14' title="bbox 174 1619 835 1691; baseline 0 -17"><span class='ocrx_word' id='word_1_78' title='bbox 174 1622 272 1674; x_wconf 85' lang='lat' dir='ltr'>tur</span> <span class='ocrx_word' id='word_1_79' title='bbox 300 1619 499 1675; x_wconf 89' lang='lat' dir='ltr'>anima</span> <span class='ocrx_word' id='word_1_80' title='bbox 528 1621 676 1691; x_wconf 86' lang='lat' dir='ltr'>ejus.</span> <span class='ocrx_word' id='word_1_81' title='bbox 710 1621 835 1676; x_wconf 91' lang='lat' dir='ltr'>Per.</span> 
     </span>
    </p>
   </div>
   <div class='ocr_carea' id='block_1_15' title="bbox 180 1707 1910 1783">
    <p class='ocr_par' dir='ltr' id='par_1_15' title="bbox 180 1707 1910 1783">
     <span class='ocr_line' id='line_1_15' title="bbox 180 1707 1910 1783; baseline 0.001 -21"><span class='ocrx_word' id='word_1_82' title='bbox 180 1736 185 1743; x_wconf 85' lang='lat'><strong>~</strong></span> <span class='ocrx_word' id='word_1_83' title='bbox 244 1707 442 1781; x_wconf 76' lang='lat' dir='ltr'>Incipit</span> <span class='ocrx_word' id='word_1_84' title='bbox 482 1710 874 1766; x_wconf 79' lang='lat' dir='ltr'>commendatio</span> <span class='ocrx_word' id='word_1_85' title='bbox 922 1712 1142 1778; x_wconf 55' lang='lat' dir='ltr'>animar,</span> <span class='ocrx_word' id='word_1_86' title='bbox 1184 1716 1476 1783; x_wconf 74' lang='lat' dir='ltr'>antequam</span> <span class='ocrx_word' id='word_1_87' title='bbox 1513 1710 1826 1779; x_wconf 69' lang='lat' dir='ltr'>egrediatur</span> <span class='ocrx_word' id='word_1_88' title='bbox 1899 1770 1910 1781; x_wconf 41' lang='grc' dir='ltr'><strong><em>ο</em></strong></span> 
     </span>
    </p>
   </div>
   <div class='ocr_carea' id='block_1_16' title="bbox 176 1794 1773 1869">
    <p class='ocr_par' dir='ltr' id='par_1_16' title="bbox 176 1794 1773 1869">
     <span class='ocr_line' id='line_1_16' title="bbox 176 1794 1773 1869; baseline 0.004 -18"><span class='ocrx_word' id='word_1_89' title='bbox 176 1794 241 1851; x_wconf 75' lang='lat' dir='ltr'>de</span> <span class='ocrx_word' id='word_1_90' title='bbox 270 1813 510 1869; x_wconf 82' lang='lat' dir='ltr'>corpore.</span> <span class='ocrx_word' id='word_1_91' title='bbox 1766 1863 1773 1869; x_wconf 50' lang='grc'><em>,</em></span> 
     </span>
    </p>
   </div>
   <div class='ocr_carea' id='block_1_17' title="bbox 78 1886 1681 1961">
    <p class='ocr_par' dir='ltr' id='par_1_17' title="bbox 78 1886 1681 1961">
     <span class='ocr_line' id='line_1_17' title="bbox 78 1886 1681 1961; baseline 0 -19"><span class='ocrx_word' id='word_1_92' title='bbox 78 1895 95 1901; x_wconf 79' lang='lat'><strong><em>&#39;</em></strong></span> <span class='ocrx_word' id='word_1_93' title='bbox 247 1886 584 1957; x_wconf 85' lang='lat' dir='ltr'>Subvenite,</span> <span class='ocrx_word' id='word_1_94' title='bbox 619 1888 803 1942; x_wconf 89' lang='lat' dir='ltr'>sancti</span> <span class='ocrx_word' id='word_1_95' title='bbox 838 1888 956 1943; x_wconf 91' lang='lat' dir='ltr'>Dei.</span> <span class='ocrx_word' id='word_1_96' title='bbox 990 1888 1283 1961; x_wconf 90' lang='lat' dir='ltr'>Suscipiat</span> <span class='ocrx_word' id='word_1_97' title='bbox 1311 1893 1366 1944; x_wconf 91' lang='lat' dir='ltr'>te</span> <span class='ocrx_word' id='word_1_98' title='bbox 1396 1887 1681 1945; x_wconf 86' lang='lat' dir='ltr'>Christus.</span> 
     </span>
    </p>
   </div>
   <div class='ocr_carea' id='block_1_18' title="bbox 249 1975 1822 2045">
    <p class='ocr_par' dir='ltr' id='par_1_18' title="bbox 249 1975 1822 2045">
     <span class='ocr_line' id='line_1_18' title="bbox 249 1975 1822 2045; baseline 0.002 -16"><span class='ocrx_word' id='word_1_99' title='bbox 249 1975 638 2043; x_wconf 84' lang='lat' dir='ltr'>Proficiscere,</span> <span class='ocrx_word' id='word_1_100' title='bbox 660 1977 857 2032; x_wconf 89' lang='lat' dir='ltr'>anima</span> <span class='ocrx_word' id='word_1_101' title='bbox 877 1976 1227 2044; x_wconf 88' lang='lat' dir='ltr'>Christiana,</span> <span class='ocrx_word' id='word_1_102' title='bbox 1249 1979 1318 2033; x_wconf 90' lang='lat' dir='ltr'>de</span> <span class='ocrx_word' id='word_1_103' title='bbox 1348 1977 1458 2034; x_wconf 91' lang='lat' dir='ltr'>hoc</span> <span class='ocrx_word' id='word_1_104' title='bbox 1489 1978 1730 2045; x_wconf 89' lang='lat' dir='ltr'>mundo,</span> <span class='ocrx_word' id='word_1_105' title='bbox 1766 1976 1822 2032; x_wconf 92' lang='lat' dir='ltr'>in</span> 
     </span>
    </p>
   </div>
   <div class='ocr_carea' id='block_1_19' title="bbox 180 2063 1826 2139">
    <p class='ocr_par' dir='ltr' id='par_1_19' title="bbox 180 2063 1826 2139">
     <span class='ocr_line' id='line_1_19' title="bbox 180 2063 1826 2139; baseline 0.001 -20"><span class='ocrx_word' id='word_1_106' title='bbox 180 2063 417 2120; x_wconf 87' lang='lat' dir='ltr'>nomine</span> <span class='ocrx_word' id='word_1_107' title='bbox 459 2064 562 2120; x_wconf 89' lang='lat' dir='ltr'>Dei</span> <span class='ocrx_word' id='word_1_108' title='bbox 592 2067 780 2121; x_wconf 88' lang='lat' dir='ltr'>Patris</span> <span class='ocrx_word' id='word_1_109' title='bbox 816 2071 841 2131; x_wconf 42' lang='grc' dir='ltr'>ᾖ</span> <span class='ocrx_word' id='word_1_110' title='bbox 876 2066 1313 2139; x_wconf 86' lang='lat' dir='ltr'>omnipotentis,</span> <span class='ocrx_word' id='word_1_111' title='bbox 1338 2066 1437 2139; x_wconf 87' lang='lat' dir='ltr'>qui</span> <span class='ocrx_word' id='word_1_112' title='bbox 1490 2071 1545 2122; x_wconf 86' lang='lat' dir='ltr'>te</span> <span class='ocrx_word' id='word_1_113' title='bbox 1593 2067 1826 2133; x_wconf 90' lang='lat' dir='ltr'>creavit,</span> 
     </span>
    </p>
   </div>
   <div class='ocr_carea' id='block_1_20' title="bbox 181 2152 1831 2228">
    <p class='ocr_par' dir='ltr' id='par_1_20' title="bbox 181 2152 1831 2228">
     <span class='ocr_line' id='line_1_20' title="bbox 181 2152 1831 2228; baseline 0.002 -21"><span class='ocrx_word' id='word_1_114' title='bbox 181 2152 240 2207; x_wconf 91' lang='lat' dir='ltr'>in</span> <span class='ocrx_word' id='word_1_115' title='bbox 288 2154 524 2209; x_wconf 87' lang='lat' dir='ltr'>nomine</span> <span class='ocrx_word' id='word_1_116' title='bbox 573 2155 716 2210; x_wconf 87' lang='lat' dir='ltr'>Jesu</span> <span class='ocrx_word' id='word_1_117' title='bbox 747 2155 960 2211; x_wconf 87' lang='lat' dir='ltr'>Christi</span> <span class='ocrx_word' id='word_1_118' title='bbox 992 2161 1017 2222; x_wconf 63' lang='lat' dir='ltr'>i</span> <span class='ocrx_word' id='word_1_119' title='bbox 1046 2156 1173 2211; x_wconf 89' lang='lat' dir='ltr'>Filii</span> <span class='ocrx_word' id='word_1_120' title='bbox 1206 2157 1304 2212; x_wconf 90' lang='lat' dir='ltr'>Dei</span> <span class='ocrx_word' id='word_1_121' title='bbox 1336 2156 1469 2220; x_wconf 89' lang='lat' dir='ltr'>vivi,</span> <span class='ocrx_word' id='word_1_122' title='bbox 1495 2156 1595 2228; x_wconf 88' lang='lat' dir='ltr'>qui</span> <span class='ocrx_word' id='word_1_123' title='bbox 1640 2172 1741 2228; x_wconf 95' lang='lat' dir='ltr'>pro</span> <span class='ocrx_word' id='word_1_124' title='bbox 1774 2160 1831 2211; x_wconf 92' lang='lat' dir='ltr'>tc</span> 
     </span>
    </p>
   </div>
   <div class='ocr_carea' id='block_1_21' title="bbox 180 2243 1831 2317">
    <p class='ocr_par' dir='ltr' id='par_1_21' title="bbox 180 2243 1831 2317">
     <span class='ocr_line' id='line_1_21' title="bbox 180 2243 1831 2317; baseline 0.001 -20"><span class='ocrx_word' id='word_1_125' title='bbox 180 2258 393 2314; x_wconf 90' lang='lat' dir='ltr'>passus</span> <span class='ocrx_word' id='word_1_126' title='bbox 440 2248 549 2311; x_wconf 90' lang='lat' dir='ltr'>est,</span> <span class='ocrx_word' id='word_1_127' title='bbox 582 2243 640 2298; x_wconf 92' lang='lat' dir='ltr'>in</span> <span class='ocrx_word' id='word_1_128' title='bbox 688 2244 925 2300; x_wconf 89' lang='lat' dir='ltr'>nomine</span> <span class='ocrx_word' id='word_1_129' title='bbox 971 2245 1222 2317; x_wconf 86' lang='lat' dir='ltr'>Spiritus</span> <span class='ocrx_word' id='word_1_130' title='bbox 1267 2246 1651 2317; x_wconf 62' lang='lat' dir='ltr'>sancti+,qui</span> <span class='ocrx_word' id='word_1_131' title='bbox 1686 2245 1742 2299; x_wconf 88' lang='lat' dir='ltr'>in</span> <span class='ocrx_word' id='word_1_132' title='bbox 1778 2250 1831 2300; x_wconf 89' lang='lat' dir='ltr'>te</span> 
     </span>
    </p>
   </div>
   <div class='ocr_carea' id='block_1_22' title="bbox 182 2331 1832 2406">
    <p class='ocr_par' dir='ltr' id='par_1_22' title="bbox 182 2331 1832 2406">
     <span class='ocr_line' id='line_1_22' title="bbox 182 2331 1832 2406; baseline 0.002 -21"><span class='ocrx_word' id='word_1_133' title='bbox 182 2331 404 2386; x_wconf 71' lang='lat' dir='ltr'>effusus</span> <span class='ocrx_word' id='word_1_134' title='bbox 435 2334 541 2387; x_wconf 91' lang='lat' dir='ltr'>est.</span> <span class='ocrx_word' id='word_1_135' title='bbox 571 2332 821 2402; x_wconf 87' lang='lat' dir='ltr'>Adjuvet</span> <span class='ocrx_word' id='word_1_136' title='bbox 868 2338 1069 2389; x_wconf 89' lang='lat' dir='ltr'>sancta</span> <span class='ocrx_word' id='word_1_137' title='bbox 1106 2334 1362 2389; x_wconf 88' lang='lat' dir='ltr'>Trinitas</span> <span class='ocrx_word' id='word_1_138' title='bbox 1410 2351 1513 2406; x_wconf 90' lang='lat' dir='ltr'>per</span> <span class='ocrx_word' id='word_1_139' title='bbox 1557 2333 1832 2389; x_wconf 90' lang='lat' dir='ltr'>interces-</span> 
     </span>
    </p>
   </div>
   <div class='ocr_carea' id='block_1_23' title="bbox 183 2419 1832 2496">
    <p class='ocr_par' dir='ltr' id='par_1_23' title="bbox 183 2419 1832 2496">
     <span class='ocr_line' id='line_1_23' title="bbox 183 2419 1832 2496; baseline 0 -20"><span class='ocrx_word' id='word_1_140' title='bbox 183 2419 409 2476; x_wconf 86' lang='lat' dir='ltr'>sionem</span> <span class='ocrx_word' id='word_1_141' title='bbox 460 2425 796 2477; x_wconf 92' lang='lat' dir='ltr'>sanctorum</span> <span class='ocrx_word' id='word_1_142' title='bbox 849 2423 1210 2496; x_wconf 88' lang='lat' dir='ltr'>angelorum,</span> <span class='ocrx_word' id='word_1_143' title='bbox 1239 2427 1294 2479; x_wconf 91' lang='lat' dir='ltr'>et</span> <span class='ocrx_word' id='word_1_144' title='bbox 1327 2423 1832 2495; x_wconf 88' lang='lat' dir='ltr'>archangelorum,</span> 
     </span>
    </p>
   </div>
   <div class='ocr_carea' id='block_1_24' title="bbox 185 2508 1834 2585">
    <p class='ocr_par' dir='ltr' id='par_1_24' title="bbox 185 2508 1834 2585">
     <span class='ocr_line' id='line_1_24' title="bbox 185 2508 1834 2585; baseline 0.002 -21"><span class='ocrx_word' id='word_1_145' title='bbox 185 2508 530 2565; x_wconf 89' lang='lat' dir='ltr'>thronorum</span> <span class='ocrx_word' id='word_1_146' title='bbox 565 2513 622 2565; x_wconf 90' lang='lat' dir='ltr'>et</span> <span class='ocrx_word' id='word_1_147' title='bbox 661 2510 1148 2579; x_wconf 83' lang='lat' dir='ltr'>dominationum,</span> <span class='ocrx_word' id='word_1_148' title='bbox 1183 2512 1617 2585; x_wconf 87' lang='lat' dir='ltr'>principaluum</span> <span class='ocrx_word' id='word_1_149' title='bbox 1648 2516 1705 2567; x_wconf 90' lang='lat' dir='ltr'>et</span> <span class='ocrx_word' id='word_1_150' title='bbox 1736 2528 1834 2583; x_wconf 87' lang='lat' dir='ltr'>po-</span> 
     </span>
    </p>
   </div>
   <div class='ocr_carea' id='block_1_25' title="bbox 180 2599 1836 2673">
    <p class='ocr_par' dir='ltr' id='par_1_25' title="bbox 180 2599 1836 2673">
     <span class='ocr_line' id='line_1_25' title="bbox 180 2599 1836 2673; baseline 0.001 -20"><span class='ocrx_word' id='word_1_151' title='bbox 180 2600 482 2663; x_wconf 82' lang='lat' dir='ltr'>testatum,</span> <span class='ocrx_word' id='word_1_152' title='bbox 498 2603 555 2655; x_wconf 89' lang='lat' dir='ltr'>et</span> <span class='ocrx_word' id='word_1_153' title='bbox 570 2599 835 2655; x_wconf 90' lang='lat' dir='ltr'>omnium</span> <span class='ocrx_word' id='word_1_154' title='bbox 857 2601 1162 2667; x_wconf 90' lang='lat' dir='ltr'>virtutum,</span> <span class='ocrx_word' id='word_1_155' title='bbox 1177 2600 1501 2669; x_wconf 88' lang='lat' dir='ltr'>cherubim,</span> <span class='ocrx_word' id='word_1_156' title='bbox 1516 2601 1836 2673; x_wconf 90' lang='lat' dir='ltr'>seraphim,</span> 
     </span>
    </p>
   </div>
   <div class='ocr_carea' id='block_1_26' title="bbox 187 2688 1837 2763">
    <p class='ocr_par' dir='ltr' id='par_1_26' title="bbox 187 2688 1837 2763">
     <span class='ocr_line' id='line_1_26' title="bbox 187 2688 1837 2763; baseline 0.002 -22"><span class='ocrx_word' id='word_1_157' title='bbox 187 2689 246 2741; x_wconf 86' lang='lat' dir='ltr'>et</span> <span class='ocrx_word' id='word_1_158' title='bbox 260 2688 453 2743; x_wconf 90' lang='lat' dir='ltr'>omnis</span> <span class='ocrx_word' id='word_1_159' title='bbox 476 2688 720 2744; x_wconf 87' lang='lat' dir='ltr'>humani</span> <span class='ocrx_word' id='word_1_160' title='bbox 739 2690 1285 2763; x_wconf 91' lang='lat' dir='ltr'>generis,quidquid</span> <span class='ocrx_word' id='word_1_161' title='bbox 1311 2707 1343 2746; x_wconf 91' lang='lat' dir='ltr'>a</span> <span class='ocrx_word' id='word_1_162' title='bbox 1362 2696 1473 2746; x_wconf 91' lang='lat' dir='ltr'>Deo</span> <span class='ocrx_word' id='word_1_163' title='bbox 1496 2694 1837 2761; x_wconf 90' lang='lat' dir='ltr'>susceptum</span> 
     </span>
    </p>
   </div>
   <div class='ocr_carea' id='block_1_27' title="bbox 184 2776 1841 2852">
    <p class='ocr_par' dir='ltr' id='par_1_27' title="bbox 184 2776 1841 2852">
     <span class='ocr_line' id='line_1_27' title="bbox 184 2776 1841 2852; baseline 0.001 -22"><span class='ocrx_word' id='word_1_164' title='bbox 184 2778 294 2841; x_wconf 86' lang='lat' dir='ltr'>est,</span> <span class='ocrx_word' id='word_1_165' title='bbox 319 2776 797 2847; x_wconf 79' lang='lat' dir='ltr'>patriarcharum</span> <span class='ocrx_word' id='word_1_166' title='bbox 819 2782 876 2833; x_wconf 89' lang='lat' dir='ltr'>et</span> <span class='ocrx_word' id='word_1_167' title='bbox 902 2779 1338 2851; x_wconf 87' lang='lat' dir='ltr'>prophetarum,</span> <span class='ocrx_word' id='word_1_168' title='bbox 1360 2779 1756 2852; x_wconf 85' lang='lat' dir='ltr'>apostolorum</span> <span class='ocrx_word' id='word_1_169' title='bbox 1785 2783 1841 2833; x_wconf 90' lang='lat' dir='ltr'>et</span> 
     </span>
    </p>
   </div>
   <div class='ocr_carea' id='block_1_28' title="bbox 183 2866 1843 2941">
    <p class='ocr_par' dir='ltr' id='par_1_28' title="bbox 183 2866 1843 2941">
     <span class='ocr_line' id='line_1_28' title="bbox 183 2866 1843 2941; baseline 0.002 -22"><span class='ocrx_word' id='word_1_170' title='bbox 183 2867 531 2937; x_wconf 85' lang='lat' dir='ltr'>martyrum,</span> <span class='ocrx_word' id='word_1_171' title='bbox 547 2866 951 2922; x_wconf 88' lang='lat' dir='ltr'>confessorum</span> <span class='ocrx_word' id='word_1_172' title='bbox 977 2871 1031 2923; x_wconf 89' lang='lat' dir='ltr'>et</span> <span class='ocrx_word' id='word_1_173' title='bbox 1050 2867 1365 2941; x_wconf 86' lang='lat' dir='ltr'>virginum,</span> <span class='ocrx_word' id='word_1_174' title='bbox 1394 2869 1763 2925; x_wconf 89' lang='lat' dir='ltr'>sacerdotum</span> <span class='ocrx_word' id='word_1_175' title='bbox 1786 2871 1843 2922; x_wconf 91' lang='lat' dir='ltr'>et</span> 
     </span>
    </p>
   </div>
   <div class='ocr_carea' id='block_1_29' title="bbox 184 2952 1842 3030">
    <p class='ocr_par' dir='ltr' id='par_1_29' title="bbox 184 2952 1842 3030">
     <span class='ocr_line' id='line_1_29' title="bbox 184 2952 1842 3030; baseline 0.005 -22"><span class='ocrx_word' id='word_1_176' title='bbox 184 2952 515 3018; x_wconf 88' lang='lat' dir='ltr'>levitarum,</span> <span class='ocrx_word' id='word_1_177' title='bbox 542 2958 598 3010; x_wconf 91' lang='lat' dir='ltr'>et</span> <span class='ocrx_word' id='word_1_178' title='bbox 617 2956 881 3011; x_wconf 90' lang='lat' dir='ltr'>omnium</span> <span class='ocrx_word' id='word_1_179' title='bbox 907 2956 1167 3013; x_wconf 70' lang='lat' dir='ltr'>Ecclesia:</span> <span class='ocrx_word' id='word_1_180' title='bbox 1199 2957 1493 3014; x_wconf 65' lang='lat' dir='ltr'>catholica:</span> <span class='ocrx_word' id='word_1_181' title='bbox 1524 2959 1842 3030; x_wconf 70' lang='lat' dir='ltr'>graduum:</span> 
     </span>
    </p>
   </div>
   <div class='ocr_carea' id='block_1_30' title="bbox 190 3043 1842 3103">
    <p class='ocr_par' dir='ltr' id='par_1_30' title="bbox 190 3043 1842 3103">
     <span class='ocr_line' id='line_1_30' title="bbox 190 3043 1842 3103; baseline 0.004 -6"><span class='ocrx_word' id='word_1_182' title='bbox 190 3043 614 3100; x_wconf 87' lang='lat' dir='ltr'>monachorum</span> <span class='ocrx_word' id='word_1_183' title='bbox 637 3048 694 3101; x_wconf 89' lang='lat' dir='ltr'>et</span> <span class='ocrx_word' id='word_1_184' title='bbox 718 3045 1222 3102; x_wconf 90' lang='lat' dir='ltr'>anachoretarum.</span> <span class='ocrx_word' id='word_1_185' title='bbox 1248 3046 1428 3102; x_wconf 92' lang='lat' dir='ltr'>Hodie</span> <span class='ocrx_word' id='word_1_186' title='bbox 1458 3048 1644 3103; x_wconf 84' lang='lat' dir='ltr'>tactus</span> <span class='ocrx_word' id='word_1_187' title='bbox 1675 3046 1752 3103; x_wconf 89' lang='lat' dir='ltr'>sit</span> <span class='ocrx_word' id='word_1_188' title='bbox 1781 3048 1842 3103; x_wconf 90' lang='lat' dir='ltr'>in</span> 
     </span>
    </p>
   </div>
   <div class='ocr_carea' id='block_1_31' title="bbox 188 3131 1844 3203">
    <p class='ocr_par' dir='ltr' id='par_1_31' title="bbox 188 3131 1844 3203">
     <span class='ocr_line' id='line_1_31' title="bbox 188 3131 1844 3203; baseline 0.002 -16"><span class='ocrx_word' id='word_1_189' title='bbox 188 3147 332 3203; x_wconf 87' lang='lat' dir='ltr'>pace</span> <span class='ocrx_word' id='word_1_190' title='bbox 360 3131 525 3188; x_wconf 91' lang='lat' dir='ltr'>locus</span> <span class='ocrx_word' id='word_1_191' title='bbox 554 3136 713 3202; x_wconf 92' lang='lat' dir='ltr'>tuus,</span> <span class='ocrx_word' id='word_1_192' title='bbox 736 3137 793 3189; x_wconf 91' lang='lat' dir='ltr'>et</span> <span class='ocrx_word' id='word_1_193' title='bbox 834 3133 1115 3191; x_wconf 87' lang='lat' dir='ltr'>habitatio</span> <span class='ocrx_word' id='word_1_194' title='bbox 1159 3139 1261 3191; x_wconf 89' lang='lat' dir='ltr'>tua</span> <span class='ocrx_word' id='word_1_195' title='bbox 1292 3136 1349 3190; x_wconf 89' lang='lat' dir='ltr'>in</span> <span class='ocrx_word' id='word_1_196' title='bbox 1379 3134 1704 3191; x_wconf 85' lang='lat' dir='ltr'>Jerusalem</span> <span class='ocrx_word' id='word_1_197' title='bbox 1737 3153 1844 3191; x_wconf 82' lang='lat' dir='ltr'>ecs-</span> 
     </span>
    </p>
   </div>
   <div class='ocr_carea' id='block_1_32' title="bbox 192 3219 924 3278">
    <p class='ocr_par' dir='ltr' id='par_1_32' title="bbox 192 3219 924 3278">
     <span class='ocr_line' id='line_1_32' title="bbox 192 3219 924 3278; baseline 0.003 -3"><span class='ocrx_word' id='word_1_198' title='bbox 192 3219 418 3277; x_wconf 86' lang='lat' dir='ltr'>lestem.</span> <span class='ocrx_word' id='word_1_199' title='bbox 455 3221 562 3277; x_wconf 90' lang='lat' dir='ltr'>Per</span> <span class='ocrx_word' id='word_1_200' title='bbox 589 3222 924 3278; x_wconf 89' lang='lat' dir='ltr'>Dominum.</span> 
     </span>
    </p>
   </div>
   <div class='ocr_carea' id='block_1_33' title="bbox 957 402 2777 479">
    <p class='ocr_par' dir='ltr' id='par_1_33' title="bbox 957 402 2777 479">
     <span class='ocr_line' id='line_1_33' title="bbox 957 402 2777 479; baseline -0.002 -3"><span class='ocrx_word' id='word_1_201' title='bbox 957 411 1343 479; x_wconf 79' lang='lat' dir='ltr'>EXCERPT.</span> <span class='ocrx_word' id='word_1_202' title='bbox 1387 410 1494 475; x_wconf 83' lang='lat' dir='ltr'><strong>EX</strong></span> <span class='ocrx_word' id='word_1_203' title='bbox 1537 409 1770 474; x_wconf 82' lang='lat' dir='ltr'>CODD.</span> <span class='ocrx_word' id='word_1_204' title='bbox 1811 402 2135 470; x_wconf 76' lang='lat' dir='ltr'>LITURG.‘</span> <span class='ocrx_word' id='word_1_205' title='bbox 2178 408 2777 475; x_wconf 76' lang='lat' dir='ltr'>FONTAVELLAN.</span> 
     </span>
    </p>
   </div>
   <div class='ocr_carea' id='block_1_34' title="bbox 1841 535 3571 616">
    <p class='ocr_par' dir='ltr' id='par_1_34' title="bbox 1841 535 3571 616">
     <span class='ocr_line' id='line_1_34' title="bbox 1841 535 3571 616; baseline 0.002 -17"><span class='ocrx_word' id='word_1_206' title='bbox 1841 535 1901 611; x_wconf 71' lang='grc' dir='ltr'><strong>Α,</strong></span> <span class='ocrx_word' id='word_1_207' title='bbox 2000 545 2222 613; x_wconf 90' lang='lat' dir='ltr'>Libera,</span> <span class='ocrx_word' id='word_1_208' title='bbox 2252 546 2514 614; x_wconf 89' lang='lat' dir='ltr'>Domine,</span> <span class='ocrx_word' id='word_1_209' title='bbox 2539 546 2798 603; x_wconf 89' lang='lat' dir='ltr'>animam</span> <span class='ocrx_word' id='word_1_210' title='bbox 2830 547 2977 604; x_wconf 88' lang='lat' dir='ltr'>servi</span> <span class='ocrx_word' id='word_1_211' title='bbox 3000 547 3109 616; x_wconf 88' lang='lat' dir='ltr'>tui,</span> <span class='ocrx_word' id='word_1_212' title='bbox 3136 546 3290 604; x_wconf 87' lang='lat' dir='ltr'>sicut</span> <span class='ocrx_word' id='word_1_213' title='bbox 3311 546 3571 604; x_wconf 88' lang='lat' dir='ltr'>liberasti</span> 
     </span>
    </p>
   </div>
   <div class='ocr_carea' id='block_1_35' title="bbox 1924 636 3573 711">
    <p class='ocr_par' dir='ltr' id='par_1_35' title="bbox 1924 636 3573 711">
     <span class='ocr_line' id='line_1_35' title="bbox 1924 636 3573 711; baseline 0.001 -19"><span class='ocrx_word' id='word_1_214' title='bbox 1924 636 2100 692; x_wconf 86' lang='lat' dir='ltr'>David</span> <span class='ocrx_word' id='word_1_215' title='bbox 2130 638 2201 693; x_wconf 90' lang='lat' dir='ltr'>de</span> <span class='ocrx_word' id='word_1_216' title='bbox 2228 655 2406 693; x_wconf 90' lang='lat' dir='ltr'>manu</span> <span class='ocrx_word' id='word_1_217' title='bbox 2429 637 2566 694; x_wconf 91' lang='lat' dir='ltr'>Saul</span> <span class='ocrx_word' id='word_1_218' title='bbox 2598 639 2752 711; x_wconf 90' lang='lat' dir='ltr'>regis</span> <span class='ocrx_word' id='word_1_219' title='bbox 2772 642 2828 694; x_wconf 92' lang='lat' dir='ltr'>et</span> <span class='ocrx_word' id='word_1_220' title='bbox 2852 638 3104 708; x_wconf 89' lang='lat' dir='ltr'>Goliath,</span> <span class='ocrx_word' id='word_1_221' title='bbox 3126 642 3184 694; x_wconf 89' lang='lat' dir='ltr'>et</span> <span class='ocrx_word' id='word_1_222' title='bbox 3204 639 3275 695; x_wconf 92' lang='lat' dir='ltr'>de</span> <span class='ocrx_word' id='word_1_223' title='bbox 3301 638 3573 696; x_wconf 89' lang='lat' dir='ltr'>omnibus</span> 
     </span>
    </p>
   </div>
   <div class='ocr_carea' id='block_1_36' title="bbox 1925 725 2348 797">
    <p class='ocr_par' dir='ltr' id='par_1_36' title="bbox 1925 725 2348 797">
     <span class='ocr_line' id='line_1_36' title="bbox 1925 725 2348 797; baseline 0.005 -16"><span class='ocrx_word' id='word_1_224' title='bbox 1925 725 2174 781; x_wconf 88' lang='lat' dir='ltr'>vinculis</span> <span class='ocrx_word' id='word_1_225' title='bbox 2204 728 2348 797; x_wconf 87' lang='lat' dir='ltr'>ejus.</span> 
     </span>
    </p>
   </div>
   <div class='ocr_carea' id='block_1_37' title="bbox 3450 407 3571 472">
    <p class='ocr_par' dir='ltr' id='par_1_37' title="bbox 3450 407 3571 472">
     <span class='ocr_line' id='line_1_37' title="bbox 3450 407 3571 472; baseline 0 -1"><span class='ocrx_word' id='word_1_226' title='bbox 3450 407 3571 472; x_wconf 78' lang='lat'>926</span> 
     </span>
    </p>
   </div>
   <div class='ocr_carea' id='block_1_38' title="bbox 1997 814 3574 885">
    <p class='ocr_par' dir='ltr' id='par_1_38' title="bbox 1997 814 3574 885">
     <span class='ocr_line' id='line_1_38' title="bbox 1997 814 3574 885; baseline 0.003 -15"><span class='ocrx_word' id='word_1_227' title='bbox 1997 814 2221 883; x_wconf 88' lang='lat' dir='ltr'>Libera,</span> <span class='ocrx_word' id='word_1_228' title='bbox 2246 816 2511 883; x_wconf 91' lang='lat' dir='ltr'>Domine,</span> <span class='ocrx_word' id='word_1_229' title='bbox 2535 817 2794 873; x_wconf 91' lang='lat' dir='ltr'>animam</span> <span class='ocrx_word' id='word_1_230' title='bbox 2827 817 2976 873; x_wconf 89' lang='lat' dir='ltr'>servi</span> <span class='ocrx_word' id='word_1_231' title='bbox 2998 814 3105 885; x_wconf 88' lang='lat' dir='ltr'>tui,</span> <span class='ocrx_word' id='word_1_232' title='bbox 3131 819 3284 875; x_wconf 88' lang='lat' dir='ltr'>sicut</span> <span class='ocrx_word' id='word_1_233' title='bbox 3311 819 3574 876; x_wconf 86' lang='lat' dir='ltr'>liberasti</span> 
     </span>
    </p>
   </div>
   <div class='ocr_carea' id='block_1_39' title="bbox 1926 904 3576 978">
    <p class='ocr_par' dir='ltr' id='par_1_39' title="bbox 1926 904 3576 978">
     <span class='ocr_line' id='line_1_39' title="bbox 1926 904 3576 978; baseline 0.004 -21"><span class='ocrx_word' id='word_1_234' title='bbox 1926 905 2045 959; x_wconf 90' lang='lat' dir='ltr'>tres</span> <span class='ocrx_word' id='word_1_235' title='bbox 2075 920 2284 975; x_wconf 89' lang='lat' dir='ltr'>pueros</span> <span class='ocrx_word' id='word_1_236' title='bbox 2317 904 2387 958; x_wconf 91' lang='lat' dir='ltr'>de</span> <span class='ocrx_word' id='word_1_237' title='bbox 2418 904 2650 960; x_wconf 89' lang='lat' dir='ltr'>camino</span> <span class='ocrx_word' id='word_1_238' title='bbox 2676 905 2828 978; x_wconf 87' lang='lat' dir='ltr'>ignis</span> <span class='ocrx_word' id='word_1_239' title='bbox 2856 907 3113 962; x_wconf 86' lang='lat' dir='ltr'>ardentis</span> <span class='ocrx_word' id='word_1_240' title='bbox 3134 910 3189 962; x_wconf 90' lang='lat' dir='ltr'>et</span> <span class='ocrx_word' id='word_1_241' title='bbox 3209 908 3279 963; x_wconf 88' lang='lat' dir='ltr'>de</span> <span class='ocrx_word' id='word_1_242' title='bbox 3302 909 3576 965; x_wconf 88' lang='lat' dir='ltr'>manibus</span> 
     </span>
    </p>
   </div>
   <div class='ocr_carea' id='block_1_40' title="bbox 1930 1008 2321 1065">
    <p class='ocr_par' dir='ltr' id='par_1_40' title="bbox 1930 1008 2321 1065">
     <span class='ocr_line' id='line_1_40' title="bbox 1930 1008 2321 1065; baseline 0.003 -19"><span class='ocrx_word' id='word_1_243' title='bbox 1930 1009 2112 1065; x_wconf 77' lang='lat' dir='ltr'>iniqui</span> <span class='ocrx_word' id='word_1_244' title='bbox 2147 1008 2321 1065; x_wconf 78' lang='lat' dir='ltr'>regis.</span> 
     </span>
    </p>
   </div>
   <div class='ocr_carea' id='block_1_41' title="bbox 1999 1081 3579 1152">
    <p class='ocr_par' dir='ltr' id='par_1_41' title="bbox 1999 1081 3579 1152">
     <span class='ocr_line' id='line_1_41' title="bbox 1999 1081 3579 1152; baseline 0.006 -17"><span class='ocrx_word' id='word_1_245' title='bbox 1999 1081 2225 1150; x_wconf 89' lang='lat' dir='ltr'>Libera,</span> <span class='ocrx_word' id='word_1_246' title='bbox 2251 1082 2516 1149; x_wconf 87' lang='lat' dir='ltr'>Domine,</span> <span class='ocrx_word' id='word_1_247' title='bbox 2540 1083 2796 1140; x_wconf 89' lang='lat' dir='ltr'>animam</span> <span class='ocrx_word' id='word_1_248' title='bbox 2822 1085 2969 1140; x_wconf 86' lang='lat' dir='ltr'>servi</span> <span class='ocrx_word' id='word_1_249' title='bbox 3004 1085 3112 1152; x_wconf 90' lang='lat' dir='ltr'>tui,</span> <span class='ocrx_word' id='word_1_250' title='bbox 3136 1085 3290 1143; x_wconf 90' lang='lat' dir='ltr'>sicut</span> <span class='ocrx_word' id='word_1_251' title='bbox 3317 1086 3579 1144; x_wconf 89' lang='lat' dir='ltr'>liberasti</span> 
     </span>
    </p>
   </div>
   <div class='ocr_carea' id='block_1_42' title="bbox 1929 1170 2839 1229">
    <p class='ocr_par' dir='ltr' id='par_1_42' title="bbox 1929 1170 2839 1229">
     <span class='ocr_line' id='line_1_42' title="bbox 1929 1170 2839 1229; baseline 0.001 -3"><span class='ocrx_word' id='word_1_252' title='bbox 1929 1171 2260 1226; x_wconf 89' lang='lat' dir='ltr'>Suzannam</span> <span class='ocrx_word' id='word_1_253' title='bbox 2293 1170 2363 1226; x_wconf 89' lang='lat' dir='ltr'>de</span> <span class='ocrx_word' id='word_1_254' title='bbox 2399 1170 2543 1227; x_wconf 82' lang='lat' dir='ltr'>falso</span> <span class='ocrx_word' id='word_1_255' title='bbox 2574 1171 2839 1229; x_wconf 89' lang='lat' dir='ltr'>crimine.</span> 
     </span>
    </p>
   </div>
   <div class='ocr_carea' id='block_1_43' title="bbox 2000 1259 3578 1330">
    <p class='ocr_par' dir='ltr' id='par_1_43' title="bbox 2000 1259 3578 1330">
     <span class='ocr_line' id='line_1_43' title="bbox 2000 1259 3578 1330; baseline 0.004 -16"><span class='ocrx_word' id='word_1_256' title='bbox 2000 1259 2221 1327; x_wconf 87' lang='lat' dir='ltr'>Libera,</span> <span class='ocrx_word' id='word_1_257' title='bbox 2250 1260 2509 1326; x_wconf 87' lang='lat' dir='ltr'>Domine,</span> <span class='ocrx_word' id='word_1_258' title='bbox 2535 1260 2792 1315; x_wconf 89' lang='lat' dir='ltr'>animam</span> <span class='ocrx_word' id='word_1_259' title='bbox 2822 1261 2970 1317; x_wconf 90' lang='lat' dir='ltr'>servi</span> <span class='ocrx_word' id='word_1_260' title='bbox 3002 1262 3107 1330; x_wconf 90' lang='lat' dir='ltr'>tui,</span> <span class='ocrx_word' id='word_1_261' title='bbox 3135 1262 3288 1320; x_wconf 90' lang='lat' dir='ltr'>sicut</span> <span class='ocrx_word' id='word_1_262' title='bbox 3316 1262 3578 1322; x_wconf 88' lang='lat' dir='ltr'>liberasti</span> 
     </span>
    </p>
   </div>
   <div class='ocr_carea' id='block_1_44' title="bbox 1930 1348 3581 1422">
    <p class='ocr_par' dir='ltr' id='par_1_44' title="bbox 1930 1348 3581 1422">
     <span class='ocr_line' id='line_1_44' title="bbox 1930 1348 3581 1422; baseline 0.005 -18"><span class='ocrx_word' id='word_1_263' title='bbox 1930 1348 2255 1404; x_wconf 89' lang='lat' dir='ltr'>humanum</span> <span class='ocrx_word' id='word_1_264' title='bbox 2282 1366 2468 1421; x_wconf 87' lang='lat' dir='ltr'>genus</span> <span class='ocrx_word' id='word_1_265' title='bbox 2495 1366 2597 1422; x_wconf 90' lang='lat' dir='ltr'>per</span> <span class='ocrx_word' id='word_1_266' title='bbox 2620 1350 2950 1422; x_wconf 85' lang='lat' dir='ltr'>passionem</span> <span class='ocrx_word' id='word_1_267' title='bbox 2974 1352 3204 1408; x_wconf 90' lang='lat' dir='ltr'>Domini</span> <span class='ocrx_word' id='word_1_268' title='bbox 3237 1354 3421 1410; x_wconf 89' lang='lat' dir='ltr'>nostri</span> <span class='ocrx_word' id='word_1_269' title='bbox 3441 1355 3581 1412; x_wconf 85' lang='lat' dir='ltr'>Jesu</span> 
     </span>
    </p>
   </div>
   <div class='ocr_carea' id='block_1_45' title="bbox 1932 1437 2170 1493">
    <p class='ocr_par' dir='ltr' id='par_1_45' title="bbox 1932 1437 2170 1493">
     <span class='ocr_line' id='line_1_45' title="bbox 1932 1437 2170 1493; baseline -0.008 0"><span class='ocrx_word' id='word_1_270' title='bbox 1932 1437 2170 1493; x_wconf 88' lang='lat' dir='ltr'>Christi.</span> 
     </span>
    </p>
   </div>
   <div class='ocr_carea' id='block_1_46' title="bbox 2006 1524 3581 1601">
    <p class='ocr_par' dir='ltr' id='par_1_46' title="bbox 2006 1524 3581 1601">
     <span class='ocr_line' id='line_1_46' title="bbox 2006 1524 3581 1601; baseline 0.006 -20"><span class='ocrx_word' id='word_1_271' title='bbox 2006 1527 2224 1593; x_wconf 86' lang='lat' dir='ltr'>Libera,</span> <span class='ocrx_word' id='word_1_272' title='bbox 2258 1526 2517 1594; x_wconf 89' lang='lat' dir='ltr'>Domine,</span> <span class='ocrx_word' id='word_1_273' title='bbox 2552 1524 2807 1583; x_wconf 84' lang='lat' dir='ltr'>animam</span> <span class='ocrx_word' id='word_1_274' title='bbox 2858 1529 3062 1585; x_wconf 79' lang='lat' dir='ltr'>famuli</span> <span class='ocrx_word' id='word_1_275' title='bbox 3114 1532 3219 1601; x_wconf 90' lang='lat' dir='ltr'>tui,</span> <span class='ocrx_word' id='word_1_276' title='bbox 3254 1533 3408 1590; x_wconf 89' lang='lat' dir='ltr'>sicut</span> <span class='ocrx_word' id='word_1_277' title='bbox 3437 1534 3581 1591; x_wconf 89' lang='lat' dir='ltr'>libe-</span> 
     </span>
    </p>
   </div>
   <div class='ocr_carea' id='block_1_47' title="bbox 1936 1615 3188 1676">
    <p class='ocr_par' dir='ltr' id='par_1_47' title="bbox 1936 1615 3188 1676">
     <span class='ocr_line' id='line_1_47' title="bbox 1936 1615 3188 1676; baseline 0.004 -5"><span class='ocrx_word' id='word_1_278' title='bbox 1936 1615 2077 1671; x_wconf 90' lang='lat' dir='ltr'>rasti</span> <span class='ocrx_word' id='word_1_279' title='bbox 2107 1616 2341 1670; x_wconf 86' lang='lat' dir='ltr'>Petrum</span> <span class='ocrx_word' id='word_1_280' title='bbox 2374 1620 2430 1671; x_wconf 90' lang='lat' dir='ltr'>et</span> <span class='ocrx_word' id='word_1_281' title='bbox 2459 1616 2705 1672; x_wconf 88' lang='lat' dir='ltr'>Paulum</span> <span class='ocrx_word' id='word_1_282' title='bbox 2737 1617 2808 1673; x_wconf 92' lang='lat' dir='ltr'>de</span> <span class='ocrx_word' id='word_1_283' title='bbox 2838 1619 3188 1676; x_wconf 87' lang='lat' dir='ltr'>carceribus.</span> 
     </span>
    </p>
   </div>
   <div class='ocr_carea' id='block_1_48' title="bbox 2004 1704 3585 1778">
    <p class='ocr_par' dir='ltr' id='par_1_48' title="bbox 2004 1704 3585 1778">
     <span class='ocr_line' id='line_1_48' title="bbox 2004 1704 3585 1778; baseline 0.006 -19"><span class='ocrx_word' id='word_1_284' title='bbox 2004 1704 2229 1771; x_wconf 90' lang='lat' dir='ltr'>Libera,</span> <span class='ocrx_word' id='word_1_285' title='bbox 2261 1704 2499 1761; x_wconf 88' lang='lat' dir='ltr'>Domine</span> <span class='ocrx_word' id='word_1_286' title='bbox 2530 1706 2789 1762; x_wconf 89' lang='lat' dir='ltr'>animam</span> <span class='ocrx_word' id='word_1_287' title='bbox 2821 1708 2971 1763; x_wconf 90' lang='lat' dir='ltr'>servi</span> <span class='ocrx_word' id='word_1_288' title='bbox 3002 1711 3107 1778; x_wconf 89' lang='lat' dir='ltr'>tui,</span> <span class='ocrx_word' id='word_1_289' title='bbox 3143 1710 3294 1766; x_wconf 88' lang='lat' dir='ltr'>sicut</span> <span class='ocrx_word' id='word_1_290' title='bbox 3323 1711 3585 1771; x_wconf 88' lang='lat' dir='ltr'>liberasti</span> 
     </span>
    </p>
   </div>
   <div class='ocr_carea' id='block_1_49' title="bbox 1935 1781 2990 1867">
    <p class='ocr_par' dir='ltr' id='par_1_49' title="bbox 1935 1781 2990 1867">
     <span class='ocr_line' id='line_1_49' title="bbox 1935 1781 2990 1867; baseline 0.002 -20"><span class='ocrx_word' id='word_1_291' title='bbox 1935 1792 2209 1848; x_wconf 89' lang='lat' dir='ltr'>Theclam</span> <span class='ocrx_word' id='word_1_292' title='bbox 2247 1794 2317 1848; x_wconf 92' lang='lat' dir='ltr'>de</span> <span class='ocrx_word' id='word_1_293' title='bbox 2350 1794 2539 1849; x_wconf 90' lang='lat' dir='ltr'>medio</span> <span class='ocrx_word' id='word_1_294' title='bbox 2571 1795 2921 1867; x_wconf 90' lang='lat' dir='ltr'>spectaculo.</span> <span class='ocrx_word' id='word_1_295' title='bbox 2986 1781 2990 1785; x_wconf 60' lang='grc'><strong>’</strong></span> 
     </span>
    </p>
   </div>
   <div class='ocr_carea' id='block_1_50' title="bbox 1857 1882 3588 1980">
    <p class='ocr_par' dir='ltr' id='par_1_50' title="bbox 1857 1882 3588 1980">
     <span class='ocr_line' id='line_1_50' title="bbox 1857 1882 3588 1980; baseline 0.006 -44"><span class='ocrx_word' id='word_1_296' title='bbox 1857 1914 1907 1980; x_wconf 82' lang='grc' dir='ltr'><strong>Β</strong></span> <span class='ocrx_word' id='word_1_297' title='bbox 2006 1883 2099 1938; x_wconf 91' lang='lat' dir='ltr'>Sic</span> <span class='ocrx_word' id='word_1_298' title='bbox 2139 1882 2384 1938; x_wconf 90' lang='lat' dir='ltr'>liberare</span> <span class='ocrx_word' id='word_1_299' title='bbox 2414 1883 2692 1955; x_wconf 88' lang='lat' dir='ltr'>digneris,</span> <span class='ocrx_word' id='word_1_300' title='bbox 2726 1883 2992 1951; x_wconf 89' lang='lat' dir='ltr'>Domine,</span> <span class='ocrx_word' id='word_1_301' title='bbox 3029 1887 3285 1943; x_wconf 88' lang='lat' dir='ltr'>animam</span> <span class='ocrx_word' id='word_1_302' title='bbox 3328 1888 3588 1947; x_wconf 89' lang='lat' dir='ltr'>hominis</span> 
     </span>
    </p>
   </div>
   <div class='ocr_carea' id='block_1_51' title="bbox 1939 1971 3585 2043">
    <p class='ocr_par' dir='ltr' id='par_1_51' title="bbox 1939 1971 3585 2043">
     <span class='ocr_line' id='line_1_51' title="bbox 1939 1971 3585 2043; baseline 0.007 -18"><span class='ocrx_word' id='word_1_303' title='bbox 1939 1971 2132 2043; x_wconf 87' lang='lat' dir='ltr'>istius,</span> <span class='ocrx_word' id='word_1_304' title='bbox 2154 1975 2210 2027; x_wconf 89' lang='lat' dir='ltr'>et</span> <span class='ocrx_word' id='word_1_305' title='bbox 2238 1975 2433 2028; x_wconf 86' lang='lat' dir='ltr'>tecum</span> <span class='ocrx_word' id='word_1_306' title='bbox 2466 1972 2728 2028; x_wconf 88' lang='lat' dir='ltr'>habitare</span> <span class='ocrx_word' id='word_1_307' title='bbox 2780 1973 2836 2028; x_wconf 87' lang='lat' dir='ltr'>in</span> <span class='ocrx_word' id='word_1_308' title='bbox 2887 1974 3056 2031; x_wconf 90' lang='lat' dir='ltr'>bonis</span> <span class='ocrx_word' id='word_1_309' title='bbox 3086 1976 3419 2037; x_wconf 86' lang='lat' dir='ltr'>coelestibus</span> <span class='ocrx_word' id='word_1_310' title='bbox 3450 1997 3585 2036; x_wconf 86' lang='lat' dir='ltr'>con-</span> 
     </span>
    </p>
   </div>
   <div class='ocr_carea' id='block_1_52' title="bbox 1938 2061 2256 2117">
    <p class='ocr_par' dir='ltr' id='par_1_52' title="bbox 1938 2061 2256 2117">
     <span class='ocr_line' id='line_1_52' title="bbox 1938 2061 2256 2117; baseline -0.006 0"><span class='ocrx_word' id='word_1_311' title='bbox 1938 2061 2098 2117; x_wconf 88' lang='lat' dir='ltr'>cede.</span> <span class='ocrx_word' id='word_1_312' title='bbox 2130 2061 2256 2116; x_wconf 89' lang='lat' dir='ltr'>Per.</span> 
     </span>
    </p>
   </div>
   <div class='ocr_carea' id='block_1_53' title="bbox 2013 2150 3589 2221">
    <p class='ocr_par' dir='ltr' id='par_1_53' title="bbox 2013 2150 3589 2221">
     <span class='ocr_line' id='line_1_53' title="bbox 2013 2150 3589 2221; baseline 0.006 -15"><span class='ocrx_word' id='word_1_313' title='bbox 2013 2151 2218 2206; x_wconf 82' lang='lat' dir='ltr'>Oratio.</span> <span class='ocrx_word' id='word_1_314' title='bbox 2253 2150 2350 2205; x_wconf 90' lang='lat' dir='ltr'>Pio</span> <span class='ocrx_word' id='word_1_315' title='bbox 2382 2151 2799 2208; x_wconf 89' lang='lat' dir='ltr'>recordationis</span> <span class='ocrx_word' id='word_1_316' title='bbox 2849 2154 3079 2221; x_wconf 78' lang='lat' dir='ltr'>affectu,</span> <span class='ocrx_word' id='word_1_317' title='bbox 3113 2156 3322 2213; x_wconf 86' lang='lat' dir='ltr'>fratres</span> <span class='ocrx_word' id='word_1_318' title='bbox 3367 2159 3589 2216; x_wconf 86' lang='lat' dir='ltr'>charis-</span> 
     </span>
    </p>
   </div>
   <div class='ocr_carea' id='block_1_54' title="bbox 1942 2239 3589 2318">
    <p class='ocr_par' dir='ltr' id='par_1_54' title="bbox 1942 2239 3589 2318">
     <span class='ocr_line' id='line_1_54' title="bbox 1942 2239 3589 2318; baseline 0.006 -23"><span class='ocrx_word' id='word_1_319' title='bbox 1942 2239 2110 2307; x_wconf 90' lang='lat' dir='ltr'>simi,</span> <span class='ocrx_word' id='word_1_320' title='bbox 2169 2239 2785 2297; x_wconf 89' lang='lat' dir='ltr'>commemorationem</span> <span class='ocrx_word' id='word_1_321' title='bbox 2854 2243 3101 2301; x_wconf 81' lang='lat' dir='ltr'>facimus</span> <span class='ocrx_word' id='word_1_322' title='bbox 3158 2246 3319 2303; x_wconf 89' lang='lat' dir='ltr'>chari</span> <span class='ocrx_word' id='word_1_323' title='bbox 3380 2249 3589 2318; x_wconf 90' lang='lat' dir='ltr'>nostri,</span> 
     </span>
    </p>
   </div>
   <div class='ocr_carea' id='block_1_55' title="bbox 1943 2328 3589 2408">
    <p class='ocr_par' dir='ltr' id='par_1_55' title="bbox 1943 2328 3589 2408">
     <span class='ocr_line' id='line_1_55' title="bbox 1943 2328 3589 2408; baseline 0.007 -26"><span class='ocrx_word' id='word_1_324' title='bbox 1943 2345 2115 2401; x_wconf 87' lang='lat' dir='ltr'>quem</span> <span class='ocrx_word' id='word_1_325' title='bbox 2154 2329 2432 2384; x_wconf 90' lang='lat' dir='ltr'>Dominus</span> <span class='ocrx_word' id='word_1_326' title='bbox 2461 2329 2530 2384; x_wconf 92' lang='lat' dir='ltr'>de</span> <span class='ocrx_word' id='word_1_327' title='bbox 2563 2328 2770 2402; x_wconf 83' lang='lat' dir='ltr'>laqueo</span> <span class='ocrx_word' id='word_1_328' title='bbox 2805 2332 3120 2389; x_wconf 87' lang='lat' dir='ltr'>tentatione</span> <span class='ocrx_word' id='word_1_329' title='bbox 3166 2334 3345 2408; x_wconf 87' lang='lat' dir='ltr'>hujus</span> <span class='ocrx_word' id='word_1_330' title='bbox 3395 2338 3589 2394; x_wconf 66' lang='lat' dir='ltr'>sazculi</span> 
     </span>
    </p>
   </div>
   <div class='ocr_carea' id='block_1_56' title="bbox 1945 2418 3589 2494">
    <p class='ocr_par' dir='ltr' id='par_1_56' title="bbox 1945 2418 3589 2494">
     <span class='ocr_line' id='line_1_56' title="bbox 1945 2418 3589 2494; baseline 0.007 -22"><span class='ocrx_word' id='word_1_331' title='bbox 1945 2418 2287 2489; x_wconf 87' lang='lat' dir='ltr'>assumpsit,</span> <span class='ocrx_word' id='word_1_332' title='bbox 2321 2418 2692 2475; x_wconf 87' lang='lat' dir='ltr'>obsecrantes</span> <span class='ocrx_word' id='word_1_333' title='bbox 2742 2420 3200 2479; x_wconf 90' lang='lat' dir='ltr'>misericordiam</span> <span class='ocrx_word' id='word_1_334' title='bbox 3243 2424 3338 2480; x_wconf 90' lang='lat' dir='ltr'>Dei</span> <span class='ocrx_word' id='word_1_335' title='bbox 3383 2428 3589 2494; x_wconf 89' lang='lat' dir='ltr'>nostri,</span> 
     </span>
    </p>
   </div>
   <div class='ocr_carea' id='block_1_57' title="bbox 1948 2506 3592 2588">
    <p class='ocr_par' dir='ltr' id='par_1_57' title="bbox 1948 2506 3592 2588">
     <span class='ocr_line' id='line_1_57' title="bbox 1948 2506 3592 2588; baseline 0.008 -28"><span class='ocrx_word' id='word_1_336' title='bbox 1948 2511 2011 2561; x_wconf 89' lang='lat' dir='ltr'>ut</span> <span class='ocrx_word' id='word_1_337' title='bbox 2040 2506 2163 2578; x_wconf 90' lang='lat' dir='ltr'>ipse</span> <span class='ocrx_word' id='word_1_338' title='bbox 2200 2506 2248 2562; x_wconf 90' lang='lat' dir='ltr'>ei</span> <span class='ocrx_word' id='word_1_339' title='bbox 2296 2506 2550 2563; x_wconf 91' lang='lat' dir='ltr'>tribuere</span> <span class='ocrx_word' id='word_1_340' title='bbox 2582 2507 2857 2581; x_wconf 88' lang='lat' dir='ltr'>dignetur</span> <span class='ocrx_word' id='word_1_341' title='bbox 2904 2510 3178 2582; x_wconf 89' lang='lat' dir='ltr'>placitam</span> <span class='ocrx_word' id='word_1_342' title='bbox 3230 2518 3287 2570; x_wconf 90' lang='lat' dir='ltr'>et</span> <span class='ocrx_word' id='word_1_343' title='bbox 3334 2516 3592 2588; x_wconf 87' lang='lat' dir='ltr'>quietam</span> 
     </span>
    </p>
   </div>
   <div class='ocr_carea' id='block_1_58' title="bbox 1946 2595 3593 2662">
    <p class='ocr_par' dir='ltr' id='par_1_58' title="bbox 1946 2595 3593 2662">
     <span class='ocr_line' id='line_1_58' title="bbox 1946 2595 3593 2662; baseline 0.007 -12"><span class='ocrx_word' id='word_1_344' title='bbox 1946 2595 2312 2650; x_wconf 89' lang='lat' dir='ltr'>mansionem</span> <span class='ocrx_word' id='word_1_345' title='bbox 2346 2599 2402 2650; x_wconf 88' lang='lat' dir='ltr'>et</span> <span class='ocrx_word' id='word_1_346' title='bbox 2431 2596 2688 2652; x_wconf 90' lang='lat' dir='ltr'>remittat</span> <span class='ocrx_word' id='word_1_347' title='bbox 2731 2615 2934 2655; x_wconf 89' lang='lat' dir='ltr'>omnes</span> <span class='ocrx_word' id='word_1_348' title='bbox 2983 2600 3216 2657; x_wconf 66' lang='lat' dir='ltr'>lubrica:</span> <span class='ocrx_word' id='word_1_349' title='bbox 3248 2606 3593 2662; x_wconf 87' lang='lat' dir='ltr'>temeritatis</span> 
     </span>
    </p>
   </div>
   <div class='ocr_carea' id='block_1_59' title="bbox 1946 2685 3595 2768">
    <p class='ocr_par' dir='ltr' id='par_1_59' title="bbox 1946 2685 3595 2768">
     <span class='ocr_line' id='line_1_59' title="bbox 1946 2685 3595 2768; baseline 0.007 -29"><span class='ocrx_word' id='word_1_350' title='bbox 1946 2685 2218 2749; x_wconf 73' lang='lat' dir='ltr'>offensas,</span> <span class='ocrx_word' id='word_1_351' title='bbox 2233 2688 2319 2749; x_wconf 89' lang='lat' dir='ltr'>ut,</span> <span class='ocrx_word' id='word_1_352' title='bbox 2338 2700 2614 2741; x_wconf 89' lang='lat' dir='ltr'>concessa</span> <span class='ocrx_word' id='word_1_353' title='bbox 2635 2686 2799 2742; x_wconf 90' lang='lat' dir='ltr'>venia</span> <span class='ocrx_word' id='word_1_354' title='bbox 2818 2687 3001 2759; x_wconf 81' lang='lat' dir='ltr'>plenae</span> <span class='ocrx_word' id='word_1_355' title='bbox 3023 2688 3595 2768; x_wconf 65' lang='lat' dir='ltr'>indulgentie,quid—</span> 
     </span>
    </p>
   </div>
   <div class='ocr_carea' id='block_1_60' title="bbox 1950 2772 3593 2852">
    <p class='ocr_par' dir='ltr' id='par_1_60' title="bbox 1950 2772 3593 2852">
     <span class='ocr_line' id='line_1_60' title="bbox 1950 2772 3593 2852; baseline 0.008 -26"><span class='ocrx_word' id='word_1_356' title='bbox 1950 2773 2090 2845; x_wconf 91' lang='lat' dir='ltr'>quid</span> <span class='ocrx_word' id='word_1_357' title='bbox 2122 2773 2182 2827; x_wconf 90' lang='lat' dir='ltr'>in</span> <span class='ocrx_word' id='word_1_358' title='bbox 2215 2772 2324 2828; x_wconf 92' lang='lat' dir='ltr'>hoc</span> <span class='ocrx_word' id='word_1_359' title='bbox 2362 2773 2571 2829; x_wconf 83' lang='lat' dir='ltr'>saeculo</span> <span class='ocrx_word' id='word_1_360' title='bbox 2616 2775 2849 2847; x_wconf 88' lang='lat' dir='ltr'>proprio</span> <span class='ocrx_word' id='word_1_361' title='bbox 2897 2783 3060 2833; x_wconf 86' lang='lat' dir='ltr'>reatu</span> <span class='ocrx_word' id='word_1_362' title='bbox 3108 2779 3371 2852; x_wconf 89' lang='lat' dir='ltr'>deliquit,</span> <span class='ocrx_word' id='word_1_363' title='bbox 3404 2787 3593 2839; x_wconf 90' lang='lat' dir='ltr'>totum</span> 
     </span>
    </p>
   </div>
   <div class='ocr_carea' id='block_1_61' title="bbox 1950 2860 3596 2936">
    <p class='ocr_par' dir='ltr' id='par_1_61' title="bbox 1950 2860 3596 2936">
     <span class='ocr_line' id='line_1_61' title="bbox 1950 2860 3596 2936; baseline 0.008 -20"><span class='ocrx_word' id='word_1_364' title='bbox 1950 2860 2225 2917; x_wconf 78' lang='lat' dir='ltr'>ineffabili</span> <span class='ocrx_word' id='word_1_365' title='bbox 2260 2862 2469 2934; x_wconf 87' lang='lat' dir='ltr'>pietate</span> <span class='ocrx_word' id='word_1_366' title='bbox 2490 2879 2554 2917; x_wconf 83' lang='lat' dir='ltr'>ac</span> <span class='ocrx_word' id='word_1_367' title='bbox 2584 2862 2942 2936; x_wconf 88' lang='lat' dir='ltr'>benignitate</span> <span class='ocrx_word' id='word_1_368' title='bbox 2964 2883 3073 2923; x_wconf 88' lang='lat' dir='ltr'>sua</span> <span class='ocrx_word' id='word_1_369' title='bbox 3093 2866 3282 2925; x_wconf 87' lang='lat' dir='ltr'>deleat</span> <span class='ocrx_word' id='word_1_370' title='bbox 3303 2874 3359 2925; x_wconf 87' lang='lat' dir='ltr'>et</span> <span class='ocrx_word' id='word_1_371' title='bbox 3379 2873 3596 2929; x_wconf 87' lang='lat' dir='ltr'>abster-</span> 
     </span>
    </p>
   </div>
   <div class='ocr_carea' id='block_1_62' title="bbox 1950 2950 3599 3029">
    <p class='ocr_par' dir='ltr' id='par_1_62' title="bbox 1950 2950 3599 3029">
     <span class='ocr_line' id='line_1_62' title="bbox 1950 2950 3599 3029; baseline 0.008 -25"><span class='ocrx_word' id='word_1_372' title='bbox 1950 2954 2066 3024; x_wconf 89' lang='lat' dir='ltr'>gat.</span> <span class='ocrx_word' id='word_1_373' title='bbox 2100 2951 2262 3016; x_wconf 91' lang='lat' dir='ltr'>Quod</span> <span class='ocrx_word' id='word_1_374' title='bbox 2293 2950 2417 3023; x_wconf 90' lang='lat' dir='ltr'>ipse</span> <span class='ocrx_word' id='word_1_375' title='bbox 2447 2956 2724 3023; x_wconf 70' lang='lat' dir='ltr'>praestare</span> <span class='ocrx_word' id='word_1_376' title='bbox 2753 2954 3046 3027; x_wconf 90' lang='lat' dir='ltr'>dignetur,</span> <span class='ocrx_word' id='word_1_377' title='bbox 3071 2957 3169 3029; x_wconf 90' lang='lat' dir='ltr'>qui</span> <span class='ocrx_word' id='word_1_378' title='bbox 3200 2974 3333 3015; x_wconf 91' lang='lat' dir='ltr'>cum</span> <span class='ocrx_word' id='word_1_379' title='bbox 3355 2961 3525 3018; x_wconf 89' lang='lat' dir='ltr'>Patre</span> <span class='ocrx_word' id='word_1_380' title='bbox 3542 2966 3599 3018; x_wconf 87' lang='lat' dir='ltr'>et</span> 
     </span>
    </p>
   </div>
   <div class='ocr_carea' id='block_1_63' title="bbox 1949 3039 2903 3114">
    <p class='ocr_par' dir='ltr' id='par_1_63' title="bbox 1949 3039 2903 3114">
     <span class='ocr_line' id='line_1_63' title="bbox 1949 3039 2903 3114; baseline 0.001 -19"><span class='ocrx_word' id='word_1_381' title='bbox 1949 3039 2166 3112; x_wconf 90' lang='lat' dir='ltr'>Spiritu</span> <span class='ocrx_word' id='word_1_382' title='bbox 2200 3044 2400 3096; x_wconf 90' lang='lat' dir='ltr'>sancto</span> <span class='ocrx_word' id='word_1_383' title='bbox 2428 3040 2568 3095; x_wconf 91' lang='lat' dir='ltr'>vivit</span> <span class='ocrx_word' id='word_1_384' title='bbox 2596 3045 2653 3096; x_wconf 92' lang='lat' dir='ltr'>et</span> <span class='ocrx_word' id='word_1_385' title='bbox 2682 3047 2903 3114; x_wconf 87' lang='lat' dir='ltr'>regnat.</span> 
     </span>
    </p>
   </div>
   <div class='ocr_carea' id='block_1_64' title="bbox 2024 3129 3596 3209">
    <p class='ocr_par' dir='ltr' id='par_1_64' title="bbox 2024 3129 3596 3209">
     <span class='ocr_line' id='line_1_64' title="bbox 2024 3129 3596 3209; baseline 0.004 -24"><span class='ocrx_word' id='word_1_386' title='bbox 2024 3130 2228 3185; x_wconf 82' lang='lat' dir='ltr'>Oratio.</span> <span class='ocrx_word' id='word_1_387' title='bbox 2262 3129 2438 3196; x_wconf 90' lang='lat' dir='ltr'>Deus,</span> <span class='ocrx_word' id='word_1_388' title='bbox 2469 3129 2562 3184; x_wconf 90' lang='lat' dir='ltr'>cui</span> <span class='ocrx_word' id='word_1_389' title='bbox 2610 3130 2807 3185; x_wconf 91' lang='lat' dir='ltr'>omnia</span> <span class='ocrx_word' id='word_1_390' title='bbox 2854 3131 3073 3202; x_wconf 88' lang='lat' dir='ltr'>vivunt,</span> <span class='ocrx_word' id='word_1_391' title='bbox 3104 3137 3161 3189; x_wconf 89' lang='lat' dir='ltr'>et</span> <span class='ocrx_word' id='word_1_392' title='bbox 3191 3134 3285 3189; x_wconf 90' lang='lat' dir='ltr'>cui</span> <span class='ocrx_word' id='word_1_393' title='bbox 3337 3152 3452 3190; x_wconf 91' lang='lat' dir='ltr'>non</span> <span class='ocrx_word' id='word_1_394' title='bbox 3499 3153 3596 3209; x_wconf 85' lang='lat' dir='ltr'>pe-</span> 
     </span>
    </p>
   </div>
   <div class='ocr_carea' id='block_1_65' title="bbox 1954 3219 3600 3294">
    <p class='ocr_par' dir='ltr' id='par_1_65' title="bbox 1954 3219 3600 3294">
     <span class='ocr_line' id='line_1_65' title="bbox 1954 3219 3600 3294; baseline 0.005 -21"><span class='ocrx_word' id='word_1_395' title='bbox 1954 3223 2141 3284; x_wconf 88' lang='lat' dir='ltr'>reunt,</span> <span class='ocrx_word' id='word_1_396' title='bbox 2173 3234 2416 3288; x_wconf 89' lang='lat' dir='ltr'>corpora</span> <span class='ocrx_word' id='word_1_397' title='bbox 2443 3221 2661 3285; x_wconf 89' lang='lat' dir='ltr'>nostra,</span> <span class='ocrx_word' id='word_1_398' title='bbox 2684 3219 2786 3274; x_wconf 91' lang='lat' dir='ltr'>sed</span> <span class='ocrx_word' id='word_1_399' title='bbox 2817 3223 3123 3276; x_wconf 89' lang='lat' dir='ltr'>mutantur</span> <span class='ocrx_word' id='word_1_400' title='bbox 3170 3222 3229 3276; x_wconf 90' lang='lat' dir='ltr'>in</span> <span class='ocrx_word' id='word_1_401' title='bbox 3280 3224 3511 3294; x_wconf 91' lang='lat' dir='ltr'>melius,</span> <span class='ocrx_word' id='word_1_402' title='bbox 3543 3230 3600 3282; x_wconf 90' lang='lat' dir='ltr'>te</span> 
     </span>
    </p>
   </div>
   <div class='ocr_carea' id='block_1_66' title="bbox 261 3281 3599 3386">
    <p class='ocr_par' dir='ltr' id='par_1_66' title="bbox 261 3281 3599 3386">
     <span class='ocr_line' id='line_1_66' title="bbox 261 3281 3599 3386; baseline 0.001 -22"><span class='ocrx_word' id='word_1_403' title='bbox 261 3308 557 3382; x_wconf 89' lang='lat' dir='ltr'>Suscipiat</span> <span class='ocrx_word' id='word_1_404' title='bbox 580 3314 637 3366; x_wconf 89' lang='lat' dir='ltr'>te</span> <span class='ocrx_word' id='word_1_405' title='bbox 659 3315 898 3367; x_wconf 89' lang='lat' dir='ltr'>sanctus</span> <span class='ocrx_word' id='word_1_406' title='bbox 920 3311 1167 3368; x_wconf 90' lang='lat' dir='ltr'>Michael</span> <span class='ocrx_word' id='word_1_407' title='bbox 1189 3313 1701 3386; x_wconf 90' lang='lat' dir='ltr'>archangelus,qui</span> <span class='ocrx_word' id='word_1_408' title='bbox 1736 3315 1841 3369; x_wconf 87' lang='lat' dir='ltr'>mi-</span> <span class='ocrx_word' id='word_1_409' title='bbox 1872 3281 1915 3349; x_wconf 78' lang='lat' dir='ltr'>C</span> <span class='ocrx_word' id='word_1_410' title='bbox 1955 3281 2245 3379; x_wconf 85' lang='lat' dir='ltr'>supplices</span> <span class='ocrx_word' id='word_1_411' title='bbox 2276 3281 2686 3378; x_wconf 73' lang='lat' dir='ltr'>deprecamur,</span> <span class='ocrx_word' id='word_1_412' title='bbox 2721 3310 2786 3362; x_wconf 91' lang='lat' dir='ltr'>ut</span> <span class='ocrx_word' id='word_1_413' title='bbox 2829 3308 3116 3364; x_wconf 86' lang='lat' dir='ltr'>famulum</span> <span class='ocrx_word' id='word_1_414' title='bbox 3164 3314 3333 3366; x_wconf 90' lang='lat' dir='ltr'>tuum</span> <span class='ocrx_word' id='word_1_415' title='bbox 3380 3281 3599 3386; x_wconf 78' lang='lat' dir='ltr'>suscipi</span> 
     </span>
    </p>
   </div>
   <div class='ocr_carea' id='block_1_67' title="bbox 188 3394 1839 3473">
    <p class='ocr_par' dir='ltr' id='par_1_67' title="bbox 188 3394 1839 3473">
     <span class='ocr_line' id='line_1_67' title="bbox 188 3394 1839 3473; baseline 0.002 -20"><span class='ocrx_word' id='word_1_416' title='bbox 188 3397 326 3453; x_wconf 72' lang='lat' dir='ltr'>litizs</span> <span class='ocrx_word' id='word_1_417' title='bbox 345 3398 597 3455; x_wconf 80' lang='lat' dir='ltr'>caelestis</span> <span class='ocrx_word' id='word_1_418' title='bbox 618 3401 835 3456; x_wconf 88' lang='lat' dir='ltr'>meruit</span> <span class='ocrx_word' id='word_1_419' title='bbox 854 3394 1634 3473; x_wconf 69' lang='lat' dir='ltr'>principatnmﬂbvienttibi</span> <span class='ocrx_word' id='word_1_420' title='bbox 1656 3404 1839 3458; x_wconf 90' lang='lat' dir='ltr'>sancti</span> 
     </span>
    </p>
   </div>
   <div class='ocr_carea' id='block_1_68' title="bbox 192 3487 1843 3569">
    <p class='ocr_par' dir='ltr' id='par_1_68' title="bbox 192 3487 1843 3569">
     <span class='ocr_line' id='line_1_68' title="bbox 192 3487 1843 3569; baseline 0.002 -26"><span class='ocrx_word' id='word_1_421' title='bbox 192 3487 384 3561; x_wconf 86' lang='lat' dir='ltr'>angeli</span> <span class='ocrx_word' id='word_1_422' title='bbox 415 3488 538 3556; x_wconf 90' lang='lat' dir='ltr'>Dei,</span> <span class='ocrx_word' id='word_1_423' title='bbox 566 3493 623 3545; x_wconf 88' lang='lat' dir='ltr'>et</span> <span class='ocrx_word' id='word_1_424' title='bbox 653 3490 973 3561; x_wconf 88' lang='lat' dir='ltr'>perducant</span> <span class='ocrx_word' id='word_1_425' title='bbox 993 3494 1048 3544; x_wconf 91' lang='lat' dir='ltr'>te</span> <span class='ocrx_word' id='word_1_426' title='bbox 1070 3489 1129 3543; x_wconf 93' lang='lat' dir='ltr'>in</span> <span class='ocrx_word' id='word_1_427' title='bbox 1153 3490 1443 3546; x_wconf 88' lang='lat' dir='ltr'>civitatem</span> <span class='ocrx_word' id='word_1_428' title='bbox 1472 3496 1732 3569; x_wconf 87' lang='lat' dir='ltr'>sanctam</span> <span class='ocrx_word' id='word_1_429' title='bbox 1755 3493 1843 3547; x_wconf 91' lang='lat' dir='ltr'>Je-</span> 
     </span>
    </p>
   </div>
   <div class='ocr_carea' id='block_1_69' title="bbox 191 3576 1843 3650">
    <p class='ocr_par' dir='ltr' id='par_1_69' title="bbox 191 3576 1843 3650">
     <span class='ocr_line' id='line_1_69' title="bbox 191 3576 1843 3650; baseline 0.002 -19"><span class='ocrx_word' id='word_1_430' title='bbox 191 3576 470 3633; x_wconf 89' lang='lat' dir='ltr'>rusalem.</span> <span class='ocrx_word' id='word_1_431' title='bbox 495 3578 788 3650; x_wconf 88' lang='lat' dir='ltr'>Suscipiat</span> <span class='ocrx_word' id='word_1_432' title='bbox 828 3582 884 3633; x_wconf 89' lang='lat' dir='ltr'>te</span> <span class='ocrx_word' id='word_1_433' title='bbox 926 3579 1133 3634; x_wconf 86' lang='lat' dir='ltr'>beatus</span> <span class='ocrx_word' id='word_1_434' title='bbox 1165 3578 1369 3634; x_wconf 88' lang='lat' dir='ltr'>Petrus</span> <span class='ocrx_word' id='word_1_435' title='bbox 1398 3579 1717 3650; x_wconf 89' lang='lat' dir='ltr'>apostolus,</span> <span class='ocrx_word' id='word_1_436' title='bbox 1751 3581 1843 3635; x_wconf 89' lang='lat' dir='ltr'>cui</span> 
     </span>
    </p>
   </div>
   <div class='ocr_carea' id='block_1_70' title="bbox 192 3665 1844 3740">
    <p class='ocr_par' dir='ltr' id='par_1_70' title="bbox 192 3665 1844 3740">
     <span class='ocr_line' id='line_1_70' title="bbox 192 3665 1844 3740; baseline 0.002 -19"><span class='ocrx_word' id='word_1_437' title='bbox 192 3682 226 3721; x_wconf 88' lang='lat' dir='ltr'>a</span> <span class='ocrx_word' id='word_1_438' title='bbox 248 3666 364 3722; x_wconf 90' lang='lat' dir='ltr'>Deo</span> <span class='ocrx_word' id='word_1_439' title='bbox 384 3665 574 3723; x_wconf 90' lang='lat' dir='ltr'>claves</span> <span class='ocrx_word' id='word_1_440' title='bbox 596 3666 757 3740; x_wconf 87' lang='lat' dir='ltr'>regni</span> <span class='ocrx_word' id='word_1_441' title='bbox 775 3667 1050 3723; x_wconf 80' lang='lat' dir='ltr'>caelorum</span> <span class='ocrx_word' id='word_1_442' title='bbox 1086 3666 1307 3722; x_wconf 68' lang='lat' dir='ltr'>traditae</span> <span class='ocrx_word' id='word_1_443' title='bbox 1340 3671 1496 3723; x_wconf 91' lang='lat' dir='ltr'>sunt.</span> <span class='ocrx_word' id='word_1_444' title='bbox 1520 3670 1624 3740; x_wconf 86' lang='lat' dir='ltr'>Adj</span> <span class='ocrx_word' id='word_1_445' title='bbox 1636 3674 1768 3725; x_wconf 86' lang='lat' dir='ltr'>uvet</span> <span class='ocrx_word' id='word_1_446' title='bbox 1790 3674 1844 3726; x_wconf 88' lang='lat' dir='ltr'>te</span> 
     </span>
    </p>
   </div>
   <div class='ocr_carea' id='block_1_71' title="bbox 194 3755 1846 3831">
    <p class='ocr_par' dir='ltr' id='par_1_71' title="bbox 194 3755 1846 3831">
     <span class='ocr_line' id='line_1_71' title="bbox 194 3755 1846 3831; baseline 0.003 -22"><span class='ocrx_word' id='word_1_447' title='bbox 194 3759 433 3811; x_wconf 90' lang='lat' dir='ltr'>sanctus</span> <span class='ocrx_word' id='word_1_448' title='bbox 464 3755 699 3822; x_wconf 88' lang='lat' dir='ltr'>Paulus,</span> <span class='ocrx_word' id='word_1_449' title='bbox 725 3757 824 3829; x_wconf 91' lang='lat' dir='ltr'>qui</span> <span class='ocrx_word' id='word_1_450' title='bbox 873 3757 1088 3831; x_wconf 90' lang='lat' dir='ltr'>dignus</span> <span class='ocrx_word' id='word_1_451' title='bbox 1121 3756 1230 3811; x_wconf 90' lang='lat' dir='ltr'>fuit</span> <span class='ocrx_word' id='word_1_452' title='bbox 1262 3773 1388 3813; x_wconf 90' lang='lat' dir='ltr'>esse</span> <span class='ocrx_word' id='word_1_453' title='bbox 1418 3762 1518 3813; x_wconf 75' lang='lat' dir='ltr'>v&#39;as</span> <span class='ocrx_word' id='word_1_454' title='bbox 1550 3758 1846 3814; x_wconf 89' lang='lat' dir='ltr'>electionis</span> 
     </span>
    </p>
   </div>
   <div class='ocr_carea' id='block_1_72' title="bbox 194 3840 1840 3916">
    <p class='ocr_par' dir='ltr' id='par_1_72' title="bbox 194 3840 1840 3916">
     <span class='ocr_line' id='line_1_72' title="bbox 194 3840 1840 3916; baseline 0.002 -19"><span class='ocrx_word' id='word_1_455' title='bbox 194 3840 316 3897; x_wconf 89' lang='lat' dir='ltr'>Dei.</span> <span class='ocrx_word' id='word_1_456' title='bbox 341 3842 665 3898; x_wconf 89' lang='lat' dir='ltr'>lntercedat</span> <span class='ocrx_word' id='word_1_457' title='bbox 694 3861 797 3916; x_wconf 90' lang='lat' dir='ltr'>pro</span> <span class='ocrx_word' id='word_1_458' title='bbox 830 3848 883 3899; x_wconf 90' lang='lat' dir='ltr'>te</span> <span class='ocrx_word' id='word_1_459' title='bbox 914 3848 1153 3900; x_wconf 89' lang='lat' dir='ltr'>sanctus</span> <span class='ocrx_word' id='word_1_460' title='bbox 1194 3845 1449 3901; x_wconf 89' lang='lat' dir='ltr'>Joannes</span> <span class='ocrx_word' id='word_1_461' title='bbox 1496 3845 1712 3902; x_wconf 91' lang='lat' dir='ltr'>electus</span> <span class='ocrx_word' id='word_1_462' title='bbox 1743 3848 1840 3903; x_wconf 91' lang='lat' dir='ltr'>Dei</span> 
     </span>
    </p>
   </div>
   <div class='ocr_carea' id='block_1_73' title="bbox 194 3929 1847 4002">
    <p class='ocr_par' dir='ltr' id='par_1_73' title="bbox 194 3929 1847 4002">
     <span class='ocr_line' id='line_1_73' title="bbox 194 3929 1847 4002; baseline 0.004 -18"><span class='ocrx_word' id='word_1_463' title='bbox 194 3929 623 4002; x_wconf 85' lang='lat' dir='ltr'>apostolus,cui</span> <span class='ocrx_word' id='word_1_464' title='bbox 657 3932 909 3989; x_wconf 89' lang='lat' dir='ltr'>revelata</span> <span class='ocrx_word' id='word_1_465' title='bbox 948 3938 1087 3988; x_wconf 91' lang='lat' dir='ltr'>sunt</span> <span class='ocrx_word' id='word_1_466' title='bbox 1116 3939 1338 3990; x_wconf 89' lang='lat' dir='ltr'>secreta</span> <span class='ocrx_word' id='word_1_467' title='bbox 1368 3934 1643 3991; x_wconf 68' lang='lat' dir='ltr'>caelestia.</span> <span class='ocrx_word' id='word_1_468' title='bbox 1668 3936 1847 3991; x_wconf 89' lang='lat' dir='ltr'>Orent</span> 
     </span>
    </p>
   </div>
   <div class='ocr_carea' id='block_1_74' title="bbox 192 4021 1847 4096">
    <p class='ocr_par' dir='ltr' id='par_1_74' title="bbox 192 4021 1847 4096">
     <span class='ocr_line' id='line_1_74' title="bbox 192 4021 1847 4096; baseline 0.004 -23"><span class='ocrx_word' id='word_1_469' title='bbox 192 4034 300 4091; x_wconf 90' lang='lat' dir='ltr'>pro</span> <span class='ocrx_word' id='word_1_470' title='bbox 329 4022 386 4074; x_wconf 89' lang='lat' dir='ltr'>te</span> <span class='ocrx_word' id='word_1_471' title='bbox 417 4036 621 4076; x_wconf 89' lang='lat' dir='ltr'>omnes</span> <span class='ocrx_word' id='word_1_472' title='bbox 650 4022 834 4077; x_wconf 88' lang='lat' dir='ltr'>sancti</span> <span class='ocrx_word' id='word_1_473' title='bbox 867 4026 925 4078; x_wconf 87' lang='lat' dir='ltr'>et</span> <span class='ocrx_word' id='word_1_474' title='bbox 955 4021 1121 4078; x_wconf 90' lang='lat' dir='ltr'>electi</span> <span class='ocrx_word' id='word_1_475' title='bbox 1154 4023 1255 4079; x_wconf 92' lang='lat' dir='ltr'>Dei</span> <span class='ocrx_word' id='word_1_476' title='bbox 1286 4022 1553 4096; x_wconf 88' lang='lat' dir='ltr'>apostoli,</span> <span class='ocrx_word' id='word_1_477' title='bbox 1574 4025 1788 4096; x_wconf 90' lang='lat' dir='ltr'>quibus</span> <span class='ocrx_word' id='word_1_478' title='bbox 1814 4042 1847 4080; x_wconf 88' lang='lat' dir='ltr'>a</span> 
     </span>
    </p>
   </div>
   <div class='ocr_carea' id='block_1_75' title="bbox 192 4105 1843 4184">
    <p class='ocr_par' dir='ltr' id='par_1_75' title="bbox 192 4105 1843 4184">
     <span class='ocr_line' id='line_1_75' title="bbox 192 4105 1843 4184; baseline 0.003 -22"><span class='ocrx_word' id='word_1_479' title='bbox 192 4105 440 4163; x_wconf 87' lang='lat' dir='ltr'>Domino</span> <span class='ocrx_word' id='word_1_480' title='bbox 481 4110 618 4164; x_wconf 88' lang='lat' dir='ltr'>data</span> <span class='ocrx_word' id='word_1_481' title='bbox 647 4114 738 4165; x_wconf 92' lang='lat' dir='ltr'>est</span> <span class='ocrx_word' id='word_1_482' title='bbox 785 4114 1042 4182; x_wconf 86' lang='lat' dir='ltr'>potestas</span> <span class='ocrx_word' id='word_1_483' title='bbox 1090 4110 1307 4182; x_wconf 89' lang='lat' dir='ltr'>ligandi</span> <span class='ocrx_word' id='word_1_484' title='bbox 1357 4118 1531 4184; x_wconf 88' lang='lat' dir='ltr'>atque</span> <span class='ocrx_word' id='word_1_485' title='bbox 1562 4113 1843 4169; x_wconf 89' lang='lat' dir='ltr'>solvendi.</span> 
     </span>
    </p>
   </div>
   <div class='ocr_carea' id='block_1_76' title="bbox 191 4194 1847 4275">
    <p class='ocr_par' dir='ltr' id='par_1_76' title="bbox 191 4194 1847 4275">
     <span class='ocr_line' id='line_1_76' title="bbox 191 4194 1847 4275; baseline 0.005 -26"><span class='ocrx_word' id='word_1_486' title='bbox 191 4194 481 4266; x_wconf 82' lang='lat' dir='ltr'>Egredere</span> <span class='ocrx_word' id='word_1_487' title='bbox 512 4196 571 4251; x_wconf 90' lang='lat' dir='ltr'>in</span> <span class='ocrx_word' id='word_1_488' title='bbox 604 4197 840 4252; x_wconf 88' lang='lat' dir='ltr'>nomine</span> <span class='ocrx_word' id='word_1_489' title='bbox 864 4203 891 4261; x_wconf 62' lang='grc' dir='ltr'>Τ</span> <span class='ocrx_word' id='word_1_490' title='bbox 918 4197 1247 4265; x_wconf 71' lang='lat' dir='ltr'>Patris,et’r</span> <span class='ocrx_word' id='word_1_491' title='bbox 1278 4198 1431 4266; x_wconf 88' lang='lat' dir='ltr'>Filii,</span> <span class='ocrx_word' id='word_1_492' title='bbox 1452 4205 1508 4256; x_wconf 91' lang='lat' dir='ltr'>et</span> <span class='ocrx_word' id='word_1_493' title='bbox 1533 4206 1559 4267; x_wconf 60' lang='grc' dir='ltr'>τι</span> <span class='ocrx_word' id='word_1_494' title='bbox 1594 4202 1847 4275; x_wconf 88' lang='lat' dir='ltr'>Spiritus</span> 
     </span>
    </p>
   </div>
   <div class='ocr_carea' id='block_1_77' title="bbox 191 4284 1846 4356">
    <p class='ocr_par' dir='ltr' id='par_1_77' title="bbox 191 4284 1846 4356">
     <span class='ocr_line' id='line_1_77' title="bbox 191 4284 1846 4356; baseline 0.005 -17"><span class='ocrx_word' id='word_1_495' title='bbox 191 4284 404 4351; x_wconf 88' lang='lat' dir='ltr'>sancti,</span> <span class='ocrx_word' id='word_1_496' title='bbox 438 4284 537 4354; x_wconf 91' lang='lat' dir='ltr'>qui</span> <span class='ocrx_word' id='word_1_497' title='bbox 568 4288 621 4337; x_wconf 89' lang='lat' dir='ltr'>te</span> <span class='ocrx_word' id='word_1_498' title='bbox 646 4284 940 4338; x_wconf 87' lang='lat' dir='ltr'>illuminet</span> <span class='ocrx_word' id='word_1_499' title='bbox 970 4286 1027 4340; x_wconf 92' lang='lat' dir='ltr'>in</span> <span class='ocrx_word' id='word_1_500' title='bbox 1061 4287 1239 4345; x_wconf 89' lang='lat' dir='ltr'>vitam</span> <span class='ocrx_word' id='word_1_501' title='bbox 1271 4291 1566 4356; x_wconf 81' lang='lat' dir='ltr'>aeternam,</span> <span class='ocrx_word' id='word_1_502' title='bbox 1599 4294 1654 4346; x_wconf 92' lang='lat' dir='ltr'>et</span> <span class='ocrx_word' id='word_1_503' title='bbox 1683 4308 1846 4348; x_wconf 87' lang='lat' dir='ltr'>resu-</span> 
     </span>
    </p>
   </div>
   <div class='ocr_carea' id='block_1_78' title="bbox 188 4370 1844 4440">
    <p class='ocr_par' dir='ltr' id='par_1_78' title="bbox 188 4370 1844 4440">
     <span class='ocr_line' id='line_1_78' title="bbox 188 4370 1844 4440; baseline 0.005 -12"><span class='ocrx_word' id='word_1_504' title='bbox 188 4372 367 4428; x_wconf 89' lang='lat' dir='ltr'>scitet</span> <span class='ocrx_word' id='word_1_505' title='bbox 395 4373 452 4424; x_wconf 90' lang='lat' dir='ltr'>te</span> <span class='ocrx_word' id='word_1_506' title='bbox 474 4371 540 4423; x_wconf 89' lang='lat' dir='ltr'>in</span> <span class='ocrx_word' id='word_1_507' title='bbox 572 4370 761 4440; x_wconf 87' lang='lat' dir='ltr'>prima</span> <span class='ocrx_word' id='word_1_508' title='bbox 808 4373 1253 4439; x_wconf 85' lang='lat' dir='ltr'>resurrectione,</span> <span class='ocrx_word' id='word_1_509' title='bbox 1278 4373 1337 4429; x_wconf 91' lang='lat' dir='ltr'>in</span> <span class='ocrx_word' id='word_1_510' title='bbox 1383 4376 1700 4434; x_wconf 87' lang='lat' dir='ltr'>novissimo</span> <span class='ocrx_word' id='word_1_511' title='bbox 1732 4380 1844 4437; x_wconf 88' lang='lat' dir='ltr'>die.</span> 
     </span>
    </p>
   </div>
   <div class='ocr_carea' id='block_1_79' title="bbox 188 4456 1846 4532">
    <p class='ocr_par' dir='ltr' id='par_1_79' title="bbox 188 4456 1846 4532">
     <span class='ocr_line' id='line_1_79' title="bbox 188 4456 1846 4532; baseline 0.003 -15"><span class='ocrx_word' id='word_1_512' title='bbox 188 4456 463 4526; x_wconf 90' lang='lat' dir='ltr'>Domine,</span> <span class='ocrx_word' id='word_1_513' title='bbox 488 4462 686 4514; x_wconf 88' lang='lat' dir='ltr'>sancte</span> <span class='ocrx_word' id='word_1_514' title='bbox 720 4459 908 4527; x_wconf 90' lang='lat' dir='ltr'>Pater,</span> <span class='ocrx_word' id='word_1_515' title='bbox 940 4461 1171 4532; x_wconf 88' lang='lat' dir='ltr'>suscipe</span> <span class='ocrx_word' id='word_1_516' title='bbox 1204 4462 1463 4517; x_wconf 90' lang='lat' dir='ltr'>animam</span> <span class='ocrx_word' id='word_1_517' title='bbox 1496 4467 1645 4519; x_wconf 87' lang='lat' dir='ltr'>servi</span> <span class='ocrx_word' id='word_1_518' title='bbox 1672 4468 1754 4521; x_wconf 88' lang='lat' dir='ltr'>tui</span> <span class='ocrx_word' id='word_1_519' title='bbox 1789 4469 1846 4523; x_wconf 91' lang='lat' dir='ltr'>in</span> 
     </span>
    </p>
   </div>
   <div class='ocr_carea' id='block_1_80' title="bbox 192 4546 1847 4620">
    <p class='ocr_par' dir='ltr' id='par_1_80' title="bbox 192 4546 1847 4620">
     <span class='ocr_line' id='line_1_80' title="bbox 192 4546 1847 4620; baseline 0.004 -17"><span class='ocrx_word' id='word_1_520' title='bbox 192 4564 355 4620; x_wconf 92' lang='lat' dir='ltr'>pace,</span> <span class='ocrx_word' id='word_1_521' title='bbox 374 4550 431 4603; x_wconf 89' lang='lat' dir='ltr'>et</span> <span class='ocrx_word' id='word_1_522' title='bbox 451 4547 579 4619; x_wconf 87' lang='lat' dir='ltr'>ejus</span> <span class='ocrx_word' id='word_1_523' title='bbox 602 4546 797 4602; x_wconf 90' lang='lat' dir='ltr'>omnia</span> <span class='ocrx_word' id='word_1_524' title='bbox 818 4552 1057 4619; x_wconf 87' lang='lat' dir='ltr'>peccata</span> <span class='ocrx_word' id='word_1_525' title='bbox 1072 4548 1320 4615; x_wconf 84' lang='lat' dir='ltr'>dimitte,</span> <span class='ocrx_word' id='word_1_526' title='bbox 1337 4549 1600 4605; x_wconf 85' lang='lat' dir='ltr'>Salvator</span> <span class='ocrx_word' id='word_1_527' title='bbox 1621 4554 1847 4610; x_wconf 90' lang='lat' dir='ltr'>mundi.</span> 
     </span>
    </p>
   </div>
   <div class='ocr_carea' id='block_1_81' title="bbox 1943 3397 3598 3470">
    <p class='ocr_par' dir='ltr' id='par_1_81' title="bbox 1943 3397 3598 3470">
     <span class='ocr_line' id='line_1_81' title="bbox 1943 3397 3598 3470; baseline 0.004 -20"><span class='ocrx_word' id='word_1_528' title='bbox 1943 3397 2154 3469; x_wconf 87' lang='lat' dir='ltr'>jubeas</span> <span class='ocrx_word' id='word_1_529' title='bbox 2187 3412 2288 3467; x_wconf 92' lang='lat' dir='ltr'>per</span> <span class='ocrx_word' id='word_1_530' title='bbox 2328 3412 2539 3450; x_wconf 90' lang='lat' dir='ltr'>manus</span> <span class='ocrx_word' id='word_1_531' title='bbox 2588 3399 2925 3452; x_wconf 89' lang='lat' dir='ltr'>sanctorum</span> <span class='ocrx_word' id='word_1_532' title='bbox 2973 3397 3315 3470; x_wconf 87' lang='lat' dir='ltr'>angelorum</span> <span class='ocrx_word' id='word_1_533' title='bbox 3364 3404 3598 3458; x_wconf 91' lang='lat' dir='ltr'>tuorum</span> 
     </span>
    </p>
   </div>
   <div class='ocr_carea' id='block_1_82' title="bbox 1951 3483 3599 3561">
    <p class='ocr_par' dir='ltr' id='par_1_82' title="bbox 1951 3483 3599 3561">
     <span class='ocr_line' id='line_1_82' title="bbox 1951 3483 3599 3561; baseline 0.003 -21"><span class='ocrx_word' id='word_1_534' title='bbox 1951 3485 2359 3540; x_wconf 89' lang='lat' dir='ltr'>deducendum</span> <span class='ocrx_word' id='word_1_535' title='bbox 2408 3484 2465 3538; x_wconf 92' lang='lat' dir='ltr'>in</span> <span class='ocrx_word' id='word_1_536' title='bbox 2520 3483 2654 3539; x_wconf 90' lang='lat' dir='ltr'>sinu</span> <span class='ocrx_word' id='word_1_537' title='bbox 2700 3484 2870 3541; x_wconf 89' lang='lat' dir='ltr'>amici</span> <span class='ocrx_word' id='word_1_538' title='bbox 2929 3485 3014 3541; x_wconf 90' lang='lat' dir='ltr'>tui</span> <span class='ocrx_word' id='word_1_539' title='bbox 3063 3486 3305 3543; x_wconf 72' lang='lat' dir='ltr'>Abrahzs</span> <span class='ocrx_word' id='word_1_540' title='bbox 3353 3489 3599 3561; x_wconf 89' lang='lat' dir='ltr'>patriar-</span> 
     </span>
    </p>
   </div>
   <div class='ocr_carea' id='block_1_83' title="bbox 1952 3572 3599 3651">
    <p class='ocr_par' dir='ltr' id='par_1_83' title="bbox 1952 3572 3599 3651">
     <span class='ocr_line' id='line_1_83' title="bbox 1952 3572 3599 3651; baseline 0.004 -23"><span class='ocrx_word' id='word_1_541' title='bbox 1952 3573 2092 3638; x_wconf 70' lang='lat' dir='ltr'>chas,</span> <span class='ocrx_word' id='word_1_542' title='bbox 2139 3572 2730 3644; x_wconf 90' lang='lat' dir='ltr'>resuscitandumque</span> <span class='ocrx_word' id='word_1_543' title='bbox 2780 3573 2839 3628; x_wconf 92' lang='lat' dir='ltr'>in</span> <span class='ocrx_word' id='word_1_544' title='bbox 2890 3576 3209 3632; x_wconf 92' lang='lat' dir='ltr'>novissimo</span> <span class='ocrx_word' id='word_1_545' title='bbox 3256 3578 3453 3651; x_wconf 89' lang='lat' dir='ltr'>magni</span> <span class='ocrx_word' id='word_1_546' title='bbox 3501 3579 3599 3651; x_wconf 91' lang='lat' dir='ltr'>ju-</span> 
     </span>
    </p>
   </div>
   <div class='ocr_carea' id='block_1_84' title="bbox 1953 3659 3602 3733">
    <p class='ocr_par' dir='ltr' id='par_1_84' title="bbox 1953 3659 3602 3733">
     <span class='ocr_line' id='line_1_84' title="bbox 1953 3659 3602 3733; baseline 0.004 -17"><span class='ocrx_word' id='word_1_547' title='bbox 1953 3661 2085 3717; x_wconf 91' lang='lat' dir='ltr'>dicii</span> <span class='ocrx_word' id='word_1_548' title='bbox 2128 3662 2258 3728; x_wconf 92' lang='lat' dir='ltr'>die;</span> <span class='ocrx_word' id='word_1_549' title='bbox 2310 3666 2366 3716; x_wconf 90' lang='lat' dir='ltr'>et</span> <span class='ocrx_word' id='word_1_550' title='bbox 2415 3659 2701 3733; x_wconf 90' lang='lat' dir='ltr'>quidquid</span> <span class='ocrx_word' id='word_1_551' title='bbox 2751 3661 3024 3718; x_wconf 91' lang='lat' dir='ltr'>vitiorum</span> <span class='ocrx_word' id='word_1_552' title='bbox 3082 3664 3316 3722; x_wconf 83' lang='lat' dir='ltr'>fallente</span> <span class='ocrx_word' id='word_1_553' title='bbox 3372 3666 3602 3723; x_wconf 89' lang='lat' dir='ltr'>diabolo</span> 
     </span>
    </p>
   </div>
   <div class='ocr_carea' id='block_1_85' title="bbox 1954 3748 3603 3822">
    <p class='ocr_par' dir='ltr' id='par_1_85' title="bbox 1954 3748 3603 3822">
     <span class='ocr_line' id='line_1_85' title="bbox 1954 3748 3603 3822; baseline 0.004 -16"><span class='ocrx_word' id='word_1_554' title='bbox 1954 3749 2258 3817; x_wconf 82' lang='lat' dir='ltr'>contraxit,</span> <span class='ocrx_word' id='word_1_555' title='bbox 2318 3754 2402 3817; x_wconf 92' lang='lat' dir='ltr'>tu,</span> <span class='ocrx_word' id='word_1_556' title='bbox 2463 3748 2596 3822; x_wconf 90' lang='lat' dir='ltr'>pius</span> <span class='ocrx_word' id='word_1_557' title='bbox 2654 3754 2709 3805; x_wconf 88' lang='lat' dir='ltr'>et</span> <span class='ocrx_word' id='word_1_558' title='bbox 2762 3750 3116 3820; x_wconf 89' lang='lat' dir='ltr'>misericors,</span> <span class='ocrx_word' id='word_1_559' title='bbox 3175 3753 3347 3811; x_wconf 89' lang='lat' dir='ltr'>ablue</span> <span class='ocrx_word' id='word_1_560' title='bbox 3408 3755 3603 3812; x_wconf 88' lang='lat' dir='ltr'>indul-</span> 
     </span>
    </p>
   </div>
   <div class='ocr_carea' id='block_1_86' title="bbox 1954 3840 2163 3912">
    <p class='ocr_par' dir='ltr' id='par_1_86' title="bbox 1954 3840 2163 3912">
     <span class='ocr_line' id='line_1_86' title="bbox 1954 3840 2163 3912; baseline -0.005 -17"><span class='ocrx_word' id='word_1_561' title='bbox 1954 3840 2163 3912; x_wconf 88' lang='lat' dir='ltr'>gendo.</span> 
     </span>
    </p>
   </div>
   <div class='ocr_carea' id='block_1_87' title="bbox 2028 3928 3602 4003">
    <p class='ocr_par' dir='ltr' id='par_1_87' title="bbox 2028 3928 3602 4003">
     <span class='ocr_line' id='line_1_87' title="bbox 2028 3928 3602 4003; baseline 0.003 -19"><span class='ocrx_word' id='word_1_562' title='bbox 2028 3929 2230 3984; x_wconf 85' lang='lat' dir='ltr'>Oratio.</span> <span class='ocrx_word' id='word_1_563' title='bbox 2257 3928 2516 3999; x_wconf 87' lang='lat' dir='ltr'>Suscipe,</span> <span class='ocrx_word' id='word_1_564' title='bbox 2542 3928 2801 3996; x_wconf 90' lang='lat' dir='ltr'>Domine,</span> <span class='ocrx_word' id='word_1_565' title='bbox 2826 3929 3084 3984; x_wconf 90' lang='lat' dir='ltr'>animam</span> <span class='ocrx_word' id='word_1_566' title='bbox 3116 3931 3263 3985; x_wconf 91' lang='lat' dir='ltr'>servi</span> <span class='ocrx_word' id='word_1_567' title='bbox 3294 3930 3400 3999; x_wconf 89' lang='lat' dir='ltr'>tui,</span> <span class='ocrx_word' id='word_1_568' title='bbox 3425 3948 3602 4003; x_wconf 90' lang='lat' dir='ltr'>quam</span> 
     </span>
    </p>
   </div>
   <div class='ocr_carea' id='block_1_88' title="bbox 1956 4015 3602 4089">
    <p class='ocr_par' dir='ltr' id='par_1_88' title="bbox 1956 4015 3602 4089">
     <span class='ocr_line' id='line_1_88' title="bbox 1956 4015 3602 4089; baseline 0.001 -16"><span class='ocrx_word' id='word_1_569' title='bbox 1956 4018 2026 4073; x_wconf 92' lang='lat' dir='ltr'>de</span> <span class='ocrx_word' id='word_1_570' title='bbox 2056 4015 2349 4088; x_wconf 86' lang='lat' dir='ltr'>ergastulo</span> <span class='ocrx_word' id='word_1_571' title='bbox 2379 4016 2559 4087; x_wconf 87' lang='lat' dir='ltr'>hujus</span> <span class='ocrx_word' id='word_1_572' title='bbox 2603 4015 2798 4072; x_wconf 60' lang='lat' dir='ltr'>saculi</span> <span class='ocrx_word' id='word_1_573' title='bbox 2828 4033 3033 4072; x_wconf 89' lang='lat' dir='ltr'>vocare</span> <span class='ocrx_word' id='word_1_574' title='bbox 3057 4018 3333 4089; x_wconf 80' lang='lat' dir='ltr'>dignatus</span> <span class='ocrx_word' id='word_1_575' title='bbox 3354 4035 3417 4076; x_wconf 89' lang='lat' dir='ltr'>es</span> <span class='ocrx_word' id='word_1_576' title='bbox 3452 4024 3508 4076; x_wconf 90' lang='lat' dir='ltr'>et</span> <span class='ocrx_word' id='word_1_577' title='bbox 3536 4020 3602 4076; x_wconf 90' lang='lat' dir='ltr'>li-</span> 
     </span>
    </p>
   </div>
   <div class='ocr_carea' id='block_1_89' title="bbox 1956 4105 3603 4177">
    <p class='ocr_par' dir='ltr' id='par_1_89' title="bbox 1956 4105 3603 4177">
     <span class='ocr_line' id='line_1_89' title="bbox 1956 4105 3603 4177; baseline 0.002 -16"><span class='ocrx_word' id='word_1_578' title='bbox 1956 4107 2094 4162; x_wconf 83' lang='lat' dir='ltr'>bera</span> <span class='ocrx_word' id='word_1_579' title='bbox 2122 4122 2251 4161; x_wconf 91' lang='lat' dir='ltr'>eam</span> <span class='ocrx_word' id='word_1_580' title='bbox 2298 4105 2370 4160; x_wconf 92' lang='lat' dir='ltr'>de</span> <span class='ocrx_word' id='word_1_581' title='bbox 2417 4105 2782 4177; x_wconf 90' lang='lat' dir='ltr'>principibus</span> <span class='ocrx_word' id='word_1_582' title='bbox 2812 4106 3205 4171; x_wconf 89' lang='lat' dir='ltr'>tenebrarum,</span> <span class='ocrx_word' id='word_1_583' title='bbox 3239 4110 3295 4162; x_wconf 88' lang='lat' dir='ltr'>et</span> <span class='ocrx_word' id='word_1_584' title='bbox 3340 4108 3411 4162; x_wconf 88' lang='lat' dir='ltr'>de</span> <span class='ocrx_word' id='word_1_585' title='bbox 3460 4107 3603 4165; x_wconf 89' lang='lat' dir='ltr'>locis</span> 
     </span>
    </p>
   </div>
   <div class='ocr_carea' id='block_1_90' title="bbox 1956 4193 3601 4269">
    <p class='ocr_par' dir='ltr' id='par_1_90' title="bbox 1956 4193 3601 4269">
     <span class='ocr_line' id='line_1_90' title="bbox 1956 4193 3601 4269; baseline 0.001 -18"><span class='ocrx_word' id='word_1_586' title='bbox 1956 4211 2283 4269; x_wconf 76' lang='lat' dir='ltr'>pmnarum,</span> <span class='ocrx_word' id='word_1_587' title='bbox 2301 4198 2368 4249; x_wconf 91' lang='lat' dir='ltr'>ut</span> <span class='ocrx_word' id='word_1_588' title='bbox 2389 4193 2656 4250; x_wconf 86' lang='lat' dir='ltr'>absoluta</span> <span class='ocrx_word' id='word_1_589' title='bbox 2676 4194 2941 4250; x_wconf 90' lang='lat' dir='ltr'>omnium</span> <span class='ocrx_word' id='word_1_590' title='bbox 2964 4194 3192 4251; x_wconf 91' lang='lat' dir='ltr'>vinculo</span> <span class='ocrx_word' id='word_1_591' title='bbox 3210 4202 3601 4269; x_wconf 90' lang='lat' dir='ltr'>peccatorum,</span> 
     </span>
    </p>
   </div>
   <div class='ocr_carea' id='block_1_91' title="bbox 1957 4282 3607 4360">
    <p class='ocr_par' dir='ltr' id='par_1_91' title="bbox 1957 4282 3607 4360">
     <span class='ocr_line' id='line_1_91' title="bbox 1957 4282 3607 4360; baseline 0.001 -19"><span class='ocrx_word' id='word_1_592' title='bbox 1957 4286 2172 4360; x_wconf 86' lang='lat' dir='ltr'>quietis</span> <span class='ocrx_word' id='word_1_593' title='bbox 2203 4302 2269 4340; x_wconf 91' lang='lat' dir='ltr'>ac</span> <span class='ocrx_word' id='word_1_594' title='bbox 2318 4283 2465 4337; x_wconf 91' lang='lat' dir='ltr'>lucis</span> <span class='ocrx_word' id='word_1_595' title='bbox 2497 4286 2721 4338; x_wconf 64' lang='lat' dir='ltr'>aeterna:</span> <span class='ocrx_word' id='word_1_596' title='bbox 2754 4282 3114 4339; x_wconf 88' lang='lat' dir='ltr'>beatitudine</span> <span class='ocrx_word' id='word_1_597' title='bbox 3160 4285 3513 4356; x_wconf 82' lang='lat' dir='ltr'>perfruatur,</span> <span class='ocrx_word' id='word_1_598' title='bbox 3548 4292 3607 4343; x_wconf 88' lang='lat' dir='ltr'>et</span> 
     </span>
    </p>
   </div>
   <div class='ocr_carea' id='block_1_92' title="bbox 1956 4372 3605 4445">
    <p class='ocr_par' dir='ltr' id='par_1_92' title="bbox 1956 4372 3605 4445">
     <span class='ocr_line' id='line_1_92' title="bbox 1956 4372 3605 4445; baseline -0.002 -13"><span class='ocrx_word' id='word_1_599' title='bbox 1956 4377 2110 4432; x_wconf 91' lang='lat' dir='ltr'>inter</span> <span class='ocrx_word' id='word_1_600' title='bbox 2140 4377 2374 4431; x_wconf 78' lang='lat' dir='ltr'>sanctos</span> <span class='ocrx_word' id='word_1_601' title='bbox 2405 4375 2537 4428; x_wconf 91' lang='lat' dir='ltr'>tuos</span> <span class='ocrx_word' id='word_1_602' title='bbox 2568 4372 2626 4426; x_wconf 89' lang='lat' dir='ltr'>in</span> <span class='ocrx_word' id='word_1_603' title='bbox 2661 4372 3106 4428; x_wconf 87' lang='lat' dir='ltr'>resurrectionis</span> <span class='ocrx_word' id='word_1_604' title='bbox 3136 4372 3317 4445; x_wconf 88' lang='lat' dir='ltr'>gloria</span> <span class='ocrx_word' id='word_1_605' title='bbox 3356 4373 3605 4431; x_wconf 86' lang='lat' dir='ltr'>resusci-</span> 
     </span>
    </p>
   </div>
   <div class='ocr_carea' id='block_1_93' title="bbox 1958 4462 2573 4521">
    <p class='ocr_par' dir='ltr' id='par_1_93' title="bbox 1958 4462 2573 4521">
     <span class='ocr_line' id='line_1_93' title="bbox 1958 4462 2573 4521; baseline -0.008 0"><span class='ocrx_word' id='word_1_606' title='bbox 1958 4466 2069 4521; x_wconf 87' lang='lat' dir='ltr'>tari</span> <span class='ocrx_word' id='word_1_607' title='bbox 2103 4466 2414 4521; x_wconf 89' lang='lat' dir='ltr'>mereatur.</span> <span class='ocrx_word' id='word_1_608' title='bbox 2450 4462 2573 4518; x_wconf 86' lang='lat' dir='ltr'>Per.</span> 
     </span>
    </p>
   </div>
   <div class='ocr_carea' id='block_1_94' title="bbox 2034 4551 3611 4624">
    <p class='ocr_par' dir='ltr' id='par_1_94' title="bbox 2034 4551 3611 4624">
     <span class='ocr_line' id='line_1_94' title="bbox 2034 4551 3611 4624; baseline 0.001 -15"><span class='ocrx_word' id='word_1_609' title='bbox 2034 4555 2236 4609; x_wconf 85' lang='lat' dir='ltr'>Oratio.</span> <span class='ocrx_word' id='word_1_610' title='bbox 2271 4552 2767 4607; x_wconf 85' lang='lat' dir='ltr'>Commendamus</span> <span class='ocrx_word' id='word_1_611' title='bbox 2798 4551 2925 4618; x_wconf 90' lang='lat' dir='ltr'>tibi,</span> <span class='ocrx_word' id='word_1_612' title='bbox 2956 4552 3216 4624; x_wconf 81' lang='lat' dir='ltr'>Domine,</span> <span class='ocrx_word' id='word_1_613' title='bbox 3241 4553 3498 4610; x_wconf 88' lang='lat' dir='ltr'>animam</span> <span class='ocrx_word' id='word_1_614' title='bbox 3532 4555 3611 4610; x_wconf 87' lang='lat' dir='ltr'>fa-</span> 
     </span>
    </p>
   </div>
   <div class='ocr_carea' id='block_1_95' title="bbox 195 4634 3613 4715">
    <p class='ocr_par' dir='ltr' id='par_1_95' title="bbox 195 4634 3613 4715">
     <span class='ocr_line' id='line_1_95' title="bbox 195 4634 3613 4715; baseline 0.002 -24"><span class='ocrx_word' id='word_1_615' title='bbox 195 4635 308 4701; x_wconf 88' lang='lat' dir='ltr'>Qui</span> <span class='ocrx_word' id='word_1_616' title='bbox 334 4634 484 4693; x_wconf 87' lang='lat' dir='ltr'>vivis</span> <span class='ocrx_word' id='word_1_617' title='bbox 514 4638 571 4691; x_wconf 87' lang='lat' dir='ltr'>et</span> <span class='ocrx_word' id='word_1_618' title='bbox 600 4651 807 4709; x_wconf 88' lang='lat' dir='ltr'>regnas</span> <span class='ocrx_word' id='word_1_619' title='bbox 839 4635 897 4690; x_wconf 91' lang='lat' dir='ltr'>in</span> <span class='ocrx_word' id='word_1_620' title='bbox 931 4636 1157 4693; x_wconf 89' lang='lat' dir='ltr'>unitate</span> <span class='ocrx_word' id='word_1_621' title='bbox 1179 4637 1430 4710; x_wconf 87' lang='lat' dir='ltr'>Spiritus</span> <span class='ocrx_word' id='word_1_622' title='bbox 1458 4639 1645 4694; x_wconf 87' lang='lat' dir='ltr'>sancti</span> <span class='ocrx_word' id='word_1_623' title='bbox 1673 4640 1848 4696; x_wconf 87' lang='lat' dir='ltr'>Deus.</span> <span class='ocrx_word' id='word_1_624' title='bbox 1881 4648 1930 4713; x_wconf 83' lang='lat' dir='ltr'>D</span> <span class='ocrx_word' id='word_1_625' title='bbox 1963 4641 2105 4695; x_wconf 88' lang='lat' dir='ltr'>muli</span> <span class='ocrx_word' id='word_1_626' title='bbox 2150 4640 2236 4696; x_wconf 89' lang='lat' dir='ltr'>tui</span> <span class='ocrx_word' id='word_1_627' title='bbox 2284 4640 2481 4695; x_wconf 84' lang='lat' dir='ltr'>fratris</span> <span class='ocrx_word' id='word_1_628' title='bbox 2525 4640 2729 4706; x_wconf 77' lang='lat' dir='ltr'>nostri,</span> <span class='ocrx_word' id='word_1_629' title='bbox 2764 4657 3209 4713; x_wconf 89' lang='lat' dir='ltr'>precamurque,</span> <span class='ocrx_word' id='word_1_630' title='bbox 3263 4648 3328 4696; x_wconf 88' lang='lat' dir='ltr'>ut</span> <span class='ocrx_word' id='word_1_631' title='bbox 3377 4648 3613 4715; x_wconf 90' lang='lat' dir='ltr'>propter</span> 
     </span>
    </p>
   </div>
   <div class='ocr_carea' id='block_1_96' title="bbox 195 4723 322 4780">
    <p class='ocr_par' dir='ltr' id='par_1_96' title="bbox 195 4723 322 4780">
     <span class='ocr_line' id='line_1_96' title="bbox 195 4723 322 4780; baseline 0.016 -2"><span class='ocrx_word' id='word_1_632' title='bbox 195 4723 322 4780; x_wconf 87' lang='lat' dir='ltr'>Per.</span> 
     </span>
    </p>
   </div>
   <div class='ocr_carea' id='block_1_97' title="bbox 268 4813 1749 4886">
    <p class='ocr_par' dir='ltr' id='par_1_97' title="bbox 268 4813 1749 4886">
     <span class='ocr_line' id='line_1_97' title="bbox 268 4813 1749 4886; baseline 0.003 -17"><span class='ocrx_word' id='word_1_633' title='bbox 268 4814 533 4886; x_wconf 91' lang='lat' dir='ltr'>Suscipe,</span> <span class='ocrx_word' id='word_1_634' title='bbox 559 4813 820 4882; x_wconf 90' lang='lat' dir='ltr'>Domine,</span> <span class='ocrx_word' id='word_1_635' title='bbox 845 4815 1106 4871; x_wconf 88' lang='lat' dir='ltr'>animam</span> <span class='ocrx_word' id='word_1_636' title='bbox 1137 4815 1340 4871; x_wconf 83' lang='lat' dir='ltr'>famuli</span> <span class='ocrx_word' id='word_1_637' title='bbox 1371 4815 1455 4871; x_wconf 87' lang='lat' dir='ltr'>tui</span> <span class='ocrx_word' id='word_1_638' title='bbox 1489 4817 1545 4871; x_wconf 92' lang='lat' dir='ltr'>in</span> <span class='ocrx_word' id='word_1_639' title='bbox 1579 4817 1749 4874; x_wconf 88' lang='lat' dir='ltr'>bono.</span> 
     </span>
    </p>
   </div>
   <div class='ocr_carea' id='block_1_98' title="bbox 270 4901 1854 4980">
    <p class='ocr_par' dir='ltr' id='par_1_98' title="bbox 270 4901 1854 4980">
     <span class='ocr_line' id='line_1_98' title="bbox 270 4901 1854 4980; baseline 0.004 -24"><span class='ocrx_word' id='word_1_640' title='bbox 270 4901 497 4970; x_wconf 89' lang='lat' dir='ltr'>Libera,</span> <span class='ocrx_word' id='word_1_641' title='bbox 522 4902 785 4971; x_wconf 90' lang='lat' dir='ltr'>Domine,</span> <span class='ocrx_word' id='word_1_642' title='bbox 809 4904 1069 4960; x_wconf 89' lang='lat' dir='ltr'>animam</span> <span class='ocrx_word' id='word_1_643' title='bbox 1092 4905 1239 4961; x_wconf 88' lang='lat' dir='ltr'>servi</span> <span class='ocrx_word' id='word_1_644' title='bbox 1264 4904 1349 4960; x_wconf 92' lang='lat' dir='ltr'>tui</span> <span class='ocrx_word' id='word_1_645' title='bbox 1373 4922 1439 4960; x_wconf 86' lang='lat' dir='ltr'>ex</span> <span class='ocrx_word' id='word_1_646' title='bbox 1460 4906 1737 4961; x_wconf 91' lang='lat' dir='ltr'>omnibus</span> <span class='ocrx_word' id='word_1_647' title='bbox 1760 4924 1854 4980; x_wconf 89' lang='lat' dir='ltr'>pe-</span> 
     </span>
    </p>
   </div>
   <div class='ocr_carea' id='block_1_99' title="bbox 196 4988 1850 5067">
    <p class='ocr_par' dir='ltr' id='par_1_99' title="bbox 196 4988 1850 5067">
     <span class='ocr_line' id='line_1_99' title="bbox 196 4988 1850 5067; baseline 0.004 -21"><span class='ocrx_word' id='word_1_648' title='bbox 196 4988 403 5046; x_wconf 84' lang='lat' dir='ltr'>riculis</span> <span class='ocrx_word' id='word_1_649' title='bbox 433 4990 817 5061; x_wconf 87' lang='lat' dir='ltr'>infernorum,</span> <span class='ocrx_word' id='word_1_650' title='bbox 850 4997 907 5049; x_wconf 89' lang='lat' dir='ltr'>et</span> <span class='ocrx_word' id='word_1_651' title='bbox 945 4994 1016 5049; x_wconf 89' lang='lat' dir='ltr'>de</span> <span class='ocrx_word' id='word_1_652' title='bbox 1059 4994 1287 5067; x_wconf 89' lang='lat' dir='ltr'>laqueis</span> <span class='ocrx_word' id='word_1_653' title='bbox 1332 5011 1659 5067; x_wconf 85' lang='lat' dir='ltr'>poenarum,</span> <span class='ocrx_word' id='word_1_654' title='bbox 1694 5000 1751 5052; x_wconf 90' lang='lat' dir='ltr'>et</span> <span class='ocrx_word' id='word_1_655' title='bbox 1781 4998 1850 5053; x_wconf 90' lang='lat' dir='ltr'>de</span> 
     </span>
    </p>
   </div>
   <div class='ocr_carea' id='block_1_100' title="bbox 197 5078 1215 5139">
    <p class='ocr_par' dir='ltr' id='par_1_100' title="bbox 197 5078 1215 5139">
     <span class='ocr_line' id='line_1_100' title="bbox 197 5078 1215 5139; baseline 0.004 -4"><span class='ocrx_word' id='word_1_656' title='bbox 197 5078 477 5135; x_wconf 88' lang='lat' dir='ltr'>omnibus</span> <span class='ocrx_word' id='word_1_657' title='bbox 506 5079 991 5138; x_wconf 86' lang='lat' dir='ltr'>tribulationibus</span> <span class='ocrx_word' id='word_1_658' title='bbox 1023 5083 1215 5139; x_wconf 91' lang='lat' dir='ltr'>malis.</span> 
     </span>
    </p>
   </div>
   <div class='ocr_carea' id='block_1_101' title="bbox 271 5167 1849 5243">
    <p class='ocr_par' dir='ltr' id='par_1_101' title="bbox 271 5167 1849 5243">
     <span class='ocr_line' id='line_1_101' title="bbox 271 5167 1849 5243; baseline 0.006 -19"><span class='ocrx_word' id='word_1_659' title='bbox 271 5168 498 5236; x_wconf 88' lang='lat' dir='ltr'>Libera,</span> <span class='ocrx_word' id='word_1_660' title='bbox 534 5167 797 5238; x_wconf 89' lang='lat' dir='ltr'>Domine,</span> <span class='ocrx_word' id='word_1_661' title='bbox 831 5172 1090 5227; x_wconf 77' lang='lat' dir='ltr'>animam</span> <span class='ocrx_word' id='word_1_662' title='bbox 1138 5172 1339 5229; x_wconf 90' lang='lat' dir='ltr'>famuli</span> <span class='ocrx_word' id='word_1_663' title='bbox 1372 5175 1477 5243; x_wconf 89' lang='lat' dir='ltr'>tui,</span> <span class='ocrx_word' id='word_1_664' title='bbox 1511 5176 1664 5231; x_wconf 91' lang='lat' dir='ltr'>sicut</span> <span class='ocrx_word' id='word_1_665' title='bbox 1709 5175 1849 5232; x_wconf 89' lang='lat' dir='ltr'>libe-</span> 
     </span>
    </p>
   </div>
   <div class='ocr_carea' id='block_1_102' title="bbox 198 5256 854 5314">
    <p class='ocr_par' dir='ltr' id='par_1_102' title="bbox 198 5256 854 5314">
     <span class='ocr_line' id='line_1_102' title="bbox 198 5256 854 5314; baseline 0.003 -2"><span class='ocrx_word' id='word_1_666' title='bbox 198 5256 344 5313; x_wconf 88' lang='lat' dir='ltr'>rasti</span> <span class='ocrx_word' id='word_1_667' title='bbox 374 5256 493 5312; x_wconf 88' lang='lat' dir='ltr'>Noe</span> <span class='ocrx_word' id='word_1_668' title='bbox 526 5256 587 5313; x_wconf 92' lang='lat' dir='ltr'>in</span> <span class='ocrx_word' id='word_1_669' title='bbox 615 5257 854 5314; x_wconf 91' lang='lat' dir='ltr'>diluvio.</span> 
     </span>
    </p>
   </div>
   <div class='ocr_carea' id='block_1_103' title="bbox 270 5345 1851 5418">
    <p class='ocr_par' dir='ltr' id='par_1_103' title="bbox 270 5345 1851 5418">
     <span class='ocr_line' id='line_1_103' title="bbox 270 5345 1851 5418; baseline 0.007 -19"><span class='ocrx_word' id='word_1_670' title='bbox 270 5345 498 5412; x_wconf 90' lang='lat' dir='ltr'>Libera,</span> <span class='ocrx_word' id='word_1_671' title='bbox 528 5345 793 5417; x_wconf 91' lang='lat' dir='ltr'>Domine,</span> <span class='ocrx_word' id='word_1_672' title='bbox 840 5347 1097 5404; x_wconf 89' lang='lat' dir='ltr'>animam</span> <span class='ocrx_word' id='word_1_673' title='bbox 1148 5349 1352 5405; x_wconf 83' lang='lat' dir='ltr'>famuli</span> <span class='ocrx_word' id='word_1_674' title='bbox 1383 5351 1488 5418; x_wconf 90' lang='lat' dir='ltr'>tui,</span> <span class='ocrx_word' id='word_1_675' title='bbox 1522 5352 1674 5408; x_wconf 91' lang='lat' dir='ltr'>sicut</span> <span class='ocrx_word' id='word_1_676' title='bbox 1702 5353 1851 5410; x_wconf 90' lang='lat' dir='ltr'>lihe-</span> 
     </span>
    </p>
   </div>
   <div class='ocr_carea' id='block_1_104' title="bbox 198 5432 1814 5498">
    <p class='ocr_par' dir='ltr' id='par_1_104' title="bbox 198 5432 1814 5498">
     <span class='ocr_line' id='line_1_104' title="bbox 198 5432 1814 5498; baseline 0.006 -9"><span class='ocrx_word' id='word_1_677' title='bbox 198 5432 345 5490; x_wconf 90' lang='lat' dir='ltr'>rasti</span> <span class='ocrx_word' id='word_1_678' title='bbox 372 5432 559 5489; x_wconf 90' lang='lat' dir='ltr'>Eliam</span> <span class='ocrx_word' id='word_1_679' title='bbox 591 5439 647 5490; x_wconf 91' lang='lat' dir='ltr'>et</span> <span class='ocrx_word' id='word_1_680' title='bbox 676 5436 909 5492; x_wconf 81' lang='lat' dir='ltr'>Henoch</span> <span class='ocrx_word' id='word_1_681' title='bbox 940 5438 1011 5494; x_wconf 90' lang='lat' dir='ltr'>de</span> <span class='ocrx_word' id='word_1_682' title='bbox 1041 5440 1339 5494; x_wconf 90' lang='lat' dir='ltr'>communi</span> <span class='ocrx_word' id='word_1_683' title='bbox 1374 5444 1558 5497; x_wconf 88' lang='lat' dir='ltr'>morte</span> <span class='ocrx_word' id='word_1_684' title='bbox 1585 5443 1814 5498; x_wconf 92' lang='lat' dir='ltr'>mundi.</span> 
     </span>
    </p>
   </div>
   <div class='ocr_carea' id='block_1_105' title="bbox 273 5520 1852 5592">
    <p class='ocr_par' dir='ltr' id='par_1_105' title="bbox 273 5520 1852 5592">
     <span class='ocr_line' id='line_1_105' title="bbox 273 5520 1852 5592; baseline 0.006 -16"><span class='ocrx_word' id='word_1_685' title='bbox 273 5520 501 5590; x_wconf 90' lang='lat' dir='ltr'>Libera,</span> <span class='ocrx_word' id='word_1_686' title='bbox 536 5523 799 5591; x_wconf 90' lang='lat' dir='ltr'>Domine,</span> <span class='ocrx_word' id='word_1_687' title='bbox 824 5525 1084 5581; x_wconf 85' lang='lat' dir='ltr'>animam</span> <span class='ocrx_word' id='word_1_688' title='bbox 1107 5525 1258 5583; x_wconf 88' lang='lat' dir='ltr'>servi</span> <span class='ocrx_word' id='word_1_689' title='bbox 1279 5527 1385 5592; x_wconf 92' lang='lat' dir='ltr'>tui,</span> <span class='ocrx_word' id='word_1_690' title='bbox 1411 5527 1561 5583; x_wconf 90' lang='lat' dir='ltr'>sicut</span> <span class='ocrx_word' id='word_1_691' title='bbox 1590 5528 1852 5587; x_wconf 89' lang='lat' dir='ltr'>liberasti</span> 
     </span>
    </p>
   </div>
   <div class='ocr_carea' id='block_1_106' title="bbox 196 5610 1599 5695">
    <p class='ocr_par' dir='ltr' id='par_1_106' title="bbox 196 5610 1599 5695">
     <span class='ocr_line' id='line_1_106' title="bbox 196 5610 1599 5695; baseline 0.004 -30"><span class='ocrx_word' id='word_1_692' title='bbox 196 5610 493 5666; x_wconf 88' lang='lat' dir='ltr'>Abraham</span> <span class='ocrx_word' id='word_1_693' title='bbox 527 5629 631 5684; x_wconf 89' lang='lat' dir='ltr'>per</span> <span class='ocrx_word' id='word_1_694' title='bbox 660 5613 833 5669; x_wconf 83' lang='lat' dir='ltr'>fidem</span> <span class='ocrx_word' id='word_1_695' title='bbox 867 5619 923 5670; x_wconf 92' lang='lat' dir='ltr'>et</span> <span class='ocrx_word' id='word_1_696' title='bbox 952 5614 1372 5671; x_wconf 84' lang='lat' dir='ltr'>credulitatem.</span> <span class='ocrx_word' id='word_1_697' title='bbox 1594 5690 1599 5695; x_wconf 73' lang='lat'><em>_</em></span> 
     </span>
    </p>
   </div>
   <div class='ocr_carea' id='block_1_107' title="bbox 272 5698 1855 5778">
    <p class='ocr_par' dir='ltr' id='par_1_107' title="bbox 272 5698 1855 5778">
     <span class='ocr_line' id='line_1_107' title="bbox 272 5698 1855 5778; baseline 0.007 -24"><span class='ocrx_word' id='word_1_698' title='bbox 272 5698 501 5768; x_wconf 89' lang='lat' dir='ltr'>Libera,</span> <span class='ocrx_word' id='word_1_699' title='bbox 531 5702 788 5767; x_wconf 90' lang='lat' dir='ltr'>Domine,</span> <span class='ocrx_word' id='word_1_700' title='bbox 814 5703 1071 5778; x_wconf 82' lang='lat' dir='ltr'>animam</span> <span class='ocrx_word' id='word_1_701' title='bbox 1106 5704 1253 5759; x_wconf 90' lang='lat' dir='ltr'>servi</span> <span class='ocrx_word' id='word_1_702' title='bbox 1287 5705 1391 5771; x_wconf 90' lang='lat' dir='ltr'>tui,</span> <span class='ocrx_word' id='word_1_703' title='bbox 1417 5705 1568 5763; x_wconf 89' lang='lat' dir='ltr'>sicut</span> <span class='ocrx_word' id='word_1_704' title='bbox 1596 5707 1855 5765; x_wconf 88' lang='lat' dir='ltr'>liberasti</span> 
     </span>
    </p>
   </div>
   <div class='ocr_carea' id='block_1_108' title="bbox 200 5787 1407 5871">
    <p class='ocr_par' dir='ltr' id='par_1_108' title="bbox 200 5787 1407 5871">
     <span class='ocr_line' id='line_1_108' title="bbox 200 5787 1407 5871; baseline 0.003 -27"><span class='ocrx_word' id='word_1_705' title='bbox 200 5787 347 5845; x_wconf 85' lang='lat' dir='ltr'>Loth</span> <span class='ocrx_word' id='word_1_706' title='bbox 379 5788 452 5847; x_wconf 88' lang='lat' dir='ltr'>de</span> <span class='ocrx_word' id='word_1_707' title='bbox 479 5789 752 5847; x_wconf 90' lang='lat' dir='ltr'>Sodomis</span> <span class='ocrx_word' id='word_1_708' title='bbox 781 5795 837 5848; x_wconf 88' lang='lat' dir='ltr'>et</span> <span class='ocrx_word' id='word_1_709' title='bbox 864 5791 1205 5871; x_wconf 54' lang='lat' dir='ltr'>deﬂamma</span> <span class='ocrx_word' id='word_1_710' title='bbox 1235 5792 1407 5866; x_wconf 83' lang='lat' dir='ltr'>ignis.</span> 
     </span>
    </p>
   </div>
   <div class='ocr_carea' id='block_1_109' title="bbox 827 5915 987 5928">
    <p class='ocr_par' dir='ltr' id='par_1_109' title="bbox 827 5915 987 5928">
     <span class='ocr_line' id='line_1_109' title="bbox 827 5915 987 5928; baseline 0 -3"><span class='ocrx_word' id='word_1_711' title='bbox 827 5918 834 5925; x_wconf 70' lang='grc' dir='ltr'><em>ι</em></span> <span class='ocrx_word' id='word_1_712' title='bbox 899 5924 907 5928; x_wconf 88' lang='lat'><em>_</em></span> <span class='ocrx_word' id='word_1_713' title='bbox 973 5915 987 5928; x_wconf 66' lang='grc' dir='ltr'>,ι</span> 
     </span>
    </p>
   </div>
   <div class='ocr_carea' id='block_1_110' title="bbox 693 5936 777 5981">
    <p class='ocr_par' dir='ltr' id='par_1_110' title="bbox 693 5936 777 5981">
     <span class='ocr_line' id='line_1_110' title="bbox 714 5936 757 5948; baseline -0.023 0"><span class='ocrx_word' id='word_1_714' title='bbox 714 5936 757 5948; x_wconf 63' lang='grc' dir='ltr'>ς’.</span> 
     </span>
     <span class='ocr_line' id='line_1_111' title="bbox 693 5952 777 5981; baseline 0 -6"><span class='ocrx_word' id='word_1_715' title='bbox 693 5952 777 5981; x_wconf 52' lang='grc' dir='ltr'>...λ’</span> 
     </span>
    </p>
   </div>
   <div class='ocr_carea' id='block_1_111' title="bbox 676 6002 893 6046">
    <p class='ocr_par' dir='ltr' id='par_1_111' title="bbox 676 6002 893 6046">
     <span class='ocr_line' id='line_1_112' title="bbox 676 6002 893 6046; baseline 0 0"><span class='ocrx_word' id='word_1_716' title='bbox 676 6002 805 6046; x_wconf 58' lang='lat' dir='ltr'>mi.</span> <span class='ocrx_word' id='word_1_717' title='bbox 874 6010 893 6046; x_wconf 63' lang='grc' dir='ltr'>ι</span> 
     </span>
    </p>
   </div>
   <div class='ocr_carea' id='block_1_112' title="bbox 1964 4728 3612 4802">
    <p class='ocr_par' dir='ltr' id='par_1_112' title="bbox 1964 4728 3612 4802">
     <span class='ocr_line' id='line_1_113' title="bbox 1964 4728 3612 4802; baseline 0.002 -19"><span class='ocrx_word' id='word_1_718' title='bbox 1964 4746 2141 4801; x_wconf 89' lang='lat' dir='ltr'>quam</span> <span class='ocrx_word' id='word_1_719' title='bbox 2174 4728 2245 4783; x_wconf 91' lang='lat' dir='ltr'>ad</span> <span class='ocrx_word' id='word_1_720' title='bbox 2276 4734 2493 4784; x_wconf 91' lang='lat' dir='ltr'>terram</span> <span class='ocrx_word' id='word_1_721' title='bbox 2533 4733 2635 4784; x_wconf 86' lang='lat' dir='ltr'>tua</span> <span class='ocrx_word' id='word_1_722' title='bbox 2675 4728 2887 4800; x_wconf 86' lang='lat' dir='ltr'>pietate</span> <span class='ocrx_word' id='word_1_723' title='bbox 2935 4729 3286 4786; x_wconf 82' lang='lat' dir='ltr'>descendere</span> <span class='ocrx_word' id='word_1_724' title='bbox 3335 4731 3612 4802; x_wconf 90' lang='lat' dir='ltr'>dignatus</span> 
     </span>
    </p>
   </div>
   <div class='ocr_carea' id='block_1_113' title="bbox 1963 4817 3611 4889">
    <p class='ocr_par' dir='ltr' id='par_1_113' title="bbox 1963 4817 3611 4889">
     <span class='ocr_line' id='line_1_114' title="bbox 1963 4817 3611 4889; baseline 0 -15"><span class='ocrx_word' id='word_1_725' title='bbox 1963 4835 2045 4885; x_wconf 89' lang='lat' dir='ltr'>es,</span> <span class='ocrx_word' id='word_1_726' title='bbox 2080 4817 2540 4889; x_wconf 89' lang='lat' dir='ltr'>patriarcharum</span> <span class='ocrx_word' id='word_1_727' title='bbox 2570 4821 2805 4873; x_wconf 89' lang='lat' dir='ltr'>tuorum</span> <span class='ocrx_word' id='word_1_728' title='bbox 2838 4818 2893 4871; x_wconf 93' lang='lat' dir='ltr'>in</span> <span class='ocrx_word' id='word_1_729' title='bbox 2927 4818 3156 4873; x_wconf 90' lang='lat' dir='ltr'>sinibus</span> <span class='ocrx_word' id='word_1_730' title='bbox 3184 4817 3472 4874; x_wconf 88' lang='lat' dir='ltr'>insinuari</span> <span class='ocrx_word' id='word_1_731' title='bbox 3495 4835 3611 4874; x_wconf 90' lang='lat' dir='ltr'>non</span> 
     </span>
    </p>
   </div>
   <div class='ocr_carea' id='block_1_114' title="bbox 1961 4906 3201 4978">
    <p class='ocr_par' dir='ltr' id='par_1_114' title="bbox 1961 4906 3201 4978">
     <span class='ocr_line' id='line_1_115' title="bbox 1961 4906 3201 4978; baseline -0.001 -15"><span class='ocrx_word' id='word_1_732' title='bbox 1961 4924 2176 4964; x_wconf 88' lang='lat' dir='ltr'>renuas</span> <span class='ocrx_word' id='word_1_733' title='bbox 2205 4906 2539 4961; x_wconf 88' lang='lat' dir='ltr'>miseratus.</span> <span class='ocrx_word' id='word_1_734' title='bbox 2572 4907 2679 4971; x_wconf 88' lang='lat' dir='ltr'>Qui</span> <span class='ocrx_word' id='word_1_735' title='bbox 2710 4906 2853 4961; x_wconf 87' lang='lat' dir='ltr'>vivis</span> <span class='ocrx_word' id='word_1_736' title='bbox 2883 4910 2942 4961; x_wconf 90' lang='lat' dir='ltr'>et</span> <span class='ocrx_word' id='word_1_737' title='bbox 2970 4923 3201 4978; x_wconf 90' lang='lat' dir='ltr'>regnas.</span> 
     </span>
    </p>
   </div>
   <div class='ocr_carea' id='block_1_115' title="bbox 2035 4993 3612 5067">
    <p class='ocr_par' dir='ltr' id='par_1_115' title="bbox 2035 4993 3612 5067">
     <span class='ocr_line' id='line_1_116' title="bbox 2035 4993 3612 5067; baseline -0.002 -14"><span class='ocrx_word' id='word_1_738' title='bbox 2035 4997 2239 5054; x_wconf 78' lang='lat' dir='ltr'>Oratio.</span> <span class='ocrx_word' id='word_1_739' title='bbox 2274 4995 2622 5067; x_wconf 89' lang='lat' dir='ltr'>Migrantem</span> <span class='ocrx_word' id='word_1_740' title='bbox 2653 4994 2711 5047; x_wconf 92' lang='lat' dir='ltr'>in</span> <span class='ocrx_word' id='word_1_741' title='bbox 2745 4998 2844 5049; x_wconf 92' lang='lat' dir='ltr'>tuo</span> <span class='ocrx_word' id='word_1_742' title='bbox 2877 4995 3112 5049; x_wconf 91' lang='lat' dir='ltr'>nomine</span> <span class='ocrx_word' id='word_1_743' title='bbox 3151 4994 3223 5048; x_wconf 90' lang='lat' dir='ltr'>de</span> <span class='ocrx_word' id='word_1_744' title='bbox 3273 4993 3382 5049; x_wconf 89' lang='lat' dir='ltr'>hac</span> <span class='ocrx_word' id='word_1_745' title='bbox 3430 4994 3612 5050; x_wconf 90' lang='lat' dir='ltr'>insta-</span> 
     </span>
    </p>
   </div>
   <div class='ocr_carea' id='block_1_116' title="bbox 1963 5081 3613 5153">
    <p class='ocr_par' dir='ltr' id='par_1_116' title="bbox 1963 5081 3613 5153">
     <span class='ocr_line' id='line_1_117' title="bbox 1963 5081 3613 5153; baseline 0 -11"><span class='ocrx_word' id='word_1_746' title='bbox 1963 5085 2066 5143; x_wconf 91' lang='lat' dir='ltr'>bili</span> <span class='ocrx_word' id='word_1_747' title='bbox 2096 5089 2153 5141; x_wconf 88' lang='lat' dir='ltr'>et</span> <span class='ocrx_word' id='word_1_748' title='bbox 2180 5089 2301 5139; x_wconf 89' lang='lat' dir='ltr'>tam</span> <span class='ocrx_word' id='word_1_749' title='bbox 2334 5083 2555 5137; x_wconf 90' lang='lat' dir='ltr'>incerta</span> <span class='ocrx_word' id='word_1_750' title='bbox 2602 5082 2661 5136; x_wconf 91' lang='lat' dir='ltr'>in</span> <span class='ocrx_word' id='word_1_751' title='bbox 2694 5081 3110 5153; x_wconf 88' lang='lat' dir='ltr'>sempiternam</span> <span class='ocrx_word' id='word_1_752' title='bbox 3141 5081 3319 5137; x_wconf 89' lang='lat' dir='ltr'>vitam</span> <span class='ocrx_word' id='word_1_753' title='bbox 3352 5082 3517 5140; x_wconf 88' lang='lat' dir='ltr'>illam</span> <span class='ocrx_word' id='word_1_754' title='bbox 3547 5102 3613 5142; x_wconf 90' lang='lat' dir='ltr'>ac</span> 
     </span>
    </p>
   </div>
   <div class='ocr_carea' id='block_1_117' title="bbox 1963 5170 3612 5237">
    <p class='ocr_par' dir='ltr' id='par_1_117' title="bbox 1963 5170 3612 5237">
     <span class='ocr_line' id='line_1_118' title="bbox 1963 5170 3612 5237; baseline -0.002 -6"><span class='ocrx_word' id='word_1_755' title='bbox 1963 5175 2227 5231; x_wconf 66' lang='lat' dir='ltr'>laetitiam</span> <span class='ocrx_word' id='word_1_756' title='bbox 2272 5171 2559 5228; x_wconf 90' lang='lat' dir='ltr'>suscitare</span> <span class='ocrx_word' id='word_1_757' title='bbox 2589 5186 2748 5237; x_wconf 88' lang='lat' dir='ltr'>eum,</span> <span class='ocrx_word' id='word_1_758' title='bbox 2776 5170 3038 5237; x_wconf 91' lang='lat' dir='ltr'>Domine,</span> <span class='ocrx_word' id='word_1_759' title='bbox 3072 5171 3132 5225; x_wconf 91' lang='lat' dir='ltr'>in</span> <span class='ocrx_word' id='word_1_760' title='bbox 3166 5171 3336 5227; x_wconf 75' lang='lat' dir='ltr'>nobis</span> <span class='ocrx_word' id='word_1_761' title='bbox 3366 5171 3612 5229; x_wconf 76' lang='lat' dir='ltr'>ccclesti-</span> 
     </span>
    </p>
   </div>
   <div class='ocr_carea' id='block_1_118' title="bbox 1962 5261 2537 5336">
    <p class='ocr_par' dir='ltr' id='par_1_118' title="bbox 1962 5261 2537 5336">
     <span class='ocr_line' id='line_1_119' title="bbox 1962 5261 2537 5336; baseline -0.012 -14"><span class='ocrx_word' id='word_1_762' title='bbox 1962 5268 2072 5322; x_wconf 86' lang='lat' dir='ltr'>bus</span> <span class='ocrx_word' id='word_1_763' title='bbox 2103 5262 2378 5336; x_wconf 85' lang='lat' dir='ltr'>digneris.</span> <span class='ocrx_word' id='word_1_764' title='bbox 2411 5261 2537 5316; x_wconf 89' lang='lat' dir='ltr'>Per.</span> 
     </span>
    </p>
   </div>
   <div class='ocr_carea' id='block_1_119' title="bbox 2466 5348 3103 5421">
    <p class='ocr_par' dir='ltr' id='par_1_119' title="bbox 2466 5348 3103 5421">
     <span class='ocr_line' id='line_1_120' title="bbox 2466 5348 3103 5421; baseline 0.002 -17"><span class='ocrx_word' id='word_1_765' title='bbox 2466 5349 2545 5405; x_wconf 85' lang='lat' dir='ltr'>Ad</span> <span class='ocrx_word' id='word_1_766' title='bbox 2567 5365 2759 5421; x_wconf 85' lang='lat' dir='ltr'>corpus</span> <span class='ocrx_word' id='word_1_767' title='bbox 2788 5348 3103 5405; x_wconf 83' lang='lat' dir='ltr'>lavandum.</span> 
     </span>
    </p>
   </div>
   <div class='ocr_carea' id='block_1_120' title="bbox 2036 5436 3615 5513">
    <p class='ocr_par' dir='ltr' id='par_1_120' title="bbox 2036 5436 3615 5513">
     <span class='ocr_line' id='line_1_121' title="bbox 2036 5436 3615 5513; baseline -0.002 -16"><span class='ocrx_word' id='word_1_768' title='bbox 2036 5442 2241 5497; x_wconf 82' lang='lat' dir='ltr'>Oratio.</span> <span class='ocrx_word' id='word_1_769' title='bbox 2273 5440 2533 5513; x_wconf 90' lang='lat' dir='ltr'>Suscipe,</span> <span class='ocrx_word' id='word_1_770' title='bbox 2559 5439 2821 5506; x_wconf 92' lang='lat' dir='ltr'>Domine,</span> <span class='ocrx_word' id='word_1_771' title='bbox 2847 5437 3102 5493; x_wconf 89' lang='lat' dir='ltr'>animam</span> <span class='ocrx_word' id='word_1_772' title='bbox 3140 5436 3290 5493; x_wconf 89' lang='lat' dir='ltr'>servi</span> <span class='ocrx_word' id='word_1_773' title='bbox 3318 5436 3402 5494; x_wconf 90' lang='lat' dir='ltr'>tui</span> <span class='ocrx_word' id='word_1_774' title='bbox 3428 5455 3615 5494; x_wconf 86' lang='lat' dir='ltr'>rever-</span> 
     </span>
    </p>
   </div>
   <div class='ocr_carea' id='block_1_121' title="bbox 1962 5526 3617 5598">
    <p class='ocr_par' dir='ltr' id='par_1_121' title="bbox 1962 5526 3617 5598">
     <span class='ocr_line' id='line_1_122' title="bbox 1962 5526 3617 5598; baseline -0.002 -12"><span class='ocrx_word' id='word_1_775' title='bbox 1962 5534 2182 5587; x_wconf 87' lang='lat' dir='ltr'>tentem</span> <span class='ocrx_word' id='word_1_776' title='bbox 2215 5529 2285 5584; x_wconf 89' lang='lat' dir='ltr'>ad</span> <span class='ocrx_word' id='word_1_777' title='bbox 2325 5533 2402 5598; x_wconf 87' lang='lat' dir='ltr'>te,</span> <span class='ocrx_word' id='word_1_778' title='bbox 2430 5532 2648 5585; x_wconf 80' lang='lat' dir='ltr'>vestem</span> <span class='ocrx_word' id='word_1_779' title='bbox 2676 5527 2966 5584; x_wconf 78' lang='lat' dir='ltr'>cmlestem</span> <span class='ocrx_word' id='word_1_780' title='bbox 2997 5526 3174 5583; x_wconf 89' lang='lat' dir='ltr'>indue</span> <span class='ocrx_word' id='word_1_781' title='bbox 3204 5544 3353 5594; x_wconf 89' lang='lat' dir='ltr'>eam,</span> <span class='ocrx_word' id='word_1_782' title='bbox 3387 5531 3445 5583; x_wconf 89' lang='lat' dir='ltr'>et</span> <span class='ocrx_word' id='word_1_783' title='bbox 3486 5527 3617 5582; x_wconf 90' lang='lat' dir='ltr'>lava</span> 
     </span>
    </p>
   </div>
   <div class='ocr_carea' id='block_1_122' title="bbox 1965 5616 3615 5689">
    <p class='ocr_par' dir='ltr' id='par_1_122' title="bbox 1965 5616 3615 5689">
     <span class='ocr_line' id='line_1_123' title="bbox 1965 5616 3615 5689; baseline -0.002 -13"><span class='ocrx_word' id='word_1_784' title='bbox 1965 5637 2094 5676; x_wconf 82' lang='lat' dir='ltr'>eam</span> <span class='ocrx_word' id='word_1_785' title='bbox 2142 5623 2343 5675; x_wconf 89' lang='lat' dir='ltr'>sancto</span> <span class='ocrx_word' id='word_1_786' title='bbox 2374 5618 2530 5673; x_wconf 86' lang='lat' dir='ltr'>fonte</span> <span class='ocrx_word' id='word_1_787' title='bbox 2559 5618 2688 5672; x_wconf 67' lang='lat' dir='ltr'>vita:</span> <span class='ocrx_word' id='word_1_788' title='bbox 2735 5621 2980 5685; x_wconf 65' lang='lat' dir='ltr'>aeternos,</span> <span class='ocrx_word' id='word_1_789' title='bbox 3007 5620 3068 5672; x_wconf 90' lang='lat' dir='ltr'>ut</span> <span class='ocrx_word' id='word_1_790' title='bbox 3097 5617 3246 5672; x_wconf 86' lang='lat' dir='ltr'>inter</span> <span class='ocrx_word' id='word_1_791' title='bbox 3293 5616 3615 5689; x_wconf 88' lang='lat' dir='ltr'>gaudentes</span> 
     </span>
    </p>
   </div>
   <div class='ocr_carea' id='block_1_123' title="bbox 1965 5705 3615 5782">
    <p class='ocr_par' dir='ltr' id='par_1_123' title="bbox 1965 5705 3615 5782">
     <span class='ocr_line' id='line_1_124' title="bbox 1965 5705 3615 5782; baseline -0.004 -17"><span class='ocrx_word' id='word_1_792' title='bbox 1965 5710 2309 5782; x_wconf 87' lang='lat' dir='ltr'>gaudeat,et</span> <span class='ocrx_word' id='word_1_793' title='bbox 2329 5707 2481 5761; x_wconf 90' lang='lat' dir='ltr'>inter</span> <span class='ocrx_word' id='word_1_794' title='bbox 2503 5705 2794 5778; x_wconf 88' lang='lat' dir='ltr'>sapientes</span> <span class='ocrx_word' id='word_1_795' title='bbox 2820 5708 3028 5778; x_wconf 88' lang='lat' dir='ltr'>sapiat,</span> <span class='ocrx_word' id='word_1_796' title='bbox 3061 5712 3119 5763; x_wconf 90' lang='lat' dir='ltr'>et</span> <span class='ocrx_word' id='word_1_797' title='bbox 3147 5707 3300 5762; x_wconf 90' lang='lat' dir='ltr'>inter</span> <span class='ocrx_word' id='word_1_798' title='bbox 3330 5709 3615 5777; x_wconf 82' lang='lat' dir='ltr'>martyres</span> 
     </span>
    </p>
   </div>
   <div class='ocr_carea' id='block_1_124' title="bbox 1968 5794 3618 5870">
    <p class='ocr_par' dir='ltr' id='par_1_124' title="bbox 1968 5794 3618 5870">
     <span class='ocr_line' id='line_1_125' title="bbox 1968 5794 3618 5870; baseline -0.005 -14"><span class='ocrx_word' id='word_1_799' title='bbox 1968 5798 2299 5866; x_wconf 88' lang='lat' dir='ltr'>consedeat,</span> <span class='ocrx_word' id='word_1_800' title='bbox 2332 5798 2390 5852; x_wconf 89' lang='lat' dir='ltr'>et</span> <span class='ocrx_word' id='word_1_801' title='bbox 2430 5796 2584 5853; x_wconf 88' lang='lat' dir='ltr'>inter</span> <span class='ocrx_word' id='word_1_802' title='bbox 2630 5794 2993 5869; x_wconf 86' lang='lat' dir='ltr'>patriarchas</span> <span class='ocrx_word' id='word_1_803' title='bbox 3045 5795 3330 5870; x_wconf 84' lang='lat' dir='ltr'>proﬁciat,</span> <span class='ocrx_word' id='word_1_804' title='bbox 3363 5797 3421 5851; x_wconf 88' lang='lat' dir='ltr'>et</span> <span class='ocrx_word' id='word_1_805' title='bbox 3466 5794 3618 5849; x_wconf 89' lang='lat' dir='ltr'>inter</span> 
     </span>
    </p>
   </div>
  </div>
