3982 6172
368 313 489 380 927

1566 310 1760 377 asc.
1805 307 1888 404 x1
1929 305 2245 401 nomen.
2288 309 2609 375 LITURG.

3681 309 3818 372 938

371 445 687 525 prophetas
715 450 771 507 et
801 445 1096 525 apostolos
1143 448 1309 523 sequi
1334 445 1631 505 Christum
1679 444 1938 517 studeat,
1965 447 2023 501 et
2049 443 2104 512 Α
2133 443 2284 501 inter
2333 444 2570 520 agmina
2626 449 2964 503 sanctorum
3023 420 3259 503 tuorum
3307 443 3598 520 digneris;
3630 448 3817 505 veste

370 537 524 595 inter
566 539 805 612 angelos
850 544 907 596 et
953 536 1333 613 archangelos
1388 537 1715 594 claritatem
1774 534 1873 592 Dei
1929 535 2019 590 vi-

369 626 522 696 deat,
548 630 603 683 et
632 627 787 683 inter
817 628 1071 700 paradisi
1097 628 1302 683 rutilos
1333 625 1555 700 lapides
1576 625 1856 699 gaudium
1890 640 2019 697 pos-

371 717 579 782 sideat,
630 719 688 772 et
730 716 1189 774 ministeriorum
1239 716 1341 773 Dei
1398 716 1665 772 notitiam
1718 718 2016 787 agnoscat,

368 810 425 862 et
455 805 605 861 inter
635 804 936 861 cherubim
982 811 1039 863 et
1076 805 1372 879 serapbim
1407 804 1729 861 claritatem
1781 804 1877 859 Dei
1927 802 2018 858 in—

365 895 579 963 veniat,
612 898 669 949 et
716 894 867 950 inter
914 895 1118 969 viginti
1167 900 1421 968 quatuor
1476 895 1736 951 seniores
1794 892 2021 948 cantica

366 982 728 1047 canticorum
758 987 1060 1041 cantantes
1091 984 1310 1053 audiat,
1340 989 1398 1040 et
1428 984 1578 1039 inter
1607 982 1868 1038 lavantes
1900 985 2017 1036 sto-

357 1070 452 1129 ias
482 1088 621 1129 suas
650 1072 709 1127 in
742 1072 899 1128 fonte
929 1072 1173 1128 luminis
1206 1078 1422 1129 vestem
1455 1089 1624 1128 suam
1659 1070 1824 1139 lavet,
1849 1074 1905 1125 et
1925 1069 2019 1124 in~

362 1164 451 1218 ter
478 1160 781 1234 pulsantes
829 1160 1041 1233 pulset,
1075 1164 1131 1216 et
1160 1165 1357 1233 portas
1405 1159 1733 1216 Jerusalem
1788 1162 2019 1232 apertas

363 1249 644 1316 inveniat,
677 1253 735 1306 et
780 1248 934 1305 inter
960 1250 1225 1306 videntes
1268 1249 1580 1305 Dominum
1620 1248 1764 1305 facie
1811 1248 1884 1303 ad
1935 1247 2020 1302 ta-

363 1338 511 1396 ciem
549 1339 761 1406 videat,
793 1342 851 1394 et
905 1339 1055 1394 inter
1103 1343 1405 1395 cantantes
1457 1338 1751 1394 canticum
1803 1354 2019 1394 novum

362 1432 575 1496 cantet,
602 1432 661 1484 et
689 1427 843 1483 inter
864 1427 1171 1483 audientes
1199 1427 1490 1484 caelestem
1513 1426 1773 1483 sonitum
1797 1426 2017 1483 audiat.

363 1517 470 1573 Per
500 1516 718 1574 omnia.

440 1607 566 1663 Alia
594 1608 790 1662 oratio.
822 1606 1082 1679 Suscipe,
1107 1606 1370 1675 Domine,
1409 1605 1665 1662 animam
1698 1605 1902 1661 famuli
1934 1609 2018 1663 tui

361 1697 433 1752 ad
464 1700 521 1753 te
553 1700 958 1764 revertentem,
979 1696 1051 1751 de
1080 1694 1308 1769 {Egypti
1348 1696 1615 1768 partibus
1645 1695 2017 1767 proﬁciscen-

2119 551 2351 608 quoque
2380 535 2597 592 caelesti
2630 539 2686 592 et
2706 535 2856 593 stola
2898 534 3363 594 immortalitatis
3391 535 3575 607 indui,
3605 541 3670 594 et
3707 553 3816 611 pl.

2127 624 2304 680 radisi
2337 624 2675 681 amoenitate
2705 625 2995 681 confoveri
3029 626 3272 699 jubeas.
3305 627 3432 683 Per.

2197 715 2321 770 Alia
2357 717 2552 770 oratio.
2605 715 2781 785 Deus,
2834 715 2935 787 qui
2996 714 3393 772 humanarum
3445 715 3805 774 animarum

2127 805 2378 859 aeternus
2407 808 2635 860 amator
2664 819 2746 872 es,
2768 805 3030 860 animam
3062 804 3266 860 famuli
3297 804 3598 879 tui,quam
3630 822 3803 876 vera,

2128 892 2268 947 dum
2296 891 2355 947 in
2387 909 2627 966 corpore
2654 892 3023 963 vixit,tenuit
3051 893 3218 960 fides,
3235 894 3307 950 ab
3330 895 3491 950 omni
3521 896 3802 953 cruciatu

2129 979 2491 1036 infernarum
2524 981 2698 1037 redde
2730 985 3038 1051 extorrem,
3068 986 3136 1038 ut
3164 987 3469 1058 segregata
3496 986 3568 1041 ab
3599 985 3801 1042 infer-

2129 1068 2364 1125 nalibus
2396 1069 2669 1126 claustris
2699 1075 3036 1128 sanctorum
3062 1077 3353 1128 mereatur
3379 1073 3627 1130 adunari
3654 1092 3799 1132 con-

2130 1158 2348 1215 sortiis.
2376 1159 2483 1215 Per
2512 1158 2829 1216 Dominum
2861 1164 3129 1217 nostrum
3157 1161 3363 1218 Jesum
3388 1162 3711 1220 Christum.

2206 1249 2336 1303 Alia
2354 1249 2550 1303 oratio.
2577 1251 2748 1320 Deus,
2774 1249 2926 1322 apud
2948 1266 3123 1322 quem
3146 1253 3513 1308 mortuorum
3534 1254 3793 1325 spiritus

2125 1336 2348 1404 vivunt,
2374 1341 2430 1392 et
2460 1336 2519 1393 in
2542 1354 2657 1410 quo
2679 1337 2993 1396 electorum
3017 1337 3245 1407 animae,
3273 1340 3539 1413 deposito
3560 1342 3788 1412 carnis,

2130 1440 2322 1493 onere,
2346 1424 2517 1496 plena
2558 1424 2831 1481 felicitate
2872 1423 3165 1495 laetantur,
3188 1432 3419 1500 praesta,
3441 1429 3787 1502 supplican-

2128 1511 2287 1569 tibus
2320 1513 2508 1581 nobis,
2533 1517 2597 1569 ut
2629 1514 2887 1570 animam
2929 1515 3132 1571 famuli
3172 1516 3276 1585 tui,
3311 1533 3437 1590 qua:
3469 1519 3787 1593 temporali

2130 1602 2309 1674 hujus
2342 1601 2538 1658 smculi
2567 1603 2753 1659 caruit
2781 1603 2932 1671 visu,
2957 1608 3171 1660 aeterno
3201 1605 3360 1662 illius
3390 1604 3543 1665 lucis
3571 1608 3786 1666 solatio

2129 1691 2404 1763 potiatur,
2428 1692 2704 1764 nonzeam
2734 1695 3095 1749 tormentum
3126 1695 3333 1751 mortis
3361 1696 3628 1770 attingat,
3664 1715 3787 1755 non

360 1790 501 1853 tem,
533 1790 589 1841 et
631 1786 799 1842 mitte
848 1784 1083 1857 angelos
1118 1789 1251 1841 tuos
1295 1788 1530 1840 sanctos
1580 1784 1808 1839 obviam
1858 1784 1931 1851 ei,
1965 1789 2021 1840 et
2049 1806 2098 1873 Β
2130 1779 2294 1835 dolor
2323 1780 2623 1873 horrenda:
2652 1781 2896 1838 visionis
2927 1782 3165 1873 afficiet,
3191 1800 3306 1840 non
3331 1785 3580 1858 poenalis
3601 1786 3789 1844 timor

358 1875 512 1931 viam
530 1874 798 1947 justitiae,
824 1876 881 1929 et
902 1873 1114 1947 repelle
1137 1874 1208 1929 ab
1234 1890 1301 1929 ea
1323 1890 1526 1929 omnes
1550 1873 1841 1945 principes
1861 1877 2017 1929 tene-

360 1964 631 2032 brarum;
665 1978 933 2036 agnosce,
967 1962 1580 2031 Domine,creaturam
1607 1966 1769 2018 tuam
1806 1980 1920 2019 non
1949 1979 2018 2018 ex

359 2054 472 2111 diis
505 2051 711 2109 alienis
739 2057 1017 2124 creatam,
1042 2053 1143 2108 sed
1174 2070 1209 2109 a
1237 2055 1293 2108 te
1323 2051 1445 2108 solo
1479 2056 1592 2107 Deo
1613 2052 1742 2107 vivo
1773 2055 1831 2107 et
1859 2067 2013 2120 vero,

359 2142 498 2215 quia
527 2158 642 2197 non
672 2144 763 2198 est
792 2140 943 2197 alius
973 2142 1127 2198 Deus
1172 2145 1378 2214 praeter
1408 2146 1484 2210 te,
1522 2141 1781 2210 Domine,
1814 2144 1871 2196 et
1899 2157 2015 2197 non

358 2235 448 2291 est
474 2232 800 2290 secundum
824 2248 999 2305 opera
1020 2236 1141 2287 tua.
1169 2232 1444 2299 Lzetiﬁca,
1468 2230 1731 2299 Domine,
1757 2229 2016 2287 animam

362 2322 564 2379 famuli
596 2321 705 2390 tui,
739 2325 796 2378 et
828 2336 899 2377 ne
927 2321 1268 2378 memineris
1300 2319 1679 2393 iniquitatum
1710 2320 1838 2392 ejus
1871 2337 2016 2393 quas

362 2411 669 2472 suscitavit
698 2410 861 2467 furor
891 2410 1029 2467 mali
1051 2411 1360 2478 desiderii;
1391 2409 1528 2465 licet
1545 2409 1701 2465 enim
1735 2409 2012 2482 peccavit,

359 2503 556 2557 tamen
589 2500 840 2564 Patrem,
865 2502 921 2553 et
953 2498 1261 2566 Filium,et
1290 2496 1574 2569 Spiritum
1596 2500 1866 2553 sanctum
1898 2514 2015 2553 non

358 2587 612 2661 negavit,
635 2588 736 2644 sed
760 2586 1027 2654 credidit,
1052 2590 1110 2642 et
1139 2584 1327 2641 zelum
1356 2584 1456 2641 Dei
1479 2585 1704 2653 habuit,
1729 2588 1787 2641 et
1808 2585 2013 2660 Deum,

366 2676 464 2748 qui
499 2675 632 2732 fecit
660 2674 879 2742 omnia,
902 2674 1180 2730 adoravit.
1205 2674 1312 2741 Qui
1341 2674 1481 2729 vivit
1510 2676 1567 2729 et
1596 2677 1816 2747 regnat.

433 2765 640 2821 Oratio.
674 2764 851 2830 Deus,
901 2766 1037 2818 ante
1092 2764 1262 2833 cujus
1320 2764 1700 2833 conspectum
1758 2762 2017 2820 defertur

363 2869 535 2910 omne
564 2852 719 2926 quod
750 2851 1001 2925 geritur;
1034 2851 1134 2923 qui
1175 2866 1311 2907 cum
1356 2850 1438 2906 sis
1486 2850 1806 2919 institutor,
1839 2856 1897 2908 et
1945 2852 2014 2908 de

361 2940 669 3015 suppliciis
693 2957 755 2998 es
783 2941 1135 3011 moderator,
1150 2956 1490 3012 quaesumus
1512 2956 1616 3012 pro
1639 2939 1859 2996 famulo
1886 2944 2014 3009 tuo,

360 3035 426 3088 ut
454 3031 556 3088 des
586 3031 638 3087 ei
670 3033 895 3104 partem
927 3046 1062 3085 cum
1093 3029 1313 3085 sanctis
1355 3028 1494 3096 tuis,
1529 3032 1585 3083 et
1612 3027 2013 3086 haereditatem

360 3137 494 3177 cum
528 3119 726 3177 electis
751 3119 888 3176 tuis.
915 3118 1021 3175 Per
1050 3117 1247 3175 omnia
1279 3115 1510 3173 saecula.

432 3212 634 3268 Oratio.
662 3209 926 3282 Suscipe,
960 3209 1223 3275 Domine,
1246 3207 1504 3264 animam
1537 3207 1684 3263 servi
1718 3207 1802 3262 tui
1836 3207 1895 3262 in
1916 3208 2015 3264 bo-
2045 3178 2090 3247 θ’

359 3317 502 3357 num
546 3298 971 3366 habitaculum,
997 3299 1168 3370 cujus
1188 3296 1603 3370 corpusculum
1628 3295 1858 3352 lavandi
1892 3313 2017 3369 per-

359 3388 622 3463 ragimus
650 3387 932 3456 officium,
952 3390 1008 3443 et
1033 3387 1108 3443 da
1128 3386 1178 3442 ei
1201 3387 1462 3458 requiem
1489 3385 1549 3442 in
1575 3402 1753 3458 regno
1776 3389 2012 3455 aeterno,

360 3479 418 3535 id
451 3483 540 3534 est
567 3479 626 3533 in
656 3476 981 3534 Jerusalem
1006 3474 1323 3546 cmlestem,
1346 3480 1403 3530 et
1432 3476 1490 3530 in
1514 3474 1743 3530 sinibus
1774 3474 2018 3547 patriar-

361 3566 604 3622 charum
662 3570 921 3631 tuorum,
955 3564 1011 3619 id
1052 3569 1140 3619 est
1179 3564 1444 3633 Abrahae,
1478 3563 1639 3619 Isaac
1697 3568 1754 3618 et
1810 3563 2017 3633 Jacob,

360 3650 642 3709 collocare
688 3652 969 3725 digneris,
1003 3656 1069 3707 ut
1117 3652 1329 3707 habeat
1377 3655 1602 3724 partem
1655 3650 1713 3705 in
1763 3652 1931 3708 beata
1962 3656 2019 3707 et

363 3740 556 3815 prima
584 3739 1039 3807 resurrectione;
1073 3756 1285 3812 corpus
1334 3740 1462 3811 ejus
1512 3738 1766 3811 suscipe,
1795 3736 1852 3795 et
1880 3756 2015 3795 cum

361 3830 684 3887 benedictis
712 3830 784 3886 ad
819 3830 1111 3886 dexteram
1157 3827 1257 3884 Dei
1300 3827 1488 3885 Patris
1519 3826 1886 3884 venientibus
1916 3845 2015 3884 ve-

364 3920 505 3989 niat,
530 3924 587 3976 et
614 3918 767 3976 inter
797 3918 1162 3992 possidentes
1182 3917 1360 3974 vitam
1388 3921 1663 3973 aeternam
1695 3917 2012 3991 possideat.

364 4010 490 4066 Per.

488 4116 765 4188 Incipiunt
793 4116 1207 4242 capitula,lsiv(.;
1229 4116 1520 4182 orationes,
1547 4122 1667 4187 post
1695 4130 1889 4186 corpus

1081 4204 1185 4242 uva
1211 4204 1324 4242 um.

1081 4194 1324 4243 avatum.

435 4276 605 4332 Pater
635 4280 850 4353 noster.
883 4276 953 4330 Et
985 4291 1054 4329 ne
1084 4292 1214 4329 nos.

438 4363 771 4435 Capitulum.
821 4363 884 4418 In
934 4364 1217 4420 memoria
1262 4366 1476 4418 aeterna
1522 4361 1633 4417 erit
1672 4362 1897 4433 justus.
1929 4360 2015 4417 Ab

370 4450 597 4508 auditu.

2126 1868 2435 1935 excruciet,
2464 1886 2579 1925 non
2612 1886 2841 1926 reorum
2871 1871 3132 1943 pessima
3160 1876 3364 1929 catena
3392 1875 3780 1950 constringat,

2126 1959 2247 2026 sed,
2272 1975 2549 2015 concessa
2568 1959 2677 2015 sibi
2701 1959 3046 2017 delictorum
3070 1962 3334 2018 omnium
3354 1964 3539 2034 venia,
3563 1968 3785 2039 optata

2126 2046 2339 2120 quietis
2371 2052 2764 2120 consequatur
2787 2049 3006 2121 gaudia
3037 2050 3410 2122 repromissa.

2198 2138 2395 2192 Finitis
2424 2138 2677 2193 omnibus
2718 2140 3077 2207 orationibus,
3096 2143 3336 2212 ponatur
3379 2158 3572 2215 corpus
3606 2145 3671 2199 in
3696 2148 3781 2216 fe-

2124 2234 2290 2293 retro,
2314 2229 2364 2282 et
2393 2229 2714 2298 aspergatur
2741 2243 2887 2299 aqua
2913 2232 3124 2297 sancta,
3147 2238 3197 2285 et
3227 2232 3535 2288 incensetur
3562 2240 3616 2289 et
3642 2248 3780 2289 can-

2125 2322 2257 2371 tent.
2300 2315 2633 2383 Subvenite,
2671 2316 2857 2372 sancti
2900 2315 3022 2372 Dei.
3056 2318 3352 2391 Suscipiat
3394 2324 3469 2376 te.
3502 2320 3683 2390 Deus,
3716 2321 3777 2378 in

2126 2403 2363 2459 nomine
2392 2406 2513 2459 tuo.
2553 2403 2710 2460 Beati
2741 2404 3124 2462 immaculati.
3149 2408 3212 2463 Et
3236 2409 3318 2464 sic
3361 2408 3563 2465 vadunt
3590 2410 3660 2466 ad
3688 2427 3779 2467 ee-

2123 2493 2368 2549 clesiam.
2391 2494 2523 2550 Cum
2552 2495 2801 2550 venerint
2830 2494 2901 2549 ad
2931 2496 3219 2552 introitum
3246 2497 3505 2566 ecclesiae,
3529 2498 3740 2555 dicitur
3758 2519 3779 2555 :

2125 2581 2458 2651 Subvenite,
2492 2582 2680 2638 sancti
2711 2582 2830 2639 Dei.
2863 2583 2927 2639 Et
2952 2586 3033 2640 sic
3059 2584 3215 2641 detur
3243 2587 3523 2643 incensum
3552 2592 3607 2644 et
3630 2605 3783 2661 aqua

2123 2678 2334 2738 sancta,
2355 2673 2404 2725 et
2431 2674 2698 2727 sonentur
2737 2673 2926 2728 omnia
2952 2675 3131 2745 signa,
3154 2681 3206 2730 et
3226 2680 3469 2747 ponatur
3509 2679 3786 2748 feretrum

2124 2762 2185 2817 in
2209 2760 2541 2832 pavimento,
2573 2765 2625 2816 et
2653 2764 2872 2818 cantent
2916 2764 3299 2820 invitatoriam
3323 2783 3343 2820 :
3377 2766 3612 2839 Regem,
3641 2770 3785 2838 etc.,

2126 2858 2184 2904 ut
2213 2851 2273 2904 in
2300 2849 2480 2917 editis,
2496 2851 2803 2920 .exclusive,
2819 2867 2990 2924 usque
3009 2853 3079 2908 ad
3099 2857 3503 2925 responsorium
3526 2857 3788 2915 secunda

2125 2939 2373 2995 lectionis
2397 2940 2572 3011 primi
2608 2942 2883 3008 nocturni,
2906 2940 3065 3013 cujus
3093 2943 3255 2998 verba
3303 2944 3415 3000 haec
3458 2949 3589 3001 sunt
3618 2963 3638 3001 :
3668 2946 3784 3012 Qui

2123 3028 2485 3085 resuscitasti
2518 3028 2772 3102 puellam
2802 3030 2953 3087 infra
2983 3032 3249 3103 domum,
3278 3037 3337 3090 et
3374 3034 3645 3106 juvenem
3677 3052 3786 3092 ex-

2123 3120 2216 3173 tra
2240 3122 2489 3190 portam,
2529 3121 2589 3173 tu
2624 3119 2696 3186 ei,
2721 3119 2986 3177 Domine.
3010 3122 3186 3178 Lectio
3217 3120 3427 3180 Manus
3476 3127 3608 3193 tum,
3640 3127 3785 3192 etc.,

2125 3207 2415 3273 exclusive,
2448 3223 2619 3278 usque
2647 3207 2718 3263 ad
2748 3212 3150 3280 responsorium
3191 3214 3467 3284 sequentis

2127 3294 2451 3366 Responde.
2515 3295 2666 3363 Quod
2720 3298 2800 3352 sic
2851 3298 3079 3370 effertur
3124 3317 3143 3353 :
3192 3300 3526 3368 Subvenite,
3586 3303 3785 3358 sancti

2125 3380 2248 3453 Dei,
2282 3387 2416 3451 etc.,
2447 3386 2505 3438 ut
2550 3385 2612 3439 in
2652 3383 2831 3454 editis,
2863 3386 3079 3459 quando
3107 3387 3394 3444 deducitur
3437 3389 3666 3446 cadaver
3712 3391 3787 3448 de

2123 3471 2299 3528 domo.
2334 3473 2516 3529 Homo
2548 3476 2719 3530 natus
2750 3475 2821 3530 de
2853 3474 3118 3546 muliere,
3140 3481 3273 3548 etc.,
3304 3486 3366 3534 ut
3392 3480 3452 3533 in
3478 3479 3660 3548 editis,
3683 3497 3785 3536 us-

2125 3577 2227 3632 que
2257 3560 2327 3615 ad
2368 3564 2775 3633 responsorium
2795 3566 3072 3635 sequentis
3121 3566 3384 3622 lectionis.
3419 3566 3560 3632 Quis
3605 3568 3755 3624 mihi
3766 3611 3782 3637 ,

2125 3651 2222 3705 ubi
2241 3651 2482 3722 legitur:
2505 3649 2587 3708 Ne
2610 3651 2793 3709 intres
2810 3652 2863 3707 in
2881 3653 3175 3725 judicium
3197 3672 3331 3712 cum
3349 3672 3512 3714 servo
3534 3659 3655 3726 tuo,
3676 3660 3790 3713 Do-

2126 3736 2302 3793 mine.
2324 3739 2386 3793 In
2414 3740 2571 3795 tertio
2601 3744 2866 3796 nocturno
2894 3759 2913 3795 :
2942 3740 3330 3814 Complaceat,
3352 3746 3486 3809 etc.,
3510 3759 3677 3815 usque
3708 3743 3787 3799 ad

2125 3835 2293 3883 totam
2322 3827 2623 3884 lectionem.
2660 3828 2800 3885 Pelli
2831 3846 2995 3901 meae,
3023 3833 3181 3903 cujus
3211 3834 3632 3905 responsorium
3648 3840 3733 3889 est
3761 3851 3784 3888 ,ο

2124 3916 2327 3972 Libera
2359 3915 2761 3987 me,’Domine,
2782 3919 2853 3974 de
2890 3920 2944 3974 vi
2977 3920 3209 3988 inferni,
3233 3922 3334 3993 qui
3372 3926 3570 3994 portas
3599 3938 3784 3978 amas

2123 4004 2553 4078 confregisti,et
2582 4005 2828 4063 visitasti
2882 4007 3199 4077 infernum,
3226 4015 3285 4066 et
3328 4010 3542 4067 dedisti
3570 4010 3658 4067 eis
3685 4010 3781 4066 lu-

2124 4109 2279 4160 men,
2302 4096 2365 4148 ut
2383 4093 2644 4150 viderent
2673 4097 2729 4150 te
2750 4094 2849 4168 qui
2873 4102 3039 4153 erant
3068 4098 3128 4153 in
3160 4098 3348 4172 poenis
3373 4100 3778 4170 tenebrarum,

2124 4181 2445 4238 clamantes
2462 4185 2519 4239 et
2539 4181 2798 4241 dicentes
2818 4202 2831 4241 :
2849 4186 3170 4257 Advenisti,
3186 4188 3539 4260 Redemptor
3557 4192 3779 4257 noster,

2124 4270 2231 4338 Qui
2262 4275 2445 4328 erant.
2472 4274 2684 4330 Lectio:
2706 4273 2808 4328 Vir
2837 4274 3197 4332 fortissimus
3225 4276 3429 4334 Judas.
3458 4277 3784 4347 ἠλιθιώτα-

2123 4364 2254 4433 ptor
2284 4378 2451 4418 meus
2481 4361 2642 4432 vivit,
2665 4364 2722 4418 et
2764 4362 2825 4418 in
2858 4363 3175 4421 novissimo
3218 4366 3312 4422 die
3361 4382 3687 4440 resurgam,
3721 4369 3787 4421 et

2122 4450 2557 4506 renovabuntur
2602 4451 2795 4507 denuo
2826 4469 2961 4509 ossa
2999 4470 3149 4521 mea,
3173 4458 3229 4509 et
3258 4454 3319 4509 in
3351 4471 3524 4511 carne
3570 4454 3784 4513 videbo

437 4539 517 4595 Ne
547 4539 730 4596 intres
776 4540 837 4595 in
873 4538 1166 4610 judicium
1198 4555 1332 4595 cum
1379 4554 1542 4596 servo
1592 4542 1719 4609 tuo,
1751 4539 2013 4608 Domine,
2046 4546 2093 4613 Ι)
2124 4538 2438 4594 Dominum
2489 4554 2705 4597 meum.
2732 4540 2953 4610 Lauda,
2986 4542 3184 4599 anima
3232 4559 3384 4611 mea,
3424 4543 3782 4615 Dominum;

366 4629 514 4698 Quia
542 4645 658 4685 non
679 4628 1121 4702 justificabitur.

438 4717 521 4774 Ne
550 4718 749 4775 tradas
779 4717 986 4775 bestiis
1018 4718 1247 4775 animas
1273 4718 1616 4775 conﬁtentes
1643 4717 1772 4786 tibi,
1799 4718 1870 4774 Et
1900 4718 2019 4774 ani-

368 4822 497 4865 mas
528 4823 876 4881 pauperum.

439 4898 721 4971 Requiem
752 4901 1026 4953 aeternam
1058 4897 1212 4953 dona
1248 4896 1299 4953 ei
1331 4896 1595 4963 Domine,
1625 4897 1696 4952 Et
1742 4896 1841 4952 lux
1888 4912 2016 4968 per-

371 4990 564 5059 petua.

440 5076 683 5135 Domine
714 5076 942 5133 exaudi.
980 5076 1049 5131 Et
1079 5075 1314 5131 clamor.

441 5165 728 5222 Dominus
753 5165 1080 5222 vobiscum.
1108 5165 1181 5220 Et
1210 5181 1365 5219 cum.

442 5255 646 5311 Oratio.
673 5255 985 5323 Deus,vitaa
1007 5254 1196 5320 dator,
1219 5258 1275 5309 et
1296 5253 1688 5308 humanorum
1712 5267 2017 5323 corporum

372 5346 692 5413 reparator,
716 5344 818 5416 qui
862 5348 916 5399 te
956 5361 990 5399 a
1036 5342 1443 5416 peccatoribus
1490 5340 1714 5397 exorari
1760 5340 2019 5407 voluisti,

371 5429 582 5484 exaudi
632 5447 850 5501 preces,
884 5449 1031 5505 quas
1062 5430 1299 5505 speciali
1328 5430 1629 5486 devotione
1673 5444 1777 5501 pro
1826 5427 2026 5484 anima

375 5514 579 5572 famuli
610 5516 694 5571 tui
746 5518 851 5575 tibi
897 5519 1350 5592 lacrymabiliter
1401 5517 1728 5585 fundimus,
1776 5519 1833 5573 et
1873 5515 2023 5573 libe-

375 5621 504 5668 rare
548 5620 682 5663 eum
732 5607 803 5664 ab
850 5608 1171 5665 inferorum
1229 5606 1606 5677 cruciatibus,
1638 5611 1696 5663 et
1742 5605 2025 5664 collocare

2125 4625 2374 4683 laudabo
2406 4627 2719 4683 Dominum
2752 4628 2812 4683 in
2862 4628 2984 4685 vita
3030 4647 3180 4687 mea.
3211 4632 3278 4687 Et
3323 4632 3384 4687 in
3437 4649 3631 4689 carne.
3666 4633 3787 4690 Re-

2129 4715 2325 4788 quiem
2357 4718 2654 4771 aeternam.
2686 4716 2757 4773 Et
2785 4717 2845 4771 in
2876 4734 3069 4775 carne.

2194 4806 2259 4859 In
2287 4803 2563 4859 Laudibus
2587 4820 2605 4857 :
2624 4803 3032 4879 Exsultabunt,
3062 4811 3195 4876 etc.,
3222 4813 3285 4865 ut
3312 4810 3377 4865 in
3401 4808 3584 4879 editis,
3615 4826 3787 4883 usque

2127 4892 2197 4949 ad
2220 4895 2475 4964 quartam
2504 4893 2861 4964 antiphonam
2887 4896 3179 4954 exclusive.
3204 4897 3519 4970 Antiphona
3546 4916 3566 4955 :
3598 4899 3789 4957 Reee-

2127 4980 2326 5054 gitabo
2358 4996 2562 5036 omnes
2590 4998 2776 5038 annos
2827 4998 2988 5041 meos
3017 4984 3077 5040 in
3111 4986 3503 5045 amaritudine
3546 4990 3780 5046 anim.

2127 5070 2279 5125 Psal.
2310 5074 2372 5124 ut
2423 5071 2484 5124 in
2528 5069 2687 5126 editis
2730 5075 2781 5127 et
2837 5088 3008 5146 usque
3060 5076 3130 5131 ad
3186 5076 3548 5150 uiuiphomm
3597 5078 3781 5135 Baue-

2129 5158 2344 5225 dietus,
2362 5161 2480 5228 post
2510 5174 2675 5230 quam
2705 5160 2907 5232 legitur
2926 5181 2947 5218 .·
2978 5163 3163 5219 Omne
3192 5166 3343 5237 quod
3377 5166 3642 5239 dat,.eta.
3676 5168 3783 5224 Be-

2130 5247 2417 5304 nedictus.
2448 5246 2527 5303 Ad
2568 5248 2819 5321 Yesperas
2855 5250 3158 5325 antiphona
3186 5271 3206 5309 :
3236 5254 3480 5313 Plaoebo
3513 5255 3781 5324 Domino,

2131 5341 2266 5403 etc.,
2296 5351 2465 5409 usque
2501 5336 2571 5391 ad
2609 5338 2887 5409 psalmum
2915 5356 2935 5398 :
2964 5341 3314 5413 Conﬁtebor,
3344 5345 3615 5402 inclusive
3638 5349 3698 5401 ut
3721 5347 3786 5401 in

2131 5426 2309 5483 editis.

2202 5513 2407 5571 Deinde
2432 5516 2678 5588 sequitur
2706 5532 2726 5570 :
2758 5517 3038 5590 Requiem
3085 5525 3381 5579 aeternam.
3412 5522 3480 5579 Et
3520 5521 3640 5580 lux.
3672 5524 3787 5581 An-

2134 5605 2361 5677 tiphone
2388 5619 2408 5659 :
2445 5603 2653 5660 Audivi
2701 5622 2900 5664 vocem
2951 5608 3021 5665 de
3060 5609 3203 5668 caelo
3251 5610 3541 5669 dicentem
3588 5611 3786 5669 mihi:
