3982 6162
176 272 300 338 929

967 274 1385 342 EXCEBPTA
1424 272 1527 340 EX
1568 278 1797 341 CODD.
1844 267 2159 342 Ll'l‘URG.
2206 274 2803 345 FONTAVELLAN.

3462 280 3583 349 930

174 410 342 467 Beati
374 404 721 483 mortui,qui
750 408 811 468 in
836 408 1085 468 Domino
1116 411 1823 485 moriuntur.Magnificat.
1856 412 1913 483 Α
1940 408 2076 469 suos
2106 412 2333 470 eum’in
2365 418 2527 488 parte
2556 415 2789 474 dextera
2813 415 3216 475 collocandum
3266 419 3583 499 resuscita-

169 501 324 558 Psat.
362 501 438 559 De
467 499 798 574 profundis.
847 502 995 558 Psat.
1047 501 1264 559 Lauda.
1308 503 1456 558 Psat.
1488 501 1820 558 Voce.Psat.

166 591 258 649 Ad
290 590 630 649 Dominum.
661 591 831 650 Pater
855 595 1073 648 noster.
1107 591 1174 648 Et
1203 608 1275 648 ne
1303 607 1430 648 nos.

243 679 450 737 Oratio.
483 683 660 751 Deus,
693 680 786 745 cui
818 680 1122 754 proprium
1166 685 1275 738 est.
1326 681 1452 737 Atia
1497 681 1693 737 oratio.
1725 684 1821 736 In-

163 768 345 838 clina,
377 769 644 835 Domine.

237 858 444 925 Deinde
462 859 708 917 sacerdos
726 865 825 918 stet
846 861 1013 934 juxta
1030 860 1548 933 /eretrum.Interim
1567 875 1729 915 sonen
1737 867 1827 916 tur

162 950 359 1009 omnia
405 950 587 1020 signa,
639 965 917 1023 quousque
959 964 1143 1006 omnes
1188 950 1534 1017 conveniant,
1580 952 1631 1005 et
1678 950 1824 1004 acci-

155 1040 330 1110 piant
357 1038 631 1108 candelas,
661 1047 713 1095 et
741 1041 933 1094 cantor
961 1041 1065 1095 stet
1094 1038 1238 1112 apud
1263 1039 1531 1109 feretrum
1573 1041 1625 1094 et
1653 1037 1819 1094 dicat.

160 1127 373 1185 Deinde
390 1136 444 1186 et
468 1127 625 1193 dicat,
643 1126 890 1184 sacerdos
918 1126 1327 1184 orationem.Ne
1356 1126 1562 1196 intres,
1596 1131 1730 1196 etc.,
1764 1135 1824 1183 ut

162 1218 229 1273 in
261 1216 443 1274 editis.
478 1219 538 1287 ii}.
571 1216 681 1284 Qui
714 1217 994 1274 Lazarum
1040 1215 1363 1273 suscitasti.
1409 1218 1661 1285 Interim,
1692 1215 1824 1272 dum

159 1311 445 1376 cantatur,
472 1308 715 1364 incenset
743 1307 938 1373 altare,
970 1305 1168 1363 deinde
1194 1322 1411 1378 corpus,
1439 1309 1489 1363 et
1517 1314 1709 1362 cantor
1736 1304 1821 1361 di-

157 1405 253 1455 cat
282 1414 302 1452 :
331 1397 527 1470 Kyrie,
559 1395 809 1469 Christe,
842 1396 1039 1469 Kyrie;
1070 1400 1124 1453 et
1150 1395 1399 1452 sacerdos
1437 1394 1585 1452 dicat
1625 1396 1823 1452 oratio—

154 1502 294 1542 nem
324 1505 344 1542 :
378 1487 491 1549 Fac
520 1502 883 1558 quaesumus,
916 1489 976 1542 ut
1020 1486 1082 1541 in
1128 1485 1311 1541 editis.
1363 1484 1698 1542 Subvenite.
1746 1487 1827 1540 Et

154 1575 414 1633 sacerdos
463 1578 701 1633 incenset
748 1574 945 1642 altare,
985 1582 1037 1631 et
1082 1590 1294 1647 corpus,
1326 1583 1376 1630 et
1420 1577 1611 1630 cantor
1655 1573 1823 1642 dicat,

154 1668 217 1723 et
243 1664 494 1722 sacerdos
516 1664 661 1721 dicat
691 1666 993 1721 orationem
1038 1681 1052 1719 :
1105 1662 1350 1735 Inclina,
1403 1662 1667 1731 Domine,
1712 1667 1820 1720 etc.

1935 502 1983 558 ri
2014 502 2208 559 faciat.
2240 504 2557 561 Praestante
2586 504 2831 562 Domino
2881 510 3080 564 nostro
3133 502 3273 565 Jesu
3330 508 3579 569 Christo.

1933 591 2041 659 Qui
2074 608 2209 648 eum
2241 592 2407 650 Patre
2439 598 2496 651 et
2515 593 2736 668 Spiritu
2768 600 2990 665 sancto,
3022 600 3133 653 etc.

2004 681 2129 738 Atia
2157 682 2748 740 oratio.0bsecramus
2778 685 3243 743 misericordiam
3271 691 3585 758 tuam,om-

1933 770 2209 845 nipotens
2238 772 2413 841 Deus,
2461 772 2562 846 qui
2608 772 2907 830 hominem
2950 775 3020 830 ad
3071 774 3390 851 imaginem
3419 781 3582 835 tuam

1934 876 2129 916 creare
2158 860 2434 933 dignatus
2465 878 2546 929 es,
2580 866 2644 917 ut
2674 860 2946 935 spiritum
2979 868 3035 919 et
3065 864 3326 923 animam
3376 865 3583 925 famuli

1910 948 2039 1019 mi,
2071 965 2246 1023 quem
2276 949 2559 1007 hodierna
2589 950 2682 1007 die
2711 952 2888 1008 rebus
2933 952 3210 1011 humanis
3238 958 3479 1012 exutum
3511 956 3585 1012 ad

1932 1042 1989 1094 te
2017 1038 2287 1095 accersiri
2309 1039 2569 1111 jussisti,
2596 1038 2809 1096 blande
2841 1042 3412 1116 misericorditerque
3453 1060 3583 1101 sus-

1932 1127 2135 1201 cipias.
2169 1129 2293 1185 Non
2322 1128 2371 1186 ei
2399 1129 2776 1186 dominentur
2808 1132 3025 1187 umbrae
3057 1132 3402 1204 mortis,nec
3431 1131 3587 1207 legat

1932 1233 2064 1274 eum
2097 1217 2275 1274 chaos
2305 1222 2364 1274 et
2393 1218 2580 1293 caligo
2612 1219 3008 1287 tenebrarum,
3051 1221 3154 1277 sed
3200 1226 3411 1279 exutus
3459 1238 3583 1279 om-

1933 1306 2099 1362 nium
2130 1306 2446 1363 criminum
2490 1307 2640 1375 labe,
2675 1308 2732 1364 in
2766 1309 2900 1365 sinu
2949 1311 3197 1367 Abrahae
3240 1310 3587 1379 collocatus,

1932 1395 2125 1453 locum
2156 1394 2325 1465 lucis,
2374 1401 2431 1453 et
2468 1396 2749 1472 refrigerii
2798 1415 2859 1455 se
2908 1399 3183 1473 adeptum
3217 1401 3489 1474 gaudeat,
3524 1406 3587 1457 ut

1933 1501 2065 1542 cum
2099 1484 2223 1542 dies
2248 1486 2457 1557 judicii
2490 1487 2805 1556 advenerit,
2855 1504 2989 1544 cum
3038 1490 3260 1546 sanctis
3292 1493 3348 1546 et
3385 1490 3586 1547 electis

1933 1574 2052 1630 tuis
2081 1591 2213 1630 eum
2247 1575 2583 1632 resuscitari
2608 1576 2841 1648 jubeas.
2877 1578 3002 1633 Per.

2007 1665 2505 1733 0ratio.Deus,cui
2539 1666 2737 1721 omnia
2766 1666 3050 1736 vivunt,et
3076 1667 3171 1723 cui
3201 1684 3318 1724 non
3342 1671 3589 1742 pereunt

160 1755 230 1825 ἢ.
264 1753 474 1815 Libera
505 1770 618 1822 me,
650 1753 915 1821 Domine,
947 1756 1056 1811 etc.
1090 1752 1225 1809 Dies
1255 1751 1375 1821 illa,
1407 1750 1533 1808 dies
1558 1751 1678 1820 ire,
1712 1758 1821 1807 etc.
1854 1784 1905 1850 Β
1936 1770 2180 1827 corpora
2209 1756 2431 1819 nostra,
2463 1755 2563 1810 sed
2615 1759 2920 1811 mutantur
2965 1755 3026 1811 in
3075 1755 3306 1825 melius,
3339 1759 3396 1813 te
3442 1774 3588 1829 sup-

156 1841 743 1921 Deinde.:.Plangent
793 1858 971 1916 super
1023 1858 1086 1898 se
1135 1858 1340 1899 omnes
1397 1840 1586 1897 tribus
1636 1844 1823 1897 terrai.

160 1933 455 1991 Tremens
483 1933 674 1990 factus
705 1948 839 1989 sum
861 1931 1221 2005 ego,etc.Vix
1244 1931 1448 2003 justus
1479 1929 1823 1999 salvabitur,

161 2026 228 2081 et
256 2021 699 2099 ego,miser,ub.i
731 2021 1070 2096 apparebo?
1103 2021 1249 2086 Quid
1281 2036 1407 2094 ego,
1434 2020 1824 2088 miserrimus,

162 2112 315 2186 quid
344 2110 537 2171 dicam
565 2110 652 2171 vel
689 2110 831 2185 quid
861 2109 1243 2178 faciam,dum
1267 2109 1348 2165 nil
1374 2109 1505 2164 boni
1539 2108 1825 2181 perferam

165 2205 312 2259 ante
339 2205 572 2258 tantum
600 2200 912 2258 Judicem?
939 2200 1127 2268 Nunc,
1160 2197 1408 2267 Christe,
1441 2202 1498 2254 te
1528 2198 1826 2271 deprecor,

168 2291 475 2358 miserere,
501 2293 655 2364 peto.
687 2287 796 2356 Qui
825 2287 1037 2346 venisti
1067 2287 1668 2360 redimere,perpetim
1698 2287 1827 2343 veni

169 2380 423 2439 salvere.
450 2379 733 2453 Requiem
765 2381 1063 2445 aeternam,
1093 2382 1203 2434 etc.
1238 2377 1307 2433 Et
1335 2375 1457 2448 lux,
1491 2385 1597 2433 elc.
1624 2377 1833 2433 Libera

171 2486 294 2539 me,
322 2467 586 2527 Domine.
620 2468 909 2525 Memento
943 2466 1081 2539 mei,
1112 2466 1288 2533 Deus,
1321 2467 1462 2539 quia
1503 2469 1712 2523 ventus
1742 2469 1833 2522 est

172 2558 301 2619 vita
325 2572 477 2628 mea,
512 2573 618 2623 nec
649 2556 894 2635 aspiciat
943 2572 1037 2613 me
1077 2556 1243 2613 visus
1292 2554 1572 2613 hominis.
1604 2556 1675 2611 Et
1715 2572 1831 2611 non

178 2651 477 2708 avertatur
488 2645 692 2705 oculus
709 2662 874 2702 meus
888 2653 952 2701 ut
963 2644 1155 2702 videat
1165 2645 1238 2701 bo
1247 2646 1708 2719 na.Quapropter
1718 2661 1833 2701 non

179 2753 421 2812 parcam
444 2734 530 2793 ori
549 2736 914 2808 meo,loquar
937 2736 995 2790 in
1018 2736 1411 2792 amaritudine
1441 2735 1650 2792 animae
1670 2752 1832 2792 meae.

180 2827 301 2885 Nec
331 2825 712 2900 aspiciat,e.tc.
743 2824 949 2883 Deinde
978 2826 1290 2883 incensetar
1334 2824 1512 2880 altare
1538 2827 1591 2880 et
1621 2840 1833 2897 corpus.

258 2917 369 2975 Hoc
394 2917 538 2988 facto
569 2916 808 2972 etevetur
848 2930 1043 2986 corpus
1087 2914 1333 2985 defuncti
1376 2913 1450 2970 de
1496 2915 1741 2980 ecclesia,
1786 2918 1839 2970 et

183 3004 393 3062 cadant
438 3005 707 3077 primitus
755 3004 991 3059 minores
1032 3018 1157 3063 cum
1199 3019 1361 3059 cruce
1401 3011 1453 3060 et
1498 3006 1740 3072 incenso,
1787 3006 1838 3059 et

178 3112 339 3168 aqua.
366 3102 578 3162 sancta,
605 3092 798 3151 deinde
842 3093 1040 3163 fratres
1086 3091 1329 3147 canendo
1360 3110 1378 3147 :
1408 3091 1469 3147 In
1498 3093 1836 3165 paradisum

183 3183 498 3248 deducant,
532 3187 642 3241 etc.
667 3182 733 3239 In
759 3182 912 3238 exitu
942 3179 1144 3250 Israel,
1196 3185 1306 3237 etc.
1337 3183 1404 3237 Et
1434 3191 1624 3238 sonent
1647 3185 1835 3240 omnia

182 3275 649 3346 signa,quoasque
673 3271 966 3328 claudatur
983 3271 1662 3344 monumentum.Aperite
1687 3271 1832 3328 mihi

183 3365 385 3435 portas
405 3360 983 3434 justitiinﬁngressus
1012 3357 1075 3415 in
1095 3376 1194 3415 eas
1224 3359 1544 3415 conﬁtebor
1562 3358 1832 3430 Domino,

180 3451 335 3508 Psal.
365 3449 756 3506 Confitemini.
789 3447 1102 3521 Antiphona
1148 3467 1169 3505 :
1218 3448 1517 3520 Ingrediar
1546 3449 1611 3506 in
1637 3447 1830 3507 locum

182 3539 546 3599 tabernaculi
577 3537 944 3595 admirabilis
975 3553 1162 3610 usque
1180 3537 1253 3593 ad
1276 3537 1519 3593 domum
1548 3538 1830 3596 Dei.Psat.

183 3629 348 3687 Sicut
375 3646 598 3687 cervus.
647 3629 977 3702 Antiphona.
1010 3626 1142 3682 Hazc
1171 3626 1404 3700 requies
1441 3644 1572 3683 mea
1619 3627 1678 3683 in
1727 3646 1830 3684 saa-

184 3718 385 3777 culum
433 3717 650 3785 saecli,
683 3717 777 3775 hic
824 3716 1123 3784 habitabo,
1159 3714 1434 3788 quoniam
1484 3715 1629 3790 elegi
1680 3735 1829 3775 eam.

182 3809 332 3865 Psat.
364 3808 677 3867 Memento.
709 3806 1040 3879 Antiphone.
1076 3804 1157 3861 De
1192 3809 1349 3865 terra
1377 3803 1684 3877 plasmasti
1715 3822 1833 3879 me,

184 3914 360 3955 carne
388 3895 634 3953 induisti
669 3913 783 3952 me.
833 3894 1185 3966 Redemptor
1232 3909 1401 3951 meus
1445 3893 1710 3963 Domine,
1743 3912 1833 3952 re-

182 3986 405 4044 suscita
434 4002 528 4043 me
557 3988 617 4042 in
647 3984 962 4041 novissimo
994 3983 1107 4039 die.
1140 3982 1290 4040 Psat.
1305 3982 1572 4053 Domine,
1622 3983 1833 4040 exaudi

183 4075 511 4132 orationem
540 4071 1225 4145 meam.Antiphona.Non
1255 4070 1433 4128 intres
1456 4072 1514 4127 in
1537 4072 1832 4144 judicium

183 4181 321 4223 cum
352 4180 518 4221 ervo
548 4160 1351 4231 tuo,Domine.Psat.Domine
1380 4160 1590 4219 exaudi
1616 4162 1832 4219 oratio-

183 4271 321 4312 nem
349 4250 1216 4326 meam(bis)Antiphona.Omnis
1236 4249 1479 4325 spiritus
1499 4251 1699 4308 laudet
1725 4251 1835 4308 Do-

182 4341 853 4400 minum.Psal.Laudate
874 4339 1833 4416 Dominum..~tntiphona.Requiem

181 4440 461 4492 aeternam
492 4430 1081 4500 dona.ei,l)omine,et
1108 4429 1207 4489 lux
1229 4434 1511 4502 perpetua
1541 4428 1827 4501 luceat,ei.

250 4522 333 4579 Ad
356 4521 882 4580 Benedictus.0mne
911 4519 1066 4592 quod
1089 4519 1190 4574 dat
1218 4516 1362 4573 mihi
1394 4518 1580 4586 Pater,
1612 4523 1720 4575 etc.

253 4611 461 4669 Oratio.
486 4610 758 4679 Absolve,
790 4608 1056 4676 Domine,
1090 4607 1349 4663 animam
1398 4607 1526 4678 ejus
1565 4608 1638 4663 ab
1668 4608 1829 4664 omni

175 4699 413 4759 vinculo
443 4699 881 4770 delictorum,ut
910 4698 972 4754 in
1002 4695 1447 4754 resurrectionis
1467 4694 1654 4769 gloria
1683 4697 1833 4754 inter

175 4793 415 4849 sanctos
442 4795 503 4846 et
522 4787 736 4846 electos
765 4792 898 4844 tuos
926 4785 1310 4849 resuscitatus
1340 4784 1604 4858 respiret.

251 4881 327 4949 Et
373 4879 624 4938 sacerdos
670 4880 907 4935 incenset
961 4879 1397 4945 monumentum,
1465 4880 1519 4930 et
1577 4884 1833 4948 aspergat

174 4986 325 5044 aqua
351 4977 565 5039 sancta,
595 4977 649 5025 et
692 4967 838 5023 dicat
880 4966 979 5021 has
1008 4968 1300 5034 oratimcs,
1331 4963 1464 5019 dum
1490 4965 1598 5021 atii
1621 4969 1829 5021 canunt

168 5058 473 5133 psalmum.
526 5100 541 5109 .

250 5147 456 5204 Oratio.
484 5151 753 5217 Oremus,
803 5146 1012 5203 fratres
1059 5141 1412 5211 charissimi,
1462 5159 1566 5216 pro
1615 5141 1825 5216 spiritu

171 5236 339 5293 chari
369 5237 757 5311 nostri,quem
789 5232 1074 5292 Dominus
1104 5232 1175 5289 de
1206 5230 1627 5289 tentationibus
1647 5231 1828 5305 hujus

168 5326 373 5384 seaculi
404 5325 654 5385 liberare
671 5325 948 5399 dignatus
978 5321 1265 5393 est,cqius
1294 5319 1706 5393 corpusculum
1730 5321 1830 5379 ho-

166 5415 269 5472 die
320 5415 633 5490 sepullura:
679 5414 953 5483 traditur,
983 5415 1051 5468 ut
1089 5426 1225 5468 eum
1251 5409 1439 5481 pietas
1488 5409 1721 5465 Domini
1765 5409 1827 5466 in

166 5505 309 5562 sinu
340 5504 606 5575 Abrahae,
642 5504 802 5561 Isaac
832 5507 889 5560 et
915 5500 1099 5559 Jacob
1129 5497 1414 5557 collocare
1443 5496 1741 5573 dignetur,
1763 5503 1829 5556 ut

164 5610 308 5671 cum
338 5592 466 5654 dies
487 5592 705 5672 judicii
729 5590 1049 5661 advenerit,
1079 5588 1234 5648 inter
1262 5590 1496 5647 sanctos
1525 5591 1584 5647 et
1611 5586 1826 5651 electos

1936 1842 2117 1916 plices
2149 1842 2550 1917 deprecamur,
2585 1849 2651 1898 ut
2681 1843 2966 1917 quidquid
3019 1845 3216 1902 anima
3258 1845 3466 1901 famuli
3499 1845 3587 1901 tui

1933 1931 2233 1999 vitiorum,
2294 1936 2524 2005 tuaeque
2570 1932 2851 1989 voluntati
2914 1934 3295 2003 contrarium,
3354 1934 3591 1992 fallente

1937 2019 2189 2088 diabolo,
2226 2025 2283 2077 et
2309 2020 2546 2094 propria
2572 2021 2869 2078 voluntate
2901 2026 3073 2095 atque
3105 2023 3417 2098 fragilitate
3450 2041 3587 2081 con-

1936 2109 2200 2179 traxit,tu
2220 2109 2352 2183 pius
2374 2114 2430 2166 et
2452 2109 2784 2166 misericors
2806 2111 3050 2169 abluens
3074 2111 3589 2187 indulgendo,eam

1938 2198 2157 2272 suscipi
2180 2199 2394 2271 jubeas
2426 2215 2528 2272 per
2553 2216 2764 2255 manus
2786 2204 3122 2257 sanctorum
3150 2200 3591 2270 tuorum,dedu-

1938 2288 2302 2361 caudamque
2333 2286 2391 2343 in
2425 2287 2557 2344 sinu
2589 2288 3056 2362 patriarcharum
3086 2294 3320 2345 tuorum
3343 2290 3589 2346 Abrahe

1940 2377 2162 2434 scilicet
2185 2376 2359 2433 amici
2390 2376 2497 2444 tui,
2531 2381 2588 2432 et
2635 2377 2798 2433 Isaac
2846 2376 3009 2434 electi
3057 2378 3164 2450 tui,
3197 2382 3255 2435 et
3290 2378 3468 2436 Jacob
3499 2378 3591 2434 di-

1940 2465 2073 2523 lecti
2104 2465 2211 2536 tui,
2244 2483 2358 2538 quo
2389 2466 2580 2521 abfuit
2608 2464 2773 2522 dolor
2800 2470 2858 2522 et
2886 2467 3129 2523 tristitia
3155 2470 3213 2523 et
3242 2466 3586 2542 suspirium,

1942 2554 2204 2612 ﬁdelium
2227 2571 2462 2628 quoque
2484 2556 2692 2611 anima:
2725 2555 2879 2612 felici
2903 2555 3274 2628 jucunditate
3292 2556 3590 2628 laatantur,

1942 2648 1998 2701 ct
2028 2645 2087 2700 in
2118 2643 2438 2701 novissimo
2471 2644 2667 2718 magni
2692 2643 2902 2716 judicii
2932 2644 3044 2712 die,
3078 2644 3234 2701 inter
3261 2648 3496 2703 sanctos
3533 2650 3593 2703 et

1943 2733 2157 2790 electos
2183 2738 2319 2790 tuos
2350 2748 2479 2790 eam
2509 2732 2692 2790 facias
2744 2736 3037 2807 perpetua)
3066 2733 3262 2806 gloria;
3292 2734 3591 2809 percipere

1943 2823 2478 2897 portionem,quam
2510 2821 2712 2881 oculus
2743 2839 2854 2879 non
2884 2821 3049 2894 vidit,
3081 2838 3188 2879 nec
3219 2823 3380 2880 auris
3423 2822 3587 2881 audi-

1941 2912 2045 2981 vit,
2076 2929 2181 2969 nec
2214 2912 2274 2967 in
2306 2928 2405 2967 cor
2431 2910 2692 2968 hominis
2722 2910 3001 2984 ascendit,
3033 2928 3213 2985 quam
3251 2914 3591 2986 praeparasti

1943 2999 2325 3075 diligentibus
2350 3005 2423 3055 te.

2020 3091 2222 3147 Oratio.
2256 3089 2623 3145 Temeritatis
2653 3094 2760 3157 est,
2793 3094 2859 3145 ut
2888 3089 3063 3146 homo
3092 3089 3415 3160 hominem,
3436 3107 3587 3147 mor-

1946 3180 2083 3236 talis
2113 3177 2442 3246 mortalem,
2470 3177 2617 3233 cinis
2646 3178 2899 3233 cinerem
2931 3177 3055 3245 tibi,
3083 3178 3328 3235 Domino
3349 3178 3466 3235 Deo
3488 3196 3587 3236 no.

1941 3275 2083 3337 stro,
2118 3268 2329 3325 audeat
2356 3267 2783 3324 commendare.
2819 3265 2932 3322 Sed
2970 3265 3111 3338 quia
3154 3270 3309 3322 terra
3338 3267 3588 3339 suscipit

1940 3363 2181 3426 terram,
2212 3361 2270 3413 et
2298 3355 2492 3428 pulvis
2534 3353 2889 3413 convertitur
2935 3353 2994 3409 in
3052 3352 3372 3426 pulverem,
3405 3355 3587 3411 donec

1941 3448 2133 3506 omnis
2162 3463 2296 3503 caro
2328 3445 2384 3500 in
2418 3460 2591 3500 suam
2620 3443 2918 3516 redigatur
2935 3442 3585 3517 originem,inde,Deus,

1942 3544 2128 3607 tuam,
2180 3534 2441 3610 piissime
2490 3534 2678 3602 Pater,
2736 3531 3191 3606 lacrymabiliter
3243 3549 3585 3605 quaesumus

1941 3628 2239 3700 pietatem,
2302 3626 2367 3679 ut
2422 3623 2601 3694 hujus
2654 3620 2859 3678 famuli
2922 3621 3009 3678 tui
3067 3620 3349 3690 animam,
3406 3638 3584 3696 quam

1942 3717 2013 3773 de
2044 3715 2222 3787 hujus
2254 3712 2462 3769 mundi
2491 3711 2765 3786 voragine
2794 3711 3124 3768 ccenulenta
3153 3711 3320 3769 ducis
3368 3712 3440 3769 ad
3490 3731 3589 3787 pa—

1940 3802 2388 3871 triam,Abrahae
2418 3800 2591 3858 amici
2622 3800 2707 3856 tui
2740 3801 2875 3857 sinu
2906 3799 3177 3872 recipias,
3219 3805 3278 3856 et
3306 3796 3593 3875 refrigerii

1943 3910 2071 3951 rore
2102 3891 2443 3966 perfundas,
2473 3889 2666 3962 sitque
2695 3890 2767 3946 ab
2806 3889 3076 3946 aestuanti
3118 3889 3398 3961 gehennae
3441 3890 3592 3946 truci

1942 3982 2210 4039 incendio
2243 3982 2604 4053 segregatus,
2638 3982 2697 4034 et
2744 3983 2922 4034 beatae
2972 3976 3195 4050 requiei
3236 3982 3293 4033 te
3338 3978 3593 4035 donante

1941 4072 2319 4143 conjunctae;
2354 4072 2410 4125 et
2439 4067 2489 4125 si
2521 4083 2647 4139 quae
2675 4066 2760 4122 illi
2784 4070 2941 4135 sunt,
2964 4065 3231 4133 Domine,
3254 4065 3445 4139 digna:
3466 4082 3593 4123 cru-

1942 4160 2192 4218 ciatibus
2240 4156 2444 4229 culpae,
2477 4159 2541 4210 tu
2588 4172 2688 4211 eas
2735 4152 2925 4227 gratia
2973 4153 3301 4210 mitissima:
3332 4153 3589 4212 lenitatis

1940 4247 2313 4322 indulge,nec
2344 4262 2447 4319 pro
2472 4242 2725 4317 peccatis
2756 4241 2996 4315 recipiat
3021 4242 3233 4312 vicem,
3261 4243 3365 4300 sed
3394 4241 3587 4301 indul-

1941 4338 2148 4414 gentiae
2176 4341 2291 4393 tua;
2321 4334 2478 4408 piam
2510 4332 2725 4390 sentiat
2754 4332 3097 4389 bonitatem.
3130 4331 3393 4405 Cumque
3422 4332 3593 4390 finito

1942 4426 2147 4487 mundi
2170 4424 2420 4482 termino
2447 4439 2769 4496 supernum
2792 4420 3290 4480 cunctisilluxerit
3316 4438 3588 4497 regnum,

1857 4522 1907 4587 D
1940 4535 2122 4576 novus
2134 4517 2309 4572 homo
2325 4519 2661 4571 sanctorum
2674 4510 2938 4568 omnium
2953 4511 3201 4569 cratibus
3218 4516 3588 4587 aggregatus,

1939 4625 2073 4665 cum
2104 4604 2305 4662 electis
2338 4603 2456 4659 tuis
2488 4605 2755 4674 resurgat
2776 4600 2835 4657 in
2863 4604 3025 4674 parte
3047 4601 3284 4659 dextera
3303 4599 3589 4660 collocan-

1940 4698 2072 4753 dus.
2107 4695 2233 4751 Per.

2005 4786 2131 4842 Atia
2158 4784 2353 4840 oratio.
2385 4780 2488 4849 Te,
2536 4779 2781 4836 Domine
2832 4782 3052 4845 sancte,
3103 4779 3275 4835 Pater
3319 4779 3585 4851 omnipo-

1934 4879 2085 4941 tens,
2106 4876 2316 4929 aeterne
2354 4871 2528 4937 Deus,
2561 4867 2901 4942 suppliciter
2946 4869 3329 4939 deprecamur
3345 4883 3450 4938 pro
3470 4864 3586 4936 spi-

1936 4964 2052 5020 ritu
2083 4960 2286 5018 famuli
2317 4958 2424 5027 tui,
2457 4974 2629 5032 quem
2653 4976 2687 5013 a
2717 4956 2964 5029 caligine
2993 4955 3173 5026 hujus
3204 4953 3400 5011 saeculi
3426 4952 3498 5008 ad
3526 4956 3585 5007 te

1937 5050 2206 5110 accersiri
2244 5047 2592 5122 praecepisti,
2622 5052 2687 5103 ut
2737 5044 3017 5119 digneris,
3050 5043 3313 5111 Domine,
3345 5042 3483 5097 dare
3529 5039 3582 5097 ei

1934 5142 2130 5199 locum
2160 5138 2444 5207 lucidum,
2478 5135 2670 5194 locum
2714 5132 3001 5208 refrigerii
3030 5137 3086 5189 et
3115 5129 3362 5204 quietis,-
3413 5128 3585 5187 liceat

1935 5231 1987 5288 ei
2016 5228 2266 5287 transire
2296 5230 2494 5301 portas
2512 5225 2872 5282 infernorum
2888 5226 2947 5280 et
2961 5237 3163 5294 pinnas
3182 5217 3580 5290 tenebrarum,

1935 5322 2285 5390 maneatque
2340 5315 2399 5370 in
2458 5313 2864 5371 mansionibus
2920 5312 3282 5378 sanctorum,
3339 5311 3397 5363 et
3451 5307 3580 5362 luce

1936 5412 2156 5477 sancta,
2190 5421 2368 5480 quam
2418 5402 2561 5460 olim
2605 5400 2853 5457 Abrahae
2898 5396 3223 5472 promisisti
3270 5400 3327 5454 et
3369 5392 3580 5453 semini

1935 5499 2084 5571 ejus.
2108 5494 2343 5553 Nullam
2373 5491 2670 5549 laesionem
2699 5486 2991 5546 sustineat
3021 5485 3264 5561 spiritus
3296 5483 3576 5559 ejus,sed,

1935 5603 2071 5648 cum
2103 5600 2356 5662 magnus
2385 5581 2511 5642 dies
2541 5578 2639 5639 ille
2668 5576 3111 5644 resurrectionis
3141 5574 3212 5640 ad
3245 5588 3580 5639 remunera-
