3982 6172
360 190 473 251 931

1547 190 1736 253 asc.
1781 189 1863 252 x1
1908 154 2236 253 MONUM.’
2266 189 2580 255 LITURG.

3643 194 3774 258 932

360 321 534 378 tionis
565 321 878 391 advenerit,
911 323 1258 380 resuscitare
1289 340 1423 380 eum
1453 324 1999 395 digneris,Domine,
2033 327 2084 392 Α
2117 326 2305 393 nobis,
2340 327 2599 395 Domine,
2629 324 3106 382 misericordiam.
3140 325 3207 381 Et
3238 324 3509 382 salutare.
3558 326 3769 400 Propi-

359 429 478 469 una
519 428 653 468 cum
700 412 919 468 sanctis
966 416 1022 468 et
1065 412 1261 469 electis
1311 412 1448 483 tuis,
1498 412 1678 468 dones
1709 412 1759 468 ei
1793 412 2007 468 delicta

359 505 533 573 atque
557 505 795 573 peccata
825 519 1008 575 usque
1041 502 1110 557 ad
1160 501 1542 557 novissimum
1593 502 2001 574 quadrantem,

359 585 670 664 tecumque
699 590 1154 647 immortalitatis
1185 590 1360 646 vitam
1409 596 1467 646 et
1515 607 1756 664 regnum
1809 608 2005 647 conse-

359 684 593 752 quatur.
626 679 749 735 Per.

430 766 764 824 Oratio.Viri
795 766 1055 823 vulneris
1090 768 1342 824 novitate
1364 769 1625 841 percussi
1649 774 1705 825 et
1727 770 2005 842 quodam-

355 857 529 913 modo
558 855 802 912 sauciati
834 854 1293 912 misericordiam
1321 861 1504 926 tuam,
1522 857 1729 914 mundi
1757 859 2031 949 Redem.

354 948 503 1017 ptor,
538 943 808 999 ﬂebiliter
834 943 1315 1017 imploramus,ut
1335 946 1493 1002 chari
1527 947 1709 1002 nostri
1742 943 2000 1003 animam

352 1033 423 1088 ad
457 1036 514 1090 te
538 1033 798 1089 datorem
820 1034 1120 1107 proprium
1139 1039 1525 1091 revertentem
1544 1036 1756 1091 blande
1776 1034 2003 1091 leniter-

352 1138 465 1193 que
497 1122 806 1194 suscipias,
837 1128 902 1177 ut
932 1124 978 1178 si
1012 1140 1160 1195 quas
1192 1123 1289 1180 illo
1320 1142 1389 1180 ex
1418 1123 1636 1180 carnali
1678 1142 1999 1182 commora-

349 1210 507 1266 tione
542 1209 805 1266 maculas
833 1212 1363 1285 contraxit,pietate
1394 1212 2001 1285 indulgeas,oblivioni

349 1297 407 1353 in
442 1308 786 1371 perpetuum
818 1301 1036 1368 tradas,
1070 1306 1248 1373 atque
1279 1301 1430 1357 hanc
1473 1302 1737 1358 eamdem
1766 1302 2000 1358 laudem

350 1387 455 1444 tibi
489 1405 622 1444 cum
657 1389 882 1445 cmteris
915 1390 1237 1456 redditura,
1266 1391 1339 1446 ad
1389 1407 1601 1463 corpus
1649 1392 2002 1464 Quandoque

350 1492 671 1546 reversura,
728 1481 1063 1535 sanctorum
1108 1482 1344 1535 tuorum
1395 1479 1640 1535 coetibus
1699 1481 1999 1554 aggregari

351 1564 678 1637 praecipias.

421 1654 912 1727 0ratio.Deus,qui
938 1659 993 1710 et
1015 1656 1197 1727 justis
1220 1656 1747 1729 supplicationibus
1769 1674 2001 1730 semper

347 1746 557 1814 praesto
588 1759 669 1811 es,
705 1743 803 1815 qui
838 1743 934 1816 pia
961 1749 1092 1800 vota
1123 1745 1383 1818 dignaris
1408 1744 1643 1813 intueri,
1668 1747 1744 1801 da
1772 1746 1992 1802 famulo

348 1832 653 1902 tuo,cujus
684 1832 1067 1903 depositionis
1096 1834 1289 1889 ofﬁcia
1317 1838 1825 1905 praestamus,cum
1859 1852 1992 1891 san-

347 1919 458 1975 ctis
491 1924 547 1975 et
574 1918 774 1976 electis
803 1920 922 1976 tuis
953 1922 1104 1977 beati
1137 1924 1401 1979 muneris
1433 1922 1777 1994 portionem.
1814 1924 1936 1980 Per.

419 2007 621 2065 Oratio.
659 2008 930 2064 Debitum
963 2009 1206 2066 humani
1237 2012 1495 2084 corporis
1536 2012 1853 2085 sepeliendi
1907 2014 1990 2070 of-

344 2097 547 2153 ﬁcium
578 2096 838 2153 ﬁdelium
874 2115 1032 2154 more
1063 2098 1441 2171 complentes,
1466 2101 1765 2169 Deum,cui
1797 2102 1995 2158 omnia

343 2187 564 2252 vivunt,
597 2185 847 2241 ﬁdeliter
877 2187 1261 2259 deprecamur
1309 2194 1374 2244 ut
1419 2188 1527 2245 hoc
1573 2207 1784 2262 corpus
1833 2192 1993 2246 chari

344 2276 528 2331 nostri
560 2293 591 2330 a
624 2276 793 2331 nobis
842 2276 899 2331 in
951 2276 1286 2333 inﬁrmitate
1338 2278 1633 2351 sepultum
1684 2280 1741 2334 in
1791 2281 1995 2337 ordine

345 2369 682 2421 sanctorum
709 2364 1017 2421 resuscitet
1064 2370 1118 2421 et
1169 2367 1296 2438 ejus
1346 2367 1617 2439 spiritum
1669 2369 1888 2425 sanctis
1929 2386 1995 2425 ac

346 2453 622 2510 ﬁdelibus
652 2454 955 2528 aggregari
979 2455 1208 2526 jubeat,
1244 2472 1378 2511 cum
1428 2457 1642 2529 quibus
1698 2457 1994 2516 inenarra-

346 2542 541 2599 biliter
571 2542 756 2615 gloria
781 2548 836 2599 et
866 2544 1104 2615 perenni
1140 2543 1411 2601 felicitate
1441 2545 1993 2616 perfruigmereatur.

346 2630 472 2686 Per.

420 2720 522 2773 llic
550 2720 698 2789 ﬁnis,
731 2727 782 2774 et
808 2735 1028 2791 corpore
1058 2722 1328 2775 tumulata
1374 2721 1522 2776 dicat
1567 2723 1811 2779 sacerdos
1840 2741 1858 2778 :
1894 2726 1995 2779 Di-

344 2806 452 2861 cite
480 2806 650 2861 Pater
679 2812 895 2862 noster.
929 2808 996 2862 Et
1027 2825 1097 2863 ne
1130 2825 1236 2863 nos
1265 2809 1385 2864 ind.
1420 2810 1801 2881 Capitulum.A
1834 2817 1998 2885 porta

347 2894 535 2950 inferi.
570 2895 739 2963 Erue,
772 2896 1036 2963 Domine,
1069 2896 1325 2954 animam
1375 2898 1519 2970 ejus.
1569 2899 1852 2957 Dominus
1892 2919 1994 2957 vo-

346 2983 599 3038 biscum.
634 2985 702 3038 Et
729 2999 883 3040 cum.

417 3072 623 3128 Oratio.
673 3072 821 3139 Tibi,
873 3074 1135 3141 Domine,
1190 3080 1300 3131 etc.
1352 3084 1414 3132 ut
1465 3078 1523 3132 in.
1568 3077 1749 3133 editis.
1797 3080 1997 3136 Deinde
2026 3065 2068 3131 Ο

342 3160 489 3216 dicat
516 3180 535 3217 :
566 3160 722 3230 Dele,
754 3162 1016 3219 Domine.
1052 3164 1519 3221 Miserere.Pater
1567 3172 1778 3223 noster.
1812 3169 1881 3223 Et
1924 3186 1996 3226 ne

347 3266 474 3307 nos.
505 3254 554 3303 A
585 3254 773 3322 porta.
800 3251 972 3318 Erue,
1006 3251 1270 3320 Domine,
1306 3255 1564 3311 animam
1610 3257 1758 3330 ejus.
1798 3257 1993 3312 Domi-

344 3356 459 3394 nus
487 3339 815 3395 vobiscum.
848 3341 915 3395 Et
945 3357 1100 3395 cum.

416 3428 793 3484 0ratio.Deus
818 3428 877 3482 in
909 3429 1076 3499 cujus
1101 3430 1471 3487 miseratione
1502 3431 1709 3488 animas
1733 3433 1993 3490 ﬁdelium

342 3515 991 3587 requiescunt,t‘amulis
1021 3522 1077 3573 et
1108 3519 1442 3577 famulabus
1463 3520 1578 3576 tuis
1601 3522 1875 3578 omnibus
1898 3523 1993 3580 hic

341 3607 399 3657 et
444 3603 661 3674 ubique
711 3602 770 3658 in
821 3603 1048 3660 Christo
1096 3607 1554 3678 quiescentibus,
1587 3610 1662 3665 da
1703 3610 1992 3683 propitius

340 3690 570 3747 veniam
605 3695 997 3763 peccatorum,
1033 3698 1096 3749 ut
1126 3712 1159 3749 a
1184 3696 1410 3751 cunctis
1443 3698 1700 3754 rentibus
1731 3699 1856 3755 sine
1877 3700 1991 3756 ﬁne

339 3779 627 3835 laetentur.
661 3780 785 3836 Per.

408 3869 737 3925 Benedictio.
774 3870 1103 3929 Benedictio
1134 3872 1235 3929 Dei
1265 3873 1455 3931 Patris
1507 3881 1533 3944 1
1573 3877 1988 3950 omnipotentis

336 3961 393 4012 et
420 3957 545 4013 Filii
577 3962 606 4027 τι
638 3963 695 4015 et
736 3959 992 4033 Spiritus
1018 3961 1207 4018 sancti
1239 3967 1267 4029 Τ
1301 3964 1615 4021 descendat
1661 3983 1839 4039 super
1879 3968 1990 4024 hoc

337 4062 570 4119 corpus.
631 4050 838 4104 Amen.
891 4051 1034 4107 Tunc
1072 4053 1307 4124 incipiat
1355 4052 1449 4109 hos
1492 4056 1733 4126 psalmos
1764 4060 1983 4128 septem.

333 4138 738 4206 pcenitentiales
769 4156 788 4194 :
814 4138 1078 4208 Domine,
1113 4159 1186 4196 ne
1217 4140 1277 4196 in
1307 4143 1521 4209 furore,
1553 4148 1603 4200 et
1630 4153 1861 4201 caeteros.
1884 4146 1986 4201 Pa-

336 4229 426 4278 ter
455 4229 671 4280 noster.
699 4227 763 4281 Et
794 4243 922 4283 nos.
954 4229 1286 4301 Capitalum.
1315 4234 1360 4285 A
1391 4236 1558 4303 porta
1584 4233 1772 4289 inferi.
1817 4236 1983 4304 Erue,

337 4312 602 4367 Domine.
639 4314 922 4371 Dominus
951 4318 1273 4374 vobiscum.
1300 4319 1370 4374 Et
1400 4336 1533 4375 cum
1565 4321 1806 4393 Spiritu.

2114 414 2233 471 tius
2265 420 2411 485 esto,
2443 415 2972 489 Domine.Propter.
3003 416 3126 471 Non
3157 414 3341 471 intres
3364 416 3423 471 in
3445 415 3765 487 judicium.

2115 504 2260 569 Quia
2291 521 2426 560 non.
2460 504 2724 571 Domine,
2756 492 2963 561 exaudi
2991 504 3314 561 orationem
3342 505 3630 560 meam.Et
3650 503 3770 561 cla-

2114 609 2243 648 mor
2276 610 2461 649 meus.
2493 594 2778 649 Dominus
2806 593 3129 650 vobiscum.
3163 594 3230 649 Et
3259 610 3414 648 cum.

2186 682 2388 738 Oratio.
2423 685 2605 738 Aures
2653 687 2764 738 tua:
2814 682 3067 755 pietatis,
3120 682 3432 739 mitissime
3462 683 3636 751 Deus,
3670 683 3763 738 in-

2112 770 2264 827 clina
2288 771 2558 843 precibus
2588 771 2757 837 meis,
2790 774 2847 826 et
2875 771 3062 844 gratia
3093 770 3283 828 sancti
3330 770 3585 845 Spiritus
3633 771 3767 828 illu-

2112 861 2273 915 mina
2304 877 2402 916 cor
2433 877 2651 929 meum,
2681 865 2746 916 ut
2771 861 2887 916 tuis
2919 861 3213 933 mysteriis
3244 861 3419 935 digne
3466 860 3767 919 ministra-

2111 966 2192 1017 re,
2224 955 2396 1022 teque
2426 954 2639 1006 acterna
2668 949 2949 1006 charitate
2980 949 3218 1023 diligere
3239 967 3484 1007 merear.
3519 944 3647 1007 Per.

2182 1041 2306 1095 Alia
2335 1040 2773 1112 oratio.Largire
2805 1039 3077 1095 sensibus
3121 1039 3357 1106 nostris,
3390 1056 3761 1112 quaesumus,

2110 1128 2479 1200 omnipotens
2514 1130 2660 1184 Deus
2693 1129 2949 1198 Pater,ut
2981 1130 3133 1184 sicut
3153 1128 3406 1185 exterius
3435 1128 3767 1186 abluuntur

2110 1218 2555 1289 inquinamenta
2582 1222 2950 1284 manuum,et
2978 1218 3061 1274 sic
3094 1236 3127 1273 a
3154 1221 3208 1274 te
3240 1218 3597 1274 mandentur
3628 1216 3762 1291 pol-

2108 1306 2360 1364 lutiones
2392 1307 2700 1375 mentium,
2736 1315 2792 1363 et
2821 1313 3040 1363 crescat
3071 1308 3129 1362 in
3163 1308 3332 1365 nobis
3362 1312 3757 1380 augmentum

2110 1398 2444 1451 sanctarum
2476 1396 2779 1451 virtutum.
2814 1396 2939 1452 Per.

2181 1485 2257 1539 Ad
2281 1486 2562 1539 amictum.
2600 1484 2769 1551 Pone,
2794 1485 3056 1551 Domine,
3073 1485 3297 1559 galeam
3331 1484 3540 1541 salutis
3570 1485 3630 1540 in
3664 1502 3761 1542 ca-

2109 1573 2226 1644 pite
2256 1589 2384 1628 meo
2409 1573 2478 1627 ad
2502 1574 2919 1645 expugnandas
2945 1578 3001 1629 et
3030 1575 3391 1645 superandas
3415 1590 3621 1629 omnes
3640 1573 3763 1630 dia-

2110 1661 2327 1716 bolicas
2359 1665 2695 1733 potestates.
2730 1663 2853 1717 Per.

2175 1750 2251 1804 Ad
2281 1750 2671 1805 albam.Indue
2699 1750 3435 1818 me,Domine,vestimento
3459 1750 3765 1822 salutis,et

2104 1839 2444 1894 indumento
2463 1839 2705 1910 justitize
2737 1844 2793 1894 et
2823 1839 3117 1905 laetitiae,et
3146 1841 3344 1895 tunica
3364 1840 3615 1912 justitisa
3642 1842 3755 1897 cir-

2104 1929 2319 1983 cumda
2351 1945 2462 1983 me.

2168 2018 2244 2072 Ad
2267 2019 2565 2089 cingulum.
2602 2018 2912 2091 Prazcinge,
2946 2018 3209 2085 Domine,
3257 2017 3492 2074 lumbos
3521 2020 3744 2074 mentis

2104 2123 2265 2174 mea},
2301 2108 2465 2162 Pater
2494 2105 3034 2173 clementissime,et
3063 2106 3413 2163 circumcide
3454 2108 3595 2163 vitia
3625 2125 3750 2163 cor-

2104 2194 2194 2249 dis
2222 2195 2357 2250 mei.

2174 2283 2253 2337 Ad
2298 2284 2663 2356 manipulum.
2709 2283 2793 2339 Da
2844 2283 3010 2353 mihi,
3062 2283 3325 2353 Domine,
3377 2302 3618 2341 sensum
3670 2302 3762 2341 re-

2105 2376 2347 2442 ctum,et
2376 2390 2573 2428 vocem
2605 2377 2909 2445 puram,ut
2939 2374 3255 2447 adimplere
3276 2374 3498 2447 possim
3522 2374 3759 2431 laudem

2103 2466 2287 2517 tuam.

2174 2550 2256 2606 Ad
2297 2551 2511 2606 stolam.
2565 2550 2786 2607 Stolam
2831 2552 3077 2623 justitiaz
3128 2552 3447 2625 circumda,
3486 2553 3758 2623 Domine,

2103 2639 2383 2695 cervicem
2422 2656 2638 2709 meum,
2690 2646 2747 2697 et
2796 2642 2867 2695 ab
2919 2642 3076 2697 omni
3114 2641 3480 2715 corruptione
3508 2644 3761 2714 puriﬁca

2106 2734 2360 2784 mentem
2394 2746 2608 2785 meam.

2174 2817 2251 2872 Ad
2280 2819 2542 2874 casulam.
2586 2819 2767 2875 Indue
2817 2837 2931 2887 me,
2982 2821 3246 2892 Domine,
3299 2820 3541 2877 loricam
3595 2819 3752 2886 ﬁdei,

2101 2912 2159 2963 et
2187 2906 2413 2980 galeam
2446 2907 2673 2974 salutis,
2706 2908 2764 2964 in
2795 2908 3023 2965 Christo
3055 2910 3190 2965 Jesu
3224 2911 3472 2966 Domino
3522 2914 3750 2966 nostro.

2175 2996 2399 3065 Quando
2431 2997 2741 3068 ingreditur
2768 2998 2837 3053 ad
2866 2999 3218 3065 altare,dicit.
3250 2999 3617 3070 Adjutorium
3652 3016 3756 3053 no-

2104 3089 2291 3141 strum
2323 3085 2379 3140 in
2413 3086 2648 3142 nomine
2675 3087 2920 3142 Domini.
2955 3087 3216 3160 Qui.Ego
3238 3087 3417 3144 miser
3445 3093 3502 3143 et
3528 3085 3757 3156 infelix,

2104 3175 2382 3229 conﬁteor
2428 3174 2543 3230 Deo
2595 3175 2983 3248 omnipotenti
3027 3180 3083 3231 et
3128 3176 3306 3231 beatas
3370 3173 3564 3232 Mariis
3622 3192 3757 3247 per-

2104 3267 2288 3335 petua:
2344 3262 2589 3336 Virgini,
2650 3267 2703 3319 et
2751 3265 2919 3321 beato
2968 3264 3235 3321 Michaeli
3289 3262 3639 3337 archangelo
3697 3268 3758 3319 ct

2104 3352 2323 3407 sanctis
2353 3351 2633 3424 apostolis
2665 3353 2829 3409 Petro
2847 3358 2902 3410 et
2924 3353 3184 3421 Paulo,et
3207 3354 3483 3409 omnibus
3503 3352 3753 3422 sanctis,

2103 3445 2160 3495 et
2187 3440 2511 3507 tibi,Pater,
2537 3457 2666 3496 mea
2698 3441 3028 3514 culpa,mea
3058 3443 3384 3515 culpa,mea
3413 3441 3760 3514 culpa,quia

2102 3529 2326 3601 peccavi
2390 3530 2444 3583 in
2503 3529 2872 3602 cogitatione,
2907 3532 3299 3605 suggestione,
3345 3530 3756 3601 delectatione,

2101 3635 2409 3685 consensu,
2439 3619 2630 3674 verbis
2679 3625 2735 3674 et
2783 3637 2976 3692 opere,
3010 3625 3065 3676 et
3094 3620 3370 3676 omnibus
3414 3619 3570 3675 vitiis
3604 3619 3757 3676 meis

2101 3707 2302 3775 malis;
2339 3708 2492 3762 unde
2524 3724 2727 3779 precor
2775 3709 3005 3765 beatam
3056 3709 3354 3781 Virginem
3392 3708 3657 3776 Mariam,
3691 3712 3761 3765 ct

2099 3797 2331 3851 beatum
2365 3795 2705 3852 Michaelem
2737 3796 3239 3869 archangelum,et
3270 3803 3500 3855 sanctos
3523 3801 3758 3871 aposto-

2097 3883 2184 3940 los
2220 3885 2450 3940 Petrum
2482 3889 2539 3941 et
2568 3885 2837 3954 Paulum,
2872 3892 2929 3941 et
2958 3887 3191 3942 beatum
3223 3887 3355 3943 N.et
3385 3903 3588 3942 omnes
3608 3902 3749 3942 san-

2096 3978 2304 4040 ctos,et
2332 3978 2406 4041 te,
2439 3973 2629 4042 Pater,
2649 3991 2814 4031 orare
2846 3993 2948 4046 pro
2979 3992 3072 4031 me
3103 3979 3401 4048 peccatore
3433 3975 3749 4031 Dominum

2097 4066 2364 4118 nostrum
2394 4061 2599 4117 Jesum
2629 4062 2949 4120 Christum.

2167 4152 2510 4207 Miscreatur
2546 4152 2723 4208 vestri
2772 4154 3143 4225 omnipotens
3192 4153 3367 4219 Deus,
3401 4158 3459 4209 et
3488 4152 3753 4209 dimittat

2093 4239 2256 4294 vobis
2289 4239 2483 4295 omnia
2514 4244 2704 4297 vestra
2735 4247 2971 4313 peccata
3002 4242 3294 4315 praeterita
3332 4247 3389 4298 et
3418 4240 3751 4315 praesentia,

2095 4333 2153 4385 et
2200 4329 2269 4384 de
2319 4329 2532 4385 futuris
2580 4347 2679 4387 vos
2727 4331 3037 4399 custodiat,
3072 4331 3277 4388 liberet
3305 4349 3406 4388 vos
3455 4331 3527 4387 ab
3579 4331 3747 4386 omni

411 4399 617 4495 Oratio.
651 4402 922 4472 Absolve,
954 4404 1216 4473 Domine,
1253 4407 1480 4463 animas
1510 4409 1864 4466 famulorum
1904 4412 1987 4467 fa-
2022 4430 2069 4495 D
2100 4435 2272 4491 Opere
2302 4418 2477 4487 malo,
2511 4418 2691 4475 salvet
2720 4424 2777 4475 et
2806 4421 3111 4476 conﬁrmet
3140 4438 3241 4476 vos
3272 4420 3332 4475 in
3374 4420 3535 4476 omni
3578 4436 3757 4492 opere

337 4486 752 4561 mularumque
766 4494 1278 4558 tuorum,t‘ratrum
1298 4501 1632 4553 nostrorum
1652 4503 1709 4554 et
1728 4500 1991 4557 omnium

338 4574 603 4632 ﬁdelium
639 4578 1043 4636 defunctorum
1070 4582 1143 4636 ab
1166 4583 1323 4638 omni
1356 4584 1590 4642 vinculo
1622 4586 1990 4657 delictorum,

337 4670 402 4722 ut
436 4665 493 4722 in
527 4668 973 4725 resurrectionis
1023 4669 1213 4743 gloria
1259 4672 1411 4729 inter
1459 4680 1694 4732 sanctos
1736 4680 1868 4734 tuos
1900 4695 1995 4734 re-

333 4755 600 4811 suscitati
636 4758 947 4829 respirent.
975 4758 1097 4815 Per.

361 4878 574 4918 INCIPIT
614 4879 767 4919 ORDO
809 4881 1084 4927 QUALITER
1122 4884 1402 4925 SACEBDOS
1444 4888 1747 4928 PREPARET
1784 4891 1849 4928 SE
1885 4889 1956 4929 AD

1046 4955 1280 4995 MISSAM.

403 5021 482 5076 Ad
509 5039 715 5079 manus
760 5025 1025 5082 lavandos
1074 5028 1224 5083 Psal.
1277 5030 1460 5094 Quam
1513 5032 1809 5088 amabilia.
1840 5035 1989 5090 Psal.

332 5110 624 5168 Benedixi.
658 5114 811 5169 Psal.
848 5114 1094 5183 Inclina,
1129 5117 1552 5174 Domine.Psal.
1572 5122 1989 5179 Fundamenta.

332 5200 487 5253 Psal.
549 5201 762 5257 Judica
821 5220 933 5268 me,
985 5204 1252 5272 Domine.
1314 5208 1462 5262 Psal.
1523 5208 1773 5266 Credidi.
1824 5212 1993 5284 Kyrie

336 5284 580 5351 eleison,
614 5289 839 5347 Christe
868 5292 1289 5367 eleison,Kyrie
1318 5295 1556 5352 eleison.
1579 5298 1749 5353 Pater
1772 5307 1989 5357 noster.

334 5373 664 5443 Capitulum.
697 5378 982 5454 Exsurge,
1036 5381 1302 5439 Domine.
1355 5384 1419 5438 Et
1469 5383 1669 5441 libera.
1716 5386 1892 5455 Deus,
1926 5395 1989 5447 tu

331 5475 649 5522 conversus
696 5465 1015 5530 viviﬁcabis
1064 5489 1192 5531 nos.
1240 5473 1310 5533 Et
1357 5472 1524 5551 plebs
1575 5478 1699 5535 tua.
1733 5476 1989 5542 Ostende

2102 4507 2275 4575 bono,
2309 4512 2365 4563 et
2394 4508 2674 4579 perducat
2720 4525 2819 4563 vos
2869 4525 3001 4563 cum
3050 4508 3276 4582 angelis
3310 4508 3433 4566 suis
3465 4510 3537 4565 ad
3568 4509 3755 4565 vitam

2104 4600 2399 4653 aeternam.
2426 4598 2632 4652 Amen.

2176 4684 2607 4759 Indulgentiam
2621 4689 2675 4741 et
2689 4685 3092 4743 remissionem
3110 4690 3166 4743 et
3178 4686 3608 4744 absolutionem
3632 4704 3757 4743 om-

2103 4774 2266 4828 nium
2299 4778 2689 4845 peccatorum,
2740 4781 2797 4829 et
2846 4776 3106 4848 spatium
3136 4794 3264 4833 vere
3294 4776 3665 4849 poenitentiae,
3697 4780 3759 4832 et

2102 4862 2349 4934 gratiam
2376 4861 2562 4918 sancti
2594 4862 2845 4934 Spiritus
2868 4864 3088 4920 tribuat
3115 4865 3279 4921 vobis
3303 4865 3678 4939 omnipotens
3698 4869 3759 4921 et

2103 4950 2437 5006 misericors
2466 4950 2771 5007 Dominus.
2804 4954 3007 5010 Amen.

2175 5040 2505 5111 Capitulum.
2537 5040 2710 5107 Deus,
2745 5045 2809 5097 tu
2839 5044 3251 5099 conversus.Et
3279 5042 3465 5118 plebs.
3500 5043 3758 5100 Ostende

2102 5127 2290 5184 nobis.
2326 5129 2391 5183 Et
2422 5128 2693 5185 salutare.
2725 5129 3020 5203 Propitius
3069 5138 3213 5203 esto,
3247 5132 3511 5199 Domine,
3545 5148 3756 5205 pecca-

2101 5216 2197 5272 tis.
2233 5217 2473 5289 Propter
2502 5220 2826 5274 nomen.Ab
2858 5220 3100 5277 occultis
3134 5220 3299 5277 meis.
3324 5222 3391 5276 Et
3422 5222 3493 5277 ab
3522 5220 3751 5277 alienis.

2104 5305 2364 5374 Domine,
2395 5307 2623 5362 exaudi.
2659 5307 2728 5362 Et
2757 5306 2994 5365 clamor.
3030 5310 3319 5366 Dominus
3352 5309 3758 5367 vobiscum.Et

2101 5411 2255 5450 cum.

2173 5485 2374 5547 Oratio.
2409 5486 2588 5544 Aufer
2619 5503 2654 5544 a
2686 5487 3522 5565 nobis,quaesumus,Domine;
3547 5504 3757 5550 omnes
