  <div class='ocr_page' id='page_1' title='image "/cluster/home/n/w/nwhite01/storage/ocr_20150623/151/hvd.32044054760095/472.png"; bbox 0 0 3982 6172; ppageno 0'>
   <div class='ocr_carea' id='block_1_1' title="bbox 243 286 369 347">
    <p class='ocr_par' dir='ltr' id='par_1_1' title="bbox 243 286 369 347">
     <span class='ocr_line' id='line_1_1' title="bbox 243 286 369 347; baseline 0 -1"><span class='ocrx_word' id='word_1_1' title='bbox 243 286 369 347; x_wconf 83' lang='grc'><strong>933</strong></span> 
     </span>
    </p>
   </div>
   <div class='ocr_carea' id='block_1_2' title="bbox 1047 288 2883 352">
    <p class='ocr_par' dir='ltr' id='par_1_2' title="bbox 1047 288 2883 352">
     <span class='ocr_line' id='line_1_2' title="bbox 1047 288 2883 352; baseline 0.001 -4"><span class='ocrx_word' id='word_1_2' title='bbox 1047 288 1437 349; x_wconf 81' lang='lat' dir='ltr'>EXCERPT.</span> <span class='ocrx_word' id='word_1_3' title='bbox 1483 288 1589 349; x_wconf 86' lang='lat' dir='ltr'><strong>EX</strong></span> <span class='ocrx_word' id='word_1_4' title='bbox 1634 289 1864 349; x_wconf 91' lang='lat' dir='ltr'>CODD.</span> <span class='ocrx_word' id='word_1_5' title='bbox 1911 288 2228 352; x_wconf 76' lang='lat' dir='ltr'>LITURG.</span> <span class='ocrx_word' id='word_1_6' title='bbox 2277 290 2883 352; x_wconf 82' lang='lat' dir='ltr'>FONTAVELLAN.</span> 
     </span>
    </p>
   </div>
   <div class='ocr_carea' id='block_1_3' title="bbox 3555 292 3675 355">
    <p class='ocr_par' dir='ltr' id='par_1_3' title="bbox 3555 292 3675 355">
     <span class='ocr_line' id='line_1_3' title="bbox 3555 292 3675 355; baseline 0.017 -2"><span class='ocrx_word' id='word_1_7' title='bbox 3555 292 3675 355; x_wconf 74' lang='lat'>934</span> 
     </span>
    </p>
   </div>
   <div class='ocr_carea' id='block_1_4' title="bbox 249 416 3673 493">
    <p class='ocr_par' dir='ltr' id='par_1_4' title="bbox 249 416 3673 493">
     <span class='ocr_line' id='line_1_4' title="bbox 249 416 3673 493; baseline 0.003 -22"><span class='ocrx_word' id='word_1_8' title='bbox 249 416 595 488; x_wconf 74' lang='lat' dir='ltr'>iniquitates</span> <span class='ocrx_word' id='word_1_9' title='bbox 627 421 880 485; x_wconf 88' lang='lat' dir='ltr'>nostras,</span> <span class='ocrx_word' id='word_1_10' title='bbox 913 422 979 473; x_wconf 90' lang='lat' dir='ltr'>ut</span> <span class='ocrx_word' id='word_1_11' title='bbox 1008 419 1079 473; x_wconf 90' lang='lat' dir='ltr'>ad</span> <span class='ocrx_word' id='word_1_12' title='bbox 1112 423 1314 473; x_wconf 89' lang='lat' dir='ltr'>sancta</span> <span class='ocrx_word' id='word_1_13' title='bbox 1364 422 1698 474; x_wconf 90' lang='lat' dir='ltr'>sanctorum</span> <span class='ocrx_word' id='word_1_14' title='bbox 1740 420 1905 491; x_wconf 87' lang='lat' dir='ltr'>puris</span> <span class='ocrx_word' id='word_1_15' title='bbox 1937 428 1985 491; x_wconf 75' lang='grc' dir='ltr'>Α</span> <span class='ocrx_word' id='word_1_16' title='bbox 2018 420 2394 493; x_wconf 88' lang='lat' dir='ltr'>Evangelium</span> <span class='ocrx_word' id='word_1_17' title='bbox 2435 422 2615 493; x_wconf 86' lang='lat' dir='ltr'>pacis.</span> <span class='ocrx_word' id='word_1_18' title='bbox 2676 424 2904 478; x_wconf 88' lang='lat' dir='ltr'>Demum</span> <span class='ocrx_word' id='word_1_19' title='bbox 2959 424 3235 479; x_wconf 79' lang='lat' dir='ltr'>osculetur</span> <span class='ocrx_word' id='word_1_20' title='bbox 3291 424 3673 492; x_wconf 84' lang='lat' dir='ltr'>Evangelium,</span> 
     </span>
    </p>
   </div>
   <div class='ocr_carea' id='block_1_5' title="bbox 251 507 1481 582">
    <p class='ocr_par' dir='ltr' id='par_1_5' title="bbox 251 507 1481 582">
     <span class='ocr_line' id='line_1_5' title="bbox 251 507 1481 582; baseline 0.001 -19"><span class='ocrx_word' id='word_1_21' title='bbox 251 522 587 563; x_wconf 88' lang='lat' dir='ltr'>mereamur</span> <span class='ocrx_word' id='word_1_22' title='bbox 616 507 914 563; x_wconf 82' lang='lat' dir='ltr'>mentibus</span> <span class='ocrx_word' id='word_1_23' title='bbox 946 507 1204 563; x_wconf 80' lang='lat' dir='ltr'>introire.</span> <span class='ocrx_word' id='word_1_24' title='bbox 1240 507 1364 564; x_wconf 91' lang='lat' dir='ltr'>Per.</span> <span class='ocrx_word' id='word_1_25' title='bbox 1470 568 1481 582; x_wconf 39' lang='grc' dir='ltr'><strong><em>ο</em></strong></span> 
     </span>
    </p>
   </div>
   <div class='ocr_carea' id='block_1_6' title="bbox 325 594 1907 666">
    <p class='ocr_par' dir='ltr' id='par_1_6' title="bbox 325 594 1907 666">
     <span class='ocr_line' id='line_1_6' title="bbox 325 594 1907 666; baseline 0.001 -16"><span class='ocrx_word' id='word_1_26' title='bbox 325 594 552 664; x_wconf 84' lang='lat' dir='ltr'>Quando</span> <span class='ocrx_word' id='word_1_27' title='bbox 581 596 829 651; x_wconf 79' lang='lat' dir='ltr'>sacerdos</span> <span class='ocrx_word' id='word_1_28' title='bbox 857 604 937 651; x_wconf 87' lang='lat' dir='ltr'>est</span> <span class='ocrx_word' id='word_1_29' title='bbox 965 596 1035 651; x_wconf 89' lang='lat' dir='ltr'>ad</span> <span class='ocrx_word' id='word_1_30' title='bbox 1064 596 1261 666; x_wconf 88' lang='lat' dir='ltr'>altare,</span> <span class='ocrx_word' id='word_1_31' title='bbox 1308 595 1452 651; x_wconf 80' lang='lat' dir='ltr'>dicat</span> <span class='ocrx_word' id='word_1_32' title='bbox 1482 614 1499 650; x_wconf 92' lang='lat'><em>:</em></span> <span class='ocrx_word' id='word_1_33' title='bbox 1531 596 1780 652; x_wconf 81' lang='lat' dir='ltr'>Oramus</span> <span class='ocrx_word' id='word_1_34' title='bbox 1832 602 1907 658; x_wconf 84' lang='lat' dir='ltr'>te,</span> 
     </span>
    </p>
   </div>
   <div class='ocr_carea' id='block_1_7' title="bbox 250 683 1908 757">
    <p class='ocr_par' dir='ltr' id='par_1_7' title="bbox 250 683 1908 757">
     <span class='ocr_line' id='line_1_7' title="bbox 250 683 1908 757; baseline 0 -16"><span class='ocrx_word' id='word_1_35' title='bbox 250 683 516 751; x_wconf 87' lang='lat' dir='ltr'>Domine,</span> <span class='ocrx_word' id='word_1_36' title='bbox 550 689 615 739; x_wconf 87' lang='lat' dir='ltr'>ut</span> <span class='ocrx_word' id='word_1_37' title='bbox 646 701 749 757; x_wconf 89' lang='lat' dir='ltr'>per</span> <span class='ocrx_word' id='word_1_38' title='bbox 781 686 990 740; x_wconf 88' lang='lat' dir='ltr'>merita</span> <span class='ocrx_word' id='word_1_39' title='bbox 1019 690 1358 741; x_wconf 88' lang='lat' dir='ltr'>sanctorum</span> <span class='ocrx_word' id='word_1_40' title='bbox 1393 691 1908 757; x_wconf 87' lang='lat' dir='ltr'>tuorum,quorum</span> 
     </span>
    </p>
   </div>
   <div class='ocr_carea' id='block_1_8' title="bbox 252 772 1910 848">
    <p class='ocr_par' dir='ltr' id='par_1_8' title="bbox 252 772 1910 848">
     <span class='ocr_line' id='line_1_8' title="bbox 252 772 1910 848; baseline 0.001 -19"><span class='ocrx_word' id='word_1_41' title='bbox 252 772 513 845; x_wconf 67' lang='lat' dir='ltr'>reliquiae</span> <span class='ocrx_word' id='word_1_42' title='bbox 546 772 639 827; x_wconf 89' lang='lat' dir='ltr'>hic</span> <span class='ocrx_word' id='word_1_43' title='bbox 661 778 819 841; x_wconf 81' lang='lat' dir='ltr'>sunt,</span> <span class='ocrx_word' id='word_1_44' title='bbox 848 790 1051 828; x_wconf 86' lang='lat' dir='ltr'>eorum</span> <span class='ocrx_word' id='word_1_45' title='bbox 1080 773 1619 841; x_wconf 75' lang='lat' dir='ltr'>intercessionibus,</span> <span class='ocrx_word' id='word_1_46' title='bbox 1645 776 1910 848; x_wconf 90' lang='lat' dir='ltr'>omnipo-</span> 
     </span>
    </p>
   </div>
   <div class='ocr_carea' id='block_1_9' title="bbox 252 860 1911 937">
    <p class='ocr_par' dir='ltr' id='par_1_9' title="bbox 252 860 1911 937">
     <span class='ocr_line' id='line_1_9' title="bbox 252 860 1911 937; baseline 0.001 -20"><span class='ocrx_word' id='word_1_47' title='bbox 252 866 385 918; x_wconf 81' lang='lat' dir='ltr'>tens</span> <span class='ocrx_word' id='word_1_48' title='bbox 416 861 589 928; x_wconf 86' lang='lat' dir='ltr'>Deus,</span> <span class='ocrx_word' id='word_1_49' title='bbox 623 860 927 934; x_wconf 87' lang='lat' dir='ltr'>indulgere</span> <span class='ocrx_word' id='word_1_50' title='bbox 958 862 1220 935; x_wconf 83' lang='lat' dir='ltr'>digneris</span> <span class='ocrx_word' id='word_1_51' title='bbox 1252 862 1398 917; x_wconf 90' lang='lat' dir='ltr'>mihi</span> <span class='ocrx_word' id='word_1_52' title='bbox 1429 862 1628 918; x_wconf 85' lang='lat' dir='ltr'>omnia</span> <span class='ocrx_word' id='word_1_53' title='bbox 1676 868 1911 937; x_wconf 89' lang='lat' dir='ltr'>peccata</span> 
     </span>
    </p>
   </div>
   <div class='ocr_carea' id='block_1_10' title="bbox 253 950 565 1006">
    <p class='ocr_par' dir='ltr' id='par_1_10' title="bbox 253 950 565 1006">
     <span class='ocr_line' id='line_1_10' title="bbox 253 950 565 1006; baseline -0.003 -1"><span class='ocrx_word' id='word_1_54' title='bbox 253 967 406 1006; x_wconf 88' lang='lat' dir='ltr'>mea.</span> <span class='ocrx_word' id='word_1_55' title='bbox 440 950 565 1004; x_wconf 87' lang='lat' dir='ltr'>Per.</span> 
     </span>
    </p>
   </div>
   <div class='ocr_carea' id='block_1_11' title="bbox 326 1040 1912 1111">
    <p class='ocr_par' dir='ltr' id='par_1_11' title="bbox 326 1040 1912 1111">
     <span class='ocr_line' id='line_1_11' title="bbox 326 1040 1912 1111; baseline 0.001 -17"><span class='ocrx_word' id='word_1_56' title='bbox 326 1040 466 1094; x_wconf 88' lang='lat' dir='ltr'>Dum</span> <span class='ocrx_word' id='word_1_57' title='bbox 494 1043 752 1094; x_wconf 82' lang='lat' dir='ltr'>cantatur</span> <span class='ocrx_word' id='word_1_58' title='bbox 779 1040 1007 1111; x_wconf 86' lang='lat' dir='ltr'>epistola</span> <span class='ocrx_word' id='word_1_59' title='bbox 1035 1044 1087 1096; x_wconf 90' lang='lat' dir='ltr'>et</span> <span class='ocrx_word' id='word_1_60' title='bbox 1134 1040 1398 1109; x_wconf 79' lang='lat' dir='ltr'>graduale</span> <span class='ocrx_word' id='word_1_61' title='bbox 1430 1043 1478 1095; x_wconf 84' lang='lat' dir='ltr'>et</span> <span class='ocrx_word' id='word_1_62' title='bbox 1538 1041 1789 1107; x_wconf 78' lang='lat' dir='ltr'>alleluia,</span> <span class='ocrx_word' id='word_1_63' title='bbox 1820 1058 1912 1096; x_wconf 89' lang='lat' dir='ltr'>sa-</span> 
     </span>
    </p>
   </div>
   <div class='ocr_carea' id='block_1_12' title="bbox 252 1126 1909 1198">
    <p class='ocr_par' dir='ltr' id='par_1_12' title="bbox 252 1126 1909 1198">
     <span class='ocr_line' id='line_1_12' title="bbox 252 1126 1909 1198; baseline 0 -14"><span class='ocrx_word' id='word_1_64' title='bbox 252 1126 442 1184; x_wconf 84' lang='lat' dir='ltr'>cerdos</span> <span class='ocrx_word' id='word_1_65' title='bbox 472 1127 617 1181; x_wconf 84' lang='lat' dir='ltr'>dicat</span> <span class='ocrx_word' id='word_1_66' title='bbox 658 1128 800 1181; x_wconf 83' lang='lat' dir='ltr'>hanc</span> <span class='ocrx_word' id='word_1_67' title='bbox 827 1130 1162 1184; x_wconf 86' lang='lat' dir='ltr'>orationem:</span> <span class='ocrx_word' id='word_1_68' title='bbox 1196 1128 1437 1198; x_wconf 88' lang='lat' dir='ltr'>Suscipe</span> <span class='ocrx_word' id='word_1_69' title='bbox 1486 1128 1909 1184; x_wconf 80' lang='lat' dir='ltr'>confessionem</span> 
     </span>
    </p>
   </div>
   <div class='ocr_carea' id='block_1_13' title="bbox 254 1204 1909 1288">
    <p class='ocr_par' dir='ltr' id='par_1_13' title="bbox 254 1204 1909 1288">
     <span class='ocr_line' id='line_1_13' title="bbox 254 1204 1909 1288; baseline 0 -18"><span class='ocrx_word' id='word_1_70' title='bbox 254 1232 471 1281; x_wconf 89' lang='lat' dir='ltr'>meam,</span> <span class='ocrx_word' id='word_1_71' title='bbox 506 1233 625 1271; x_wconf 90' lang='lat' dir='ltr'>una</span> <span class='ocrx_word' id='word_1_72' title='bbox 654 1204 790 1288; x_wconf 78' lang='lat' dir='ltr'>epes</span> <span class='ocrx_word' id='word_1_73' title='bbox 820 1216 1031 1272; x_wconf 88' lang='lat' dir='ltr'>salutis</span> <span class='ocrx_word' id='word_1_74' title='bbox 1063 1232 1224 1278; x_wconf 64' lang='lat' dir='ltr'>meae.</span> <span class='ocrx_word' id='word_1_75' title='bbox 1260 1216 1505 1271; x_wconf 89' lang='lat' dir='ltr'>Domine</span> <span class='ocrx_word' id='word_1_76' title='bbox 1540 1219 1687 1273; x_wconf 87' lang='lat' dir='ltr'>Deus</span> <span class='ocrx_word' id='word_1_77' title='bbox 1721 1234 1909 1273; x_wconf 90' lang='lat' dir='ltr'>meus.</span> 
     </span>
    </p>
   </div>
   <div class='ocr_carea' id='block_1_14' title="bbox 254 1303 1910 1373">
    <p class='ocr_par' dir='ltr' id='par_1_14' title="bbox 254 1303 1910 1373">
     <span class='ocr_line' id='line_1_14' title="bbox 254 1303 1910 1373; baseline -0.002 -11"><span class='ocrx_word' id='word_1_78' title='bbox 254 1304 405 1362; x_wconf 88' lang='lat' dir='ltr'>Gula</span> <span class='ocrx_word' id='word_1_79' title='bbox 460 1304 760 1365; x_wconf 79' lang='lat' dir='ltr'>ebrietate.</span> <span class='ocrx_word' id='word_1_80' title='bbox 833 1305 1234 1371; x_wconf 81' lang='lat' dir='ltr'>fornicatione,</span> <span class='ocrx_word' id='word_1_81' title='bbox 1313 1303 1576 1373; x_wconf 81' lang='lat' dir='ltr'>libidine,</span> <span class='ocrx_word' id='word_1_82' title='bbox 1656 1304 1910 1372; x_wconf 88' lang='lat' dir='ltr'>tristitia,</span> 
     </span>
    </p>
   </div>
   <div class='ocr_carea' id='block_1_15' title="bbox 252 1392 1913 1466">
    <p class='ocr_par' dir='ltr' id='par_1_15' title="bbox 252 1392 1913 1466">
     <span class='ocr_line' id='line_1_15' title="bbox 252 1392 1913 1466; baseline -0.001 -17"><span class='ocrx_word' id='word_1_83' title='bbox 252 1392 517 1463; x_wconf 85' lang='lat' dir='ltr'>avaritia,</span> <span class='ocrx_word' id='word_1_84' title='bbox 538 1392 645 1459; x_wconf 88' lang='lat' dir='ltr'>ira,</span> <span class='ocrx_word' id='word_1_85' title='bbox 671 1393 894 1463; x_wconf 88' lang='lat' dir='ltr'>acedia,</span> <span class='ocrx_word' id='word_1_86' title='bbox 915 1393 1327 1459; x_wconf 90' lang='lat' dir='ltr'>somnolentia,</span> <span class='ocrx_word' id='word_1_87' title='bbox 1356 1393 1730 1466; x_wconf 83' lang='lat' dir='ltr'>negligentia,</span> <span class='ocrx_word' id='word_1_88' title='bbox 1756 1395 1913 1465; x_wconf 90' lang='lat' dir='ltr'>cupi-</span> 
     </span>
    </p>
   </div>
   <div class='ocr_carea' id='block_1_16' title="bbox 253 1480 1910 1554">
    <p class='ocr_par' dir='ltr' id='par_1_16' title="bbox 253 1480 1910 1554">
     <span class='ocr_line' id='line_1_16' title="bbox 253 1480 1910 1554; baseline 0.001 -18"><span class='ocrx_word' id='word_1_89' title='bbox 253 1480 456 1550; x_wconf 86' lang='lat' dir='ltr'>ditate,</span> <span class='ocrx_word' id='word_1_90' title='bbox 488 1480 727 1549; x_wconf 86' lang='lat' dir='ltr'>invidia,</span> <span class='ocrx_word' id='word_1_91' title='bbox 756 1480 1003 1549; x_wconf 89' lang='lat' dir='ltr'>malitia,</span> <span class='ocrx_word' id='word_1_92' title='bbox 1038 1481 1193 1549; x_wconf 90' lang='lat' dir='ltr'>odio,</span> <span class='ocrx_word' id='word_1_93' title='bbox 1218 1481 1599 1548; x_wconf 83' lang='lat' dir='ltr'>detractione,</span> <span class='ocrx_word' id='word_1_94' title='bbox 1634 1482 1910 1554; x_wconf 84' lang='lat' dir='ltr'>perjurio,</span> 
     </span>
    </p>
   </div>
   <div class='ocr_carea' id='block_1_17' title="bbox 254 1569 1914 1643">
    <p class='ocr_par' dir='ltr' id='par_1_17' title="bbox 254 1569 1914 1643">
     <span class='ocr_line' id='line_1_17' title="bbox 254 1569 1914 1643; baseline 0 -18"><span class='ocrx_word' id='word_1_95' title='bbox 254 1569 534 1637; x_wconf 82' lang='lat' dir='ltr'>falsitate,</span> <span class='ocrx_word' id='word_1_96' title='bbox 566 1569 895 1637; x_wconf 88' lang='lat' dir='ltr'>mendacio,</span> <span class='ocrx_word' id='word_1_97' title='bbox 924 1587 1075 1624; x_wconf 88' lang='lat' dir='ltr'>vana</span> <span class='ocrx_word' id='word_1_98' title='bbox 1104 1570 1311 1642; x_wconf 85' lang='lat' dir='ltr'>gloria,</span> <span class='ocrx_word' id='word_1_99' title='bbox 1344 1569 1680 1636; x_wconf 89' lang='lat' dir='ltr'>levitate,ac</span> <span class='ocrx_word' id='word_1_100' title='bbox 1704 1587 1914 1643; x_wconf 91' lang='lat' dir='ltr'>super—</span> 
     </span>
    </p>
   </div>
   <div class='ocr_carea' id='block_1_18' title="bbox 252 1656 1911 1730">
    <p class='ocr_par' dir='ltr' id='par_1_18' title="bbox 252 1656 1911 1730">
     <span class='ocr_line' id='line_1_18' title="bbox 252 1656 1911 1730; baseline 0 -17"><span class='ocrx_word' id='word_1_101' title='bbox 252 1659 353 1713; x_wconf 90' lang='lat' dir='ltr'>bia</span> <span class='ocrx_word' id='word_1_102' title='bbox 381 1659 644 1730; x_wconf 90' lang='lat' dir='ltr'>perditus</span> <span class='ocrx_word' id='word_1_103' title='bbox 666 1675 821 1727; x_wconf 91' lang='lat' dir='ltr'>sum,</span> <span class='ocrx_word' id='word_1_104' title='bbox 846 1663 904 1714; x_wconf 92' lang='lat' dir='ltr'>et</span> <span class='ocrx_word' id='word_1_105' title='bbox 930 1656 1170 1714; x_wconf 88' lang='lat' dir='ltr'>omnino</span> <span class='ocrx_word' id='word_1_106' title='bbox 1197 1657 1569 1730; x_wconf 88' lang='lat' dir='ltr'>cogitatione,</span> <span class='ocrx_word' id='word_1_107' title='bbox 1599 1658 1911 1727; x_wconf 87' lang='lat' dir='ltr'>locutione,</span> 
     </span>
    </p>
   </div>
   <div class='ocr_carea' id='block_1_19' title="bbox 2018 509 3674 584">
    <p class='ocr_par' dir='ltr' id='par_1_19' title="bbox 2018 509 3674 584">
     <span class='ocr_line' id='line_1_19' title="bbox 2018 509 3674 584; baseline 0.003 -20"><span class='ocrx_word' id='word_1_108' title='bbox 2018 516 2073 564; x_wconf 90' lang='lat' dir='ltr'>et</span> <span class='ocrx_word' id='word_1_109' title='bbox 2102 509 2248 564; x_wconf 90' lang='lat' dir='ltr'>dicat</span> <span class='ocrx_word' id='word_1_110' title='bbox 2279 527 2295 563; x_wconf 92' lang='lat'><strong><em>:</em></strong></span> <span class='ocrx_word' id='word_1_111' title='bbox 2329 509 2442 563; x_wconf 89' lang='lat' dir='ltr'>Pax</span> <span class='ocrx_word' id='word_1_112' title='bbox 2472 509 2706 579; x_wconf 87' lang='lat' dir='ltr'>Christi,</span> <span class='ocrx_word' id='word_1_113' title='bbox 2740 527 2919 582; x_wconf 90' lang='lat' dir='ltr'>quam</span> <span class='ocrx_word' id='word_1_114' title='bbox 2951 511 3122 568; x_wconf 88' lang='lat' dir='ltr'>nobis</span> <span class='ocrx_word' id='word_1_115' title='bbox 3164 527 3267 583; x_wconf 74' lang='lat' dir='ltr'>per</span> <span class='ocrx_word' id='word_1_116' title='bbox 3300 512 3674 584; x_wconf 89' lang='lat' dir='ltr'>Evangelium</span> 
     </span>
    </p>
   </div>
   <div class='ocr_carea' id='block_1_20' title="bbox 2021 596 3679 662">
    <p class='ocr_par' dir='ltr' id='par_1_20' title="bbox 2021 596 3679 662">
     <span class='ocr_line' id='line_1_20' title="bbox 2021 596 3679 662; baseline 0.004 -11"><span class='ocrx_word' id='word_1_117' title='bbox 2021 614 2194 652; x_wconf 90' lang='lat' dir='ltr'>suum</span> <span class='ocrx_word' id='word_1_118' title='bbox 2226 596 2489 662; x_wconf 86' lang='lat' dir='ltr'>tradidit,</span> <span class='ocrx_word' id='word_1_119' title='bbox 2522 597 2827 654; x_wconf 85' lang='lat' dir='ltr'>conﬁrmet</span> <span class='ocrx_word' id='word_1_120' title='bbox 2857 603 2914 654; x_wconf 91' lang='lat' dir='ltr'>et</span> <span class='ocrx_word' id='word_1_121' title='bbox 2935 604 3237 655; x_wconf 84' lang='lat' dir='ltr'>conservet</span> <span class='ocrx_word' id='word_1_122' title='bbox 3266 599 3441 655; x_wconf 89' lang='lat' dir='ltr'>corda</span> <span class='ocrx_word' id='word_1_123' title='bbox 3472 604 3528 656; x_wconf 92' lang='lat' dir='ltr'>et</span> <span class='ocrx_word' id='word_1_124' title='bbox 3556 617 3679 657; x_wconf 91' lang='lat' dir='ltr'>cor-</span> 
     </span>
    </p>
   </div>
   <div class='ocr_carea' id='block_1_21' title="bbox 2022 686 3677 757">
    <p class='ocr_par' dir='ltr' id='par_1_21' title="bbox 2022 686 3677 757">
     <span class='ocr_line' id='line_1_21' title="bbox 2022 686 3677 757; baseline 0.002 -18"><span class='ocrx_word' id='word_1_125' title='bbox 2022 702 2163 757; x_wconf 90' lang='lat' dir='ltr'>pora</span> <span class='ocrx_word' id='word_1_126' title='bbox 2193 691 2395 741; x_wconf 89' lang='lat' dir='ltr'>nostra</span> <span class='ocrx_word' id='word_1_127' title='bbox 2424 686 2483 740; x_wconf 89' lang='lat' dir='ltr'>in</span> <span class='ocrx_word' id='word_1_128' title='bbox 2514 686 2694 741; x_wconf 87' lang='lat' dir='ltr'>vitam</span> <span class='ocrx_word' id='word_1_129' title='bbox 2726 691 3023 743; x_wconf 78' lang='lat' dir='ltr'>aeternam.</span> <span class='ocrx_word' id='word_1_130' title='bbox 3049 688 3252 744; x_wconf 87' lang='lat' dir='ltr'>Amen.</span> <span class='ocrx_word' id='word_1_131' title='bbox 3289 687 3514 756; x_wconf 83' lang='lat' dir='ltr'>Quando</span> <span class='ocrx_word' id='word_1_132' title='bbox 3545 690 3677 744; x_wconf 86' lang='lat' dir='ltr'>mit-</span> 
     </span>
    </p>
   </div>
   <div class='ocr_carea' id='block_1_22' title="bbox 2022 776 3679 848">
    <p class='ocr_par' dir='ltr' id='par_1_22' title="bbox 2022 776 3679 848">
     <span class='ocr_line' id='line_1_22' title="bbox 2022 776 3679 848; baseline 0.003 -20"><span class='ocrx_word' id='word_1_133' title='bbox 2022 776 2159 829; x_wconf 89' lang='lat' dir='ltr'>titur</span> <span class='ocrx_word' id='word_1_134' title='bbox 2192 777 2472 829; x_wconf 87' lang='lat' dir='ltr'>incensum</span> <span class='ocrx_word' id='word_1_135' title='bbox 2504 778 2561 830; x_wconf 90' lang='lat' dir='ltr'>in</span> <span class='ocrx_word' id='word_1_136' title='bbox 2601 776 2944 831; x_wconf 85' lang='lat' dir='ltr'>thuribulum</span> <span class='ocrx_word' id='word_1_137' title='bbox 2972 776 3103 831; x_wconf 83' lang='lat' dir='ltr'>dicit</span> <span class='ocrx_word' id='word_1_138' title='bbox 3131 794 3149 831; x_wconf 91' lang='lat'><em>:</em></span> <span class='ocrx_word' id='word_1_139' title='bbox 3174 777 3260 832; x_wconf 88' lang='lat' dir='ltr'>Ab</span> <span class='ocrx_word' id='word_1_140' title='bbox 3303 776 3429 848; x_wconf 90' lang='lat' dir='ltr'>ipso</span> <span class='ocrx_word' id='word_1_141' title='bbox 3461 778 3679 846; x_wconf 57' lang='lat' dir='ltr'>benef-</span> 
     </span>
    </p>
   </div>
   <div class='ocr_carea' id='block_1_23' title="bbox 2023 863 3681 935">
    <p class='ocr_par' dir='ltr' id='par_1_23' title="bbox 2023 863 3681 935">
     <span class='ocr_line' id='line_1_23' title="bbox 2023 863 3681 935; baseline 0.002 -17"><span class='ocrx_word' id='word_1_142' title='bbox 2023 863 2237 919; x_wconf 90' lang='lat' dir='ltr'>dicaris</span> <span class='ocrx_word' id='word_1_143' title='bbox 2269 880 2371 935; x_wconf 90' lang='lat' dir='ltr'>pro</span> <span class='ocrx_word' id='word_1_144' title='bbox 2402 864 2572 934; x_wconf 89' lang='lat' dir='ltr'>cujus</span> <span class='ocrx_word' id='word_1_145' title='bbox 2604 881 2799 919; x_wconf 87' lang='lat' dir='ltr'>amore</span> <span class='ocrx_word' id='word_1_146' title='bbox 2821 864 3119 921; x_wconf 85' lang='lat' dir='ltr'>cremaris.</span> <span class='ocrx_word' id='word_1_147' title='bbox 3144 864 3348 919; x_wconf 80' lang='lat' dir='ltr'>Deinde</span> <span class='ocrx_word' id='word_1_148' title='bbox 3370 867 3681 922; x_wconf 86' lang='lat' dir='ltr'>incensetur</span> 
     </span>
    </p>
   </div>
   <div class='ocr_carea' id='block_1_24' title="bbox 2021 952 3669 1023">
    <p class='ocr_par' dir='ltr' id='par_1_24' title="bbox 2021 952 3669 1023">
     <span class='ocr_line' id='line_1_24' title="bbox 2021 952 3669 1023; baseline 0.001 -16"><span class='ocrx_word' id='word_1_149' title='bbox 2021 952 2385 1020; x_wconf 81' lang='lat' dir='ltr'>evangelium,</span> <span class='ocrx_word' id='word_1_150' title='bbox 2419 967 2521 1022; x_wconf 84' lang='lat' dir='ltr'>quo</span> <span class='ocrx_word' id='word_1_151' title='bbox 2551 952 2681 1007; x_wconf 87' lang='lat' dir='ltr'>lecto</span> <span class='ocrx_word' id='word_1_152' title='bbox 2712 955 3058 1023; x_wconf 83' lang='lat' dir='ltr'>evangelium</span> <span class='ocrx_word' id='word_1_153' title='bbox 3086 954 3357 1009; x_wconf 76' lang='lat' dir='ltr'>osculetur</span> <span class='ocrx_word' id='word_1_154' title='bbox 3400 954 3625 1011; x_wconf 86' lang='lat' dir='ltr'>dicendo</span> <span class='ocrx_word' id='word_1_155' title='bbox 3656 972 3669 1008; x_wconf 91' lang='lat'>:</span> 
     </span>
    </p>
   </div>
   <div class='ocr_carea' id='block_1_25' title="bbox 2022 1039 3677 1113">
    <p class='ocr_par' dir='ltr' id='par_1_25' title="bbox 2022 1039 3677 1113">
     <span class='ocr_line' id='line_1_25' title="bbox 2022 1039 3677 1113; baseline 0.004 -20"><span class='ocrx_word' id='word_1_156' title='bbox 2022 1039 2129 1095; x_wconf 86' lang='lat' dir='ltr'>Per</span> <span class='ocrx_word' id='word_1_157' title='bbox 2185 1040 2326 1094; x_wconf 83' lang='lat' dir='ltr'>istos</span> <span class='ocrx_word' id='word_1_158' title='bbox 2387 1045 2621 1095; x_wconf 86' lang='lat' dir='ltr'>sanctos</span> <span class='ocrx_word' id='word_1_159' title='bbox 2681 1057 2979 1096; x_wconf 88' lang='lat' dir='ltr'>sermones</span> <span class='ocrx_word' id='word_1_160' title='bbox 3031 1040 3325 1113; x_wconf 81' lang='lat' dir='ltr'>Evangelii</span> <span class='ocrx_word' id='word_1_161' title='bbox 3389 1041 3677 1099; x_wconf 90' lang='lat' dir='ltr'>Dominus</span> 
     </span>
    </p>
   </div>
   <div class='ocr_carea' id='block_1_26' title="bbox 2025 1128 3682 1204">
    <p class='ocr_par' dir='ltr' id='par_1_26' title="bbox 2025 1128 3682 1204">
     <span class='ocr_line' id='line_1_26' title="bbox 2025 1128 3682 1204; baseline 0.003 -21"><span class='ocrx_word' id='word_1_162' title='bbox 2025 1134 2222 1184; x_wconf 85' lang='lat' dir='ltr'>noster</span> <span class='ocrx_word' id='word_1_163' title='bbox 2241 1129 2416 1185; x_wconf 90' lang='lat' dir='ltr'>Jesus</span> <span class='ocrx_word' id='word_1_164' title='bbox 2436 1128 2706 1186; x_wconf 84' lang='lat' dir='ltr'>Christus</span> <span class='ocrx_word' id='word_1_165' title='bbox 2730 1129 3032 1203; x_wconf 85' lang='lat' dir='ltr'>indulgeat</span> <span class='ocrx_word' id='word_1_166' title='bbox 3052 1129 3197 1184; x_wconf 89' lang='lat' dir='ltr'>mihi</span> <span class='ocrx_word' id='word_1_167' title='bbox 3222 1131 3420 1186; x_wconf 86' lang='lat' dir='ltr'>omnia</span> <span class='ocrx_word' id='word_1_168' title='bbox 3445 1136 3682 1204; x_wconf 89' lang='lat' dir='ltr'>peccata</span> 
     </span>
    </p>
   </div>
   <div class='ocr_carea' id='block_1_27' title="bbox 2022 1220 2409 1273">
    <p class='ocr_par' dir='ltr' id='par_1_27' title="bbox 2022 1220 2409 1273">
     <span class='ocr_line' id='line_1_27' title="bbox 2022 1220 2409 1273; baseline 0 -1"><span class='ocrx_word' id='word_1_169' title='bbox 2022 1233 2172 1273; x_wconf 91' lang='lat' dir='ltr'>mea.</span> <span class='ocrx_word' id='word_1_170' title='bbox 2205 1220 2409 1273; x_wconf 91' lang='lat' dir='ltr'>Amen.</span> 
     </span>
    </p>
   </div>
   <div class='ocr_carea' id='block_1_28' title="bbox 2094 1306 3674 1377">
    <p class='ocr_par' dir='ltr' id='par_1_28' title="bbox 2094 1306 3674 1377">
     <span class='ocr_line' id='line_1_28' title="bbox 2094 1306 3674 1377; baseline 0.002 -17"><span class='ocrx_word' id='word_1_171' title='bbox 2094 1306 2172 1360; x_wconf 83' lang='lat' dir='ltr'>Ad</span> <span class='ocrx_word' id='word_1_172' title='bbox 2194 1307 2472 1377; x_wconf 77' lang='lat' dir='ltr'>corpora-le</span> <span class='ocrx_word' id='word_1_173' title='bbox 2504 1306 2816 1362; x_wconf 83' lang='lat' dir='ltr'>benedictio.</span> <span class='ocrx_word' id='word_1_174' title='bbox 2836 1306 2898 1360; x_wconf 92' lang='lat' dir='ltr'>ln</span> <span class='ocrx_word' id='word_1_175' title='bbox 2931 1309 3028 1361; x_wconf 90' lang='lat' dir='ltr'>tuo</span> <span class='ocrx_word' id='word_1_176' title='bbox 3051 1311 3387 1377; x_wconf 91' lang='lat' dir='ltr'>conspectu,</span> <span class='ocrx_word' id='word_1_177' title='bbox 3410 1306 3674 1376; x_wconf 89' lang='lat' dir='ltr'>Domine,</span> 
     </span>
    </p>
   </div>
   <div class='ocr_carea' id='block_1_29' title="bbox 2023 1394 3677 1467">
    <p class='ocr_par' dir='ltr' id='par_1_29' title="bbox 2023 1394 3677 1467">
     <span class='ocr_line' id='line_1_29' title="bbox 2023 1394 3677 1467; baseline 0 -17"><span class='ocrx_word' id='word_1_178' title='bbox 2023 1394 2147 1450; x_wconf 63' lang='lat' dir='ltr'>haec</span> <span class='ocrx_word' id='word_1_179' title='bbox 2180 1400 2380 1451; x_wconf 88' lang='lat' dir='ltr'>nostra</span> <span class='ocrx_word' id='word_1_180' title='bbox 2405 1412 2651 1451; x_wconf 90' lang='lat' dir='ltr'>munera</span> <span class='ocrx_word' id='word_1_181' title='bbox 2680 1394 2784 1450; x_wconf 87' lang='lat' dir='ltr'>tibi</span> <span class='ocrx_word' id='word_1_182' title='bbox 2820 1394 3033 1467; x_wconf 87' lang='lat' dir='ltr'>placita</span> <span class='ocrx_word' id='word_1_183' title='bbox 3090 1394 3228 1463; x_wconf 88' lang='lat' dir='ltr'>sint,</span> <span class='ocrx_word' id='word_1_184' title='bbox 3290 1399 3354 1450; x_wconf 89' lang='lat' dir='ltr'>ut</span> <span class='ocrx_word' id='word_1_185' title='bbox 3412 1412 3515 1451; x_wconf 91' lang='lat' dir='ltr'>nos</span> <span class='ocrx_word' id='word_1_186' title='bbox 3570 1396 3677 1452; x_wconf 88' lang='lat' dir='ltr'>tibi</span> 
     </span>
    </p>
   </div>
   <div class='ocr_carea' id='block_1_30' title="bbox 2026 1483 2600 1555">
    <p class='ocr_par' dir='ltr' id='par_1_30' title="bbox 2026 1483 2600 1555">
     <span class='ocr_line' id='line_1_30' title="bbox 2026 1483 2600 1555; baseline 0.003 -18"><span class='ocrx_word' id='word_1_187' title='bbox 2026 1483 2251 1555; x_wconf 84' lang='lat' dir='ltr'>placere</span> <span class='ocrx_word' id='word_1_188' title='bbox 2282 1484 2600 1555; x_wconf 89' lang='lat' dir='ltr'>possimus.</span> 
     </span>
    </p>
   </div>
   <div class='ocr_carea' id='block_1_31' title="bbox 2097 1571 3677 1645">
    <p class='ocr_par' dir='ltr' id='par_1_31' title="bbox 2097 1571 3677 1645">
     <span class='ocr_line' id='line_1_31' title="bbox 2097 1571 3677 1645; baseline 0 -18"><span class='ocrx_word' id='word_1_189' title='bbox 2097 1573 2323 1641; x_wconf 83' lang='lat' dir='ltr'>Quando</span> <span class='ocrx_word' id='word_1_190' title='bbox 2344 1572 2527 1628; x_wconf 74' lang='lat' dir='ltr'>oblata.</span> <span class='ocrx_word' id='word_1_191' title='bbox 2556 1589 2721 1645; x_wconf 81' lang='lat' dir='ltr'>super</span> <span class='ocrx_word' id='word_1_192' title='bbox 2752 1573 2926 1628; x_wconf 85' lang='lat' dir='ltr'>altare</span> <span class='ocrx_word' id='word_1_193' title='bbox 2952 1574 3108 1643; x_wconf 81' lang='lat' dir='ltr'>ponit</span> <span class='ocrx_word' id='word_1_194' title='bbox 3131 1591 3148 1626; x_wconf 91' lang='lat'><strong><em>:</em></strong></span> <span class='ocrx_word' id='word_1_195' title='bbox 3199 1571 3348 1635; x_wconf 86' lang='lat' dir='ltr'>Tibi,</span> <span class='ocrx_word' id='word_1_196' title='bbox 3412 1572 3677 1641; x_wconf 91' lang='lat' dir='ltr'>Domine,</span> 
     </span>
    </p>
   </div>
   <div class='ocr_carea' id='block_1_32' title="bbox 2024 1660 3680 1734">
    <p class='ocr_par' dir='ltr' id='par_1_32' title="bbox 2024 1660 3680 1734">
     <span class='ocr_line' id='line_1_32' title="bbox 2024 1660 3680 1734; baseline -0.002 -17"><span class='ocrx_word' id='word_1_197' title='bbox 2024 1662 2275 1717; x_wconf 82' lang='lat' dir='ltr'>Creatori</span> <span class='ocrx_word' id='word_1_198' title='bbox 2302 1678 2431 1734; x_wconf 80' lang='lat' dir='ltr'>meq</span> <span class='ocrx_word' id='word_1_199' title='bbox 2454 1662 2706 1717; x_wconf 91' lang='lat' dir='ltr'>hostiam</span> <span class='ocrx_word' id='word_1_200' title='bbox 2731 1661 2907 1716; x_wconf 78' lang='lat' dir='ltr'>offero</span> <span class='ocrx_word' id='word_1_201' title='bbox 2925 1678 3028 1733; x_wconf 90' lang='lat' dir='ltr'>pro</span> <span class='ocrx_word' id='word_1_202' title='bbox 3048 1660 3393 1716; x_wconf 87' lang='lat' dir='ltr'>remissione</span> <span class='ocrx_word' id='word_1_203' title='bbox 3414 1661 3680 1715; x_wconf 89' lang='lat' dir='ltr'>omnium</span> 
     </span>
    </p>
   </div>
   <div class='ocr_carea' id='block_1_33' title="bbox 252 1745 3681 1850">
    <p class='ocr_par' dir='ltr' id='par_1_33' title="bbox 252 1745 3681 1850">
     <span class='ocr_line' id='line_1_33' title="bbox 252 1745 3681 1850; baseline 0.001 -48"><span class='ocrx_word' id='word_1_204' title='bbox 252 1746 503 1813; x_wconf 85' lang='lat' dir='ltr'>actione,</span> <span class='ocrx_word' id='word_1_205' title='bbox 538 1751 715 1818; x_wconf 88' lang='lat' dir='ltr'>atque</span> <span class='ocrx_word' id='word_1_206' title='bbox 745 1747 1021 1802; x_wconf 87' lang='lat' dir='ltr'>omnibus</span> <span class='ocrx_word' id='word_1_207' title='bbox 1072 1745 1344 1803; x_wconf 90' lang='lat' dir='ltr'>sensibus</span> <span class='ocrx_word' id='word_1_208' title='bbox 1375 1747 1696 1803; x_wconf 82' lang='lat' dir='ltr'>exstinctus</span> <span class='ocrx_word' id='word_1_209' title='bbox 1752 1765 1909 1803; x_wconf 91' lang='lat' dir='ltr'>sum.</span> <span class='ocrx_word' id='word_1_210' title='bbox 1945 1786 1994 1850; x_wconf 79' lang='grc' dir='ltr'><strong>Β</strong></span> <span class='ocrx_word' id='word_1_211' title='bbox 2024 1755 2396 1823; x_wconf 85' lang='lat' dir='ltr'>peccatorum</span> <span class='ocrx_word' id='word_1_212' title='bbox 2430 1768 2716 1818; x_wconf 90' lang='lat' dir='ltr'>meorum,</span> <span class='ocrx_word' id='word_1_213' title='bbox 2749 1755 2807 1805; x_wconf 88' lang='lat' dir='ltr'>et</span> <span class='ocrx_word' id='word_1_214' title='bbox 2835 1754 3180 1805; x_wconf 87' lang='lat' dir='ltr'>cunctorum</span> <span class='ocrx_word' id='word_1_215' title='bbox 3234 1747 3495 1803; x_wconf 80' lang='lat' dir='ltr'>ﬁdelium</span> <span class='ocrx_word' id='word_1_216' title='bbox 3552 1752 3681 1804; x_wconf 88' lang='lat' dir='ltr'>tuo-</span> 
     </span>
    </p>
   </div>
   <div class='ocr_carea' id='block_1_34' title="bbox 252 1834 1913 1907">
    <p class='ocr_par' dir='ltr' id='par_1_34' title="bbox 252 1834 1913 1907">
     <span class='ocr_line' id='line_1_34' title="bbox 252 1834 1913 1907; baseline 0.001 -16"><span class='ocrx_word' id='word_1_217' title='bbox 252 1834 578 1902; x_wconf 90' lang='lat' dir='ltr'>ODomine,</span> <span class='ocrx_word' id='word_1_218' title='bbox 604 1834 1020 1907; x_wconf 85' lang='lat' dir='ltr'>quijustificus</span> <span class='ocrx_word' id='word_1_219' title='bbox 1042 1835 1255 1907; x_wconf 90' lang='lat' dir='ltr'>impios</span> <span class='ocrx_word' id='word_1_220' title='bbox 1277 1839 1335 1891; x_wconf 92' lang='lat' dir='ltr'>et</span> <span class='ocrx_word' id='word_1_221' title='bbox 1354 1835 1607 1892; x_wconf 82' lang='lat' dir='ltr'>vivificas</span> <span class='ocrx_word' id='word_1_222' title='bbox 1629 1842 1913 1903; x_wconf 89' lang='lat' dir='ltr'>mortuos,</span> 
     </span>
    </p>
   </div>
   <div class='ocr_carea' id='block_1_35' title="bbox 247 1922 1905 1994">
    <p class='ocr_par' dir='ltr' id='par_1_35' title="bbox 247 1922 1905 1994">
     <span class='ocr_line' id='line_1_35' title="bbox 247 1922 1905 1994; baseline 0.002 -17"><span class='ocrx_word' id='word_1_223' title='bbox 247 1922 515 1994; x_wconf 78' lang='lat' dir='ltr'>justiﬁes</span> <span class='ocrx_word' id='word_1_224' title='bbox 547 1939 639 1977; x_wconf 89' lang='lat' dir='ltr'>me</span> <span class='ocrx_word' id='word_1_225' title='bbox 671 1927 727 1978; x_wconf 91' lang='lat' dir='ltr'>et</span> <span class='ocrx_word' id='word_1_226' title='bbox 758 1922 1076 1979; x_wconf 88' lang='lat' dir='ltr'>ressuscita</span> <span class='ocrx_word' id='word_1_227' title='bbox 1108 1940 1220 1991; x_wconf 92' lang='lat' dir='ltr'>me,</span> <span class='ocrx_word' id='word_1_228' title='bbox 1254 1924 1500 1980; x_wconf 89' lang='lat' dir='ltr'>Domine</span> <span class='ocrx_word' id='word_1_229' title='bbox 1531 1925 1686 1981; x_wconf 90' lang='lat' dir='ltr'>Deus</span> <span class='ocrx_word' id='word_1_230' title='bbox 1717 1943 1905 1981; x_wconf 91' lang='lat' dir='ltr'>meus.</span> 
     </span>
    </p>
   </div>
   <div class='ocr_carea' id='block_1_36' title="bbox 253 2011 1914 2071">
    <p class='ocr_par' dir='ltr' id='par_1_36' title="bbox 253 2011 1914 2071">
     <span class='ocr_line' id='line_1_36' title="bbox 253 2011 1914 2071; baseline 0.002 -3"><span class='ocrx_word' id='word_1_231' title='bbox 253 2013 365 2068; x_wconf 90' lang='lat' dir='ltr'>Per</span> <span class='ocrx_word' id='word_1_232' title='bbox 393 2016 598 2067; x_wconf 89' lang='lat' dir='ltr'>Jesum</span> <span class='ocrx_word' id='word_1_233' title='bbox 630 2011 926 2068; x_wconf 88' lang='lat' dir='ltr'>Christum</span> <span class='ocrx_word' id='word_1_234' title='bbox 969 2012 1182 2067; x_wconf 85' lang='lat' dir='ltr'>Filium</span> <span class='ocrx_word' id='word_1_235' title='bbox 1214 2017 1382 2068; x_wconf 92' lang='lat' dir='ltr'>tuum</span> <span class='ocrx_word' id='word_1_236' title='bbox 1436 2013 1749 2069; x_wconf 90' lang='lat' dir='ltr'>Dominum</span> <span class='ocrx_word' id='word_1_237' title='bbox 1783 2032 1914 2071; x_wconf 92' lang='lat' dir='ltr'>nos-</span> 
     </span>
    </p>
   </div>
   <div class='ocr_carea' id='block_1_37' title="bbox 254 2100 1450 2172">
    <p class='ocr_par' dir='ltr' id='par_1_37' title="bbox 254 2100 1450 2172">
     <span class='ocr_line' id='line_1_37' title="bbox 254 2100 1450 2172; baseline -0.001 -15"><span class='ocrx_word' id='word_1_238' title='bbox 254 2105 437 2167; x_wconf 90' lang='lat' dir='ltr'>trum,</span> <span class='ocrx_word' id='word_1_239' title='bbox 475 2100 577 2172; x_wconf 88' lang='lat' dir='ltr'>qui</span> <span class='ocrx_word' id='word_1_240' title='bbox 609 2105 799 2156; x_wconf 89' lang='lat' dir='ltr'>tecum</span> <span class='ocrx_word' id='word_1_241' title='bbox 830 2101 974 2155; x_wconf 83' lang='lat' dir='ltr'>vivit</span> <span class='ocrx_word' id='word_1_242' title='bbox 1001 2105 1058 2155; x_wconf 91' lang='lat' dir='ltr'>et</span> <span class='ocrx_word' id='word_1_243' title='bbox 1087 2105 1311 2171; x_wconf 82' lang='lat' dir='ltr'>regnat,</span> <span class='ocrx_word' id='word_1_244' title='bbox 1344 2109 1450 2157; x_wconf 87' lang='lat' dir='ltr'>etc.</span> 
     </span>
    </p>
   </div>
   <div class='ocr_carea' id='block_1_38' title="bbox 328 2188 1907 2263">
    <p class='ocr_par' dir='ltr' id='par_1_38' title="bbox 328 2188 1907 2263">
     <span class='ocr_line' id='line_1_38' title="bbox 328 2188 1907 2263; baseline 0.001 -18"><span class='ocrx_word' id='word_1_245' title='bbox 328 2189 512 2245; x_wconf 87' lang='lat' dir='ltr'>Maria</span> <span class='ocrx_word' id='word_1_246' title='bbox 541 2189 904 2256; x_wconf 88' lang='lat' dir='ltr'>beatissima,</span> <span class='ocrx_word' id='word_1_247' title='bbox 936 2189 1119 2244; x_wconf 87' lang='lat' dir='ltr'>Mater</span> <span class='ocrx_word' id='word_1_248' title='bbox 1141 2189 1239 2244; x_wconf 89' lang='lat' dir='ltr'>Dei</span> <span class='ocrx_word' id='word_1_249' title='bbox 1265 2195 1321 2244; x_wconf 92' lang='lat' dir='ltr'>et</span> <span class='ocrx_word' id='word_1_250' title='bbox 1347 2188 1603 2245; x_wconf 88' lang='lat' dir='ltr'>hominis</span> <span class='ocrx_word' id='word_1_251' title='bbox 1632 2190 1907 2263; x_wconf 86' lang='lat' dir='ltr'>gloriosa,</span> 
     </span>
    </p>
   </div>
   <div class='ocr_carea' id='block_1_39' title="bbox 260 2277 1915 2345">
    <p class='ocr_par' dir='ltr' id='par_1_39' title="bbox 260 2277 1915 2345">
     <span class='ocr_line' id='line_1_39' title="bbox 260 2277 1915 2345; baseline 0.002 -13"><span class='ocrx_word' id='word_1_252' title='bbox 260 2278 414 2334; x_wconf 89' lang='lat' dir='ltr'>inter</span> <span class='ocrx_word' id='word_1_253' title='bbox 444 2294 649 2333; x_wconf 91' lang='lat' dir='ltr'>omnes</span> <span class='ocrx_word' id='word_1_254' title='bbox 683 2277 960 2333; x_wconf 89' lang='lat' dir='ltr'>mulieres</span> <span class='ocrx_word' id='word_1_255' title='bbox 990 2277 1313 2345; x_wconf 89' lang='lat' dir='ltr'>benedicta,</span> <span class='ocrx_word' id='word_1_256' title='bbox 1348 2277 1471 2333; x_wconf 75' lang='grc' dir='ltr'>ρωΙὶ</span> <span class='ocrx_word' id='word_1_257' title='bbox 1506 2283 1563 2334; x_wconf 92' lang='lat' dir='ltr'>et</span> <span class='ocrx_word' id='word_1_258' title='bbox 1601 2283 1764 2335; x_wconf 64' lang='lat' dir='ltr'>terrea</span> <span class='ocrx_word' id='word_1_259' title='bbox 1801 2281 1915 2337; x_wconf 90' lang='lat' dir='ltr'>Do-</span> 
     </span>
    </p>
   </div>
   <div class='ocr_carea' id='block_1_40' title="bbox 258 2364 1910 2438">
    <p class='ocr_par' dir='ltr' id='par_1_40' title="bbox 258 2364 1910 2438">
     <span class='ocr_line' id='line_1_40' title="bbox 258 2364 1910 2438; baseline 0.002 -17"><span class='ocrx_word' id='word_1_260' title='bbox 258 2365 442 2430; x_wconf 90' lang='lat' dir='ltr'>mina,</span> <span class='ocrx_word' id='word_1_261' title='bbox 466 2382 643 2437; x_wconf 88' lang='lat' dir='ltr'>super</span> <span class='ocrx_word' id='word_1_262' title='bbox 663 2382 869 2421; x_wconf 90' lang='lat' dir='ltr'>omnes</span> <span class='ocrx_word' id='word_1_263' title='bbox 890 2365 1130 2438; x_wconf 87' lang='lat' dir='ltr'>angelos</span> <span class='ocrx_word' id='word_1_264' title='bbox 1151 2370 1209 2421; x_wconf 88' lang='lat' dir='ltr'>et</span> <span class='ocrx_word' id='word_1_265' title='bbox 1230 2364 1615 2437; x_wconf 88' lang='lat' dir='ltr'>archangelos</span> <span class='ocrx_word' id='word_1_266' title='bbox 1638 2368 1910 2436; x_wconf 81' lang='lat' dir='ltr'>exaltata,</span> 
     </span>
    </p>
   </div>
   <div class='ocr_carea' id='block_1_41' title="bbox 257 2455 1914 2529">
    <p class='ocr_par' dir='ltr' id='par_1_41' title="bbox 257 2455 1914 2529">
     <span class='ocr_line' id='line_1_41' title="bbox 257 2455 1914 2529; baseline 0.002 -18"><span class='ocrx_word' id='word_1_267' title='bbox 257 2459 323 2511; x_wconf 91' lang='lat' dir='ltr'>tu</span> <span class='ocrx_word' id='word_1_268' title='bbox 357 2455 598 2528; x_wconf 87' lang='lat' dir='ltr'>dignare</span> <span class='ocrx_word' id='word_1_269' title='bbox 616 2472 722 2525; x_wconf 89' lang='lat' dir='ltr'>pro</span> <span class='ocrx_word' id='word_1_270' title='bbox 744 2471 837 2511; x_wconf 91' lang='lat' dir='ltr'>me</span> <span class='ocrx_word' id='word_1_271' title='bbox 859 2459 1159 2526; x_wconf 88' lang='lat' dir='ltr'>peccatore</span> <span class='ocrx_word' id='word_1_272' title='bbox 1190 2471 1389 2527; x_wconf 86' lang='lat' dir='ltr'>preces</span> <span class='ocrx_word' id='word_1_273' title='bbox 1420 2455 1530 2510; x_wconf 83' lang='lat' dir='ltr'>eifu</span> <span class='ocrx_word' id='word_1_274' title='bbox 1542 2456 1914 2529; x_wconf 89' lang='lat' dir='ltr'>ndere,cujus</span> 
     </span>
    </p>
   </div>
   <div class='ocr_carea' id='block_1_42' title="bbox 259 2543 1910 2618">
    <p class='ocr_par' dir='ltr' id='par_1_42' title="bbox 259 2543 1910 2618">
     <span class='ocr_line' id='line_1_42' title="bbox 259 2543 1910 2618; baseline 0.001 -19"><span class='ocrx_word' id='word_1_275' title='bbox 259 2544 445 2599; x_wconf 92' lang='lat' dir='ltr'>oratio</span> <span class='ocrx_word' id='word_1_276' title='bbox 478 2561 594 2600; x_wconf 91' lang='lat' dir='ltr'>non</span> <span class='ocrx_word' id='word_1_277' title='bbox 620 2547 811 2616; x_wconf 90' lang='lat' dir='ltr'>potest</span> <span class='ocrx_word' id='word_1_278' title='bbox 831 2543 904 2598; x_wconf 90' lang='lat' dir='ltr'>ab</span> <span class='ocrx_word' id='word_1_279' title='bbox 934 2559 1000 2599; x_wconf 91' lang='lat' dir='ltr'>eo</span> <span class='ocrx_word' id='word_1_280' title='bbox 1032 2544 1130 2616; x_wconf 89' lang='lat' dir='ltr'>qui</span> <span class='ocrx_word' id='word_1_281' title='bbox 1155 2560 1223 2598; x_wconf 83' lang='lat' dir='ltr'>ex</span> <span class='ocrx_word' id='word_1_282' title='bbox 1253 2548 1308 2599; x_wconf 89' lang='lat' dir='ltr'>te</span> <span class='ocrx_word' id='word_1_283' title='bbox 1340 2548 1513 2600; x_wconf 91' lang='lat' dir='ltr'>natus</span> <span class='ocrx_word' id='word_1_284' title='bbox 1535 2548 1643 2614; x_wconf 92' lang='lat' dir='ltr'>est,</span> <span class='ocrx_word' id='word_1_285' title='bbox 1670 2546 1910 2618; x_wconf 90' lang='lat' dir='ltr'>despici,</span> 
     </span>
    </p>
   </div>
   <div class='ocr_carea' id='block_1_43' title="bbox 257 2630 1911 2705">
    <p class='ocr_par' dir='ltr' id='par_1_43' title="bbox 257 2630 1911 2705">
     <span class='ocr_line' id='line_1_43' title="bbox 257 2630 1911 2705; baseline 0.002 -17"><span class='ocrx_word' id='word_1_286' title='bbox 257 2649 365 2689; x_wconf 91' lang='lat' dir='ltr'>nec</span> <span class='ocrx_word' id='word_1_287' title='bbox 396 2633 536 2705; x_wconf 90' lang='lat' dir='ltr'>quid</span> <span class='ocrx_word' id='word_1_288' title='bbox 570 2630 946 2705; x_wconf 88' lang='lat' dir='ltr'>aliquatenus</span> <span class='ocrx_word' id='word_1_289' title='bbox 976 2649 1010 2686; x_wconf 87' lang='lat' dir='ltr'>a</span> <span class='ocrx_word' id='word_1_290' title='bbox 1044 2631 1183 2687; x_wconf 89' lang='lat' dir='ltr'>Filio</span> <span class='ocrx_word' id='word_1_291' title='bbox 1232 2637 1332 2689; x_wconf 89' lang='lat' dir='ltr'>tuo</span> <span class='ocrx_word' id='word_1_292' title='bbox 1363 2636 1420 2688; x_wconf 90' lang='lat' dir='ltr'>et</span> <span class='ocrx_word' id='word_1_293' title='bbox 1462 2634 1732 2689; x_wconf 89' lang='lat' dir='ltr'>Creatore</span> <span class='ocrx_word' id='word_1_294' title='bbox 1775 2651 1911 2691; x_wconf 91' lang='lat' dir='ltr'>con-</span> 
     </span>
    </p>
   </div>
   <div class='ocr_carea' id='block_1_44' title="bbox 259 2720 1913 2796">
    <p class='ocr_par' dir='ltr' id='par_1_44' title="bbox 259 2720 1913 2796">
     <span class='ocr_line' id='line_1_44' title="bbox 259 2720 1913 2796; baseline 0.001 -19"><span class='ocrx_word' id='word_1_295' title='bbox 259 2721 467 2777; x_wconf 90' lang='lat' dir='ltr'>temni.</span> <span class='ocrx_word' id='word_1_296' title='bbox 502 2721 546 2776; x_wconf 89' lang='grc' dir='ltr'>Ο</span> <span class='ocrx_word' id='word_1_297' title='bbox 578 2720 899 2794; x_wconf 85' lang='lat' dir='ltr'>singularis</span> <span class='ocrx_word' id='word_1_298' title='bbox 928 2725 986 2777; x_wconf 93' lang='lat' dir='ltr'>et</span> <span class='ocrx_word' id='word_1_299' title='bbox 1016 2738 1164 2777; x_wconf 90' lang='lat' dir='ltr'>nova</span> <span class='ocrx_word' id='word_1_300' title='bbox 1189 2738 1493 2795; x_wconf 88' lang='lat' dir='ltr'>puerpera,</span> <span class='ocrx_word' id='word_1_301' title='bbox 1527 2723 1703 2779; x_wconf 90' lang='lat' dir='ltr'>adoro</span> <span class='ocrx_word' id='word_1_302' title='bbox 1734 2724 1913 2796; x_wconf 89' lang='lat' dir='ltr'>virgi-</span> 
     </span>
    </p>
   </div>
   <div class='ocr_carea' id='block_1_45' title="bbox 255 2809 1913 2884">
    <p class='ocr_par' dir='ltr' id='par_1_45' title="bbox 255 2809 1913 2884">
     <span class='ocr_line' id='line_1_45' title="bbox 255 2809 1913 2884; baseline 0.002 -19"><span class='ocrx_word' id='word_1_303' title='bbox 255 2809 408 2866; x_wconf 87' lang='lat' dir='ltr'>nalis</span> <span class='ocrx_word' id='word_1_304' title='bbox 428 2810 579 2864; x_wconf 88' lang='lat' dir='ltr'>uteri</span> <span class='ocrx_word' id='word_1_305' title='bbox 612 2810 696 2864; x_wconf 90' lang='lat' dir='ltr'>tui</span> <span class='ocrx_word' id='word_1_306' title='bbox 727 2815 1094 2882; x_wconf 90' lang='lat' dir='ltr'>conceptum.</span> <span class='ocrx_word' id='word_1_307' title='bbox 1120 2810 1304 2867; x_wconf 88' lang='lat' dir='ltr'>Adoro</span> <span class='ocrx_word' id='word_1_308' title='bbox 1332 2816 1562 2884; x_wconf 89' lang='lat' dir='ltr'>partum</span> <span class='ocrx_word' id='word_1_309' title='bbox 1585 2829 1654 2867; x_wconf 81' lang='lat' dir='ltr'>ex</span> <span class='ocrx_word' id='word_1_310' title='bbox 1676 2813 1913 2869; x_wconf 79' lang='lat' dir='ltr'>inteme~</span> 
     </span>
    </p>
   </div>
   <div class='ocr_carea' id='block_1_46' title="bbox 253 2897 1910 2971">
    <p class='ocr_par' dir='ltr' id='par_1_46' title="bbox 253 2897 1910 2971">
     <span class='ocr_line' id='line_1_46' title="bbox 253 2897 1910 2971; baseline 0.002 -19"><span class='ocrx_word' id='word_1_311' title='bbox 253 2902 394 2954; x_wconf 69' lang='lat' dir='ltr'>rata:</span> <span class='ocrx_word' id='word_1_312' title='bbox 424 2897 679 2971; x_wconf 88' lang='lat' dir='ltr'>Virginis</span> <span class='ocrx_word' id='word_1_313' title='bbox 724 2897 863 2953; x_wconf 84' lang='lat' dir='ltr'>flore</span> <span class='ocrx_word' id='word_1_314' title='bbox 917 2899 1312 2971; x_wconf 88' lang='lat' dir='ltr'>progenitum.</span> <span class='ocrx_word' id='word_1_315' title='bbox 1345 2900 1536 2955; x_wconf 85' lang='lat' dir='ltr'>Adoro</span> <span class='ocrx_word' id='word_1_316' title='bbox 1594 2916 1662 2956; x_wconf 83' lang='lat' dir='ltr'>ex</span> <span class='ocrx_word' id='word_1_317' title='bbox 1693 2905 1747 2956; x_wconf 90' lang='lat' dir='ltr'>te</span> <span class='ocrx_word' id='word_1_318' title='bbox 1790 2901 1910 2956; x_wconf 88' lang='lat' dir='ltr'>vir-</span> 
     </span>
    </p>
   </div>
   <div class='ocr_carea' id='block_1_47' title="bbox 249 2986 1908 3061">
    <p class='ocr_par' dir='ltr' id='par_1_47' title="bbox 249 2986 1908 3061">
     <span class='ocr_line' id='line_1_47' title="bbox 249 2986 1908 3061; baseline 0.002 -20"><span class='ocrx_word' id='word_1_319' title='bbox 249 2986 519 3061; x_wconf 86' lang='lat' dir='ltr'>ginitatis</span> <span class='ocrx_word' id='word_1_320' title='bbox 578 2992 689 3042; x_wconf 63' lang='lat' dir='ltr'>tua:</span> <span class='ocrx_word' id='word_1_321' title='bbox 742 2986 1117 3059; x_wconf 83' lang='lat' dir='ltr'>signaculum</span> <span class='ocrx_word' id='word_1_322' title='bbox 1167 2986 1544 3044; x_wconf 83' lang='lat' dir='ltr'>ineffabiliter</span> <span class='ocrx_word' id='word_1_323' title='bbox 1616 2989 1908 3061; x_wconf 88' lang='lat' dir='ltr'>prodeun-</span> 
     </span>
    </p>
   </div>
   <div class='ocr_carea' id='block_1_48' title="bbox 251 3074 1908 3149">
    <p class='ocr_par' dir='ltr' id='par_1_48' title="bbox 251 3074 1908 3149">
     <span class='ocr_line' id='line_1_48' title="bbox 251 3074 1908 3149; baseline 0.001 -18"><span class='ocrx_word' id='word_1_324' title='bbox 251 3076 587 3131; x_wconf 88' lang='lat' dir='ltr'>tem.Adoro</span> <span class='ocrx_word' id='word_1_325' title='bbox 620 3075 678 3130; x_wconf 93' lang='lat' dir='ltr'>in</span> <span class='ocrx_word' id='word_1_326' title='bbox 706 3074 997 3132; x_wconf 88' lang='lat' dir='ltr'>cunabilis</span> <span class='ocrx_word' id='word_1_327' title='bbox 1030 3076 1333 3148; x_wconf 89' lang='lat' dir='ltr'>pueriliter</span> <span class='ocrx_word' id='word_1_328' title='bbox 1355 3076 1908 3149; x_wconf 87' lang='lat' dir='ltr'>vagientem.Adoro</span> 
     </span>
    </p>
   </div>
   <div class='ocr_carea' id='block_1_49' title="bbox 2028 1838 3019 1894">
    <p class='ocr_par' dir='ltr' id='par_1_49' title="bbox 2028 1838 3019 1894">
     <span class='ocr_line' id='line_1_49' title="bbox 2028 1838 3019 1894; baseline -0.001 -1"><span class='ocrx_word' id='word_1_329' title='bbox 2028 1855 2159 1893; x_wconf 90' lang='lat' dir='ltr'>rum</span> <span class='ocrx_word' id='word_1_330' title='bbox 2191 1838 2508 1894; x_wconf 85' lang='lat' dir='ltr'>viventium</span> <span class='ocrx_word' id='word_1_331' title='bbox 2541 1844 2599 1894; x_wconf 89' lang='lat' dir='ltr'>et</span> <span class='ocrx_word' id='word_1_332' title='bbox 2629 1842 3019 1893; x_wconf 90' lang='lat' dir='ltr'>mortuorum.</span> 
     </span>
    </p>
   </div>
   <div class='ocr_carea' id='block_1_50' title="bbox 2099 1924 3683 1998">
    <p class='ocr_par' dir='ltr' id='par_1_50' title="bbox 2099 1924 3683 1998">
     <span class='ocr_line' id='line_1_50' title="bbox 2099 1924 3683 1998; baseline -0.001 -16"><span class='ocrx_word' id='word_1_333' title='bbox 2099 1926 2323 1996; x_wconf 86' lang='lat' dir='ltr'>Quando</span> <span class='ocrx_word' id='word_1_334' title='bbox 2352 1944 2496 1998; x_wconf 88' lang='lat' dir='ltr'>aqua</span> <span class='ocrx_word' id='word_1_335' title='bbox 2524 1929 2768 1982; x_wconf 80' lang='lat' dir='ltr'>mittitur</span> <span class='ocrx_word' id='word_1_336' title='bbox 2807 1928 2866 1981; x_wconf 88' lang='lat' dir='ltr'>in</span> <span class='ocrx_word' id='word_1_337' title='bbox 2895 1928 3144 1994; x_wconf 88' lang='lat' dir='ltr'>calicem,</span> <span class='ocrx_word' id='word_1_338' title='bbox 3203 1925 3351 1980; x_wconf 86' lang='lat' dir='ltr'>dicat</span> <span class='ocrx_word' id='word_1_339' title='bbox 3386 1924 3633 1981; x_wconf 77' lang='lat' dir='ltr'>sacerdos</span> <span class='ocrx_word' id='word_1_340' title='bbox 3664 1942 3683 1980; x_wconf 88' lang='lat'><em>:</em></span> 
     </span>
    </p>
   </div>
   <div class='ocr_carea' id='block_1_51' title="bbox 2027 2013 3681 2086">
    <p class='ocr_par' dir='ltr' id='par_1_51' title="bbox 2027 2013 3681 2086">
     <span class='ocr_line' id='line_1_51' title="bbox 2027 2013 3681 2086; baseline -0.002 -15"><span class='ocrx_word' id='word_1_341' title='bbox 2027 2016 2106 2071; x_wconf 82' lang='lat' dir='ltr'><strong>Ex</strong></span> <span class='ocrx_word' id='word_1_342' title='bbox 2126 2016 2303 2071; x_wconf 86' lang='lat' dir='ltr'>latere</span> <span class='ocrx_word' id='word_1_343' title='bbox 2325 2014 2535 2071; x_wconf 83' lang='lat' dir='ltr'>Christi</span> <span class='ocrx_word' id='word_1_344' title='bbox 2560 2014 2804 2086; x_wconf 85' lang='lat' dir='ltr'>sanguis</span> <span class='ocrx_word' id='word_1_345' title='bbox 2836 2019 2894 2070; x_wconf 89' lang='lat' dir='ltr'>et</span> <span class='ocrx_word' id='word_1_346' title='bbox 2914 2030 3067 2085; x_wconf 87' lang='lat' dir='ltr'>aqua</span> <span class='ocrx_word' id='word_1_347' title='bbox 3087 2014 3297 2069; x_wconf 85' lang='lat' dir='ltr'>exiisse</span> <span class='ocrx_word' id='word_1_348' title='bbox 3318 2013 3681 2085; x_wconf 86' lang='lat' dir='ltr'>perhibetur,</span> 
     </span>
    </p>
   </div>
   <div class='ocr_carea' id='block_1_52' title="bbox 2026 2102 3683 2177">
    <p class='ocr_par' dir='ltr' id='par_1_52' title="bbox 2026 2102 3683 2177">
     <span class='ocr_line' id='line_1_52' title="bbox 2026 2102 3683 2177; baseline -0.001 -19"><span class='ocrx_word' id='word_1_349' title='bbox 2026 2109 2085 2159; x_wconf 91' lang='lat' dir='ltr'>et</span> <span class='ocrx_word' id='word_1_350' title='bbox 2112 2104 2240 2160; x_wconf 88' lang='lat' dir='ltr'>ideo</span> <span class='ocrx_word' id='word_1_351' title='bbox 2271 2105 2488 2177; x_wconf 85' lang='lat' dir='ltr'>pariter</span> <span class='ocrx_word' id='word_1_352' title='bbox 2518 2104 2992 2168; x_wconf 90' lang='lat' dir='ltr'>commiscentur,</span> <span class='ocrx_word' id='word_1_353' title='bbox 3028 2106 3093 2157; x_wconf 92' lang='lat' dir='ltr'>ut</span> <span class='ocrx_word' id='word_1_354' title='bbox 3140 2102 3475 2158; x_wconf 88' lang='lat' dir='ltr'>misericors</span> <span class='ocrx_word' id='word_1_355' title='bbox 3525 2102 3683 2157; x_wconf 90' lang='lat' dir='ltr'>Deus</span> 
     </span>
    </p>
   </div>
   <div class='ocr_carea' id='block_1_53' title="bbox 2026 2190 3684 2249">
    <p class='ocr_par' dir='ltr' id='par_1_53' title="bbox 2026 2190 3684 2249">
     <span class='ocr_line' id='line_1_53' title="bbox 2026 2190 3684 2249; baseline -0.002 -2"><span class='ocrx_word' id='word_1_356' title='bbox 2026 2193 2097 2247; x_wconf 89' lang='lat' dir='ltr'>ad</span> <span class='ocrx_word' id='word_1_357' title='bbox 2130 2192 2417 2249; x_wconf 88' lang='lat' dir='ltr'>medelam</span> <span class='ocrx_word' id='word_1_358' title='bbox 2450 2192 2782 2247; x_wconf 88' lang='lat' dir='ltr'>animarum</span> <span class='ocrx_word' id='word_1_359' title='bbox 2815 2196 3148 2248; x_wconf 87' lang='lat' dir='ltr'>nostrarum</span> <span class='ocrx_word' id='word_1_360' title='bbox 3206 2190 3571 2248; x_wconf 76' lang='lat' dir='ltr'>sanctificare</span> <span class='ocrx_word' id='word_1_361' title='bbox 3603 2191 3684 2245; x_wconf 91' lang='lat' dir='ltr'>di-</span> 
     </span>
    </p>
   </div>
   <div class='ocr_carea' id='block_1_54' title="bbox 2023 2286 2253 2353">
    <p class='ocr_par' dir='ltr' id='par_1_54' title="bbox 2023 2286 2253 2353">
     <span class='ocr_line' id='line_1_54' title="bbox 2023 2286 2253 2353; baseline 0.013 -19"><span class='ocrx_word' id='word_1_362' title='bbox 2023 2286 2253 2353; x_wconf 88' lang='lat' dir='ltr'>gnetur.</span> 
     </span>
    </p>
   </div>
   <div class='ocr_carea' id='block_1_55' title="bbox 2097 2366 3677 2440">
    <p class='ocr_par' dir='ltr' id='par_1_55' title="bbox 2097 2366 3677 2440">
     <span class='ocr_line' id='line_1_55' title="bbox 2097 2366 3677 2440; baseline -0.002 -16"><span class='ocrx_word' id='word_1_363' title='bbox 2097 2369 2321 2437; x_wconf 85' lang='lat' dir='ltr'>Quando</span> <span class='ocrx_word' id='word_1_364' title='bbox 2346 2369 2496 2424; x_wconf 63' lang='lat' dir='ltr'>calix</span> <span class='ocrx_word' id='word_1_365' title='bbox 2514 2370 2739 2440; x_wconf 82' lang='lat' dir='ltr'>ponitur</span> <span class='ocrx_word' id='word_1_366' title='bbox 2753 2384 2917 2440; x_wconf 89' lang='lat' dir='ltr'>super</span> <span class='ocrx_word' id='word_1_367' title='bbox 2932 2368 3130 2435; x_wconf 79' lang='lat' dir='ltr'>altare,</span> <span class='ocrx_word' id='word_1_368' title='bbox 3154 2366 3299 2422; x_wconf 84' lang='lat' dir='ltr'>dicat</span> <span class='ocrx_word' id='word_1_369' title='bbox 3326 2384 3338 2422; x_wconf 88' lang='lat'>:</span> <span class='ocrx_word' id='word_1_370' title='bbox 3364 2366 3677 2423; x_wconf 78' lang='lat' dir='ltr'>Oﬁ&#39;erimus</span> 
     </span>
    </p>
   </div>
   <div class='ocr_carea' id='block_1_56' title="bbox 2024 2454 3684 2528">
    <p class='ocr_par' dir='ltr' id='par_1_56' title="bbox 2024 2454 3684 2528">
     <span class='ocr_line' id='line_1_56' title="bbox 2024 2454 3684 2528; baseline -0.002 -15"><span class='ocrx_word' id='word_1_371' title='bbox 2024 2458 2153 2528; x_wconf 89' lang='lat' dir='ltr'>tibi,</span> <span class='ocrx_word' id='word_1_372' title='bbox 2188 2457 2453 2522; x_wconf 82' lang='lat' dir='ltr'>Domine,</span> <span class='ocrx_word' id='word_1_373' title='bbox 2490 2454 2728 2511; x_wconf 90' lang='lat' dir='ltr'>calicem</span> <span class='ocrx_word' id='word_1_374' title='bbox 2779 2454 3082 2524; x_wconf 84' lang='lat' dir='ltr'>salutaris,</span> <span class='ocrx_word' id='word_1_375' title='bbox 3112 2454 3419 2511; x_wconf 85' lang='lat' dir='ltr'>humiliter</span> <span class='ocrx_word' id='word_1_376' title='bbox 3468 2454 3684 2527; x_wconf 77' lang='lat' dir='ltr'>implo-</span> 
     </span>
    </p>
   </div>
   <div class='ocr_carea' id='block_1_57' title="bbox 2024 2545 3678 2616">
    <p class='ocr_par' dir='ltr' id='par_1_57' title="bbox 2024 2545 3678 2616">
     <span class='ocr_line' id='line_1_57' title="bbox 2024 2545 3678 2616; baseline -0.002 -14"><span class='ocrx_word' id='word_1_377' title='bbox 2024 2552 2221 2603; x_wconf 87' lang='lat' dir='ltr'>rantes</span> <span class='ocrx_word' id='word_1_378' title='bbox 2275 2545 2647 2601; x_wconf 89' lang='lat' dir='ltr'>clementiam</span> <span class='ocrx_word' id='word_1_379' title='bbox 2706 2548 2890 2611; x_wconf 88' lang='lat' dir='ltr'>tuam,</span> <span class='ocrx_word' id='word_1_380' title='bbox 2951 2549 3016 2598; x_wconf 88' lang='lat' dir='ltr'>ut</span> <span class='ocrx_word' id='word_1_381' title='bbox 3085 2550 3220 2599; x_wconf 90' lang='lat' dir='ltr'>ante</span> <span class='ocrx_word' id='word_1_382' title='bbox 3298 2548 3678 2616; x_wconf 90' lang='lat' dir='ltr'>conspectum</span> 
     </span>
    </p>
   </div>
   <div class='ocr_carea' id='block_1_58' title="bbox 2023 2632 3681 2705">
    <p class='ocr_par' dir='ltr' id='par_1_58' title="bbox 2023 2632 3681 2705">
     <span class='ocr_line' id='line_1_58' title="bbox 2023 2632 3681 2705; baseline -0.002 -15"><span class='ocrx_word' id='word_1_383' title='bbox 2023 2636 2229 2691; x_wconf 75' lang='lat' dir='ltr'>divinae</span> <span class='ocrx_word' id='word_1_384' title='bbox 2256 2634 2585 2705; x_wconf 83' lang='lat' dir='ltr'>majestatis</span> <span class='ocrx_word' id='word_1_385' title='bbox 2616 2637 2730 2689; x_wconf 59' lang='lat' dir='ltr'>tum</span> <span class='ocrx_word' id='word_1_386' title='bbox 2762 2650 2896 2689; x_wconf 92' lang='lat' dir='ltr'>cum</span> <span class='ocrx_word' id='word_1_387' title='bbox 2929 2634 3105 2689; x_wconf 84' lang='lat' dir='ltr'>odore</span> <span class='ocrx_word' id='word_1_388' title='bbox 3137 2632 3444 2689; x_wconf 86' lang='lat' dir='ltr'>suavitatis</span> <span class='ocrx_word' id='word_1_389' title='bbox 3476 2648 3681 2689; x_wconf 82' lang='lat' dir='ltr'>ascen-</span> 
     </span>
    </p>
   </div>
   <div class='ocr_carea' id='block_1_59' title="bbox 2024 2725 2142 2780">
    <p class='ocr_par' dir='ltr' id='par_1_59' title="bbox 2024 2725 2142 2780">
     <span class='ocr_line' id='line_1_59' title="bbox 2024 2725 2142 2780; baseline 0 -1"><span class='ocrx_word' id='word_1_390' title='bbox 2024 2725 2142 2780; x_wconf 86' lang='lat' dir='ltr'>dat.</span> 
     </span>
    </p>
   </div>
   <div class='ocr_carea' id='block_1_60' title="bbox 2095 2808 3669 2884">
    <p class='ocr_par' dir='ltr' id='par_1_60' title="bbox 2095 2808 3669 2884">
     <span class='ocr_line' id='line_1_60' title="bbox 2095 2808 3669 2884; baseline -0.003 -17"><span class='ocrx_word' id='word_1_391' title='bbox 2095 2812 2350 2884; x_wconf 84' lang='lat' dir='ltr'>Sequitur</span> <span class='ocrx_word' id='word_1_392' title='bbox 2380 2827 2503 2866; x_wconf 87' lang='lat' dir='ltr'>cum</span> <span class='ocrx_word' id='word_1_393' title='bbox 2531 2827 2688 2866; x_wconf 87' lang='lat' dir='ltr'>cruce</span> <span class='ocrx_word' id='word_1_394' title='bbox 2716 2826 2881 2882; x_wconf 81' lang='lat' dir='ltr'>super</span> <span class='ocrx_word' id='word_1_395' title='bbox 2904 2817 3159 2881; x_wconf 84' lang='lat' dir='ltr'>utrosque</span> <span class='ocrx_word' id='word_1_396' title='bbox 3186 2826 3204 2863; x_wconf 88' lang='lat'><em>:</em></span> <span class='ocrx_word' id='word_1_397' title='bbox 3236 2808 3512 2865; x_wconf 89' lang='lat' dir='ltr'>Oblatum</span> <span class='ocrx_word' id='word_1_398' title='bbox 3542 2808 3669 2875; x_wconf 89' lang='lat' dir='ltr'>tibi,</span> 
     </span>
    </p>
   </div>
   <div class='ocr_carea' id='block_1_61' title="bbox 2022 2896 3679 2970">
    <p class='ocr_par' dir='ltr' id='par_1_61' title="bbox 2022 2896 3679 2970">
     <span class='ocr_line' id='line_1_61' title="bbox 2022 2896 3679 2970; baseline -0.002 -14"><span class='ocrx_word' id='word_1_399' title='bbox 2022 2901 2289 2966; x_wconf 83' lang='lat' dir='ltr'>Domine,</span> <span class='ocrx_word' id='word_1_400' title='bbox 2319 2916 2537 2955; x_wconf 88' lang='lat' dir='ltr'>munus</span> <span class='ocrx_word' id='word_1_401' title='bbox 2567 2899 2887 2965; x_wconf 82' lang='lat' dir='ltr'>sanctiﬁca,</span> <span class='ocrx_word' id='word_1_402' title='bbox 2938 2904 3002 2952; x_wconf 89' lang='lat' dir='ltr'>ut</span> <span class='ocrx_word' id='word_1_403' title='bbox 3061 2898 3228 2953; x_wconf 88' lang='lat' dir='ltr'>nobis</span> <span class='ocrx_word' id='word_1_404' title='bbox 3259 2896 3547 2970; x_wconf 89' lang='lat' dir='ltr'>unigeniti</span> <span class='ocrx_word' id='word_1_405' title='bbox 3594 2898 3679 2953; x_wconf 90' lang='lat' dir='ltr'>tui</span> 
     </span>
    </p>
   </div>
   <div class='ocr_carea' id='block_1_62' title="bbox 2025 2985 3679 3058">
    <p class='ocr_par' dir='ltr' id='par_1_62' title="bbox 2025 2985 3679 3058">
     <span class='ocr_line' id='line_1_62' title="bbox 2025 2985 3679 3058; baseline -0.002 -14"><span class='ocrx_word' id='word_1_406' title='bbox 2025 2988 2126 3045; x_wconf 85' lang='lat' dir='ltr'>Fili</span> <span class='ocrx_word' id='word_1_407' title='bbox 2137 2990 2151 3043; x_wconf 90' lang='lat' dir='ltr'>i</span> <span class='ocrx_word' id='word_1_408' title='bbox 2166 2986 2396 3044; x_wconf 91' lang='lat' dir='ltr'>Domini</span> <span class='ocrx_word' id='word_1_409' title='bbox 2410 2986 2593 3043; x_wconf 87' lang='lat' dir='ltr'>nostri</span> <span class='ocrx_word' id='word_1_410' title='bbox 2607 2987 2637 3042; x_wconf 89' lang='lat' dir='ltr'><strong>J</strong></span> <span class='ocrx_word' id='word_1_411' title='bbox 2645 3004 2747 3042; x_wconf 90' lang='lat' dir='ltr'>esu</span> <span class='ocrx_word' id='word_1_412' title='bbox 2762 2986 2978 3041; x_wconf 86' lang='lat' dir='ltr'>Christi</span> <span class='ocrx_word' id='word_1_413' title='bbox 2997 3002 3208 3057; x_wconf 90' lang='lat' dir='ltr'>corpus</span> <span class='ocrx_word' id='word_1_414' title='bbox 3222 2988 3277 3041; x_wconf 92' lang='lat' dir='ltr'>et</span> <span class='ocrx_word' id='word_1_415' title='bbox 3296 2985 3539 3058; x_wconf 87' lang='lat' dir='ltr'>sanguis</span> <span class='ocrx_word' id='word_1_416' title='bbox 3554 2985 3679 3041; x_wconf 83' lang='lat' dir='ltr'>ﬁat.</span> 
     </span>
    </p>
   </div>
   <div class='ocr_carea' id='block_1_63' title="bbox 2096 3074 3683 3150">
    <p class='ocr_par' dir='ltr' id='par_1_63' title="bbox 2096 3074 3683 3150">
     <span class='ocr_line' id='line_1_63' title="bbox 2096 3074 3683 3150; baseline -0.003 -17"><span class='ocrx_word' id='word_1_417' title='bbox 2096 3077 2354 3150; x_wconf 82' lang='lat' dir='ltr'>Sequitur</span> <span class='ocrx_word' id='word_1_418' title='bbox 2381 3095 2403 3130; x_wconf 91' lang='grc'><strong>.·</strong></span> <span class='ocrx_word' id='word_1_419' title='bbox 2432 3075 2595 3142; x_wconf 89' lang='lat' dir='ltr'>Veni,</span> <span class='ocrx_word' id='word_1_420' title='bbox 2620 3074 3045 3140; x_wconf 85' lang='lat' dir='ltr'>Sanctificator,</span> <span class='ocrx_word' id='word_1_421' title='bbox 3078 3074 3450 3145; x_wconf 88' lang='lat' dir='ltr'>omnipotens</span> <span class='ocrx_word' id='word_1_422' title='bbox 3473 3077 3683 3129; x_wconf 82' lang='lat' dir='ltr'>aeterne</span> 
     </span>
    </p>
   </div>
   <div class='ocr_carea' id='block_1_64' title="bbox 250 3147 3570 3237">
    <p class='ocr_par' dir='ltr' id='par_1_64' title="bbox 250 3147 3570 3237">
     <span class='ocr_line' id='line_1_64' title="bbox 250 3147 3570 3237; baseline -0.002 -16"><span class='ocrx_word' id='word_1_423' title='bbox 250 3164 437 3221; x_wconf 87' lang='lat' dir='ltr'>ubera</span> <span class='ocrx_word' id='word_1_424' title='bbox 495 3168 759 3221; x_wconf 85' lang='lat' dir='ltr'>materna</span> <span class='ocrx_word' id='word_1_425' title='bbox 814 3147 1141 3237; x_wconf 74' lang='lat' dir='ltr'>augentem.</span> <span class='ocrx_word' id='word_1_426' title='bbox 1202 3164 1317 3220; x_wconf 91' lang='lat' dir='ltr'>Ora</span> <span class='ocrx_word' id='word_1_427' title='bbox 1355 3147 1458 3236; x_wconf 80' lang='lat' dir='ltr'>pro</span> <span class='ocrx_word' id='word_1_428' title='bbox 1519 3180 1611 3219; x_wconf 89' lang='lat' dir='ltr'>me</span> <span class='ocrx_word' id='word_1_429' title='bbox 1670 3164 1903 3228; x_wconf 90' lang='lat' dir='ltr'>misero,</span> <span class='ocrx_word' id='word_1_430' title='bbox 1939 3147 1983 3215; x_wconf 82' lang='lat' dir='ltr'>C</span> <span class='ocrx_word' id='word_1_431' title='bbox 2023 3147 2199 3233; x_wconf 78' lang='lat' dir='ltr'>Deus,</span> <span class='ocrx_word' id='word_1_432' title='bbox 2233 3163 2474 3221; x_wconf 88' lang='lat' dir='ltr'>benedic</span> <span class='ocrx_word' id='word_1_433' title='bbox 2506 3163 2615 3219; x_wconf 92' lang='lat' dir='ltr'>hoc</span> <span class='ocrx_word' id='word_1_434' title='bbox 2641 3162 2997 3219; x_wconf 84' lang='lat' dir='ltr'>sacriﬁcium</span> <span class='ocrx_word' id='word_1_435' title='bbox 3032 3161 3135 3217; x_wconf 89' lang='lat' dir='ltr'>tibi</span> <span class='ocrx_word' id='word_1_436' title='bbox 3163 3167 3570 3234; x_wconf 62' lang='lat' dir='ltr'>praeparatum.</span> 
     </span>
    </p>
   </div>
   <div class='ocr_carea' id='block_1_65' title="bbox 248 3251 1910 3324">
    <p class='ocr_par' dir='ltr' id='par_1_65' title="bbox 248 3251 1910 3324">
     <span class='ocr_line' id='line_1_65' title="bbox 248 3251 1910 3324; baseline -0.002 -14"><span class='ocrx_word' id='word_1_437' title='bbox 248 3252 424 3310; x_wconf 84' lang='lat' dir='ltr'>beata</span> <span class='ocrx_word' id='word_1_438' title='bbox 439 3252 541 3309; x_wconf 92' lang='lat' dir='ltr'>Dei</span> <span class='ocrx_word' id='word_1_439' title='bbox 563 3252 842 3321; x_wconf 83' lang='lat' dir='ltr'>Genitrix,</span> <span class='ocrx_word' id='word_1_440' title='bbox 868 3257 933 3307; x_wconf 89' lang='lat' dir='ltr'>ut</span> <span class='ocrx_word' id='word_1_441' title='bbox 963 3252 1063 3324; x_wconf 90' lang='lat' dir='ltr'>qui</span> <span class='ocrx_word' id='word_1_442' title='bbox 1096 3269 1164 3307; x_wconf 85' lang='lat' dir='ltr'>ex</span> <span class='ocrx_word' id='word_1_443' title='bbox 1192 3255 1249 3307; x_wconf 91' lang='lat' dir='ltr'>te</span> <span class='ocrx_word' id='word_1_444' title='bbox 1266 3268 1468 3307; x_wconf 92' lang='lat' dir='ltr'>verum</span> <span class='ocrx_word' id='word_1_445' title='bbox 1491 3251 1791 3308; x_wconf 91' lang='lat' dir='ltr'>hominem</span> <span class='ocrx_word' id='word_1_446' title='bbox 1821 3256 1910 3309; x_wconf 86' lang='lat' dir='ltr'>est</span> 
     </span>
    </p>
   </div>
   <div class='ocr_carea' id='block_1_66' title="bbox 253 3340 1909 3416">
    <p class='ocr_par' dir='ltr' id='par_1_66' title="bbox 253 3340 1909 3416">
     <span class='ocr_line' id='line_1_66' title="bbox 253 3340 1909 3416; baseline -0.001 -18"><span class='ocrx_word' id='word_1_447' title='bbox 253 3341 535 3415; x_wconf 87' lang='lat' dir='ltr'>dignatus</span> <span class='ocrx_word' id='word_1_448' title='bbox 564 3340 827 3411; x_wconf 90' lang='lat' dir='ltr'>induere,</span> <span class='ocrx_word' id='word_1_449' title='bbox 861 3341 922 3396; x_wconf 93' lang='lat' dir='ltr'>in</span> <span class='ocrx_word' id='word_1_450' title='bbox 953 3346 1148 3396; x_wconf 89' lang='lat' dir='ltr'>mente</span> <span class='ocrx_word' id='word_1_451' title='bbox 1170 3357 1301 3396; x_wconf 89' lang='lat' dir='ltr'>mea</span> <span class='ocrx_word' id='word_1_452' title='bbox 1319 3357 1431 3396; x_wconf 91' lang='lat' dir='ltr'>non</span> <span class='ocrx_word' id='word_1_453' title='bbox 1455 3340 1909 3416; x_wconf 86' lang='lat' dir='ltr'>dedigneturin-</span> 
     </span>
    </p>
   </div>
   <div class='ocr_carea' id='block_1_67' title="bbox 249 3425 1909 3502">
    <p class='ocr_par' dir='ltr' id='par_1_67' title="bbox 249 3425 1909 3502">
     <span class='ocr_line' id='line_1_67' title="bbox 249 3425 1909 3502; baseline 0.001 -17"><span class='ocrx_word' id='word_1_454' title='bbox 249 3425 563 3486; x_wconf 85' lang='lat' dir='ltr'>visibiliter</span> <span class='ocrx_word' id='word_1_455' title='bbox 603 3430 886 3486; x_wconf 87' lang='lat' dir='ltr'>habitare.</span> <span class='ocrx_word' id='word_1_456' title='bbox 922 3428 1051 3485; x_wconf 88' lang='lat' dir='ltr'>Tibi</span> <span class='ocrx_word' id='word_1_457' title='bbox 1082 3429 1279 3496; x_wconf 89' lang='lat' dir='ltr'>etiam,</span> <span class='ocrx_word' id='word_1_458' title='bbox 1332 3429 1602 3502; x_wconf 84' lang='lat' dir='ltr'>piissime.</span> <span class='ocrx_word' id='word_1_459' title='bbox 1648 3430 1909 3498; x_wconf 89' lang='lat' dir='ltr'>domina,</span> 
     </span>
    </p>
   </div>
   <div class='ocr_carea' id='block_1_68' title="bbox 252 3516 1910 3590">
    <p class='ocr_par' dir='ltr' id='par_1_68' title="bbox 252 3516 1910 3590">
     <span class='ocr_line' id='line_1_68' title="bbox 252 3516 1910 3590; baseline -0.001 -16"><span class='ocrx_word' id='word_1_460' title='bbox 252 3516 681 3590; x_wconf 82' lang='lat' dir='ltr'>turpitudinem</span> <span class='ocrx_word' id='word_1_461' title='bbox 705 3517 966 3590; x_wconf 91' lang='lat' dir='ltr'>corporis</span> <span class='ocrx_word' id='word_1_462' title='bbox 996 3521 1053 3573; x_wconf 91' lang='lat' dir='ltr'>et</span> <span class='ocrx_word' id='word_1_463' title='bbox 1082 3516 1290 3573; x_wconf 68' lang='lat' dir='ltr'>animae.</span> <span class='ocrx_word' id='word_1_464' title='bbox 1324 3533 1465 3573; x_wconf 68' lang='lat' dir='ltr'>mea:</span> <span class='ocrx_word' id='word_1_465' title='bbox 1496 3518 1761 3577; x_wconf 82' lang='lat' dir='ltr'>confiteri</span> <span class='ocrx_word' id='word_1_466' title='bbox 1794 3535 1910 3575; x_wconf 91' lang='lat' dir='ltr'>non</span> 
     </span>
    </p>
   </div>
   <div class='ocr_carea' id='block_1_69' title="bbox 250 3606 1911 3680">
    <p class='ocr_par' dir='ltr' id='par_1_69' title="bbox 250 3606 1911 3680">
     <span class='ocr_line' id='line_1_69' title="bbox 250 3606 1911 3680; baseline 0.001 -18"><span class='ocrx_word' id='word_1_467' title='bbox 250 3606 556 3673; x_wconf 85' lang='lat' dir='ltr'>erubesco,</span> <span class='ocrx_word' id='word_1_468' title='bbox 589 3606 729 3678; x_wconf 90' lang='lat' dir='ltr'>quia</span> <span class='ocrx_word' id='word_1_469' title='bbox 757 3607 816 3662; x_wconf 91' lang='lat' dir='ltr'>in</span> <span class='ocrx_word' id='word_1_470' title='bbox 849 3606 1102 3680; x_wconf 83' lang='lat' dir='ltr'>peccatis</span> <span class='ocrx_word' id='word_1_471' title='bbox 1132 3610 1450 3679; x_wconf 88' lang='lat' dir='ltr'>conceptus</span> <span class='ocrx_word' id='word_1_472' title='bbox 1480 3609 1538 3662; x_wconf 91' lang='lat' dir='ltr'>et</span> <span class='ocrx_word' id='word_1_473' title='bbox 1569 3606 1628 3662; x_wconf 88' lang='lat' dir='ltr'>in</span> <span class='ocrx_word' id='word_1_474' title='bbox 1654 3607 1911 3680; x_wconf 86' lang='lat' dir='ltr'>peccatis</span> 
     </span>
    </p>
   </div>
   <div class='ocr_carea' id='block_1_70' title="bbox 248 3694 1909 3769">
    <p class='ocr_par' dir='ltr' id='par_1_70' title="bbox 248 3694 1909 3769">
     <span class='ocr_line' id='line_1_70' title="bbox 248 3694 1909 3769; baseline 0.001 -19"><span class='ocrx_word' id='word_1_475' title='bbox 248 3694 535 3762; x_wconf 87' lang='lat' dir='ltr'>nutritus,</span> <span class='ocrx_word' id='word_1_476' title='bbox 567 3699 625 3751; x_wconf 90' lang='lat' dir='ltr'>et</span> <span class='ocrx_word' id='word_1_477' title='bbox 665 3694 724 3750; x_wconf 90' lang='lat' dir='ltr'>in</span> <span class='ocrx_word' id='word_1_478' title='bbox 784 3696 1037 3767; x_wconf 89' lang='lat' dir='ltr'>peccatis</span> <span class='ocrx_word' id='word_1_479' title='bbox 1086 3699 1218 3769; x_wconf 90' lang='lat' dir='ltr'>post</span> <span class='ocrx_word' id='word_1_480' title='bbox 1260 3695 1559 3768; x_wconf 88' lang='lat' dir='ltr'>baptisma</span> <span class='ocrx_word' id='word_1_481' title='bbox 1610 3711 1797 3766; x_wconf 91' lang='lat' dir='ltr'>usque</span> <span class='ocrx_word' id='word_1_482' title='bbox 1836 3696 1909 3752; x_wconf 89' lang='lat' dir='ltr'>ad</span> 
     </span>
    </p>
   </div>
   <div class='ocr_carea' id='block_1_71' title="bbox 247 3781 1911 3858">
    <p class='ocr_par' dir='ltr' id='par_1_71' title="bbox 247 3781 1911 3858">
     <span class='ocr_line' id='line_1_71' title="bbox 247 3781 1911 3858; baseline -0.001 -18"><span class='ocrx_word' id='word_1_483' title='bbox 247 3781 405 3841; x_wconf 90' lang='lat' dir='ltr'>hanc</span> <span class='ocrx_word' id='word_1_484' title='bbox 422 3783 628 3840; x_wconf 88' lang='lat' dir='ltr'>horam</span> <span class='ocrx_word' id='word_1_485' title='bbox 655 3799 785 3839; x_wconf 91' lang='lat' dir='ltr'>cum</span> <span class='ocrx_word' id='word_1_486' title='bbox 806 3784 1082 3839; x_wconf 91' lang='lat' dir='ltr'>omnibus</span> <span class='ocrx_word' id='word_1_487' title='bbox 1104 3784 1509 3858; x_wconf 89' lang='lat' dir='ltr'>peccatoribus</span> <span class='ocrx_word' id='word_1_488' title='bbox 1535 3787 1911 3840; x_wconf 89' lang='lat' dir='ltr'>conversatus</span> 
     </span>
    </p>
   </div>
   <div class='ocr_carea' id='block_1_72' title="bbox 249 3870 1912 3946">
    <p class='ocr_par' dir='ltr' id='par_1_72' title="bbox 249 3870 1912 3946">
     <span class='ocr_line' id='line_1_72' title="bbox 249 3870 1912 3946; baseline -0.001 -17"><span class='ocrx_word' id='word_1_489' title='bbox 249 3871 512 3929; x_wconf 86' lang='lat' dir='ltr'>animam</span> <span class='ocrx_word' id='word_1_490' title='bbox 540 3888 732 3929; x_wconf 88' lang='lat' dir='ltr'>meam</span> <span class='ocrx_word' id='word_1_491' title='bbox 772 3872 832 3927; x_wconf 92' lang='lat' dir='ltr'>in</span> <span class='ocrx_word' id='word_1_492' title='bbox 864 3887 1036 3927; x_wconf 87' lang='lat' dir='ltr'>carne</span> <span class='ocrx_word' id='word_1_493' title='bbox 1069 3872 1323 3945; x_wconf 89' lang='lat' dir='ltr'>positam</span> <span class='ocrx_word' id='word_1_494' title='bbox 1366 3870 1571 3946; x_wconf 91' lang='lat' dir='ltr'>pollui,</span> <span class='ocrx_word' id='word_1_495' title='bbox 1624 3870 1912 3943; x_wconf 91' lang='lat' dir='ltr'>templum</span> 
     </span>
    </p>
   </div>
   <div class='ocr_carea' id='block_1_73' title="bbox 249 3959 1914 4034">
    <p class='ocr_par' dir='ltr' id='par_1_73' title="bbox 249 3959 1914 4034">
     <span class='ocr_line' id='line_1_73' title="bbox 249 3959 1914 4034; baseline -0.001 -17"><span class='ocrx_word' id='word_1_496' title='bbox 249 3960 513 4034; x_wconf 86' lang='lat' dir='ltr'>corporis</span> <span class='ocrx_word' id='word_1_497' title='bbox 541 3960 657 4016; x_wconf 91' lang='lat' dir='ltr'>mei</span> <span class='ocrx_word' id='word_1_498' title='bbox 688 3961 758 4017; x_wconf 90' lang='lat' dir='ltr'>de</span> <span class='ocrx_word' id='word_1_499' title='bbox 776 3961 936 4017; x_wconf 89' lang='lat' dir='ltr'>omni</span> <span class='ocrx_word' id='word_1_500' title='bbox 970 3977 1179 4034; x_wconf 88' lang='lat' dir='ltr'>genere</span> <span class='ocrx_word' id='word_1_501' title='bbox 1206 3960 1609 4017; x_wconf 87' lang='lat' dir='ltr'>fornicationis</span> <span class='ocrx_word' id='word_1_502' title='bbox 1641 3965 1698 4016; x_wconf 89' lang='lat' dir='ltr'>et</span> <span class='ocrx_word' id='word_1_503' title='bbox 1730 3959 1914 4033; x_wconf 86' lang='lat' dir='ltr'>pollu-</span> 
     </span>
    </p>
   </div>
   <div class='ocr_carea' id='block_1_74' title="bbox 248 4048 1913 4122">
    <p class='ocr_par' dir='ltr' id='par_1_74' title="bbox 248 4048 1913 4122">
     <span class='ocr_line' id='line_1_74' title="bbox 248 4048 1913 4122; baseline -0.001 -17"><span class='ocrx_word' id='word_1_504' title='bbox 248 4049 430 4106; x_wconf 78' lang='lat' dir='ltr'>tionis</span> <span class='ocrx_word' id='word_1_505' title='bbox 452 4054 509 4105; x_wconf 91' lang='lat' dir='ltr'>et</span> <span class='ocrx_word' id='word_1_506' title='bbox 530 4050 919 4105; x_wconf 64' lang='lat' dir='ltr'>immunditim</span> <span class='ocrx_word' id='word_1_507' title='bbox 941 4048 1333 4122; x_wconf 90' lang='lat' dir='ltr'>coinquinavi.</span> <span class='ocrx_word' id='word_1_508' title='bbox 1350 4049 1585 4105; x_wconf 89' lang='lat' dir='ltr'>Peccavi</span> <span class='ocrx_word' id='word_1_509' title='bbox 1602 4065 1708 4121; x_wconf 90' lang='lat' dir='ltr'>ego</span> <span class='ocrx_word' id='word_1_510' title='bbox 1730 4048 1913 4105; x_wconf 89' lang='lat' dir='ltr'>miser</span> 
     </span>
    </p>
   </div>
   <div class='ocr_carea' id='block_1_75' title="bbox 250 4136 1910 4211">
    <p class='ocr_par' dir='ltr' id='par_1_75' title="bbox 250 4136 1910 4211">
     <span class='ocr_line' id='line_1_75' title="bbox 250 4136 1910 4211; baseline 0 -17"><span class='ocrx_word' id='word_1_511' title='bbox 250 4141 311 4194; x_wconf 89' lang='lat' dir='ltr'>et</span> <span class='ocrx_word' id='word_1_512' title='bbox 340 4137 539 4194; x_wconf 82' lang='lat' dir='ltr'>infelix</span> <span class='ocrx_word' id='word_1_513' title='bbox 568 4138 629 4193; x_wconf 90' lang='lat' dir='ltr'>in</span> <span class='ocrx_word' id='word_1_514' title='bbox 660 4136 1015 4210; x_wconf 86' lang='lat' dir='ltr'>negligentia</span> <span class='ocrx_word' id='word_1_515' title='bbox 1042 4143 1099 4193; x_wconf 89' lang='lat' dir='ltr'>et</span> <span class='ocrx_word' id='word_1_516' title='bbox 1118 4138 1178 4192; x_wconf 90' lang='lat' dir='ltr'>in</span> <span class='ocrx_word' id='word_1_517' title='bbox 1205 4137 1675 4211; x_wconf 87' lang='lat' dir='ltr'>transgressione</span> <span class='ocrx_word' id='word_1_518' title='bbox 1696 4142 1910 4194; x_wconf 62' lang='lat' dir='ltr'>sanctis</span> 
     </span>
    </p>
   </div>
   <div class='ocr_carea' id='block_1_76' title="bbox 252 4224 1911 4299">
    <p class='ocr_par' dir='ltr' id='par_1_76' title="bbox 252 4224 1911 4299">
     <span class='ocr_line' id='line_1_76' title="bbox 252 4224 1911 4299; baseline 0 -18"><span class='ocrx_word' id='word_1_519' title='bbox 252 4224 403 4299; x_wconf 90' lang='lat' dir='ltr'>legis</span> <span class='ocrx_word' id='word_1_520' title='bbox 436 4231 496 4281; x_wconf 90' lang='lat' dir='ltr'>et</span> <span class='ocrx_word' id='word_1_521' title='bbox 524 4225 791 4280; x_wconf 89' lang='lat' dir='ltr'>omnium</span> <span class='ocrx_word' id='word_1_522' title='bbox 824 4225 1236 4281; x_wconf 85' lang='lat' dir='ltr'>mandatorum</span> <span class='ocrx_word' id='word_1_523' title='bbox 1286 4224 1416 4280; x_wconf 86' lang='lat' dir='ltr'>Filii</span> <span class='ocrx_word' id='word_1_524' title='bbox 1464 4226 1588 4294; x_wconf 87' lang='lat' dir='ltr'>Dei,</span> <span class='ocrx_word' id='word_1_525' title='bbox 1632 4231 1691 4282; x_wconf 89' lang='lat' dir='ltr'>et</span> <span class='ocrx_word' id='word_1_526' title='bbox 1734 4226 1911 4283; x_wconf 82' lang='lat' dir='ltr'>ofﬁcii</span> 
     </span>
    </p>
   </div>
   <div class='ocr_carea' id='block_1_77' title="bbox 245 4311 1909 4385">
    <p class='ocr_par' dir='ltr' id='par_1_77' title="bbox 245 4311 1909 4385">
     <span class='ocr_line' id='line_1_77' title="bbox 245 4311 1909 4385; baseline 0.001 -15"><span class='ocrx_word' id='word_1_527' title='bbox 245 4311 636 4370; x_wconf 82' lang='lat' dir='ltr'>sacerdotalis</span> <span class='ocrx_word' id='word_1_528' title='bbox 670 4316 728 4367; x_wconf 90' lang='lat' dir='ltr'>et</span> <span class='ocrx_word' id='word_1_529' title='bbox 751 4311 1090 4367; x_wconf 72' lang='lat' dir='ltr'>obedientia:</span> <span class='ocrx_word' id='word_1_530' title='bbox 1136 4311 1281 4366; x_wconf 89' lang='lat' dir='ltr'>mihi</span> <span class='ocrx_word' id='word_1_531' title='bbox 1318 4314 1670 4385; x_wconf 69' lang='lat' dir='ltr'>commissae,</span> <span class='ocrx_word' id='word_1_532' title='bbox 1698 4319 1757 4371; x_wconf 92' lang='lat' dir='ltr'>et</span> <span class='ocrx_word' id='word_1_533' title='bbox 1785 4332 1909 4371; x_wconf 86' lang='lat' dir='ltr'>om-</span> 
     </span>
    </p>
   </div>
   <div class='ocr_carea' id='block_1_78' title="bbox 247 4397 1909 4472">
    <p class='ocr_par' dir='ltr' id='par_1_78' title="bbox 247 4397 1909 4472">
     <span class='ocr_line' id='line_1_78' title="bbox 247 4397 1909 4472; baseline 0.002 -16"><span class='ocrx_word' id='word_1_534' title='bbox 247 4400 420 4456; x_wconf 90' lang='lat' dir='ltr'>nium</span> <span class='ocrx_word' id='word_1_535' title='bbox 442 4402 681 4454; x_wconf 87' lang='lat' dir='ltr'>actuum</span> <span class='ocrx_word' id='word_1_536' title='bbox 707 4415 929 4455; x_wconf 92' lang='lat' dir='ltr'>eorum.</span> <span class='ocrx_word' id='word_1_537' title='bbox 957 4397 1081 4454; x_wconf 87' lang='lat' dir='ltr'>Non</span> <span class='ocrx_word' id='word_1_538' title='bbox 1103 4404 1193 4455; x_wconf 88' lang='lat' dir='ltr'>est</span> <span class='ocrx_word' id='word_1_539' title='bbox 1212 4398 1492 4471; x_wconf 88' lang='lat' dir='ltr'>iniquitas</span> <span class='ocrx_word' id='word_1_540' title='bbox 1514 4417 1692 4472; x_wconf 91' lang='lat' dir='ltr'>super</span> <span class='ocrx_word' id='word_1_541' title='bbox 1717 4419 1909 4459; x_wconf 89' lang='lat' dir='ltr'>meam</span> 
     </span>
    </p>
   </div>
   <div class='ocr_carea' id='block_1_79' title="bbox 247 4488 1986 4574">
    <p class='ocr_par' dir='ltr' id='par_1_79' title="bbox 247 4488 1986 4574">
     <span class='ocr_line' id='line_1_79' title="bbox 247 4488 1986 4574; baseline 0.001 -29"><span class='ocrx_word' id='word_1_542' title='bbox 247 4488 832 4562; x_wconf 88' lang='lat' dir='ltr'>iniquitatem,super</span> <span class='ocrx_word' id='word_1_543' title='bbox 858 4503 1062 4544; x_wconf 89' lang='lat' dir='ltr'>omnes</span> <span class='ocrx_word' id='word_1_544' title='bbox 1089 4491 1422 4560; x_wconf 88' lang='lat' dir='ltr'>peccatores</span> <span class='ocrx_word' id='word_1_545' title='bbox 1451 4489 1667 4561; x_wconf 75' lang='lat' dir='ltr'>saepius</span> <span class='ocrx_word' id='word_1_546' title='bbox 1700 4496 1756 4545; x_wconf 89' lang='lat' dir='ltr'>et</span> <span class='ocrx_word' id='word_1_547' title='bbox 1776 4507 1906 4563; x_wconf 89' lang='lat' dir='ltr'>gra-</span> <span class='ocrx_word' id='word_1_548' title='bbox 1938 4509 1986 4574; x_wconf 73' lang='grc' dir='ltr'>Ι)</span> 
     </span>
    </p>
   </div>
   <div class='ocr_carea' id='block_1_80' title="bbox 246 4575 1909 4650">
    <p class='ocr_par' dir='ltr' id='par_1_80' title="bbox 246 4575 1909 4650">
     <span class='ocr_line' id='line_1_80' title="bbox 246 4575 1909 4650; baseline 0 -17"><span class='ocrx_word' id='word_1_549' title='bbox 246 4577 380 4634; x_wconf 89' lang='lat' dir='ltr'>vius</span> <span class='ocrx_word' id='word_1_550' title='bbox 411 4576 760 4650; x_wconf 89' lang='lat' dir='ltr'>cecidi,plus</span> <span class='ocrx_word' id='word_1_551' title='bbox 782 4576 1059 4633; x_wconf 88' lang='lat' dir='ltr'>omnibus</span> <span class='ocrx_word' id='word_1_552' title='bbox 1098 4575 1441 4632; x_wconf 88' lang='lat' dir='ltr'>hominibus</span> <span class='ocrx_word' id='word_1_553' title='bbox 1463 4576 1797 4633; x_wconf 86' lang='lat' dir='ltr'>carnalibus</span> <span class='ocrx_word' id='word_1_554' title='bbox 1827 4578 1909 4633; x_wconf 91' lang='lat' dir='ltr'>vi-</span> 
     </span>
    </p>
   </div>
   <div class='ocr_carea' id='block_1_81' title="bbox 245 4663 1909 4738">
    <p class='ocr_par' dir='ltr' id='par_1_81' title="bbox 245 4663 1909 4738">
     <span class='ocr_line' id='line_1_81' title="bbox 245 4663 1909 4738; baseline -0.001 -17"><span class='ocrx_word' id='word_1_555' title='bbox 245 4665 349 4722; x_wconf 86' lang='lat' dir='ltr'>tiis</span> <span class='ocrx_word' id='word_1_556' title='bbox 378 4666 496 4721; x_wconf 90' lang='lat' dir='ltr'>sive</span> <span class='ocrx_word' id='word_1_557' title='bbox 522 4664 932 4738; x_wconf 87' lang='lat' dir='ltr'>spiritualibus</span> <span class='ocrx_word' id='word_1_558' title='bbox 958 4665 1030 4721; x_wconf 90' lang='lat' dir='ltr'>ab</span> <span class='ocrx_word' id='word_1_559' title='bbox 1061 4663 1309 4720; x_wconf 86' lang='lat' dir='ltr'>infantia</span> <span class='ocrx_word' id='word_1_560' title='bbox 1347 4680 1478 4720; x_wconf 89' lang='lat' dir='ltr'>mea</span> <span class='ocrx_word' id='word_1_561' title='bbox 1509 4663 1909 4723; x_wconf 89' lang='lat' dir='ltr'>indesinenter</span> 
     </span>
    </p>
   </div>
   <div class='ocr_carea' id='block_1_82' title="bbox 256 4750 1908 4827">
    <p class='ocr_par' dir='ltr' id='par_1_82' title="bbox 256 4750 1908 4827">
     <span class='ocr_line' id='line_1_82' title="bbox 256 4750 1908 4827; baseline -0.001 -18"><span class='ocrx_word' id='word_1_562' title='bbox 256 4754 509 4826; x_wconf 89' lang='lat' dir='ltr'>peccavi.</span> <span class='ocrx_word' id='word_1_563' title='bbox 538 4754 849 4827; x_wconf 88' lang='lat' dir='ltr'>Propterea</span> <span class='ocrx_word' id='word_1_564' title='bbox 877 4757 1071 4811; x_wconf 87' lang='lat' dir='ltr'>mente</span> <span class='ocrx_word' id='word_1_565' title='bbox 1101 4758 1158 4809; x_wconf 88' lang='lat' dir='ltr'>et</span> <span class='ocrx_word' id='word_1_566' title='bbox 1189 4768 1427 4825; x_wconf 89' lang='lat' dir='ltr'>corpore</span> <span class='ocrx_word' id='word_1_567' title='bbox 1476 4750 1758 4825; x_wconf 88' lang='lat' dir='ltr'>pollutus,</span> <span class='ocrx_word' id='word_1_568' title='bbox 1793 4770 1908 4810; x_wconf 92' lang='lat' dir='ltr'>non</span> 
     </span>
    </p>
   </div>
   <div class='ocr_carea' id='block_1_83' title="bbox 248 4841 1904 4916">
    <p class='ocr_par' dir='ltr' id='par_1_83' title="bbox 248 4841 1904 4916">
     <span class='ocr_line' id='line_1_83' title="bbox 248 4841 1904 4916; baseline -0.001 -17"><span class='ocrx_word' id='word_1_569' title='bbox 248 4857 387 4899; x_wconf 88' lang='lat' dir='ltr'>sum</span> <span class='ocrx_word' id='word_1_570' title='bbox 419 4843 635 4916; x_wconf 89' lang='lat' dir='ltr'>dignus</span> <span class='ocrx_word' id='word_1_571' title='bbox 666 4846 913 4898; x_wconf 87' lang='lat' dir='ltr'>tractare</span> <span class='ocrx_word' id='word_1_572' title='bbox 943 4841 1030 4898; x_wconf 93' lang='lat' dir='ltr'>vel</span> <span class='ocrx_word' id='word_1_573' title='bbox 1062 4842 1362 4915; x_wconf 89' lang='lat' dir='ltr'>suscipere</span> <span class='ocrx_word' id='word_1_574' title='bbox 1392 4857 1606 4913; x_wconf 88' lang='lat' dir='ltr'>corpus</span> <span class='ocrx_word' id='word_1_575' title='bbox 1634 4841 1765 4897; x_wconf 86' lang='lat' dir='ltr'>Filii</span> <span class='ocrx_word' id='word_1_576' title='bbox 1797 4842 1904 4898; x_wconf 89' lang='lat' dir='ltr'>tui.</span> 
     </span>
    </p>
   </div>
   <div class='ocr_carea' id='block_1_84' title="bbox 248 4928 1905 5004">
    <p class='ocr_par' dir='ltr' id='par_1_84' title="bbox 248 4928 1905 5004">
     <span class='ocr_line' id='line_1_84' title="bbox 248 4928 1905 5004; baseline 0.001 -19"><span class='ocrx_word' id='word_1_577' title='bbox 248 4928 419 4985; x_wconf 89' lang='lat' dir='ltr'>Nunc</span> <span class='ocrx_word' id='word_1_578' title='bbox 447 4945 606 5004; x_wconf 89' lang='lat' dir='ltr'>ergo,</span> <span class='ocrx_word' id='word_1_579' title='bbox 640 4931 827 4987; x_wconf 87' lang='lat' dir='ltr'>Mater</span> <span class='ocrx_word' id='word_1_580' title='bbox 851 4930 1283 4997; x_wconf 76' lang='lat' dir='ltr'>misericordiae,</span> <span class='ocrx_word' id='word_1_581' title='bbox 1317 4946 1419 4986; x_wconf 92' lang='lat' dir='ltr'>ora</span> <span class='ocrx_word' id='word_1_582' title='bbox 1446 4946 1549 5002; x_wconf 92' lang='lat' dir='ltr'>pro</span> <span class='ocrx_word' id='word_1_583' title='bbox 1581 4946 1674 4986; x_wconf 92' lang='lat' dir='ltr'>me</span> <span class='ocrx_word' id='word_1_584' title='bbox 1703 4945 1905 5003; x_wconf 83' lang='lat' dir='ltr'>pecca-</span> 
     </span>
    </p>
   </div>
   <div class='ocr_carea' id='block_1_85' title="bbox 248 5018 1905 5085">
    <p class='ocr_par' dir='ltr' id='par_1_85' title="bbox 248 5018 1905 5085">
     <span class='ocr_line' id='line_1_85' title="bbox 248 5018 1905 5085; baseline 0.001 -13"><span class='ocrx_word' id='word_1_585' title='bbox 248 5020 377 5073; x_wconf 88' lang='lat' dir='ltr'>tore</span> <span class='ocrx_word' id='word_1_586' title='bbox 408 5019 479 5074; x_wconf 87' lang='lat' dir='ltr'>ad</span> <span class='ocrx_word' id='word_1_587' title='bbox 513 5019 787 5075; x_wconf 90' lang='lat' dir='ltr'>eumdem</span> <span class='ocrx_word' id='word_1_588' title='bbox 816 5018 1026 5075; x_wconf 88' lang='lat' dir='ltr'>Filium</span> <span class='ocrx_word' id='word_1_589' title='bbox 1048 5023 1215 5074; x_wconf 90' lang='lat' dir='ltr'>tuum</span> <span class='ocrx_word' id='word_1_590' title='bbox 1249 5018 1564 5074; x_wconf 89' lang='lat' dir='ltr'>Dominum</span> <span class='ocrx_word' id='word_1_591' title='bbox 1613 5023 1905 5085; x_wconf 90' lang='lat' dir='ltr'>nostrum,</span> 
     </span>
    </p>
   </div>
   <div class='ocr_carea' id='block_1_86' title="bbox 246 5105 1905 5180">
    <p class='ocr_par' dir='ltr' id='par_1_86' title="bbox 246 5105 1905 5180">
     <span class='ocr_line' id='line_1_86' title="bbox 246 5105 1905 5180; baseline 0.002 -20"><span class='ocrx_word' id='word_1_592' title='bbox 246 5105 352 5178; x_wconf 89' lang='lat' dir='ltr'>qui</span> <span class='ocrx_word' id='word_1_593' title='bbox 384 5122 598 5179; x_wconf 88' lang='lat' dir='ltr'>passus</span> <span class='ocrx_word' id='word_1_594' title='bbox 628 5111 717 5163; x_wconf 90' lang='lat' dir='ltr'>est</span> <span class='ocrx_word' id='word_1_595' title='bbox 745 5124 850 5179; x_wconf 88' lang='lat' dir='ltr'>pro</span> <span class='ocrx_word' id='word_1_596' title='bbox 881 5105 1071 5174; x_wconf 90' lang='lat' dir='ltr'>nobis,</span> <span class='ocrx_word' id='word_1_597' title='bbox 1104 5122 1281 5178; x_wconf 91' lang='lat' dir='ltr'>quem</span> <span class='ocrx_word' id='word_1_598' title='bbox 1320 5110 1382 5162; x_wconf 89' lang='lat' dir='ltr'>tu</span> <span class='ocrx_word' id='word_1_599' title='bbox 1415 5106 1673 5180; x_wconf 89' lang='lat' dir='ltr'>gloriosa</span> <span class='ocrx_word' id='word_1_600' title='bbox 1720 5112 1777 5163; x_wconf 90' lang='lat' dir='ltr'>et</span> <span class='ocrx_word' id='word_1_601' title='bbox 1806 5108 1905 5164; x_wconf 91' lang='lat' dir='ltr'>be-</span> 
     </span>
    </p>
   </div>
   <div class='ocr_carea' id='block_1_87' title="bbox 249 5194 1905 5269">
    <p class='ocr_par' dir='ltr' id='par_1_87' title="bbox 249 5194 1905 5269">
     <span class='ocr_line' id='line_1_87' title="bbox 249 5194 1905 5269; baseline 0.001 -19"><span class='ocrx_word' id='word_1_602' title='bbox 249 5194 487 5252; x_wconf 88' lang='lat' dir='ltr'>nedicta</span> <span class='ocrx_word' id='word_1_603' title='bbox 516 5195 774 5269; x_wconf 87' lang='lat' dir='ltr'>genuisti</span> <span class='ocrx_word' id='word_1_604' title='bbox 811 5195 998 5252; x_wconf 89' lang='lat' dir='ltr'>Deum</span> <span class='ocrx_word' id='word_1_605' title='bbox 1045 5199 1102 5251; x_wconf 91' lang='lat' dir='ltr'>et</span> <span class='ocrx_word' id='word_1_606' title='bbox 1141 5194 1438 5250; x_wconf 89' lang='lat' dir='ltr'>hominem</span> <span class='ocrx_word' id='word_1_607' title='bbox 1484 5212 1588 5267; x_wconf 91' lang='lat' dir='ltr'>pro</span> <span class='ocrx_word' id='word_1_608' title='bbox 1638 5196 1905 5268; x_wconf 85' lang='lat' dir='ltr'>redemp-</span> 
     </span>
    </p>
   </div>
   <div class='ocr_carea' id='block_1_88' title="bbox 249 5282 1143 5356">
    <p class='ocr_par' dir='ltr' id='par_1_88' title="bbox 249 5282 1143 5356">
     <span class='ocr_line' id='line_1_88' title="bbox 249 5282 1143 5356; baseline -0.001 -17"><span class='ocrx_word' id='word_1_609' title='bbox 249 5282 415 5340; x_wconf 83' lang='lat' dir='ltr'>tione</span> <span class='ocrx_word' id='word_1_610' title='bbox 452 5284 719 5341; x_wconf 89' lang='lat' dir='ltr'>omnium</span> <span class='ocrx_word' id='word_1_611' title='bbox 749 5287 1143 5356; x_wconf 87' lang='lat' dir='ltr'>peccatorum.</span> 
     </span>
    </p>
   </div>
   <div class='ocr_carea' id='block_1_89' title="bbox 321 5370 1906 5442">
    <p class='ocr_par' dir='ltr' id='par_1_89' title="bbox 321 5370 1906 5442">
     <span class='ocr_line' id='line_1_89' title="bbox 321 5370 1906 5442; baseline 0.001 -14"><span class='ocrx_word' id='word_1_612' title='bbox 321 5371 413 5428; x_wconf 67' lang='lat' dir='ltr'>Ad</span> <span class='ocrx_word' id='word_1_613' title='bbox 443 5373 872 5430; x_wconf 82' lang='lat' dir='ltr'>benedictionem</span> <span class='ocrx_word' id='word_1_614' title='bbox 921 5370 1228 5442; x_wconf 82' lang='lat' dir='ltr'>Evangelii,</span> <span class='ocrx_word' id='word_1_615' title='bbox 1261 5370 1523 5426; x_wconf 85' lang='lat' dir='ltr'>diaconus</span> <span class='ocrx_word' id='word_1_616' title='bbox 1550 5375 1700 5442; x_wconf 81' lang='lat' dir='ltr'>petat</span> <span class='ocrx_word' id='word_1_617' title='bbox 1747 5375 1906 5430; x_wconf 85' lang='lat' dir='ltr'>bene-</span> 
     </span>
    </p>
   </div>
   <div class='ocr_carea' id='block_1_90' title="bbox 240 5457 1898 5529">
    <p class='ocr_par' dir='ltr' id='par_1_90' title="bbox 240 5457 1898 5529">
     <span class='ocr_line' id='line_1_90' title="bbox 240 5457 1898 5529; baseline 0.001 -13"><span class='ocrx_word' id='word_1_618' title='bbox 240 5457 544 5517; x_wconf 78' lang='lat' dir='ltr'>dictionem</span> <span class='ocrx_word' id='word_1_619' title='bbox 571 5461 792 5517; x_wconf 86' lang='lat' dir='ltr'>dicens:</span> <span class='ocrx_word' id='word_1_620' title='bbox 826 5459 1096 5528; x_wconf 89' lang='lat' dir='ltr'>Benedic,</span> <span class='ocrx_word' id='word_1_621' title='bbox 1119 5458 1281 5529; x_wconf 87' lang='lat' dir='ltr'>jube.</span> <span class='ocrx_word' id='word_1_622' title='bbox 1314 5460 1351 5527; x_wconf 66' lang='lat' dir='ltr'>li;</span> <span class='ocrx_word' id='word_1_623' title='bbox 1384 5457 1671 5518; x_wconf 91' lang='lat' dir='ltr'>Dominus</span> <span class='ocrx_word' id='word_1_624' title='bbox 1729 5461 1808 5517; x_wconf 88' lang='lat' dir='ltr'>sit</span> <span class='ocrx_word' id='word_1_625' title='bbox 1838 5463 1898 5517; x_wconf 92' lang='lat' dir='ltr'>in</span> 
     </span>
    </p>
   </div>
   <div class='ocr_carea' id='block_1_91' title="bbox 238 5547 1901 5623">
    <p class='ocr_par' dir='ltr' id='par_1_91' title="bbox 238 5547 1901 5623">
     <span class='ocr_line' id='line_1_91' title="bbox 238 5547 1901 5623; baseline 0.001 -19"><span class='ocrx_word' id='word_1_626' title='bbox 238 5547 419 5605; x_wconf 86' lang='lat' dir='ltr'>corde</span> <span class='ocrx_word' id='word_1_627' title='bbox 474 5553 596 5620; x_wconf 85' lang='lat' dir='ltr'>tuo,</span> <span class='ocrx_word' id='word_1_628' title='bbox 632 5554 698 5606; x_wconf 89' lang='lat' dir='ltr'>ut</span> <span class='ocrx_word' id='word_1_629' title='bbox 755 5549 931 5623; x_wconf 86' lang='lat' dir='ltr'>digne</span> <span class='ocrx_word' id='word_1_630' title='bbox 989 5553 1048 5605; x_wconf 90' lang='lat' dir='ltr'>et</span> <span class='ocrx_word' id='word_1_631' title='bbox 1101 5549 1498 5619; x_wconf 88' lang='lat' dir='ltr'>competenter</span> <span class='ocrx_word' id='word_1_632' title='bbox 1553 5550 1901 5621; x_wconf 81' lang='lat' dir='ltr'>pronunties</span> 
     </span>
    </p>
   </div>
   <div class='ocr_carea' id='block_1_92' title="bbox 2092 3248 3680 3325">
    <p class='ocr_par' dir='ltr' id='par_1_92' title="bbox 2092 3248 3680 3325">
     <span class='ocr_line' id='line_1_92' title="bbox 2092 3248 3680 3325; baseline -0.003 -16"><span class='ocrx_word' id='word_1_633' title='bbox 2092 3255 2348 3325; x_wconf 85' lang='lat' dir='ltr'>Sequitur</span> <span class='ocrx_word' id='word_1_634' title='bbox 2377 3270 2395 3307; x_wconf 91' lang='lat'><em>:</em></span> <span class='ocrx_word' id='word_1_635' title='bbox 2427 3252 2491 3307; x_wconf 92' lang='lat' dir='ltr'>In</span> <span class='ocrx_word' id='word_1_636' title='bbox 2524 3250 2760 3308; x_wconf 89' lang='lat' dir='ltr'>nomine</span> <span class='ocrx_word' id='word_1_637' title='bbox 2790 3248 3024 3306; x_wconf 88' lang='lat' dir='ltr'>Domini</span> <span class='ocrx_word' id='word_1_638' title='bbox 3057 3250 3240 3304; x_wconf 90' lang='lat' dir='ltr'>nostri</span> <span class='ocrx_word' id='word_1_639' title='bbox 3269 3250 3408 3305; x_wconf 88' lang='lat' dir='ltr'>Jesu</span> <span class='ocrx_word' id='word_1_640' title='bbox 3465 3249 3680 3306; x_wconf 88' lang='lat' dir='ltr'>Christi</span> 
     </span>
    </p>
   </div>
   <div class='ocr_carea' id='block_1_93' title="bbox 2021 3326 3683 3404">
    <p class='ocr_par' dir='ltr' id='par_1_93' title="bbox 2021 3326 3683 3404">
     <span class='ocr_line' id='line_1_93' title="bbox 2021 3326 3683 3404; baseline -0.004 -6"><span class='ocrx_word' id='word_1_641' title='bbox 2021 3343 2098 3399; x_wconf 90' lang='lat' dir='ltr'>sit</span> <span class='ocrx_word' id='word_1_642' title='bbox 2124 3342 2234 3397; x_wconf 93' lang='lat' dir='ltr'>hoc</span> <span class='ocrx_word' id='word_1_643' title='bbox 2279 3339 2634 3396; x_wconf 82' lang='lat' dir='ltr'>sacriﬁcium</span> <span class='ocrx_word' id='word_1_644' title='bbox 2691 3326 3160 3404; x_wconf 78' lang='lat' dir='ltr'>immaculatum,</span> <span class='ocrx_word' id='word_1_645' title='bbox 3194 3342 3253 3392; x_wconf 90' lang='lat' dir='ltr'>et</span> <span class='ocrx_word' id='word_1_646' title='bbox 3309 3354 3343 3392; x_wconf 89' lang='lat' dir='ltr'>a</span> <span class='ocrx_word' id='word_1_647' title='bbox 3373 3342 3426 3393; x_wconf 90' lang='lat' dir='ltr'>te</span> <span class='ocrx_word' id='word_1_648' title='bbox 3458 3337 3574 3392; x_wconf 92' lang='lat' dir='ltr'>Deo</span> <span class='ocrx_word' id='word_1_649' title='bbox 3603 3338 3683 3392; x_wconf 87' lang='lat' dir='ltr'>vi-</span> 
     </span>
    </p>
   </div>
   <div class='ocr_carea' id='block_1_94' title="bbox 2019 3424 3683 3486">
    <p class='ocr_par' dir='ltr' id='par_1_94' title="bbox 2019 3424 3683 3486">
     <span class='ocr_line' id='line_1_94' title="bbox 2019 3424 3683 3486; baseline -0.003 0"><span class='ocrx_word' id='word_1_650' title='bbox 2019 3447 2088 3486; x_wconf 92' lang='lat' dir='ltr'>vo</span> <span class='ocrx_word' id='word_1_651' title='bbox 2118 3434 2176 3486; x_wconf 90' lang='lat' dir='ltr'>et</span> <span class='ocrx_word' id='word_1_652' title='bbox 2203 3446 2337 3486; x_wconf 91' lang='lat' dir='ltr'>vero</span> <span class='ocrx_word' id='word_1_653' title='bbox 2360 3429 2681 3485; x_wconf 89' lang='lat' dir='ltr'>adunatum</span> <span class='ocrx_word' id='word_1_654' title='bbox 2700 3432 2757 3482; x_wconf 90' lang='lat' dir='ltr'>et</span> <span class='ocrx_word' id='word_1_655' title='bbox 2779 3425 3146 3483; x_wconf 89' lang='lat' dir='ltr'>benedictum</span> <span class='ocrx_word' id='word_1_656' title='bbox 3170 3424 3229 3480; x_wconf 90' lang='lat' dir='ltr'>in</span> <span class='ocrx_word' id='word_1_657' title='bbox 3253 3424 3468 3481; x_wconf 69' lang='lat' dir='ltr'>saecula</span> <span class='ocrx_word' id='word_1_658' title='bbox 3498 3441 3683 3482; x_wconf 65' lang='lat' dir='ltr'>saecu-</span> 
     </span>
    </p>
   </div>
   <div class='ocr_carea' id='block_1_95' title="bbox 2018 3519 2468 3576">
    <p class='ocr_par' dir='ltr' id='par_1_95' title="bbox 2018 3519 2468 3576">
     <span class='ocr_line' id='line_1_95' title="bbox 2018 3519 2468 3576; baseline -0.009 0"><span class='ocrx_word' id='word_1_659' title='bbox 2018 3519 2231 3576; x_wconf 88' lang='lat' dir='ltr'>lorum.</span> <span class='ocrx_word' id='word_1_660' title='bbox 2263 3519 2468 3574; x_wconf 92' lang='lat' dir='ltr'>Amen.</span> 
     </span>
    </p>
   </div>
   <div class='ocr_carea' id='block_1_96' title="bbox 2093 3603 3676 3677">
    <p class='ocr_par' dir='ltr' id='par_1_96' title="bbox 2093 3603 3676 3677">
     <span class='ocr_line' id='line_1_96' title="bbox 2093 3603 3676 3677; baseline -0.002 -15"><span class='ocrx_word' id='word_1_661' title='bbox 2093 3606 2321 3676; x_wconf 88' lang='lat' dir='ltr'>Quando</span> <span class='ocrx_word' id='word_1_662' title='bbox 2358 3606 2639 3661; x_wconf 89' lang='lat' dir='ltr'>incensum</span> <span class='ocrx_word' id='word_1_663' title='bbox 2692 3606 2920 3677; x_wconf 87' lang='lat' dir='ltr'>ponitur</span> <span class='ocrx_word' id='word_1_664' title='bbox 2966 3605 3025 3659; x_wconf 89' lang='lat' dir='ltr'>in</span> <span class='ocrx_word' id='word_1_665' title='bbox 3083 3603 3431 3658; x_wconf 84' lang='lat' dir='ltr'>thurilmlum</span> <span class='ocrx_word' id='word_1_666' title='bbox 3489 3603 3676 3660; x_wconf 87' lang='lat' dir='ltr'>dicat:</span> 
     </span>
    </p>
   </div>
   <div class='ocr_carea' id='block_1_97' title="bbox 2021 3692 3211 3762">
    <p class='ocr_par' dir='ltr' id='par_1_97' title="bbox 2021 3692 3211 3762">
     <span class='ocr_line' id='line_1_97' title="bbox 2021 3692 3211 3762; baseline -0.002 -11"><span class='ocrx_word' id='word_1_667' title='bbox 2021 3696 2127 3752; x_wconf 90' lang='lat' dir='ltr'>Per</span> <span class='ocrx_word' id='word_1_668' title='bbox 2156 3694 2654 3762; x_wconf 88' lang='lat' dir='ltr'>intercessionem,</span> <span class='ocrx_word' id='word_1_669' title='bbox 2688 3698 2823 3762; x_wconf 92' lang='lat' dir='ltr'>etc.,</span> <span class='ocrx_word' id='word_1_670' title='bbox 2856 3701 2917 3749; x_wconf 91' lang='lat' dir='ltr'>ut</span> <span class='ocrx_word' id='word_1_671' title='bbox 2945 3695 3004 3749; x_wconf 92' lang='lat' dir='ltr'>in</span> <span class='ocrx_word' id='word_1_672' title='bbox 3033 3692 3211 3749; x_wconf 83' lang='lat' dir='ltr'>editis.</span> 
     </span>
    </p>
   </div>
   <div class='ocr_carea' id='block_1_98' title="bbox 2094 3781 3676 3852">
    <p class='ocr_par' dir='ltr' id='par_1_98' title="bbox 2094 3781 3676 3852">
     <span class='ocr_line' id='line_1_98' title="bbox 2094 3781 3676 3852; baseline -0.001 -13"><span class='ocrx_word' id='word_1_673' title='bbox 2094 3784 2229 3839; x_wconf 83' lang='lat' dir='ltr'>Cum</span> <span class='ocrx_word' id='word_1_674' title='bbox 2258 3786 2503 3839; x_wconf 87' lang='lat' dir='ltr'>iucensat</span> <span class='ocrx_word' id='word_1_675' title='bbox 2531 3782 2715 3839; x_wconf 85' lang='lat' dir='ltr'>oblata</span> <span class='ocrx_word' id='word_1_676' title='bbox 2754 3790 2805 3838; x_wconf 92' lang='lat' dir='ltr'>et</span> <span class='ocrx_word' id='word_1_677' title='bbox 2832 3783 3082 3852; x_wconf 88' lang='lat' dir='ltr'>calicem,</span> <span class='ocrx_word' id='word_1_678' title='bbox 3113 3781 3259 3837; x_wconf 85' lang='lat' dir='ltr'>dicat</span> <span class='ocrx_word' id='word_1_679' title='bbox 3292 3783 3398 3837; x_wconf 79' lang='lat' dir='ltr'>ista</span> <span class='ocrx_word' id='word_1_680' title='bbox 3427 3798 3552 3838; x_wconf 88' lang='lat' dir='ltr'>cum</span> <span class='ocrx_word' id='word_1_681' title='bbox 3577 3783 3676 3837; x_wconf 87' lang='lat' dir='ltr'>tri-</span> 
     </span>
    </p>
   </div>
   <div class='ocr_carea' id='block_1_99' title="bbox 2022 3870 3677 3943">
    <p class='ocr_par' dir='ltr' id='par_1_99' title="bbox 2022 3870 3677 3943">
     <span class='ocr_line' id='line_1_99' title="bbox 2022 3870 3677 3943; baseline -0.001 -16"><span class='ocrx_word' id='word_1_682' title='bbox 2022 3874 2119 3929; x_wconf 88' lang='lat' dir='ltr'>bus</span> <span class='ocrx_word' id='word_1_683' title='bbox 2147 3873 2399 3928; x_wconf 85' lang='lat' dir='ltr'>crucibus</span> <span class='ocrx_word' id='word_1_684' title='bbox 2429 3887 2593 3943; x_wconf 86' lang='lat' dir='ltr'>super</span> <span class='ocrx_word' id='word_1_685' title='bbox 2620 3874 2897 3942; x_wconf 87' lang='lat' dir='ltr'>utrosque,</span> <span class='ocrx_word' id='word_1_686' title='bbox 2931 3878 2983 3925; x_wconf 91' lang='lat' dir='ltr'>et</span> <span class='ocrx_word' id='word_1_687' title='bbox 3010 3870 3316 3941; x_wconf 85' lang='lat' dir='ltr'>regyrando</span> <span class='ocrx_word' id='word_1_688' title='bbox 3347 3871 3519 3924; x_wconf 79' lang='lat' dir='ltr'>tribus</span> <span class='ocrx_word' id='word_1_689' title='bbox 3544 3872 3677 3925; x_wconf 88' lang='lat' dir='ltr'>vici-</span> 
     </span>
    </p>
   </div>
   <div class='ocr_carea' id='block_1_100' title="bbox 2023 3956 3681 4029">
    <p class='ocr_par' dir='ltr' id='par_1_100' title="bbox 2023 3956 3681 4029">
     <span class='ocr_line' id='line_1_100' title="bbox 2023 3956 3681 4029; baseline -0.002 -13"><span class='ocrx_word' id='word_1_690' title='bbox 2023 3962 2120 4016; x_wconf 86' lang='lat' dir='ltr'>bus</span> <span class='ocrx_word' id='word_1_691' title='bbox 2147 3961 2296 4016; x_wconf 88' lang='lat' dir='ltr'>dicat</span> <span class='ocrx_word' id='word_1_692' title='bbox 2322 3979 2340 4015; x_wconf 91' lang='lat'><em>:</em></span> <span class='ocrx_word' id='word_1_693' title='bbox 2372 3959 2616 4015; x_wconf 91' lang='lat' dir='ltr'>Domine</span> <span class='ocrx_word' id='word_1_694' title='bbox 2648 3959 2801 4014; x_wconf 91' lang='lat' dir='ltr'>Deus</span> <span class='ocrx_word' id='word_1_695' title='bbox 2832 3962 3051 4025; x_wconf 90' lang='lat' dir='ltr'>noster,</span> <span class='ocrx_word' id='word_1_696' title='bbox 3084 3958 3183 4029; x_wconf 91' lang='lat' dir='ltr'>qui</span> <span class='ocrx_word' id='word_1_697' title='bbox 3217 3956 3527 4028; x_wconf 88' lang='lat' dir='ltr'>suscepisti</span> <span class='ocrx_word' id='word_1_698' title='bbox 3553 3973 3681 4012; x_wconf 88' lang='lat' dir='ltr'>mu-</span> 
     </span>
    </p>
   </div>
   <div class='ocr_carea' id='block_1_101' title="bbox 2021 4045 3680 4116">
    <p class='ocr_par' dir='ltr' id='par_1_101' title="bbox 2021 4045 3680 4116">
     <span class='ocr_line' id='line_1_101' title="bbox 2021 4045 3680 4116; baseline -0.004 -11"><span class='ocrx_word' id='word_1_699' title='bbox 2021 4066 2164 4105; x_wconf 90' lang='lat' dir='ltr'>nera</span> <span class='ocrx_word' id='word_1_700' title='bbox 2192 4047 2355 4116; x_wconf 84' lang='lat' dir='ltr'>Abel,</span> <span class='ocrx_word' id='word_1_701' title='bbox 2386 4048 2527 4114; x_wconf 88' lang='lat' dir='ltr'>Noe,</span> <span class='ocrx_word' id='word_1_702' title='bbox 2558 4050 2771 4112; x_wconf 86' lang='lat' dir='ltr'>Aaron,</span> <span class='ocrx_word' id='word_1_703' title='bbox 2800 4045 3037 4101; x_wconf 91' lang='lat' dir='ltr'>Samuel</span> <span class='ocrx_word' id='word_1_704' title='bbox 3071 4051 3127 4100; x_wconf 92' lang='lat' dir='ltr'>et</span> <span class='ocrx_word' id='word_1_705' title='bbox 3156 4045 3420 4100; x_wconf 88' lang='lat' dir='ltr'>omnium</span> <span class='ocrx_word' id='word_1_706' title='bbox 3454 4050 3680 4100; x_wconf 82' lang='lat' dir='ltr'>sancto-</span> 
     </span>
    </p>
   </div>
   <div class='ocr_carea' id='block_1_102' title="bbox 2021 4134 3678 4206">
    <p class='ocr_par' dir='ltr' id='par_1_102' title="bbox 2021 4134 3678 4206">
     <span class='ocr_line' id='line_1_102' title="bbox 2021 4134 3678 4206; baseline -0.002 -13"><span class='ocrx_word' id='word_1_707' title='bbox 2021 4155 2154 4195; x_wconf 91' lang='lat' dir='ltr'>rum</span> <span class='ocrx_word' id='word_1_708' title='bbox 2184 4142 2440 4203; x_wconf 88' lang='lat' dir='ltr'>tuorum,</span> <span class='ocrx_word' id='word_1_709' title='bbox 2466 4134 2549 4190; x_wconf 91' lang='lat' dir='ltr'>sic</span> <span class='ocrx_word' id='word_1_710' title='bbox 2571 4138 2629 4189; x_wconf 89' lang='lat' dir='ltr'>et</span> <span class='ocrx_word' id='word_1_711' title='bbox 2653 4135 2722 4190; x_wconf 91' lang='lat' dir='ltr'>de</span> <span class='ocrx_word' id='word_1_712' title='bbox 2744 4151 2922 4189; x_wconf 90' lang='lat' dir='ltr'>manu</span> <span class='ocrx_word' id='word_1_713' title='bbox 2947 4138 3319 4206; x_wconf 89' lang='lat' dir='ltr'>peccatorum</span> <span class='ocrx_word' id='word_1_714' title='bbox 3342 4136 3678 4189; x_wconf 88' lang='lat' dir='ltr'>nostrorum</span> 
     </span>
    </p>
   </div>
   <div class='ocr_carea' id='block_1_103' title="bbox 2022 4220 3679 4299">
    <p class='ocr_par' dir='ltr' id='par_1_103' title="bbox 2022 4220 3679 4299">
     <span class='ocr_line' id='line_1_103' title="bbox 2022 4220 3679 4299; baseline -0.004 -16"><span class='ocrx_word' id='word_1_715' title='bbox 2022 4225 2321 4299; x_wconf 90' lang='lat' dir='ltr'>suscipere</span> <span class='ocrx_word' id='word_1_716' title='bbox 2351 4222 2612 4297; x_wconf 90' lang='lat' dir='ltr'>digneris</span> <span class='ocrx_word' id='word_1_717' title='bbox 2663 4221 2971 4280; x_wconf 82' lang='lat' dir='ltr'>incensum</span> <span class='ocrx_word' id='word_1_718' title='bbox 3031 4220 3189 4278; x_wconf 80' lang='lat' dir='ltr'>istud</span> <span class='ocrx_word' id='word_1_719' title='bbox 3244 4221 3303 4276; x_wconf 91' lang='lat' dir='ltr'>in</span> <span class='ocrx_word' id='word_1_720' title='bbox 3363 4225 3679 4293; x_wconf 88' lang='lat' dir='ltr'>conspectu</span> 
     </span>
    </p>
   </div>
   <div class='ocr_carea' id='block_1_104' title="bbox 2019 4309 3681 4385">
    <p class='ocr_par' dir='ltr' id='par_1_104' title="bbox 2019 4309 3681 4385">
     <span class='ocr_line' id='line_1_104' title="bbox 2019 4309 3681 4385; baseline -0.005 -12"><span class='ocrx_word' id='word_1_721' title='bbox 2019 4323 2144 4385; x_wconf 87' lang='lat' dir='ltr'>tuo,</span> <span class='ocrx_word' id='word_1_722' title='bbox 2173 4315 2233 4371; x_wconf 88' lang='lat' dir='ltr'>in</span> <span class='ocrx_word' id='word_1_723' title='bbox 2264 4313 2500 4370; x_wconf 89' lang='lat' dir='ltr'>odorem</span> <span class='ocrx_word' id='word_1_724' title='bbox 2533 4310 2861 4381; x_wconf 87' lang='lat' dir='ltr'>suavitatis,</span> <span class='ocrx_word' id='word_1_725' title='bbox 2896 4310 2955 4365; x_wconf 91' lang='lat' dir='ltr'>in</span> <span class='ocrx_word' id='word_1_726' title='bbox 2980 4309 3386 4367; x_wconf 79' lang='lat' dir='ltr'>remissionem</span> <span class='ocrx_word' id='word_1_727' title='bbox 3420 4313 3681 4381; x_wconf 88' lang='lat' dir='ltr'>peccato-</span> 
     </span>
    </p>
   </div>
   <div class='ocr_carea' id='block_1_105' title="bbox 2020 4400 3041 4461">
    <p class='ocr_par' dir='ltr' id='par_1_105' title="bbox 2020 4400 3041 4461">
     <span class='ocr_line' id='line_1_105' title="bbox 2020 4400 3041 4461; baseline -0.007 0"><span class='ocrx_word' id='word_1_728' title='bbox 2020 4422 2153 4461; x_wconf 91' lang='lat' dir='ltr'>rum</span> <span class='ocrx_word' id='word_1_729' title='bbox 2186 4409 2545 4460; x_wconf 89' lang='lat' dir='ltr'>nostrorum.</span> <span class='ocrx_word' id='word_1_730' title='bbox 2580 4401 2689 4458; x_wconf 91' lang='lat' dir='ltr'>Per</span> <span class='ocrx_word' id='word_1_731' title='bbox 2718 4400 3041 4457; x_wconf 88' lang='lat' dir='ltr'>Christum.</span> 
     </span>
    </p>
   </div>
   <div class='ocr_carea' id='block_1_106' title="bbox 2091 4487 3679 4550">
    <p class='ocr_par' dir='ltr' id='par_1_106' title="bbox 2091 4487 3679 4550">
     <span class='ocr_line' id='line_1_106' title="bbox 2091 4487 3679 4550; baseline -0.004 -1"><span class='ocrx_word' id='word_1_732' title='bbox 2091 4496 2226 4550; x_wconf 89' lang='lat' dir='ltr'>Cum</span> <span class='ocrx_word' id='word_1_733' title='bbox 2255 4495 2499 4548; x_wconf 86' lang='lat' dir='ltr'>incensat</span> <span class='ocrx_word' id='word_1_734' title='bbox 2554 4490 2734 4547; x_wconf 84' lang='lat' dir='ltr'>oblata</span> <span class='ocrx_word' id='word_1_735' title='bbox 2766 4498 2824 4545; x_wconf 89' lang='lat' dir='ltr'>et</span> <span class='ocrx_word' id='word_1_736' title='bbox 2880 4489 3105 4545; x_wconf 84' lang='lat' dir='ltr'>calicem</span> <span class='ocrx_word' id='word_1_737' title='bbox 3142 4487 3286 4544; x_wconf 83' lang='lat' dir='ltr'>dicat</span> <span class='ocrx_word' id='word_1_738' title='bbox 3316 4506 3334 4544; x_wconf 84' lang='lat'><em>:</em></span> <span class='ocrx_word' id='word_1_739' title='bbox 3369 4487 3679 4543; x_wconf 89' lang='lat' dir='ltr'>Incensum</span> 
     </span>
    </p>
   </div>
   <div class='ocr_carea' id='block_1_107' title="bbox 2024 4576 3680 4648">
    <p class='ocr_par' dir='ltr' id='par_1_107' title="bbox 2024 4576 3680 4648">
     <span class='ocr_line' id='line_1_107' title="bbox 2024 4576 3680 4648; baseline -0.003 -11"><span class='ocrx_word' id='word_1_740' title='bbox 2024 4581 2204 4647; x_wconf 88' lang='lat' dir='ltr'>istud,</span> <span class='ocrx_word' id='word_1_741' title='bbox 2231 4585 2365 4648; x_wconf 90' lang='lat' dir='ltr'>etc.,</span> <span class='ocrx_word' id='word_1_742' title='bbox 2402 4584 2458 4634; x_wconf 88' lang='lat' dir='ltr'>ut</span> <span class='ocrx_word' id='word_1_743' title='bbox 2485 4581 2547 4634; x_wconf 88' lang='lat' dir='ltr'>in</span> <span class='ocrx_word' id='word_1_744' title='bbox 2575 4579 2756 4635; x_wconf 85' lang='lat' dir='ltr'>editis.</span> <span class='ocrx_word' id='word_1_745' title='bbox 2788 4578 3044 4634; x_wconf 86' lang='lat' dir='ltr'>Sacerdos</span> <span class='ocrx_word' id='word_1_746' title='bbox 3067 4577 3351 4632; x_wconf 84' lang='lat' dir='ltr'>humiliter</span> <span class='ocrx_word' id='word_1_747' title='bbox 3372 4576 3603 4632; x_wconf 86' lang='lat' dir='ltr'>inclinet</span> <span class='ocrx_word' id='word_1_748' title='bbox 3624 4591 3680 4632; x_wconf 89' lang='lat' dir='ltr'>se</span> 
     </span>
    </p>
   </div>
   <div class='ocr_carea' id='block_1_108' title="bbox 2018 4663 3677 4739">
    <p class='ocr_par' dir='ltr' id='par_1_108' title="bbox 2018 4663 3677 4739">
     <span class='ocr_line' id='line_1_108' title="bbox 2018 4663 3677 4739; baseline -0.002 -17"><span class='ocrx_word' id='word_1_749' title='bbox 2018 4672 2143 4723; x_wconf 87' lang='lat' dir='ltr'>ante</span> <span class='ocrx_word' id='word_1_750' title='bbox 2174 4669 2350 4723; x_wconf 85' lang='lat' dir='ltr'>altare</span> <span class='ocrx_word' id='word_1_751' title='bbox 2376 4675 2427 4722; x_wconf 91' lang='lat' dir='ltr'>et</span> <span class='ocrx_word' id='word_1_752' title='bbox 2457 4667 2603 4722; x_wconf 89' lang='lat' dir='ltr'>dicat</span> <span class='ocrx_word' id='word_1_753' title='bbox 2634 4685 2653 4721; x_wconf 89' lang='lat'><strong><em>:</em></strong></span> <span class='ocrx_word' id='word_1_754' title='bbox 2678 4666 2938 4739; x_wconf 88' lang='lat' dir='ltr'>Suscipe,</span> <span class='ocrx_word' id='word_1_755' title='bbox 2970 4671 3174 4721; x_wconf 88' lang='lat' dir='ltr'>sancta</span> <span class='ocrx_word' id='word_1_756' title='bbox 3209 4664 3489 4732; x_wconf 87' lang='lat' dir='ltr'>Trinitas,</span> <span class='ocrx_word' id='word_1_757' title='bbox 3523 4663 3677 4719; x_wconf 89' lang='lat' dir='ltr'>hanc</span> 
     </span>
    </p>
   </div>
   <div class='ocr_carea' id='block_1_109' title="bbox 2016 4753 3681 4827">
    <p class='ocr_par' dir='ltr' id='par_1_109' title="bbox 2016 4753 3681 4827">
     <span class='ocr_line' id='line_1_109' title="bbox 2016 4753 3681 4827; baseline -0.003 -15"><span class='ocrx_word' id='word_1_758' title='bbox 2016 4754 2580 4827; x_wconf 89' lang='lat' dir='ltr'>oblationem,quam</span> <span class='ocrx_word' id='word_1_759' title='bbox 2613 4754 2718 4810; x_wconf 83' lang='lat' dir='ltr'>tibi</span> <span class='ocrx_word' id='word_1_760' title='bbox 2735 4756 2901 4811; x_wconf 81' lang='lat' dir='ltr'>oﬂ‘ert</span> <span class='ocrx_word' id='word_1_761' title='bbox 2922 4753 3179 4809; x_wconf 87' lang='lat' dir='ltr'>famulus</span> <span class='ocrx_word' id='word_1_762' title='bbox 3201 4757 3358 4819; x_wconf 89' lang='lat' dir='ltr'>tuus,</span> <span class='ocrx_word' id='word_1_763' title='bbox 3386 4757 3443 4807; x_wconf 89' lang='lat' dir='ltr'>et</span> <span class='ocrx_word' id='word_1_764' title='bbox 3466 4757 3681 4823; x_wconf 59' lang='lat' dir='ltr'>praesta</span> 
     </span>
    </p>
   </div>
   <div class='ocr_carea' id='block_1_110' title="bbox 2019 4840 3516 4916">
    <p class='ocr_par' dir='ltr' id='par_1_110' title="bbox 2019 4840 3516 4916">
     <span class='ocr_line' id='line_1_110' title="bbox 2019 4840 3516 4916; baseline -0.006 -15"><span class='ocrx_word' id='word_1_765' title='bbox 2019 4851 2085 4901; x_wconf 88' lang='lat' dir='ltr'>ut</span> <span class='ocrx_word' id='word_1_766' title='bbox 2116 4845 2175 4900; x_wconf 91' lang='lat' dir='ltr'>in</span> <span class='ocrx_word' id='word_1_767' title='bbox 2206 4847 2584 4916; x_wconf 90' lang='lat' dir='ltr'>conspectum</span> <span class='ocrx_word' id='word_1_768' title='bbox 2616 4847 2786 4899; x_wconf 88' lang='lat' dir='ltr'>tuum</span> <span class='ocrx_word' id='word_1_769' title='bbox 2817 4842 2923 4897; x_wconf 90' lang='lat' dir='ltr'>tibi</span> <span class='ocrx_word' id='word_1_770' title='bbox 2956 4841 3193 4914; x_wconf 90' lang='lat' dir='ltr'>placens</span> <span class='ocrx_word' id='word_1_771' title='bbox 3223 4840 3516 4895; x_wconf 85' lang='lat' dir='ltr'>ascendat.</span> 
     </span>
    </p>
   </div>
   <div class='ocr_carea' id='block_1_111' title="bbox 2090 4925 3679 5005">
    <p class='ocr_par' dir='ltr' id='par_1_111' title="bbox 2090 4925 3679 5005">
     <span class='ocr_line' id='line_1_111' title="bbox 2090 4925 3679 5005; baseline -0.003 -16"><span class='ocrx_word' id='word_1_772' title='bbox 2090 4934 2381 5005; x_wconf 81' lang='lat' dir='ltr'>Sequitur:</span> <span class='ocrx_word' id='word_1_773' title='bbox 2415 4932 2677 5005; x_wconf 87' lang='lat' dir='ltr'>Suscipe,</span> <span class='ocrx_word' id='word_1_774' title='bbox 2713 4934 2918 4988; x_wconf 89' lang='lat' dir='ltr'>sancta</span> <span class='ocrx_word' id='word_1_775' title='bbox 2939 4929 3218 4998; x_wconf 89' lang='lat' dir='ltr'>Trinitas,</span> <span class='ocrx_word' id='word_1_776' title='bbox 3253 4928 3402 4981; x_wconf 89' lang='lat' dir='ltr'>hanc</span> <span class='ocrx_word' id='word_1_777' title='bbox 3434 4925 3679 4984; x_wconf 89' lang='lat' dir='ltr'>oblatio-</span> 
     </span>
    </p>
   </div>
   <div class='ocr_carea' id='block_1_112' title="bbox 2019 5016 3676 5093">
    <p class='ocr_par' dir='ltr' id='par_1_112' title="bbox 2019 5016 3676 5093">
     <span class='ocr_line' id='line_1_112' title="bbox 2019 5016 3676 5093; baseline -0.004 -14"><span class='ocrx_word' id='word_1_778' title='bbox 2019 5039 2175 5091; x_wconf 91' lang='lat' dir='ltr'>nem,</span> <span class='ocrx_word' id='word_1_779' title='bbox 2209 5036 2389 5093; x_wconf 89' lang='lat' dir='ltr'>quam</span> <span class='ocrx_word' id='word_1_780' title='bbox 2422 5019 2530 5074; x_wconf 90' lang='lat' dir='ltr'>tibi</span> <span class='ocrx_word' id='word_1_781' title='bbox 2561 5021 2738 5075; x_wconf 76' lang='lat' dir='ltr'>offero</span> <span class='ocrx_word' id='word_1_782' title='bbox 2769 5036 2874 5092; x_wconf 91' lang='lat' dir='ltr'>pro</span> <span class='ocrx_word' id='word_1_783' title='bbox 2906 5034 2998 5073; x_wconf 91' lang='lat' dir='ltr'>me</span> <span class='ocrx_word' id='word_1_784' title='bbox 3024 5021 3344 5090; x_wconf 87' lang='lat' dir='ltr'>peccatore,</span> <span class='ocrx_word' id='word_1_785' title='bbox 3376 5019 3434 5071; x_wconf 91' lang='lat' dir='ltr'>et</span> <span class='ocrx_word' id='word_1_786' title='bbox 3463 5031 3567 5088; x_wconf 91' lang='lat' dir='ltr'>pro</span> <span class='ocrx_word' id='word_1_787' title='bbox 3590 5016 3676 5072; x_wconf 89' lang='lat' dir='ltr'>fa-</span> 
     </span>
    </p>
   </div>
   <div class='ocr_carea' id='block_1_113' title="bbox 2018 5104 3679 5180">
    <p class='ocr_par' dir='ltr' id='par_1_113' title="bbox 2018 5104 3679 5180">
     <span class='ocr_line' id='line_1_113' title="bbox 2018 5104 3679 5180; baseline -0.005 -12"><span class='ocrx_word' id='word_1_788' title='bbox 2018 5110 2196 5168; x_wconf 88' lang='lat' dir='ltr'>mulis</span> <span class='ocrx_word' id='word_1_789' title='bbox 2227 5115 2284 5166; x_wconf 90' lang='lat' dir='ltr'>et</span> <span class='ocrx_word' id='word_1_790' title='bbox 2313 5106 2648 5163; x_wconf 88' lang='lat' dir='ltr'>famulabus</span> <span class='ocrx_word' id='word_1_791' title='bbox 2680 5110 2821 5175; x_wconf 90' lang='lat' dir='ltr'>tuis,</span> <span class='ocrx_word' id='word_1_792' title='bbox 2854 5108 2953 5180; x_wconf 80' lang='lat' dir='ltr'>qui</span> <span class='ocrx_word' id='word_1_793' title='bbox 3011 5122 3074 5161; x_wconf 91' lang='lat' dir='ltr'>se</span> <span class='ocrx_word' id='word_1_794' title='bbox 3118 5104 3679 5161; x_wconf 88' lang='lat' dir='ltr'>commendaverunt</span> 
     </span>
    </p>
   </div>
   <div class='ocr_carea' id='block_1_114' title="bbox 2015 5191 3677 5267">
    <p class='ocr_par' dir='ltr' id='par_1_114' title="bbox 2015 5191 3677 5267">
     <span class='ocr_line' id='line_1_114' title="bbox 2015 5191 3677 5267; baseline -0.005 -11"><span class='ocrx_word' id='word_1_795' title='bbox 2015 5200 2075 5256; x_wconf 93' lang='lat' dir='ltr'>in</span> <span class='ocrx_word' id='word_1_796' title='bbox 2110 5197 2329 5255; x_wconf 87' lang='lat' dir='ltr'>nostris</span> <span class='ocrx_word' id='word_1_797' title='bbox 2348 5195 2735 5263; x_wconf 89' lang='lat' dir='ltr'>orationibus,</span> <span class='ocrx_word' id='word_1_798' title='bbox 2767 5200 2826 5250; x_wconf 90' lang='lat' dir='ltr'>et</span> <span class='ocrx_word' id='word_1_799' title='bbox 2856 5211 2959 5267; x_wconf 91' lang='lat' dir='ltr'>pro</span> <span class='ocrx_word' id='word_1_800' title='bbox 2977 5192 3137 5250; x_wconf 91' lang='lat' dir='ltr'>omni</span> <span class='ocrx_word' id='word_1_801' title='bbox 3165 5191 3677 5266; x_wconf 86' lang='lat' dir='ltr'>populoChristia-</span> 
     </span>
    </p>
   </div>
   <div class='ocr_carea' id='block_1_115' title="bbox 2020 5279 3677 5359">
    <p class='ocr_par' dir='ltr' id='par_1_115' title="bbox 2020 5279 3677 5359">
     <span class='ocr_line' id='line_1_115' title="bbox 2020 5279 3677 5359; baseline -0.004 -14"><span class='ocrx_word' id='word_1_802' title='bbox 2020 5305 2115 5358; x_wconf 93' lang='lat' dir='ltr'>no,</span> <span class='ocrx_word' id='word_1_803' title='bbox 2154 5285 2300 5342; x_wconf 89' lang='lat' dir='ltr'>vivis</span> <span class='ocrx_word' id='word_1_804' title='bbox 2330 5289 2509 5359; x_wconf 88' lang='lat' dir='ltr'>atque</span> <span class='ocrx_word' id='word_1_805' title='bbox 2539 5283 2852 5351; x_wconf 90' lang='lat' dir='ltr'>defunctis,</span> <span class='ocrx_word' id='word_1_806' title='bbox 2882 5287 2947 5339; x_wconf 92' lang='lat' dir='ltr'>ut</span> <span class='ocrx_word' id='word_1_807' title='bbox 2988 5281 3135 5338; x_wconf 89' lang='lat' dir='ltr'>mihi</span> <span class='ocrx_word' id='word_1_808' title='bbox 3164 5286 3224 5338; x_wconf 89' lang='lat' dir='ltr'>et</span> <span class='ocrx_word' id='word_1_809' title='bbox 3261 5279 3379 5338; x_wconf 89' lang='lat' dir='ltr'>illis</span> <span class='ocrx_word' id='word_1_810' title='bbox 3408 5281 3677 5354; x_wconf 78' lang='lat' dir='ltr'>proficiat</span> 
     </span>
    </p>
   </div>
   <div class='ocr_carea' id='block_1_116' title="bbox 2017 5373 3169 5442">
    <p class='ocr_par' dir='ltr' id='par_1_116' title="bbox 2017 5373 3169 5442">
     <span class='ocr_line' id='line_1_116' title="bbox 2017 5373 3169 5442; baseline -0.006 -8"><span class='ocrx_word' id='word_1_811' title='bbox 2017 5379 2089 5434; x_wconf 83' lang='lat' dir='ltr'>ad</span> <span class='ocrx_word' id='word_1_812' title='bbox 2124 5374 2436 5442; x_wconf 88' lang='lat' dir='ltr'>medelam,</span> <span class='ocrx_word' id='word_1_813' title='bbox 2469 5378 2527 5431; x_wconf 91' lang='lat' dir='ltr'>et</span> <span class='ocrx_word' id='word_1_814' title='bbox 2555 5375 2627 5431; x_wconf 87' lang='lat' dir='ltr'>ad</span> <span class='ocrx_word' id='word_1_815' title='bbox 2658 5373 2837 5430; x_wconf 88' lang='lat' dir='ltr'>vitam</span> <span class='ocrx_word' id='word_1_816' title='bbox 2867 5379 3169 5430; x_wconf 68' lang='lat' dir='ltr'>aeternam.</span> 
     </span>
    </p>
   </div>
   <div class='ocr_carea' id='block_1_117' title="bbox 2087 5450 3670 5527">
    <p class='ocr_par' dir='ltr' id='par_1_117' title="bbox 2087 5450 3670 5527">
     <span class='ocr_line' id='line_1_117' title="bbox 2087 5450 3670 5527; baseline -0.003 -15"><span class='ocrx_word' id='word_1_817' title='bbox 2087 5456 2290 5513; x_wconf 85' lang='lat' dir='ltr'>Deinde</span> <span class='ocrx_word' id='word_1_818' title='bbox 2335 5457 2509 5527; x_wconf 85' lang='lat' dir='ltr'>erigat</span> <span class='ocrx_word' id='word_1_819' title='bbox 2535 5471 2592 5510; x_wconf 90' lang='lat' dir='ltr'>se</span> <span class='ocrx_word' id='word_1_820' title='bbox 2645 5453 2911 5518; x_wconf 89' lang='lat' dir='ltr'>sacerdos,</span> <span class='ocrx_word' id='word_1_821' title='bbox 2944 5456 2993 5509; x_wconf 87' lang='lat' dir='ltr'>et</span> <span class='ocrx_word' id='word_1_822' title='bbox 3050 5455 3222 5509; x_wconf 84' lang='lat' dir='ltr'>vertat</span> <span class='ocrx_word' id='word_1_823' title='bbox 3251 5466 3307 5507; x_wconf 87' lang='lat' dir='ltr'>se</span> <span class='ocrx_word' id='word_1_824' title='bbox 3365 5450 3435 5506; x_wconf 83' lang='lat' dir='ltr'>ad</span> <span class='ocrx_word' id='word_1_825' title='bbox 3464 5454 3670 5523; x_wconf 82' lang='lat' dir='ltr'>fratres</span> 
     </span>
    </p>
   </div>
   <div class='ocr_carea' id='block_1_118' title="bbox 2013 5541 3668 5613">
    <p class='ocr_par' dir='ltr' id='par_1_118' title="bbox 2013 5541 3668 5613">
     <span class='ocr_line' id='line_1_118' title="bbox 2013 5541 3668 5613; baseline -0.005 -10"><span class='ocrx_word' id='word_1_826' title='bbox 2013 5547 2240 5603; x_wconf 82' lang='lat' dir='ltr'>dicens:</span> <span class='ocrx_word' id='word_1_827' title='bbox 2271 5547 2464 5612; x_wconf 88' lang='lat' dir='ltr'>Orate,</span> <span class='ocrx_word' id='word_1_828' title='bbox 2482 5542 2690 5599; x_wconf 84' lang='lat' dir='ltr'>fratres</span> <span class='ocrx_word' id='word_1_829' title='bbox 2718 5541 3074 5609; x_wconf 87' lang='lat' dir='ltr'>charissimi,</span> <span class='ocrx_word' id='word_1_830' title='bbox 3107 5557 3211 5613; x_wconf 92' lang='lat' dir='ltr'>pro</span> <span class='ocrx_word' id='word_1_831' title='bbox 3244 5556 3357 5609; x_wconf 90' lang='lat' dir='ltr'>me,</span> <span class='ocrx_word' id='word_1_832' title='bbox 3388 5543 3450 5595; x_wconf 89' lang='lat' dir='ltr'>ut</span> <span class='ocrx_word' id='word_1_833' title='bbox 3471 5555 3668 5596; x_wconf 89' lang='lat' dir='ltr'>meum</span> 
     </span>
    </p>
   </div>
  </div>
