3982 6172
258 260 263 266 λ
340 232 471 292 935

1544 230 1732 291 S/EC.
1780 230 1859 290 XI
1904 229 2217 293 MONUM.
2265 228 2583 290 LITURG.

3658 232 3791 293 936

346 378 411 418 ac
438 366 703 417 vestrum
735 361 1091 416 sacrificium
1151 367 1453 433 acceptum
1494 360 1570 416 sit
1598 361 1657 415 in
1688 364 2004 435 conspectu
2034 364 2087 430 Α
2119 359 2233 414 Pax
2263 358 2494 414 Domini
2527 358 2602 414 sit
2632 374 2866 431 semper
2894 357 3219 415 vobiscum.
3253 360 3324 415 Et
3383 377 3519 417 cum
3576 367 3793 436 Agnus

350 448 603 510 Domini.

418 542 483 595 Et
514 539 603 593 illi
622 539 1010 609 respondeant:
1037 536 1331 608 Suscipiat
1352 536 1636 593 Dominus
1649 536 2002 593 sacriﬁcium

349 630 419 684 dc
452 628 725 683 manibus
754 627 871 681 tuis
932 629 1002 681 ad
1037 625 1270 681 laudem
1331 630 1385 680 et
1444 625 1690 699 gloriam
1747 626 2004 681 nominis

348 718 463 784 sui,
495 717 564 773 ad
599 714 910 771 utilitatem
964 731 1196 786 quoque
1253 718 1584 769 nostrarum
1648 715 2000 782 animarum,

350 806 647 877 totiusque
676 803 944 859 Ecclesia:
975 821 1093 857 suae
1126 806 1358 858 sanctae.

422 897 483 950 In
513 894 810 949 Nativitate
833 894 1052 947 Domini
1077 893 1329 963 przrfatio
1354 910 1371 946 :
1403 891 1658 963 Dignum
1690 898 1747 947 et
1769 892 2004 963 justum

348 988 458 1050 est,
493 1000 725 1055 aequum
761 987 817 1037 et
848 981 1124 1045 salutare,
1159 996 1330 1051 usque
1359 985 1572 1036 azterne
1604 986 1775 1035 Deus.

421 1074 508 1127 Sic
534 1074 593 1127 in.
621 1070 1045 1143 prwfationibus
1072 1069 1545 1138 Quadragcsimae,
1579 1070 2007 1125 Itesurrcctionis

350 1167 397 1217 et
432 1164 782 1217 Pentecostes.
1019 1165 1022 1168 ’

418 1252 690 1322 Praefatio
713 1254 1073 1304 Inormorum.
1112 1248 1216 1301 Per
1245 1264 1420 1319 quem
1454 1247 1617 1303 salus
1650 1249 1878 1319 mundi,
1904 1266 2008 1320 per

348 1357 520 1412 quem
541 1340 659 1394 vita
690 1337 1004 1403 luminum,
1043 1352 1144 1408 per
1173 1352 1348 1408 quem
1373 1336 1720 1391 resurrectio
1746 1343 2003 1392 mortuo-

349 1446 508 1484 rum:
536 1445 635 1500 per
655 1424 1568 1499 ipsumte,Domine,suppliciter
1595 1425 2005 1497 deprecamur,

351 1522 416 1572 ut
446 1518 653 1573 animae
689 1516 889 1571 famuli
912 1516 993 1570 tui
1022 1514 1407 1569 etanimabus
1432 1513 1788 1569 famulorum
1818 1514 2007 1569 famu-

352 1606 661 1677 larumque
692 1611 929 1660 tuarum
995 1603 1419 1675 indulgentiam
1478 1602 1691 1675 largire
1749 1602 2005 1674 digneris

354 1701 719 1766 perpetuam,
762 1697 939 1764 atque
980 1710 1008 1746 a
1045 1692 1331 1765 contagiis
1382 1691 1754 1746 mortalitatis
1803 1696 2008 1747 exutas

355 1783 413 1836 in
448 1787 675 1837 (eterna:
708 1780 1045 1836 salvationis
1085 1785 1309 1852 partem
1344 1780 1639 1835 restituas.
1677 1779 1783 1835 Per
1811 1797 2006 1852 quem.

430 1872 550 1924 Alia
577 1871 857 1941 prcrfatio.
912 1869 1159 1941 Dignum
1194 1870 1496 1939 ctjustum
1530 1873 1638 1936 est,
1690 1885 1923 1940 acquum
1954 1873 2012 1924 et

356 1958 631 2015 salutare.
665 1957 772 2022 Qui
796 1958 963 2013 nobis
998 1960 1060 2012 in
1093 1957 1342 2024 Christo,
1377 1957 1675 2030 unigenito
1708 1957 1849 2013 Filio
1882 1962 2006 2025 tuo,

356 2048 604 2103 Domino
637 2052 858 2116 nostro,
886 2063 1047 2118 spero
1084 2048 1263 2102 beata:
1294 2047 1737 2102 resurrectionis
1773 2063 2006 2103 conces-

353 2138 503 2199 sisti,
538 2142 769 2209 praesta,
798 2140 1241 2207 qumsumus,ut
1270 2136 1499 2202 animae,
1526 2153 1629 2208 pro
1663 2136 1879 2208 quibus
1900 2136 2008 2192 hoc

352 2225 701 2281 sacrificium
739 2224 1154 2296 redemptionis
1187 2229 1397 2280 nostra)
1428 2230 1542 2280 tuae
1564 2225 1864 2281 offerimus
1883 2243 2005 2281 ma-

343 2314 565 2385 jestati,
588 2315 661 2369 ad
685 2314 863 2368 beatze
887 2314 1331 2369 resurrectionis
1354 2314 1608 2386 quietem
1642 2319 1691 2370 te
1722 2315 2005 2371 miseran-

348 2409 403 2458 te
434 2420 567 2457 cum
608 2402 825 2457 sanctis
854 2401 971 2457 tuis
1004 2401 1300 2473 pervenire
1332 2407 1682 2459 mereantur.
1720 2403 1825 2459 Per
1845 2421 2009 2459 eum-

350 2493 481 2546 dem
514 2490 810 2546 Christum
848 2492 1155 2545 Dominum
1191 2496 1478 2546 nostrum.
1516 2492 1619 2547 Per
1646 2510 1845 2564 quem.

421 2582 545 2635 Alia
574 2582 850 2651 praefatio.
889 2578 1137 2651 Dignum
1172 2583 1229 2634 et
1251 2581 1491 2651 justum
1544 2585 1651 2649 est,
1689 2598 1917 2654 aequum
1951 2588 2007 2637 et

349 2669 622 2724 salutare.
660 2668 763 2734 Qui
798 2686 859 2723 cs
893 2668 1020 2723 fons
1048 2668 1196 2735 vitae,
1232 2669 1392 2741 origo
1424 2669 1689 2738 luminis,
1721 2675 1778 2725 et
1807 2677 2007 2727 auctor

350 2759 529 2812 totius
551 2757 851 2821 bonitatis,
870 2758 1038 2828 cujus
1061 2758 1485 2829 omnipotentia
1511 2758 1875 2830 deprecanda
1893 2764 2001 2826 est,

352 2846 751 2901 misericordia
773 2846 1091 2909 adoranda,
1108 2845 1293 2916 pietas
1310 2845 1717 2918 implectenda,
1736 2848 2003 2919 majesta-

348 2940 464 2989 tetu
502 2939 661 2989 tuam
694 2933 907 2989 humili
944 2937 1040 2989 tuo
1074 2951 1256 3003 servo,
1290 2938 1346 2989 et
1375 2935 1685 2991 animabus
1735 2937 1998 2992 omnium

352 3023 607 3077 ﬁdelium
640 3022 1125 3089 Christianorum,
1162 3022 1553 3079 intercedente
1584 3024 1756 3080 beata
1786 3029 1842 3080 et
1871 3025 1998 3097 glo-

2116 447 2238 503 Dei.
2273 448 2421 518 (ter.)

2189 538 2329 592 Cum
2361 552 2553 606 corpus
2584 537 2644 590 in
2690 538 3014 607 sanguinem
3070 538 3261 604 mittit,
3320 537 3463 593 dicat
3518 541 3773 598 sacerdos

2114 627 2417 680 orationem
2460 642 2471 678 :
2510 625 2635 679 Fiat
2665 624 2787 679 haec
2818 624 3176 680 consecratio
3209 630 3265 681 et
3288 627 3616 683 commistio
3644 646 3774 686 cor-

2117 713 2275 786 poris
2305 719 2362 768 et
2391 713 2699 785 sanguinis
2722 713 2956 768 Domini
2988 714 3170 768 nostri
3190 713 3328 770 Jesu
3352 714 3565 772 Christi
3587 718 3778 773 omni-

2117 802 2227 856 bus
2254 802 2678 873 accipientibus
2729 803 2897 858 nobis
2928 804 3090 858 salus
3122 802 3180 857 in
3235 804 3416 859 vitam
3465 810 3767 864 (sternam.

2116 892 2320 945 Amen.

2187 978 2389 1033 Deinde
2403 980 2679 1034 osculetur
2694 980 2886 1045 altare,
2919 987 2970 1034 et
2994 979 3140 1034 dicat
3169 981 3508 1036 orationem:
3539 982 3788 1040 Domine

2114 1066 2145 1121 J
2153 1083 2254 1121 esu
2274 1066 2524 1132 Christe,
2542 1069 2641 1139 qui
2663 1067 2862 1122 dixisti
2878 1068 3159 1140 apostolis
3182 1069 3322 1135 tuis,
3350 1069 3556 1125 Pacem
3582 1084 3781 1127 meam

2116 1155 2187 1210 do
2218 1155 2402 1223 vobis,
2434 1172 2503 1210 ne
2531 1156 2812 1227 respicias
2836 1161 3071 1228 peccata
3101 1172 3251 1223 mea,
3279 1157 3378 1213 sed
3404 1158 3780 1217 devotionem

2118 1244 2410 1316 ﬁdemque
2424 1244 2692 1300 Ecclesiae
2713 1250 2846 1311 tuae,
2874 1261 3119 1317 eamque
3149 1246 3477 1301 secundum
3503 1246 3774 1304 volunta-

2120 1337 2235 1387 tem
2271 1336 2433 1387 tuam
2469 1334 2779 1405 puriﬁcare
2821 1338 2876 1389 et
2925 1334 3185 1389 adunare
3234 1334 3513 1407 digneris.
3548 1336 3656 1399 Qui
3685 1337 3781 1391 vi-

2120 1421 2223 1476 sis.

2188 1510 2393 1564 Deinde
2417 1511 2591 1581 faciat
2616 1527 2829 1582 pacem,
2889 1510 3156 1566 dicendo:
3202 1511 3418 1567 Habete
3473 1511 3781 1570 vinculum

2119 1597 2425 1654 charitatis
2451 1604 2509 1653 et
2532 1599 2715 1671 pacis,
2740 1605 2803 1654 ut
2833 1601 2952 1672 apti
2984 1600 3113 1656 sitis
3144 1601 3533 1657 sacrosanctis
3564 1608 3783 1674 myste-

2122 1687 2246 1754 riis,
2278 1693 2335 1742 et
2379 1705 2491 1759 pax
2533 1686 2749 1743 Christi
2784 1687 3050 1744 Ecclesiae
3113 1705 3345 1761 semper
3402 1690 3661 1746 abundet
3716 1691 3778 1748 in

2128 1775 2402 1831 cordibus
2430 1780 2658 1833 vestris.

2190 1867 2489 1935 Antequam
2517 1867 2751 1938 accipiat
2793 1882 2986 1938 corpus
3030 1875 3082 1922 et
3139 1870 3488 1937 sanguinem,
3548 1869 3783 1924 inclinet

2117 1968 2175 2008 se
2201 1953 2445 2009 sacerdos
2474 1963 2602 2009 ante
2631 1954 2831 2025 altare,
2883 1958 2929 2010 et
2963 1956 3402 2027 lacrymabiliter
3448 1957 3592 2012 dicat
3638 1957 3784 2013 hanc

2117 2045 2420 2097 orationem
2445 2058 2458 2099 :
2491 2043 2734 2099 Domine
2760 2048 2960 2099 sancte
2987 2044 3174 2115 Pater,
3208 2046 3579 2117 omnipotens
3600 2046 3782 2117 Deus,

2118 2130 2193 2187 da
2216 2131 2356 2186 mihi
2376 2131 2484 2187 hoc
2501 2149 2713 2205 corpus
2735 2136 2791 2187 et
2808 2132 3155 2204 sanguinem
3178 2133 3409 2189 Domini
3432 2134 3615 2189 nostri
3636 2135 3780 2190 Jesu

2116 2219 2333 2275 Christi
2359 2221 2442 2275 ita
2472 2237 2724 2288 sumere,
2760 2226 2823 2276 ut
2856 2238 3080 2277 merear
3104 2238 3206 2293 per
3227 2221 3333 2277 hoc
3368 2224 3779 2280 remissionem

2118 2313 2489 2380 peccatorum
2521 2308 2802 2381 accipere,
2836 2314 2892 2365 et
2923 2313 3021 2365 tuo
3054 2314 3255 2365 sancto
3285 2309 3505 2382 Spiritu
3539 2310 3774 2383 repleri,

2116 2399 2255 2469 quia
2287 2402 2351 2453 tu
2383 2415 2446 2453 es
2476 2403 2650 2468 Deus,
2692 2403 2748 2453 et
2778 2402 2988 2470 praeter
3021 2403 3075 2455 te
3107 2415 3220 2454 non
3253 2405 3343 2455 est
3398 2398 3569 2465 alius,
3603 2401 3776 2471 cujus

2117 2485 2442 2560 gloriosum
2477 2504 2687 2542 nomen
2720 2491 3024 2559 permanet
3053 2488 3113 2543 in
3144 2487 3358 2544 saecula
3398 2486 3776 2547 surculorum.

2116 2578 2321 2631 Amen.

2184 2666 2307 2720 Alia
2337 2667 2528 2720 oratio.
2566 2665 2807 2735 Domine
2851 2666 2990 2721 Jesu
3023 2664 3269 2735 Christe,
3333 2666 3436 2721 Fili
3489 2667 3585 2723 Dei
3636 2668 3776 2736 vivi,

2115 2758 2316 2824 pastor
2345 2755 2512 2823 bone,
2547 2754 2969 2828 gloriosissime
2998 2756 3263 2811 conditor
3295 2757 3522 2823 mundi,
3570 2757 3673 2828 qui
3702 2774 3774 2813 ex

2110 2841 2407 2899 voluntate
2436 2843 2644 2913 Patris,
2696 2849 3041 2917 cooperante
3102 2844 3324 2917 Spiritu
3382 2849 3604 2913 sancto,
3667 2863 3775 2919 per

2112 2934 2358 2986 mortem
2392 2937 2554 2987 tuam
2584 2933 2884 2990 viviﬁcasti
2940 2935 3249 3003 mundum,
3283 2934 3463 2991 libera
3517 2951 3608 2992 me
3660 2952 3768 3007 per

2110 3019 2221 3075 hoc
2251 3026 2701 3077 sacrosanctum
2760 3039 2972 3095 corpus
3018 3029 3075 3079 et
3130 3023 3478 3097 sanguinem
3533 3029 3704 3079 tuum
3734 3042 3772 3080 a

348 3112 503 3167 riosa
536 3113 628 3166 Dei
656 3112 932 3185 genitrire
958 3112 1139 3167 Maria
1160 3129 1295 3167 cum
1315 3113 1591 3168 omnibus
1619 3113 1837 3169 sanctis
1860 3113 1999 3181 tuis,
2034 3097 2076 3164 ί]
2115 3110 2342 3165 cunctis
2374 3109 2807 3182 iniquitatibus,
2839 3117 2896 3167 et
2929 3112 3214 3168 universis
3273 3112 3442 3168 malis
3502 3112 3669 3180 meis,
3713 3117 3774 3169 et

349 3201 751 3257 remissionem
788 3201 1052 3256 omnium
1082 3201 1309 3257 tribuas
1331 3205 1719 3273 peccatorum,
1745 3207 1801 3257 et
1831 3204 1902 3258 ad
1927 3203 2004 3258 vi-

348 3296 463 3344 tam
500 3290 786 3361 perducas
819 3289 1060 3345 feliciter
1091 3289 1528 3362 sempiternam.
1564 3295 1672 3347 Per
1705 3291 2002 3348 Christum

348 3378 658 3433 Dominum
690 3384 979 3434 nostrum.
1016 3379 1121 3434 Per
1152 3395 1346 3450 quem.

422 3469 721 3536 Antequam
751 3468 895 3522 dicat
925 3468 1001 3521 'l‘e
1034 3467 1232 3539 igitur,
1281 3467 1427 3524 dicat
1457 3487 1474 3522 :
1505 3469 1698 3541 Aperi,
1742 3469 2001 3537 Domine,

346 3571 411 3607 os
444 3571 638 3609 meum
664 3555 733 3609 ad
769 3555 1233 3609 benedicendum
1270 3573 1480 3612 nomen
1509 3558 1678 3611 tuum
1702 3562 1999 3625 sanctum,

348 3642 682 3713 mundaque
706 3659 805 3697 cor
825 3659 1018 3699 meum
1043 3644 1113 3697 ab
1136 3644 1410 3700 omnibus
1433 3646 1607 3700 variis
1637 3650 1696 3701 et
1716 3646 2004 3718 nequissi-

346 3730 459 3784 mis
491 3729 964 3801 cogitationibus,
998 3736 1061 3786 ut
1103 3732 1362 3787 exaudiri
1413 3750 1640 3789 merear
1682 3735 2001 3808 deprecans

344 3835 447 3891 pro
479 3818 693 3890 populo
726 3823 849 3887 tuo,
885 3836 1060 3892 quem
1088 3819 1313 3894 elegisti
1358 3822 1484 3891 tibi,
1541 3828 1853 3895 prmstante
1884 3824 2001 3881 Do-

346 3906 503 3961 mino
539 3912 735 3964 nostro
767 3908 907 3965 Jesu
939 3908 1186 3965 Christo.
1223 3908 1489 3973 Quicum
1524 3911 1710 3969 Patre.

414 3997 490 4052 ’l‘e
521 3996 719 4069 igitur,
753 4006 803 4055 et
834 4002 1029 4054 cmtera
1081 3999 1245 4070 hujus
1275 4001 1563 4071 orationis,
1614 4011 1672 4058 ut
1712 4004 1773 4058 in
1819 4003 1996 4060 editis.

341 4086 437 4140 llic
463 4086 614 4142 debet
656 4088 903 4143 sacerdos
960 4088 1239 4143 recordari
1292 4091 1522 4145 nomina
1574 4092 1844 4147 vivorum.
1880 4093 1999 4147 Me-

344 4178 558 4240 mento,
589 4174 845 4243 Domine,
871 4181 977 4231 etc.
1000 4193 1170 4248 nsque
1191 4176 1260 4231 ad
1284 4177 1487 4232 Libera
1501 4194 1996 4251 nos,quassumus,

342 4262 604 4317 Domine.
660 4266 723 4317 In
780 4267 1241 4320 communicantes
1294 4266 1516 4321 additur
1566 4271 1686 4338 post
1732 4268 1999 4325 Damiani

340 4366 530 4404 nomen
564 4350 762 4416 Blasii,
796 4360 846 4406 et
877 4354 933 4405 in
968 4352 1145 4408 Nobis
1177 4370 1407 4425 quoque
1440 4356 1862 4425 peccatoribus,
1882 4362 1997 4429 post

340 4437 649 4493 Anastasia
680 4438 904 4493 additur
935 4439 1312 4495 Scholastica.

416 4525 618 4580 Libera
641 4542 1136 4598 nos,qua:sumus,
1155 4528 1500 4595 Domine,ab
1519 4531 1794 4588 omnibus
1819 4533 1988 4590 malis

342 4612 1058 4686 prmt0ritis,prmsentibus
1081 4622 1136 4670 ct
1162 4616 1391 4684 futuris,
1417 4624 1470 4672 et
1493 4617 1987 4678 intercedentibus

342 4718 442 4773 pro
460 4701 626 4756 nobis
642 4703 808 4758 beata
821 4702 1141 4776 etgloriosa
1163 4722 1431 4778 semperq
1443 4723 1511 4762 ue
1522 4706 1759 4781 Virgine
1783 4709 1982 4779 Maria,

337 4795 395 4845 et
432 4790 632 4846 electis
677 4791 1044 4864 archangelis
1075 4794 1191 4849 tuis
1223 4794 1522 4864 Michaele,
1554 4796 1838 4865 Gabriele,
1873 4799 1983 4854 Ra-

337 4877 562 4950 phaele,
578 4879 863 4953 beatoque
887 4881 1109 4936 Joanne
1124 4882 1402 4954 Baptista.
1427 4888 1484 4939 et
1506 4885 1688 4940 beatis
1706 4886 1987 4958 apostolis

338 4967 456 5022 tuis
486 4968 653 5024 Petro
680 4972 737 5024 et
766 4968 966 5031 Paulo,
1001 4974 1173 5042 atque
1198 4971 1446 5035 Andrea,
1476 4977 1533 5027 et
1571 4976 1818 5041 Joanne,
1852 4991 1984 5030 san-

339 5061 545 5127 ctoque
574 5055 921 5129 Apollinare,
955 5063 1011 5113 et
1045 5059 1375 5128 Laurentio,
1426 5066 1483 5116 et
1511 5061 1820 5118 Benedicto
1852 5080 1985 5119 cum

339 5144 615 5199 omnibus
645 5146 866 5201 sanctis
899 5147 1014 5202 tuis
1040 5164 1052 5201 :
1087 5150 1181 5202 llic
1199 5150 1381 5219 signat
1408 5165 1464 5204 se
1492 5165 1617 5204 cum
1641 5159 1878 5222 patena:
1913 5152 1989 5208 da

338 5232 628 5301 propitius
650 5250 854 5305 pacem
872 5234 930 5291 in
954 5236 1159 5291 diebus
1172 5236 1417 5303 nostris;
1447 5240 1509 5291 ut
1529 5253 1635 5308 ope
1660 5239 1985 5296 misericor-

338 5316 448 5372 diae
474 5324 588 5375 tum
618 5322 801 5393 adjuti
835 5329 891 5379 et
922 5341 955 5379 a
986 5330 1217 5395 peccato
1242 5325 1430 5380 simus
1461 5341 1693 5397 semper
1721 5324 1909 5395 liberi,
1932 5334 1990 5385 et

339 5404 412 5457 ab
426 5405 583 5459 omni
600 5410 1032 5477 perturbatione
1053 5429 1184 5469 secu
1196 5411 1375 5467 ri.Per
1390 5411 1706 5468 Dominum
1720 5419 1988 5472 nostrum

337 5489 789 5558 Jesum,etc.Per
811 5501 1007 5555 omnia
1041 5499 1252 5557 sarcula
1274 5498 1642 5556 saeculorum.
1678 5503 1736 5571 ἢ.
1783 5509 1983 5561 Amen.

2116 3198 2203 3253 fac
2239 3215 2332 3253 me
2364 3199 2482 3254 tuis
2514 3200 2732 3255 sanctis
2762 3201 2999 3261 obedire
3042 3201 3356 3269 mandatis,
3382 3207 3440 3257 et
3464 3219 3498 3257 a
3532 3210 3583 3257 te
3620 3219 3770 3257 nun-

2116 3303 2294 3359 quam
2318 3287 2376 3342 in
2396 3293 2743 3360 perpetuum
2766 3289 3071 3362 permittas
3098 3291 3381 3364 separari,
3410 3290 3777 3364 etperceptio

2113 3376 2199 3430 tui
2225 3377 2484 3449 corporis
2517 3381 2572 3433 et
2617 3377 2946 3451 sanguinis,
3006 3395 3139 3451 qua;
3168 3379 3478 3453 -indignus
3536 3395 3775 3437 sumere

2114 3481 2548 3536 praesumomon
2573 3467 2720 3522 mihi
2742 3466 2937 3523 veniat
2955 3467 3015 3523 in
3026 3468 3319 3540 judicium
3346 3475 3401 3524 et
3421 3470 3777 3526 condemna-

2114 3553 2465 3621 tionem,sed
2489 3573 2592 3628 pro
2619 3562 2722 3612 tua
2741 3557 2957 3629 pietate
2976 3558 3162 3630 prosit
3191 3558 3335 3613 mihi
3367 3560 3437 3615 ad
3471 3562 3772 3615 tutamen-

2112 3646 2239 3697 tum
2300 3644 2514 3700 mentis
2545 3649 2601 3700 et
2631 3646 2890 3718 corporis
2922 3663 3025 3719 per
3060 3651 3138 3715 te,
3170 3647 3311 3703 Jesu
3368 3647 3614 3717 Christe,
3664 3648 3775 3721 qui

2113 3748 2246 3787 cum
2279 3732 2445 3789 Patre
2471 3737 2528 3788 et
2558 3734 2775 3806 Spiritu
2804 3738 3011 3792 sancto
3043 3736 3190 3793 vivis
3221 3741 3277 3793 et
3306 3754 3513 3811 regnas
3565 3738 3625 3792 in
3657 3754 3775 3795 sa-

2111 3819 2247 3877 cula
2276 3821 2647 3879 saeculorum.
2681 3825 2886 3879 Amen.

2187 3911 2333 3965 Tunc
2360 3911 2611 3967 sacerdos
2639 3912 2785 3968 dicat
2815 3915 2991 3970 tribus
3028 3916 3237 3971 vicibus
3266 3933 3285 3970 :
3330 3915 3595 3985 Domine,
3647 3932 3769 3973 non

2112 4014 2245 4053 sum
2277 3998 2516 4072 digmus
2545 4005 2612 4055 ut
2640 4001 2823 4059 intres
2855 4005 2964 4058 sub
2993 4007 3210 4060 tectum
3242 4022 3462 4061 meum.

2180 4089 2371 4144 Postea
2400 4090 2547 4145 dicat
2575 4091 2749 4146 tribus
2780 4094 2986 4148 vicibus
3015 4113 3033 4149 :
3061 4093 3283 4167 Corpus
3318 4095 3542 4151 Domini
3577 4096 3765 4152 nostri

2108 4176 2140 4232 J
2146 4193 2248 4233 esu
2262 4177 2477 4233 Christi
2501 4186 2800 4237 conservet
2822 4182 3079 4238 animam
3104 4200 3294 4239 meam
3319 4185 3377 4239 in
3399 4183 3575 4240 vitam
3603 4189 3769 4241 aeter-

2110 4281 2264 4319 nam.
2302 4269 2510 4322 Amen.

2177 4354 2305 4409 Post
2333 4358 2607 4426 acceptum
2644 4372 2839 4429 corpus
2870 4362 2922 4412 et
2949 4361 3298 4429 sanguinem,
3331 4359 3401 4415 ad
3424 4360 3766 4431 perfunden-

2024 4466 2070 4530 D
2106 4441 2239 4497 dum
2267 4442 2411 4499 dicat
2439 4444 2581 4499 hanc
2608 4449 2950 4502 orationem:
3002 4447 3469 4504 Communicatio
3512 4454 3570 4505 et
3610 4465 3763 4504 con-

2102 4531 2353 4589 ﬁrmatio
2402 4534 2661 4605 corporis
2716 4540 2772 4589 et
2804 4536 3109 4609 sanguinis
3151 4537 3259 4601 tui,
3315 4537 3561 4593 Domine
3615 4537 3760 4594 Jesu

2098 4620 2345 4688 Christe,
2379 4623 2564 4693 porsit
2596 4622 2740 4677 mihi
2774 4623 2831 4677 in
2867 4624 3270 4681 remissionem
3325 4627 3592 4682 omnium
3624 4642 3762 4698 pec-

2097 4715 2360 4765 catorum
2394 4726 2681 4778 meorum,
2714 4716 2771 4766 et
2799 4716 3100 4769 conservet
3130 4731 3222 4769 me
3263 4721 3320 4770 et
3365 4715 3649 4787 perducat
3680 4715 3759 4770 ad

2094 4797 2274 4853 vitam
2305 4803 2604 4853 aeternam.
2637 4801 2845 4856 Amen.

2168 4886 2248 4941 Ad
2276 4885 2652 4957 replicandum
2680 4890 2958 4960 corporale
2985 4895 3035 4946 et
3083 4891 3474 4963 reponendum.
3524 4889 3755 4962 Corpus

2096 4978 2287 5042 tuum,
2318 4974 2582 5046 Domine,
2615 4977 2769 5047 quod
2792 4978 3041 5050 sumpsi,
3066 4987 3123 5035 et
3141 4980 3309 5047 calix,
3338 4996 3514 5052 quem
3536 4978 3758 5052 potavi,

2098 5064 2430 5119 adhaereant
2458 5080 2690 5136 semper
2718 5066 3038 5124 visceribus
3067 5069 3234 5138 meis,
3267 5073 3333 5124 ut
3362 5068 3419 5124 in
3481 5084 3574 5123 me
3632 5083 3757 5122 non

2097 5156 2397 5208 remaneat
2426 5152 2548 5208 ulla
2578 5154 2827 5221 macula,
2860 5154 2918 5210 in
2952 5172 3127 5227 quem
3154 5174 3303 5229 pura
3333 5161 3390 5212 et
3420 5159 3631 5213 sancta
3658 5156 3757 5211 in-

2096 5242 2384 5296 troierunt
2414 5247 2802 5298 sacramenta.

2168 5331 2352 5385 Finita
2378 5332 2546 5386 missa
2573 5330 2709 5386 dicit
2736 5333 2984 5390 sacerdos
3028 5335 3193 5390 istam
3249 5336 3552 5392 orationem
3570 5351 3589 5389 :
3618 5332 3757 5389 Pla-

2098 5422 2225 5474 ceat
2244 5418 2369 5486 tibi,
2387 5423 2589 5474 sancta
2605 5419 3239 5494 Trinitas,obsequium
3263 5422 3560 5480 servitutis
3586 5437 3756 5488 mea,

2098 5507 2253 5579 quod
2284 5506 2467 5563 oculis
2498 5512 2608 5563 tua:
2641 5508 2970 5579 majestatis
3000 5508 3278 5585 indignus
3301 5509 3522 5567 obtuli:
3548 5508 3626 5567 sit
3645 5508 3765 5565 tibi
