3982 6172
154 294 268 357 937

962 289 1353 356 EXCERPT.
1398 292 1501 358 EX
1546 294 1776 360 CODD.
1822 296 2137 363 LITURG.
2170 300 2769 367 FONTAVELLAN.

3451 299 3575 371 938

151 420 411 498 placens,
430 424 695 498 mihique
713 427 769 480 et
790 425 1064 481 omnibus
1082 443 1185 499 pro
1200 427 1416 499 quibus
1433 428 1577 485 illud
1600 430 1808 501 obtuli,
1837 444 1892 510 Α
1922 432 2150 489 minum
2167 438 2222 490 et
2235 437 2685 507 contirmamini,
2701 436 2940 509 quaerite
2953 433 3155 491 faciem
3171 433 3300 506 ejus
3317 448 3568 508 semper

147 515 227 583 sit
254 518 309 570 te
338 514 651 571 miserante
682 512 1071 586 propitiabile.

215 605 402 659 Finita
455 604 624 658 missa
678 603 813 658 dicit
877 602 1167 659 sacerdos:
1221 605 1441 661 Meritis
1517 611 1574 661 et
1626 606 1800 663 inter-

1912 522 2062 577 Psal.
2097 523 2465 581 Conﬁtemini
2497 525 2743 581 Domino
2773 529 2830 581 et
2859 525 3141 580 invocata.
3177 522 3384 580 Oratio.
3415 527 3569 580 Deus

1912 611 2013 681 qui
2045 628 2149 683 per
2179 615 2526 669 coaeternam
2558 614 2664 669 tibi
2695 613 3064 688 sapientiam,
3086 612 3408 684 hominem,
3431 627 3571 673 cum

140 691 505 748 cessionibus
534 689 782 747 istorum
833 690 1180 748 misereatur
1211 693 1394 749 nostri
1428 695 1801 768 omnipotens
1911 715 2025 754 non
2065 705 2241 768 esset,
2294 702 2605 768 condidisti
2661 702 3071 775 perditumque
3109 690 3568 761 misericorditer

137 780 314 840 Deus.

210 869 347 925 Cum
383 870 541 926 exuit
588 884 645 925 se
690 867 960 934 sacerdos,
991 868 1139 925 dicat
1182 869 1276 926 hos
1300 871 1578 942 psalmos:
1611 872 1795 929 Bene-

133 958 332 1027 dicite,
364 957 698 1019 sacerdotes
738 957 992 1024 Domini,
1026 958 1364 1014 Dominum.
1398 961 1652 1017 Laudato
1682 961 1795 1017 Do-

133 1046 367 1103 minum
389 1046 448 1101 in
471 1045 690 1102 sanctis
706 1046 852 1118 ejus.
880 1046 1045 1117 Kj'rie
1068 1046 1307 1113 eleison,
1330 1048 1575 1117 Christe,
1600 1051 1788 1122 Kyrie.

1908 788 2258 857 rcformasti,
2305 796 2535 862 praesta,
2591 808 2949 864 quaesumus,
3004 793 3069 846 ut
3096 791 3299 847 eadem
3330 792 3566 864 pectora

1906 881 2106 932 nostra
2139 877 2459 950 inspirante
2489 884 2547 935 te
2576 884 2698 936 tota
2754 884 2948 936 mente
2998 896 3289 948 amemus,
3319 883 3377 935 et
3403 879 3475 935 ad
3506 883 3563 936 te

1906 968 2025 1021 toto
2076 968 2249 1021 corde
2306 984 2635 1024 curramus.
2688 969 2813 1025 Per.
2864 968 3055 1025 Lectio
3102 958 3360 1041 epistola:
3406 966 3563 1027 beati

1903 1054 2104 1110 Jacobi
2135 1055 2404 1127 apostoli.
2450 1057 2816 1124 Charissimi,
2871 1058 2922 1113 si
2953 1057 3086 1129 quis
3114 1059 3376 1112 vestrum
3405 1055 3559 1113 indi-

131 1137 305 1194 Pater
333 1140 549 1192 noster.
602 1136 669 1191 Et
716 1151 789 1190 ne
846 1153 971 1191 nos.
1026 1135 1358 1208 Capitulum.
1395 1137 1793 1194 Conliteantur
1901 1147 2016 1214 get,
2046 1146 2178 1209 etc.,
2207 1161 2375 1217 usque
2404 1144 2462 1200 in
2485 1145 2817 1202 humilitate
2846 1163 2973 1202 sua.
2998 1144 3287 1201 Graduale.
3315 1144 3559 1201 Domine

128 1226 264 1293 tibi,
297 1225 560 1292 Domine,
588 1224 785 1280 omnia
806 1241 981 1297 opera
1004 1229 1118 1281 tua.
1144 1227 1213 1281 Et
1233 1226 1418 1282 sancti
1443 1228 1525 1282 tui
1558 1228 1791 1289 benedi-

1901 1232 2187 1289 Dominus
2220 1238 2437 1300 noster,
2460 1251 2639 1307 quam
2667 1234 3009 1291 admirabile
3031 1239 3121 1291 est
3139 1250 3353 1291 nomen
3383 1237 3556 1293 tuum

129 1313 1018 1371 canttibi.Exsultabuntsancti
1041 1314 1097 1369 in
1119 1313 1322 1387 gloria.
1350 1315 1790 1373 Etlzetabuntur
1897 1319 1958 1374 in
2003 1321 2275 1377 universa
2314 1326 2489 1378 terra.
2545 1323 2831 1387 Quoniam
2880 1323 3099 1381 elevata
3148 1328 3236 1379 est
3283 1322 3556 1397 magniﬁ-

126 1405 189 1459 in
221 1402 515 1460 cubilibus
547 1402 693 1459 suis.
727 1401 1031 1458 Exsultent
1053 1404 1203 1474 justi
1235 1402 1295 1458 in
1318 1409 1632 1476 conspectu
1660 1405 1782 1462 Dei.

123 1494 198 1549 Et
222 1492 492 1549 laatentur
521 1493 579 1546 in
610 1490 830 1547 lietitia.
864 1492 1202 1548 Sacerdotes
1254 1493 1360 1559 tui,
1398 1494 1658 1561 Domine,
1693 1495 1782 1551 in-

123 1582 386 1639 duantur
404 1581 722 1652 justitiam.
757 1581 823 1635 Et
853 1580 1038 1636 sancti
1068 1584 1154 1636 tui
1176 1581 1487 1638 exsultent.
1510 1583 1777 1653 Domine,

119 1671 353 1727 exaudi.
388 1670 721 1739 Et,clamor.
747 1670 1032 1727 Dominus
1058 1670 1378 1728 vobiscum.
1405 1676 1468 1727 Et
1498 1689 1630 1727 cum
1667 1675 1781 1745 spi-

116 1760 259 1816 ritu.

196 1849 400 1905 Oratio.
438 1848 608 1912 Deus,
641 1847 739 1918 qui
793 1846 979 1902 tribus
1031 1847 1228 1920 pueris
1276 1848 1561 1921 mitigasti
1608 1850 1777 1906 llam-

117 1954 251 1994 mas
280 1936 529 2010 ignium,
563 1936 810 1991 concede
844 1935 1134 2009 propitius
1165 1953 1268 2010 per
1299 1937 1691 1994 interventum
1722 1943 1779 1994 et

117 2025 332 2082 merita
360 2024 624 2081 omnium
654 2029 990 2081 sanctorum
1017 2029 1272 2096 tuorum,
1300 2030 1367 2081 ut
1395 2043 1501 2082 nos
1528 2026 1777 2084 famulos

114 2118 255 2171 tuos
284 2130 400 2170 non
430 2118 633 2169 exurat
665 2114 901 2169 flamma
928 2113 1222 2169 vitiorum.
1256 2115 1380 2170 Per.

116 2247 292 2287 MISSA
330 2246 388 2285 IN
427 2245 704 2285 HONOBEM
744 2246 973 2285 SANCTE
1000 2246 1315 2285 TRINI’I‘ATIS
1347 2248 1438 2285 DIE
1478 2247 1772 2286 DOMINICO.

190 2327 504 2383 Benedicta
534 2326 630 2393 sit,
660 2330 794 2393 etc.,
814 2328 955 2381 utin
975 2326 1155 2381 editis.
1178 2327 1327 2382 Psal.
1353 2327 1776 2384 Benedicamus

114 2418 348 2473 Patrem
377 2418 437 2471 et
473 2413 688 2469 Filium
716 2430 852 2469 cum
884 2418 1083 2470 sancto
1114 2414 1356 2482 Spiritu.
1392 2416 1605 2472 Oratio.
1639 2417 1775 2472 Om-

115 2505 390 2576 nipotens
411 2503 762 2575 sempiterna
786 2502 959 2568 Deus,
984 2507 1093 2558 etc.
1122 2502 1410 2559 Gradualc.
1434 2506 1776 2560 Benedictus

116 2611 203 2662 es,
237 2593 505 2659 Domine,
555 2592 654 2664 qui
702 2591 948 2647 intueris
993 2592 1255 2664 abyssos,
1301 2596 1357 2647 et
1408 2595 1576 2649 sedes
1600 2610 1778 2665 super

116 2681 454 2738 Cherubim.
476 2680 805 2737 Benedicite
823 2680 1007 2735 Deum
1029 2680 1157 2736 coeli
1175 2681 1474 2747 cmlorum,
1490 2684 1629 2755 quia
1646 2684 1778 2739 fecit

120 2771 433 2827 nobiscum
453 2768 916 2825 misericordiam
938 2785 1127 2825 suam.
1152 2770 1407 2825 Alleluia.
1435 2770 1778 2827 Benedictus

118 2876 206 2925 es,
230 2857 475 2915 Domine
497 2863 648 2913 Deus
670 2862 905 2929 patrum
929 2862 1283 2929 nostrorum,
1307 2864 1364 2916 et
1382 2859 1696 2917 laudabilis
1718 2860 1777 2915 in

123 2946 360 3005 saecula.

196 3035 512 3108 Sequentia
531 3036 715 3092 sancti
736 3037 1029 3109 Evangelii
1051 3038 1375 3094 secundum
1390 3039 1701 3095 Joannem.
1717 3039 1779 3094 In

126 3125 230 3182 illo
260 3131 519 3197 tempore
562 3124 708 3180 dixit
754 3125 946 3180 Jesus.
979 3126 1123 3181 Cum
1154 3127 1377 3182 venerit
1428 3127 1781 3193 Paracletus,

124 3231 292 3287 usque
348 3231 454 3287 ego
509 3214 628 3269 dixi
680 3213 865 3269 vobis.
923 3215 1300 3286 Oﬂ‘ertoriam,
1362 3217 1667 3272 communio
1724 3220 1782 3271 et

120 3304 552 3377 poslcommunio
582 3306 640 3358 ut
660 3305 722 3358 in
751 3303 933 3359 editis.

197 3392 326 3448 Alia
352 3394 545 3447 oratio.
582 3390 826 3447 Domine
857 3391 1035 3459 Deus,
1066 3392 1236 3447 Pater
1261 3392 1655 3465 omnipotens,
1676 3408 1783 3449 nos

126 3478 384 3537 famulos
414 3484 549 3536 tuos
589 3484 700 3535 tuae
749 3479 1045 3551 maiestati
1080 3480 1377 3552 subjectos
1409 3498 1512 3552 per
1542 3480 1782 3535 unicum

128 3569 343 3625 Filium
373 3573 542 3623 tuum
565 3568 621 3622 in
646 3568 859 3624 virtute
882 3568 1069 3624 sancti
1092 3569 1345 3641 Spiritus
1372 3569 1615 3624 benedic
1640 3584 1788 3624 sem-

128 3675 235 3730 per
255 3661 312 3713 et
340 3660 597 3730 protege,
634 3661 700 3712 ut
751 3657 822 3713 ab
853 3656 1013 3713 omni
1064 3657 1229 3714 hoste
1259 3657 1446 3713 securi
1478 3658 1537 3711 in
1566 3661 1670 3713 tua
1688 3658 1785 3727 ju-

129 3747 284 3819 giter
311 3745 484 3802 laude
512 3745 797 3802 laztemur.
832 3750 941 3801 Per
967 3746 1261 3803 eumdem.

206 3868 374 3909 MISSA
396 3868 578 3908 FBRIIE
603 3868 879 3908 SECUND£
909 3869 967 3906 ΙΝ
999 3868 1340 3908 SANCTORUM
1370 3867 1717 3909 ANGELORUM

836 3940 1082 3979 HONORE.

206 4029 533 4086 Benedicite
564 4029 903 4097 Dominum,
928 4034 1038 4085 etc.
1072 4031 1275 4086 Oratio.
1310 4031 1656 4103 Perpetuum
1692 4047 1793 4086 no-

130 4118 250 4184 bis,
282 4118 545 4187 Domine,
592 4123 705 4174 tua:
746 4117 1139 4173 miserationis
1182 4123 1395 4190 praesta
1436 4121 1789 4192 subsidium,

131 4206 353 4277 quibus
390 4210 447 4262 et
475 4206 737 4279 angelica
761 4205 1085 4277 praestitisti
1117 4207 1394 4278 suffragia
1424 4226 1538 4264 non
1570 4210 1790 4266 deesse.

132 4295 260 4350 Per.
295 4294 488 4349 Lectio
518 4292 653 4348 libri
703 4291 1083 4364 Apocalypsis
1129 4293 1371 4348 Joannis
1417 4296 1683 4368 apostoli.
1730 4298 1794 4353 In

134 4382 347 4437 diebus
379 4379 496 4435 illis
527 4379 674 4436 dixit
704 4378 848 4434 mihi
889 4379 1171 4453 angelus:
1206 4380 1404 4437 Scribe
1452 4384 1626 4450 beati,
1659 4388 1792 4447 etc.,

132 4485 305 4541 usque
336 4472 516 4523 Deum
540 4468 737 4523 adora.
773 4465 1064 4523 Graduale.
1100 4468 1431 4524 Benedicite
1459 4469 1793 4541 Dominum,

134 4574 341 4615 omnes
371 4555 560 4629 angeli
591 4556 740 4627 ejus,
772 4559 1039 4628 potentes
1068 4557 1298 4622 virtute,
1331 4557 1433 4628 qui
1463 4557 1650 4613 facitis
1670 4574 1793 4614 ver-

135 4650 283 4703 bum
313 4646 459 4717 ejus.
494 4645 765 4711 Benedic,
798 4645 1014 4718 anima,
1042 4661 1189 4715 mea,
1213 4645 1479 4715 Domino,
1514 4650 1571 4701 et
1601 4647 1797 4703 omnia

136 4735 421 4791 interiora
436 4750 567 4790 mea
584 4738 855 4791 sanctum
872 4751 1083 4791 nomen
1104 4736 1253 4806 ejus.
1268 4736 1526 4791 Alleluia.
1544 4736 1797 4792 Laudate

139 4821 479 4889 Dominum,
512 4839 718 4879 omnes
743 4824 931 4896 angeli
963 4826 1110 4896 ejus,
1144 4823 1377 4881 laudate
1408 4841 1564 4894 eum,
1593 4840 1797 4881 omnes

134 4912 384 4967 virtutes
414 4912 562 4983 ejus.
598 4912 915 4984 Sequentia
936 4912 1121 4968 sancti
1151 4913 1446 4986 Evangelii
1473 4914 1795 4971 secundum

137 5000 451 5056 Joannem.
485 5001 547 5055 In
583 5000 679 5056 illo
709 5006 970 5073 tempore
1002 5001 1267 5057 ascendit
1296 5002 1579 5058 Dominus
1599 5003 1799 5058 Hiero-

140 5087 632 5161 solymam,usque
652 5089 1022 5146 detinebatur
1045 5088 1401 5145 inﬁrmitate.
1428 5092 1795 5163 O/fertoriam,

137 5180 191 5232 et
219 5180 426 5233 secreta
457 5181 521 5232 ut
550 5177 612 5232 in
643 5176 836 5232 editis.
865 5177 1201 5232 Communia.
1227 5178 1570 5246 Benedicite,
1596 5197 1800 5237 omnes
1826 5182 1840 5195 '

141 5263 336 5337 angeli
369 5264 626 5332 Domini,
651 5263 987 5331 Dominum,
1015 5264 1303 5337 hymnum
1326 5265 1498 5323 dicite
1522 5272 1579 5324 et
1596 5285 1799 5341 super-

142 5351 390 5410 exaltate
420 5367 556 5409 eum
586 5351 648 5407 in
680 5351 911 5409 saecula.
941 5354 1399 5422 Postcammunio,
1429 5360 1495 5411 ut
1526 5357 1584 5411 in
1606 5357 1799 5413 editis.

662 5475 829 5515 MISSA
871 5475 942 5514 DE
982 5475 1275 5517 SAPIENTIA
1284 5501 1295 5514 .

206 5565 469 5641 ,Lietetur
497 5580 597 5621 cor
625 5564 1011 5639 quaerentium
1048 5566 1387 5642 Dominum,
1418 5570 1660 5649 quaerite
1693 5572 1803 5634 Do-

463 5690 729 5759 ΡΑτιιοι..
774 5689 922 5759 GLI.

1897 1409 2087 1465 centia
2114 1414 2217 1467 tua
2244 1428 2422 1484 super
2451 1411 2648 1484 cwlos,
2678 1414 2938 1471 Alleluia.
2970 1412 3168 1469 Lauda
3198 1410 3397 1469 anima
3424 1427 3557 1472 mea

1896 1498 2236 1568 Dominum,
2258 1501 2533 1557 Laudabo
2555 1502 2869 1558 Dominum
2893 1503 2952 1557 in
2973 1502 3091 1557 vita
3118 1518 3270 1569 mea,
3302 1498 3551 1572 psallam

1893 1587 2009 1643 Deo
2050 1605 2201 1655 meo,
2234 1590 2496 1661 quandiu
2525 1608 2642 1647 ero.
2677 1591 2993 1664 Sequentia
3023 1590 3212 1648 sancti
3253 1588 3553 1664 Evangelii

1893 1678 2219 1732 secundum
2257 1678 2564 1734 Joannem.
2622 1680 2687 1735 In
2744 1679 2843 1735 illo
2895 1684 3173 1752 tempore.
3223 1678 3551 1736 Sublevatis

1892 1764 2178 1821 Dominus
2208 1767 2403 1835 Jesus,
2467 1772 2602 1836 etc.,
2662 1785 2829 1839 usque
2874 1768 2945 1822 ad
2998 1767 3200 1824 Jesum
3228 1767 3546 1825 Christum.
3592 1780 3603 1791 ·

1891 1853 2260 1925 O/fertm'ium.
2298 1855 2624 1912 Meditabor
2674 1856 2735 1911 in
2785 1856 3078 1913 mandatis
3132 1855 3273 1923 tuis,
3300 1848 3428 1928 quas
3458 1855 3549 1911 di-

1885 1941 1995 1997 lexi
2029 1943 2229 2014 nimis,
2263 1949 2322 1999 et
2353 1943 2553 2000 levabo
2586 1962 2798 2001 manus
2829 1961 2990 2001 meas
3022 1944 3093 2001 ad
3116 1944 3395 2001 mandata
3421 1947 3545 2014 tua,

1889 2048 2015 2102 quae
2048 2032 2248 2088 dilexi.
2282 2032 2514 2089 Secreta.
2567 2033 2991 2107 Sanctiﬁcatur,
3043 2049 3405 2105 quaesumus,
3434 2032 3548 2089 Do-

1888 2119 2047 2175 mine
2079 2119 2256 2189 Deus,
2291 2119 2805 2193 hujusoblationis
2827 2139 3047 2179 munus
3070 2127 3175 2178 tua
3201 2126 3548 2196 cooperante

1886 2207 2196 2280 sapientia,
2226 2214 2292 2264 ut
2323 2209 2427 2264 tibi
2460 2209 2684 2281 placere
2714 2211 2900 2281 possit
2919 2211 2991 2266 ad
3011 2210 3269 2282 laudem,
3290 2214 3348 2267 et
3374 2209 3545 2267 nobis

1887 2291 2165 2368 prolicere
2197 2298 2269 2352 ad
2297 2297 2567 2354 salutem.
2600 2299 2726 2355 Per.
2760 2299 3100 2356 Communia.
3133 2298 3399 2367 Domine,
3427 2314 3546 2355 me-

1886 2386 2160 2442 morabor
2179 2386 2425 2456 justitiae
2458 2390 2569 2442 tua:
2601 2386 2804 2455 solius,
2828 2388 2982 2444 Deus
3001 2387 3253 2444 docuisti
3277 2403 3423 2459 mea
3439 2388 3539 2459 ju-

1883 2478 2120 2530 ventute
2151 2491 2300 2541 mea,
2334 2478 2389 2530 et
2410 2492 2596 2547 usque
2616 2476 2674 2531 in
2697 2480 2991 2532 senectam
3012 2479 3070 2533 et
3090 2475 3341 2544 senium,
3364 2480 3534 2544 Deus,

1886 2578 1957 2617 ne
2004 2560 2377 2634 derelinquas
2425 2579 2536 2619 me.
2577 2566 3036 2620 Postcommunio.
3087 2564 3332 2621 Infunde
3378 2579 3533 2636 quae-

1885 2668 2116 2716 sumus,
2164 2651 2405 2706 Domine
2458 2653 2626 2721 Deus,
2679 2669 2782 2725 per
2822 2652 2945 2708 haec
2991 2655 3376 2722 sacramenta,
3405 2644 3539 2723 qua!

1887 2740 2273 2812 sumpsimus,
2307 2744 2419 2796 tua:
2450 2740 2649 2799 lumen
2672 2740 2947 2798 cordibus
2978 2741 3193 2798 nostris
3213 2739 3534 2814 sapientiae,

1886 2832 1952 2884 ut
1975 2832 2031 2885 et
2060 2833 2117 2884 te
2168 2830 2445 2886 veraciter
2502 2846 2914 2903 agnoscamus,
2971 2834 3029 2887 et
3086 2828 3332 2887 fideliter
3380 2822 3540 2887 ame-

1887 2933 2041 2973 mus.
2074 2918 2198 2974 Per.

2244 3023 2416 3062 MISSA
2454 3024 2526 3062 DE
2562 3024 2873 3064 CHARITATE
2910 3024 3076 3063 FERIA
3117 3023 3188 3063 IV.

1962 3094 2228 3151 Charitas
2258 3095 2359 3150 Dei
2393 3095 2609 3151 diil'usa
2638 3100 2728 3151 est
2755 3095 2814 3150 in
2836 3095 3115 3151 cordibus
3146 3092 3386 3160 nostris,
3418 3091 3555 3162 alle-

1814 3172 1857 3239 C
1896 3181 2147 3255 luia,per
2163 3183 2589 3240 inhabitantem
2606 3183 2890 3256 Spiritum
2908 3183 3038 3255 ejus
3051 3183 3109 3238 in
3125 3179 3556 3261 nobis,allelui_a

1892 3270 2146 3326 alleluia.
2182 3272 2428 3328 Domine
2472 3272 2626 3328 Deus
2682 3270 2891 3329 salutis
2937 3287 3101 3328 meae.
3136 3271 3340 3325 Oratio.
3374 3269 3553 3336 Deus,

1892 3359 1993 3431 qui
2022 3358 2404 3433 diligentibus
2440 3365 2494 3416 te
2527 3361 2679 3417 bona
2707 3359 3027 3417 invisibilia
3054 3358 3420 3433 preparasti,
3460 3357 3555 3414 in-

1892 3448 2072 3504 funde
2101 3448 2379 3503 cordibus
2412 3446 2629 3504 nostris
2680 3447 2767 3503 tui
2815 3447 3034 3504 amoris
3079 3447 3373 3514 affectum,
3405 3448 3471 3500 ut
3500 3447 3556 3501 to

1894 3535 1953 3590 in
1986 3536 2263 3592 omnibus
2293 3541 2351 3592 et
2379 3553 2557 3609 super
2597 3536 2796 3592 omnia
2841 3536 3170 3611 diligentes,
3202 3532 3555 3609 promissio-

1895 3641 1999 3679 nes
2037 3629 2189 3692 tuas,
2223 3642 2350 3697 qum
2406 3643 2579 3682 omne
2610 3625 2966 3684 desiderium
3015 3627 3317 3699 superant,
3349 3637 3553 3679 conse-

1897 3728 2169 3784 quamur.
2204 3714 2396 3770 Lectio
2453 3714 2711 3787 epistola:
2767 3712 2923 3771 beati
2974 3712 3140 3770 Pauli
3200 3710 3447 3785 apostoli
3477 3710 3553 3768 ad

1896 3800 2245 3859 Corinthios.
2279 3786 2529 3872 Fratres,
2563 3803 2818 3859 charitas
2849 3802 3077 3875 patiens
3095 3804 3357 3869 est,etc.,

1899 3908 2200 3963 nunquam
2257 3891 2489 3947 excidit.
2553 3891 2849 3946 Graduale.
2908 3890 3160 3946 Laetatus
3207 3904 3340 3945 sum
3369 3887 3429 3943 in
3459 3876 3554 3957 his

1901 3997 2028 4052 quae
2068 3980 2224 4035 dicta
2279 3983 2419 4035 sunt
2466 3979 2634 4049 mihi,
2684 3978 2745 4033 in
2774 3979 3016 4034 domum
3046 3975 3280 4033 Domini
3309 3975 3552 4032 ibimus.

1903 4068 2029 4124 Fiat
2056 4086 2167 4141 pax
2210 4066 2270 4122 in
2324 4068 2538 4122 virtute
2568 4071 2689 4134 tua,
2722 4070 2781 4122 et
2812 4064 3173 4121 abundantia
3201 4063 3261 4119 in
3292 4063 3557 4147 turribus

1900 4157 2039 4213 tuis.
2071 4156 2332 4212 Alleluia.
2352 4155 2666 4221 Attendite,
2686 4153 2902 4226 popule
2922 4170 3110 4223 meus,
3132 4152 3321 4227 legem
3340 4168 3556 4222 meam,

1902 4244 2178 4301 inclinate
2204 4261 2408 4301 aurem
2440 4248 2693 4300 vestram
2717 4243 2778 4298 in
2798 4243 2978 4300 verba
2993 4242 3112 4298 oris
3136 4241 3272 4299 mei.
3296 4242 3559 4313 Sequen-

1907 4334 1985 4390 tia
2015 4334 2202 4391 sancti
2260 4333 2555 4407 Evangelii
2614 4333 2940 4389 secundum
2996 4332 3305 4391 Joannem.
3363 4329 3429 4388 In
3459 4328 3559 4387 illo

1904 4426 2183 4494 tempore,
2216 4423 2364 4478 dixit
2392 4422 2564 4478 Jesus
2595 4420 2903 4495 discipulis
2924 4419 3086 4478 suis:
3122 4419 3333 4488 Filioli,
3367 4418 3560 4477 adhuc

1823 4531 1872 4594 D
1906 4510 2225 4579 modicum,
2258 4514 2392 4575 etc.,
2425 4527 2595 4585 usque
2623 4511 2695 4567 ad
2748 4509 3019 4567 invicem.
3053 4508 3419 4582 Offertorium.
3454 4507 3560 4566 Be-

1904 4597 2170 4654 nedictus
2202 4615 2284 4665 es,
2318 4599 2581 4667 Domine,
2614 4600 2756 4656 doce
2802 4615 2897 4655 me
2919 4597 3372 4671 justiﬁcationes
3399 4600 3557 4666 tuas,

1903 4684 1963 4741 in
1986 4684 2157 4741 labiis
2183 4686 2330 4742 meis
2360 4687 2749 4759 pronuntiavi.
2773 4687 3006 4743 Secreta.
3033 4685 3189 4743 Deus
3229 4684 3331 4757 qui
3352 4700 3459 4741 nos
3482 4683 3557 4740 ad

1906 4773 2223 4847 imaginem
2253 4778 2417 4829 tuam
2448 4774 2829 4831 sacramentis
2880 4789 3115 4831 revocas
3144 4776 3203 4829 et
3230 4769 3556 4845 preceptis,

1907 4862 2117 4934 perﬁce
2146 4878 2384 4935 gressus
2415 4867 2643 4919 nostros
2674 4864 2733 4919 in
2760 4862 2988 4919 semitis
3008 4861 3150 4927 tuis,
3172 4864 3240 4916 ut
3259 4856 3560 4916 charitatis

1907 4952 2151 5018 donum,
2187 4966 2365 5023 quam
2396 4950 2581 5007 fecisti
2613 4968 2648 5006 a
2670 4951 2840 5006 nobis
2870 4948 3120 5024 operari,
3149 4964 3252 5022 per
3279 4947 3401 5004 haec
3430 4936 3560 5027 qui}:

1909 5039 2209 5095 oﬂ‘erimus
2242 5038 2549 5105 sacriﬁcia,
2603 5038 2885 5094 veraciter
2942 5036 3123 5093 facias
3179 5034 3561 5117 apprehendi.

1909 5128 2034 5183 Per.
2070 5127 2407 5184 Communia.
2442 5125 2705 5194 Domine,
2756 5124 3127 5181 memorabor
3160 5122 3411 5197 justitim
3452 5127 3566 5192 tua

1910 5216 2095 5272 solius
2119 5234 2132 5285 ;
2167 5215 2342 5285 Deus,
2375 5213 2625 5271 docuisti
2649 5231 2740 5271 me
2762 5214 3115 5286 ajuventute
3130 5229 3280 5282 mea,
3305 5215 3363 5269 et
3383 5200 3570 5296 usque

1910 5305 1969 5360 in
1992 5308 2286 5361 senectam
2308 5308 2366 5361 et
2391 5303 2640 5371 senium,
2666 5303 2841 5372 Deus,
2870 5318 2942 5359 ne
2965 5303 3340 5375 derelinquas
3359 5318 3474 5358 me.
3492 5299 3576 5359 Ad

1906 5396 2485 5466 postcommunianem.
2518 5391 2801 5464 Spiritum
2832 5392 2893 5447 in
2936 5392 3129 5463 nobis,
3161 5392 3427 5459 Domine,
3460 5395 3574 5475 tua

1913 5482 2215 5539 charitatis
2246 5482 2512 5551 infunde,
2543 5484 2608 5536 ut
2636 5497 2784 5553 quos
2816 5497 2935 5537 uno
2966 5498 3117 5555 pane
3147 5480 3363 5540 caelesti
3394 5477 3576 5563 satia:

1914 5571 2012 5644 sti,
2040 5574 2147 5632 tua
2172 5569 2351 5631 facias
2377 5570 2590 5648 pietate
2618 5570 2957 5630 concordes.
2987 5569 3116 5628 Per.

2957 5694 3040 5770 30
