3982 6172
423 310 543 383 939

488 472 657 511 MISSA
681 473 753 513 AD
784 475 1195 516 POS'I‘ULANDAM
1216 474 1463 516 GRATIAM
1488 475 1748 514 SPIRITUS
1777 475 1993 514 SANCTI.

487 546 689 601 Oratio.
724 551 876 603 Deus
923 551 1147 620 patrem
1196 552 1527 603 nostrorum
1568 547 1643 602 da
1680 547 1849 603 nobis
1880 547 2062 620 Spiri-

412 638 561 700 tum,
621 635 721 705 qui
780 636 1019 690 ﬂamma
1066 636 1335 691 infundat
1392 637 1449 690 in
1498 636 1774 691 cordibus
1825 636 2060 693 nostris.

411 723 563 777 Psal.
597 723 926 779 Benedicite
955 724 1152 779 omnia
1173 741 1366 796 opera.
1398 727 1595 781 Lectio.
1623 726 1684 780 In
1707 725 1914 781 diebus
1947 724 2065 780 illis

416 811 559 866 dixit
589 810 889 867 Salomon:
916 812 1068 867 Deus
1091 817 1319 884 patrum
1348 818 1708 881 nostrorum,
1731 819 1864 881 etc.,
1897 831 2066 885 usque

417 899 639 956 ancilla:
666 905 797 955 tuaz.
850 900 1139 956 Graduate.
1191 902 1452 974 Respice,
1498 903 1760 969 Domine,
1796 904 1853 957 in
1886 908 2061 959 testa-

417 993 679 1045 mentum
701 994 889 1058 tuum,
914 993 970 1045 et
990 990 1219 1046 animas
1238 1008 1560 1063 pauperum
1579 997 1815 1046 tuorum
1834 1008 1905 1047 ne
1923 990 2065 1047 obli-

413 1077 654 1133 viscaris
712 1078 770 1133 in
826 1080 1025 1135 finem.
1101 1080 1375 1152 Exsurge,
1437 1081 1702 1148 Domine,
1762 1089 1815 1136 et
1863 1081 2065 1153 judica

414 1184 651 1223 causam
673 1172 857 1236 tuam,
883 1183 1109 1223 memor
1137 1172 1261 1223 esto
1292 1169 1586 1240 opprobrii
1613 1185 1909 1224 servorum
1933 1174 2062 1224 tuo-

411 1255 1207 1323 rum.Atteluia.Veni,sancte
1227 1255 1662 1329 Spiritus,reple
1685 1262 1914 1313 tuorum
1939 1274 2062 1312 cor-

412 1345 485 1400 da
516 1344 797 1408 fidelium,
824 1349 879 1399 et
908 1345 991 1399 tui
1016 1344 1234 1400 amoris
1256 1345 1447 1417 ignem
1472 1346 1738 1400 accende.
1756 1345 2065 1417 Sequentia

411 1433 597 1489 sancti
629 1432 919 1504 Evangelii
951 1433 1275 1488 secundum
1308 1434 1668 1489 Malthmum.
1705 1434 1762 1488 In
1788 1433 1887 1489 illo
1916 1440 2062 1489 tem-

408 1522 933 1594 pore,respondens
948 1522 1415 1577 DominusJesus
1429 1521 1591 1576 dixit:
1613 1524 2062 1590 Contiteor,etc.,

406 1628 574 1682 usque
604 1611 780 1666 Filius
814 1610 1083 1666 revelare.
1131 1611 1498 1682 O/Iertorimn.
1544 1611 1795 1667 Justitias
1834 1612 2061 1667 Domini

408 1708 596 1767 rectzr,
630 1700 988 1754 lastificantes
1020 1698 1214 1766 corda,
1249 1705 1302 1753 et
1336 1698 1623 1754 dulciores
1656 1716 1833 1771 super
1862 1700 1974 1754 mel
2007 1705 2063 1755 ct

408 1790 603 1845 favum
634 1807 646 1856 ;
682 1805 816 1843 nam
851 1793 907 1842 et
953 1804 1153 1842 servus
1201 1792 1340 1842 tuus
1384 1788 1642 1842 custodit
1673 1806 1792 1842 eas.
1826 1788 2058 1844 Secreta.

408 1878 537 1933 Hmc
568 1877 805 1941 oblatio,
843 1876 1083 1931 Domine
1133 1875 1310 1942 Deus,
1356 1876 1549 1931 cordis
1582 1876 1763 1931 nostri
1800 1877 2065 1934 maculas

406 1966 705 2033 emundet,
725 1964 983 2020 utsancti
1003 1963 2059 2036 Spiritusdignaefliciaturbabitatio.

406 2057 531 2111 Per.
567 2055 903 2111 Communia.
946 2052 1188 2107 Gustata
1237 2056 1293 2106 et
1331 2052 1518 2107 videte
1558 2053 1833 2124 quoniam
1866 2054 2062 2110 suavis

405 2149 493 2201 est
523 2144 825 2211 Dominus,
859 2143 1064 2197 beatus
1093 2142 1199 2206 vir,
1232 2142 1331 2213 qui
1373 2146 1569 2213 sperat
1598 2142 1658 2195 in
1690 2158 1775 2197 eo.
1809 2144 1890 2198 Att
1916 2159 2060 2197 cam-

405 2238 744 2290 munianem.
801 2231 1064 2287 Concede
1113 2248 1239 2297 nos,
1273 2247 1631 2302 quaesumus,
1694 2232 2062 2315 omnipotens

401 2325 576 2390 Deus,
609 2321 893 2395 Spiritum
947 2325 1217 2376 sanetum
1260 2320 1409 2375 votis
1455 2322 1767 2392 promereri
1815 2319 2056 2388 sedulis,

402 2419 691 2486 quatenus
722 2412 849 2482 ejus
896 2410 1083 2480 gratia
1116 2410 1187 2463 ab
1220 2409 1496 2464 omnibus
1526 2408 1844 2464 liberemur
1875 2414 2057 2465 tenta-

398 2502 679 2569 tionibus,
696 2506 751 2555 et
768 2503 1132 2571 peccatorum
1156 2506 1487 2553 nostrorum
1504 2498 1598 2552 ind
1612 2498 1927 2571 ulgentiam
1945 2516 2058 2553 me-

399 2606 635 2646 reamur
658 2588 936 2659 accipere.
973 2587 1097 2640 Per.

719 2693 879 2731 FERIA
917 2692 969 2729 νι
1011 2692 1067 2728 ΙΝ

470 2767 585 2822 Nos
600 2769 933 2836 autem,etc.
946 2765 1094 2831 ,utin
1106 2763 1537 2833 editis,usqueat
1558 2763 2058 2820 alleluia.Alleluia

398 2856 513 2912 Nos
532 2860 724 2910 autem
748 2851 984 2924 gloriari
1001 2854 1228 2923 oportet
1247 2851 1301 2905 in
1321 2867 1491 2907 cruce
1514 2850 1742 2906 Domini
1767 2852 1951 2906 nostri
1967 2852 2055 2907 Je-

399 2961 468 3000 su
488 2939 1044 3011 Christi.Sequentia
1061 2940 1246 2994 sancti
1265 2939 1552 3012 Evangelii
1571 2940 1892 2995 secundum
1916 2941 2055 2996 Mat-

397 3032 639 3088 thseum.
672 3032 736 3085 In
768 3027 866 3083 illo
898 3031 1175 3099 tempore,
1201 3026 1524 3099 assumpsit
1540 3028 1732 3096 Jesus,
1755 3033 1862 3083 etc.
1900 3030 2052 3084 Cam-

397 3124 608 3177 munia.
646 3118 996 3188 Redemptor
1024 3115 1229 3171 mundi
1261 3117 1426 3187 signo
1458 3116 1646 3173 crucis
1668 3117 1740 3171 ab
1764 3117 1921 3172 omni
1947 3134 2053 3172 nos

1110 2691 1375 2728 [IOVOREM
1418 2692 1465 2729 S.
1510 2692 1734 2730 CRUCIS.

1608 318 1799 388 SIEC.
1844 316 1928 387 XI
1975 313 2290 388 MONUM.
2335 314 2650 389 LITURG.

2097 466 2151 530 Α
2183 459 2692 530 compunctionem
2742 459 2953 526 cordis,
2987 456 3211 515 luctum
3258 461 3316 516 et
3368 454 3611 516 ﬂumina
3638 459 3835 535 lacry-

3707 326 3838 391 940

2176 564 2403 603 marum
2435 547 2721 621 largiaris,
2757 552 3047 618 quatenus
3077 547 3368 603 cmlestem
3393 547 3451 602 in
3479 548 3673 606 futuro
3694 566 3839 607 con-

2173 635 2516 690 solationem
2550 651 2901 691 mereamur.
2930 639 3055 692 Per.

2600 742 2765 780 MISSA
2812 741 2922 780 PRO
2966 741 3400 781 TRIBULATIONE.

2244 813 2628 884 Omnipotens
2676 813 3028 885 sempiterno
3076 813 3252 885 Deus,
3307 818 3650 872 maestorum
3691 833 3835 873 con-

2172 899 2399 963 solatio,
2437 900 2828 957 laborantium
2852 900 3150 970 fortitudo,
3176 903 3515 974 perveniant
3535 904 3607 959 ad
3631 907 3685 960 te
3706 921 3841 977 pre-

2172 1006 2268 1044 ces
2300 989 2369 1044 de
2399 1006 2748 1062 quacunque
2772 989 3151 1047 tribulatione
3179 990 3581 1062 clamantium,
3616 997 3683 1049 ut
3709 1011 3837 1050 om-

2172 1094 2276 1133 nes
2301 1078 2413 1133 sibi
2445 1078 2503 1133 in
2536 1080 2984 1142 necessitatibus
3017 1080 3142 1136 suis
3172 1078 3637 1137 misericordiam
3663 1085 3832 1139 tuam

2173 1168 2466 1239 gaudeant
2492 1169 2749 1224 etfuisse.
2783 1169 2906 1224 Per.
2960 1168 3198 1225 Secreta.
3250 1173 3369 1225 Has
3399 1170 3529 1236 tibi,
3561 1172 3829 1239 Domine,

2173 1254 2395 1312 hostias
2426 1257 2725 1312 offerimus
2755 1274 2855 1330 pro
2887 1257 3075 1313 salute
3106 1262 3330 1324 nostra,
3350 1263 3407 1314 et
3427 1276 3530 1331 pro
3551 1261 3832 1317 omnibus

2173 1345 2462 1416 angustiis
2499 1346 2662 1401 nobis
2688 1345 3157 1414 imminentibus,
3190 1351 3481 1418 quatenus
3501 1364 3751 1420 corpora
3778 1356 3835 1405 et

2172 1433 2399 1487 animas
2428 1440 2654 1488 nostras
2686 1434 2942 1506 Spiritus
2966 1434 3149 1489 sancti
3177 1435 3363 1507 gratia
3386 1434 3634 1491 liberare
3656 1441 3833 1510 atque

2171 1520 2500 1575 iliuminare
2531 1521 2812 1593 digneris.
2874 1522 2951 1576 Act
3006 1525 3458 1579 communionem
3525 1528 3607 1579 Da
3635 1526 3831 1590 nobis,

2171 1628 2530 1680 quzesumus,
2565 1612 2635 1665 de
2666 1609 3041 1666 tribulatione
3072 1611 3354 1681 latitiam,
3390 1617 3453 1667 ut
3480 1614 3575 1685 qui
3598 1614 3702 1669 diu
3732 1632 3833 1687 pro

2171 1699 2425 1769 peccatis
2444 1699 2658 1753 nostris
2680 1699 3019 1771 afﬂigimur,
3040 1699 3534 1757 intercedentibus
3552 1704 3832 1759 omnibus

2172 1786 2390 1842 sanctis
2422 1788 2557 1854 tuis,
2595 1788 2649 1841 in
2685 1793 2785 1842 tua
2837 1787 3237 1843 misericordia
3284 1790 3661 1860 respiramus.
3700 1792 3826 1848 Per.

2575 1893 2737 1931 MlSSA
2780 1893 2886 1931 PRO
2927 1894 3054 1932 [TER
3093 1894 3424 1934 AGENTIBUS.

2245 1965 2450 2030 Oratio,
2503 1965 2717 2020 Secreta
2771 1969 2822 2020 et
2864 1968 3301 2021 Pastcommunia
3355 1967 3561 2024 eaedem
3613 1984 3745 2039 quae
3773 1971 3832 2025 in

2172 2052 2347 2108 editis.
2384 2053 2630 2109 Additur.
2685 2053 3035 2124 Praeperum
3083 2055 3195 2109 iter
3242 2056 3416 2111 faciat
3450 2056 3620 2112 nobis
3649 2057 3827 2123 Deus,

2173 2141 2415 2213 angelus
2444 2141 2667 2196 Domini
2702 2142 2889 2196 bonus
2912 2143 3223 2197 comitetur
3251 2144 3580 2212 nobiscum,
3605 2150 3666 2200 et
3686 2146 3831 2203 bene

2171 2230 2445 2302 disponat
2474 2230 2679 2286 itinera
2715 2236 2911 2285 nostra
2943 2235 3093 2285 Deus
3123 2236 3339 2287 noster.
3363 2233 3671 2305 Exsurgat.
3697 2234 3830 2290 Glo-

2172 2319 2276 2373 ria.
2313 2318 2681 2389 Prosperum.
2716 2318 2919 2374 Oratio.
2946 2318 3099 2373 Deus
3119 2318 3221 2390 qui
3241 2318 3622 2393 diligentibus
3642 2325 3705 2377 te
3725 2324 3832 2378 mi-

2170 2407 2547 2462 sericordiam
2578 2411 2740 2461 tuam
2774 2422 3005 2478 semper
3034 2407 3347 2479 impendis,
3378 2411 3437 2464 et
3464 2425 3499 2463 a
3529 2410 3830 2466 servienti-

2169 2496 2279 2550 bus
2304 2496 2408 2550 tibi
2441 2495 2496 2549 in
2524 2494 2684 2550 nulla
2704 2511 2766 2551 es
2788 2495 3021 2567 regione
3044 2494 3423 2569 longinquus,
3452 2497 3639 2572 dirige
3672 2500 3827 2555 viam

2168 2583 2521 2639 famulorum
2546 2588 2781 2638 tuorum
2800 2583 2858 2638 in
2874 2583 3170 2639 voluntate
3191 2590 3312 2651 tua,
3330 2589 3393 2640 ut
3409 2589 3463 2640 te
3477 2591 3822 2658 protectore,

2167 2678 2224 2728 te
2243 2677 2411 2739 duce,
2435 2689 2537 2743 per
2548 2671 2795 2742 justitize
2814 2673 3054 2729 semitas
3072 2672 3198 2728 sine
3218 2673 3537 2730 offensione
3550 2676 3826 2748 gradian-

2164 2766 2281 2817 tur.
2316 2762 2441 2817 Per.

2238 2850 2427 2905 Lectio
2456 2849 2716 2905 Genesis.
2738 2851 2803 2904 In
2836 2848 3040 2907 diebus
3063 2849 3179 2906 illis
3202 2851 3496 2923 profectus
3516 2856 3609 2908 est
3636 2853 3818 2910 Israel

2164 2955 2331 3011 usque
2360 2941 2765 2994 revertentem.

2231 3026 2488 3099 Angelus
2524 3027 2750 3082 Domini
2810 3028 2999 3084 bonus
3056 3029 3365 3085 comitetur
3399 3029 3728 3099 vobiscum,
3763 3035 3821 3088 et

2163 3117 2309 3171 bene
2340 3116 2612 3186 disponat
2638 3116 2848 3171 itinera
2876 3119 3086 3172 vestra.
3122 3116 3468 3189 Prosperum
3501 3119 3611 3174 iter
3642 3119 3822 3175 faciat

399 3209 744 3264 adversitate
792 3204 1039 3269 custodi,
1093 3203 1193 3276 qui
1243 3203 1479 3259 salvasti
1519 3205 1753 3259 Petrum
1788 3205 1846 3259 in
1877 3205 2046 3274 mari,
2079 3192 2120 3257 C
2158 3204 2319 3260 vobis
2362 3205 2516 3259 Deus
2561 3202 2844 3259 Salutaris
2891 3207 3107 3260 noster.
3164 3203 3425 3260 Alleluia.
3458 3206 3817 3279 Prosperum

398 3297 673 3353 miserere
704 3294 893 3350 nobis.
944 3294 1402 3349 Postcammunio.
1450 3292 1664 3347 Refecti
1712 3292 1840 3348 cibo
1873 3298 2043 3365 potu-

395 3403 509 3457 que
565 3384 803 3449 ccelesti,
860 3398 1218 3454 qumsumus,
1262 3379 1630 3452 omnipotens
1660 3381 1835 3447 Deus,
1876 3387 1940 3436 ut
1971 3382 2044 3437 ab

395 3474 652 3529 hostium
683 3471 961 3527 defendas
992 3469 1324 3536 formidine,
1355 3485 1503 3540 quos
1524 3470 1777 3541 pretioso
1800 3470 1925 3524 Filii
1955 3471 2044 3525 tui

392 3562 679 3633 sanguine
709 3557 1025 3615 redemisti.
1060 3558 1167 3611 Per
1197 3557 1490 3612 eumdem.

513 3665 762 3703 SABBA’I‘O
802 3663 971 3701 MISSA
1007 3663 1067 3700 IN
1108 3661 1379 3700 HONOREM
1422 3662 1654 3699 SANCTIE
1694 3662 1909 3700 MARI.E.

458 3736 641 3808 Salve,
665 3740 871 3791 sancta
890 3750 1122 3806 parens,
1145 3739 1255 3788 etc.
1278 3733 1452 3805 Virgo
1472 3733 1567 3788 Dei
1588 3733 2041 3806 genitrix,quem

384 3830 541 3882 totus
571 3841 687 3881 non
712 3822 865 3895 capit
892 3822 1071 3891 orbis,
1104 3822 1164 3876 in
1202 3826 1303 3876 tua
1333 3838 1395 3876 se
1434 3820 1645 3877 clausit
1674 3822 1894 3877 viscera
1925 3824 2043 3879 fac-

381 3917 479 3971 tus
527 3914 722 3969 homo.
756 3912 960 3968 Oratio.
994 3909 1253 3966 Concede
1304 3926 1428 3978 nos,
1463 3914 1571 3964 etc.
1604 3908 1867 3965 Alleluia.
1907 3911 2043 3967 Post

383 4009 616 4078 partum
649 4003 809 4075 virgo
868 3998 1144 4056 inviolata
1198 3998 1597 4071 permansisti,
1655 3996 1911 4055 alleluia.
1942 4006 2039 4056 Se-

385 4094 624 4166 quentia
655 4089 841 4147 sancti
870 4087 1165 4160 Evangelii
1197 4088 1524 4144 secundum
1556 4088 1795 4143 Lucam.
1830 4093 1893 4144 In
1942 4089 2040 4145 illo

385 4188 677 4255 tempore:
711 4178 1033 4246 Extollens,
1064 4180 1174 4232 etc.

668 4271 727 4324 In
760 4269 875 4323 alia
905 4269 1075 4322 missa
1101 4268 1299 4322 sanctae
1336 4266 1528 4322 Mariw
1555 4267 1751 4320 oratio.

457 4360 632 4424 Deus,
667 4357 765 4428 qui
795 4356 1018 4411 violata:
1051 4359 1275 4409 naturae
1306 4371 1410 4425 per
1429 4354 1710 4425 virginale
1731 4355 1911 4409 decus
1935 4356 2039 4410 ad-

385 4447 552 4502 hibes
583 4444 955 4508 medicinam,
982 4444 1068 4498 fac
1092 4459 1197 4498 nos
1217 4442 1395 4497 beatae
1417 4441 1609 4496 Mariae
1631 4441 1886 4515 Virginis
1909 4461 2036 4516 pre-

2154 3294 2263 3348 iter
2294 3293 2467 3347 faciat
2499 3295 2764 3348 nostrum
2797 3291 2951 3349 Deus
2980 3291 3264 3348 Salutaris
3296 3298 3509 3349 noster.
3543 3294 3814 3351 Alleluia.

2223 3381 2286 3435 In
2317 3380 2416 3436 illo
2445 3384 2706 3452 tempore
2737 3380 2883 3435 dixit
2926 3384 3100 3436 Jesus
3143 3380 3449 3453 discipulis
3480 3381 3608 3437 suis
3638 3399 3820 3455 usque

2153 3468 2237 3523 illi
2268 3468 2504 3524 civitati.
2540 3467 2909 3539 Offertarium.
2938 3467 3195 3540 Angelus
3229 3469 3456 3524 Domini
3487 3469 3680 3526 bonus
3716 3487 3818 3527 co-

2155 3559 2393 3613 mitetur
2420 3557 2744 3621 vobiscum,
2795 3561 2852 3612 et
2908 3557 3054 3612 bene
3084 3557 3359 3628 disponat
3386 3556 3495 3613 iter
3524 3562 3813 3631 vestrum,

2151 3646 2406 3702 alleluia.
2427 3646 2768 3702 Communia.
2784 3645 2945 3700 Sicut
2968 3645 3265 3717 praecessit
3285 3644 3528 3702 Tobiam
3553 3646 3816 3719 Raphael

2151 3735 2537 3808 archangelus
2569 3736 2639 3789 ad
2686 3734 3126 3807 praaparandam
3180 3733 3358 3803 viam,
3389 3734 3469 3789 ita
3499 3735 3817 3792 comitetur

2149 3824 2476 3889 vobiscum,
2508 3828 2565 3878 et
2597 3824 2740 3878 bene
2767 3823 3040 3894 disponat
3059 3822 3271 3879 itinera
3299 3827 3512 3878 vestra.
3532 3828 3815 3879 Pasicom-

2151 3914 2359 3967 munia.
2379 3911 2594 3981 Dirige,
2610 3927 2973 3982 quazsumus,
2995 3910 3260 3980 Domine,
3277 3912 3429 3966 viam
3452 3909 3813 3969 famulorum

2149 4004 2386 4055 tuorum
2418 3999 2478 4053 in
2509 3997 2804 4054 voluntate
2835 4004 2959 4067 tua,
3009 4015 3230 4071 nosque
3277 3999 3569 4071 propitius
3598 4001 3812 4056 exaudi

2149 4088 2568 4160 supplicantes,
2591 4091 2655 4142 ut
2678 4087 2930 4143 habeant
2952 4087 3060 4143 iter
3081 4104 3446 4160 prosperum,
3471 4093 3527 4143 et
3548 4087 3606 4143 in
3633 4093 3688 4144 te
3712 4106 3813 4146 cor

2149 4177 2458 4231 directum.
2494 4176 2621 4231 Per.

2504 4280 2669 4319 MISSA
2698 4280 2811 4319 PRO
2838 4281 3191 4320 TENTATIONE
3220 4281 3446 4320 CARNIS.

2219 4352 2346 4421 Ure,
2379 4356 2513 4420 etc.,
2547 4360 2607 4407 ut
2638 4353 2698 4407 in
2729 4352 2894 4408 editis
2924 4369 3095 4423 usque
3124 4352 3194 4408 ad
3222 4356 3393 4408 tatam
3418 4362 3699 4411 secretam.
3732 4355 3812 4410 Ad

2147 4440 2619 4497 Cammunianem.
2650 4440 2892 4497 Domine
2922 4441 3155 4513 adjutor
3183 4444 3241 4496 et
3260 4446 3568 4513 protector,
3597 4443 3813 4514 adiuva

385 4534 553 4591 cibus
582 4538 639 4588 et
670 4532 1019 4588 fermentum
1052 4534 1396 4602 conceptum
1437 4528 1737 4602 pravitatis
1768 4532 2040 4617 abjicere,
2076 4553 2120 4618 Ι)
2152 4547 2280 4599 nos,
2313 4536 2371 4586 et
2418 4530 2686 4586 refloreat
2732 4546 2866 4586 caro
2914 4534 3115 4587 nostra
3160 4529 3358 4603 vigore
3406 4530 3723 4602 pudicitiae,
3754 4537 3814 4589 et

384 4627 441 4680 et
470 4624 529 4679 in
561 4621 833 4679 novitatis
864 4636 1124 4692 azymam
1156 4619 1227 4674 de
1255 4622 1539 4674 vetustate
1570 4620 1841 4677 transire.

785 4726 954 4766 MISSA
994 4725 1103 4763 PRO
1143 4724 1625 4764 CONGREGATIONE.

454 4803 657 4860 Oratio.
691 4801 1074 4871 Omnipotens
1119 4796 1472 4868 sempiterna
1524 4798 1693 4863 Deus,
1747 4797 1846 4869 qui
1890 4799 2034 4854 facis

380 4891 674 4949 mirabilia
693 4890 875 4958 solus,
896 4887 1186 4961 praetende
1206 4900 1386 4956 super
1410 4884 1660 4941 famulos
1680 4890 1834 4952 tuos,
1857 4891 1914 4942 et
1934 4904 2034 4942 su-

380 4998 483 5055 per
502 4983 743 5036 cunctas
759 4975 1236 5050 congregationes
1258 4972 1375 5027 illis
1393 4972 1742 5028 commissas
1761 4974 2030 5045 spiritum

379 5070 578 5141 gratia:
610 5066 904 5133 salutaris,
937 5068 994 5120 et
1023 5066 1089 5119 ut
1118 5063 1173 5117 in
1206 5060 1442 5116 veritate
1474 5060 1579 5114 tibi
1612 5061 2030 5132 complaceant,

381 5162 728 5230 perpetuum
751 5156 834 5211 eis
852 5170 1040 5209 rorem
1058 5157 1168 5206 tua:
1191 5148 1610 5204 benedictionis
1627 5148 1889 5205 infunde.
1905 5150 2030 5205 Per.

381 5246 594 5302 Secreta
619 5248 671 5301 et
703 5243 1022 5300 Communia
1042 5247 1205 5313 prout
1240 5238 1301 5292 in
1330 5236 1509 5293 editis.

654 5349 825 5388 MISSA
864 5348 973 5386 ΡΙζο
1014 5344 1302 5384 ΡΕΤΙΤῙΟΝΕ
1343 5337 1755 5379 LACRYMARUM.

454 5420 657 5475 Oratio.
692 5420 1093 5492 Omnipotens,
1125 5420 1260 5481 etc.,
1286 5417 1347 5469 ut
1375 5414 1432 5467 in
1461 5411 1638 5466 editis.

451 5509 904 5563 Postcammunia.
938 5507 1183 5577 Corpore
1215 5507 1271 5557 et
1300 5498 1585 5572 sanguine
1606 5501 1729 5566 tuo,
1764 5499 2029 5574 Domine,

379 5594 595 5667 satiati,
627 5610 965 5672 quassamus
994 5597 1059 5652 ut
1090 5609 1190 5670 pro
1245 5588 1464 5651 nostris
1510 5586 1768 5665 peccatis
1799 5605 2031 5667 semper

2151 4619 2551 4675 sanctimoniae
2584 4619 2859 4686 novitate,
2895 4622 3275 4691 ereptamque
3306 4620 3377 4675 de
3401 4635 3581 4676 manu
3601 4620 3813 4677 tartari

2144 4710 2202 4763 in
2238 4707 2684 4764 resurrectionis
2735 4707 2951 4779 gaudio
2974 4708 3189 4779 jubeas
3216 4708 3642 4781 representari.
3669 4708 3808 4765 Per.

2402 4812 2573 4851 MISSA
2602 4812 2713 4850 PRO
2743 4812 3024 4853 IMMUNDIS
3053 4812 3542 4853 αοαιΤΑτιοΝιΒυε.

2213 4885 2615 4956 Omnipotens,
2670 4888 2804 4951 etc.,
2858 4889 2919 4940 ut
2967 4887 3028 4940 in
3057 4885 3236 4941 editis.
3271 4886 3504 4942 Secreta.
3538 4883 3648 4940 Per
3671 4883 3807 4953 hoc,

2144 4989 2507 5049 quaesumus,
2538 4971 2801 5040 Domine,
2834 4972 3215 5041 sacrificium,
3252 4974 3408 5045 quod
3441 4977 3555 5028 tute
3587 4972 3809 5029 obtuli-

2143 5081 2277 5119 mus
2308 5059 2619 5131 majestati,
2662 5060 2736 5115 ab
2790 5061 3066 5118 omnibus
3111 5062 3288 5118 corda
3316 5067 3518 5118 nostra
3546 5062 3808 5119 emunda

2140 5149 2581 5209 tentationibus.
2614 5148 2749 5204 Per.

2656 5252 2819 5292 MISSA
2858 5253 2969 5295 PRO
3009 5254 3290 5295 PECGATIS.

2212 5328 2272 5384 Si
2292 5326 2631 5399 iniquitates
2653 5324 3070 5395 observaveris,
3087 5329 3349 5396 Domine,
3374 5327 3642 5397 Domine,
3664 5330 3804 5402 quis

2141 5415 2500 5472 sustinebit?
2544 5414 2689 5478 Quia
2727 5415 2883 5486 apud
2916 5420 2973 5471 te
3000 5416 3333 5488 propitiatio
3362 5420 3471 5486 est,
3505 5417 3665 5474 Deus
3695 5436 3805 5476 no-

2140 5509 2277 5561 ster.
2308 5504 2460 5559 Psat.
2484 5508 2561 5558 De
2586 5502 2890 5574 profundis
2911 5503 3156 5561 clamavi
3180 5506 3253 5562 ad
3274 5509 3351 5574 te,
3374 5507 3637 5563 Domine.
3663 5507 3806 5565 Ora-

2142 5595 2238 5657 tio.
2262 5593 2459 5669 Parce,
2486 5590 2751 5664 Domine,
2774 5608 2947 5669 parce
2964 5594 3217 5673 peccatis
3237 5594 3475 5668 nostris,
3505 5598 3565 5655 et
3591 5610 3809 5675 quam-
