3982 6162
104 266 216 332 941

908 267 1292 336 EXCERPT.
1340 273 1442 333 EX
1488 266 1714 340 CODD.
1759 270 2071 337 LITURG.
2122 273 2710 338 FONTAVELLAN.

3390 279 3512 340 942

101 402 189 458 vis
217 399 646 458 incessabiliter
665 402 1146 474 delinquentibus
1165 405 1441 461 continua
1462 424 1632 478 poena
1653 407 1748 462 de-
1778 410 1831 474 Α
1861 409 1987 480 cipe
2001 409 3267 482 munera,quaasumus,Domine,quzetibipro
3279 411 3500 467 famulo

101 493 331 558 beatur,
367 496 597 563 praesta,
633 509 992 564 quaesumus,
1025 499 1090 548 ut
1121 495 1274 565 quod
1304 496 1374 549 ad
1405 499 1750 566 perpetuum

100 585 362 637 meretur
387 580 919 648 exitium,transeat
943 583 1014 637 ad
1041 583 1420 639 correctionis
1443 583 1747 639 auxilium.

100 669 228 725 Per.
265 669 456 724 Lectio
483 669 752 742 Epistolre
799 671 952 726 beati
990 671 1148 727 Pauli
1174 672 1421 743 apostoli
1445 673 1517 728 ad
1551 672 1749 728 Corin-

99 758 278 816 thios.
302 759 550 825 Fratres,
576 759 964 827 condelector,
999 764 1133 827 etc.,
1167 777 1336 832 usque
1363 761 1431 816 ad
1449 761 1746 817 Christum

97 847 419 904 Dominum
478 853 766 904 nostrum.
829 849 1116 905 Grmluale.
1171 850 1254 904 Ab
1313 850 1560 906 occultis
1603 851 1749 906 meis

99 937 326 993 munda
354 953 470 1002 me,
503 935 766 1002 Domine,
802 941 856 992 et
887 939 958 992 ab
991 937 1199 994 alienis
1230 956 1398 1010 parce
1432 956 1595 994 servo
1626 945 1745 995 tuo.

99 1026 162 1083 Si
188 1027 302 1084 mei
331 1043 446 1080 non
471 1026 1156 1092 fuerintdominati,tunc
1187 1026 1599 1083 immaculatus
1629 1045 1746 1098 ero,

101 1121 159 1172 et
193 1116 560 1172 emundabor
582 1133 614 1170 a
635 1115 844 1172 delicto
869 1116 1494 1184 maximo,Alleluia.De
1518 1117 1750 1188 profun-

98 1203 450 1260 disclamavi
469 1205 540 1258 ad
563 1209 638 1271 te,
656 1205 921 1272 Domine,
941 1205 1188 1261 Domine
1202 1206 1408 1260 exaudi
1425 1205 1746 1262 orationem

98 1309 316 1348 meam.
353 1292 520 1348 Fiant
551 1310 722 1349 aures
753 1299 863 1348 tum
924 1295 1292 1350 intendentes
1330 1293 1390 1349 in
1423 1295 1745 1350 orationem

97 1381 252 1438 servi
265 1382 372 1437 tui.
389 1382 705 1453 Sequentia
726 1384 912 1438 sancti
929 1383 1226 1455 Evangelii
1249 1384 1573 1439 secundum
1591 1384 1746 1439 Mar-

95 1469 329 1528 cum.ln
354 1469 452 1526 illo
481 1475 740 1542 tempore
765 1472 908 1526 dixit
931 1471 1430 1544 Jesusdiseipulis
1450 1472 1607 1527 suis:
1633 1473 1743 1528 lla-

94 1563 230 1617 bete
245 1560 418 1614 ﬁdem
441 1559 739 1630 Dei,usque
768 1559 838 1613 ad
871 1565 1105 1632 peccata
1131 1566 1342 1616 vestra.
1370 1562 1740 1632 Oﬂerlorium.

95 1651 376 1706 Miserere
391 1647 620 1712 mihi,et
642 1649 965 1704 secundum
983 1666 1256 1719 magnam
1277 1649 1741 1706 misericordiam

91 1745 263 1794 tuam
293 1735 813 1808 deleiniquitatem
847 1754 1061 1793 meam.
1097 1738 1334 1793 Secreta.
1369 1739 1496 1793 Ilmc
1529 1738 1743 1804 hostia,

93 1824 1053 1898 Domine,quaasumus,Ecclcsiam
1081 1832 1242 1882 tuam
1267 1827 1339 1882 ab
1361 1827 1605 1882 occultis
1629 1844 1748 1882 rea-

93 1917 262 1970 tibus
291 1930 520 1985 semper
551 1913 817 1985 expediat
847 1920 904 1969 et
925 1934 958 1970 υ.
990 1915 1316 1970 manifestis
1343 1915 1749 1971 convenienter

95 2009 400 2076 expurget.
436 2003 562 2058 Per.
597 2004 1039 2059 Commum'o.Ab
1072 2003 1317 2059 occultis
1349 2004 1496 2058 meis
1527 2004 1749 2058 munda

97 2111 217 2160 me,
249 2093 510 2154 Domine,
543 2097 599 2146 et
629 2092 700 2146 ab
733 2091 937 2147 alienis
960 2109 1128 2164 parce
1160 2109 1323 2147 servo
1357 2093 1562 2147 tuo.Ad
1587 2092 1744 2147 Com-

95 2184 437 2239 mu-nionem.
470 2181 688 2236 Praesta
719 2181 907 2247 nobis,
942 2186 1152 2236 esterno
1175 2181 1454 2248 Salvator,
1487 2186 1547 2238 ut
1570 2181 1748 2252 perci-

97 2272 329 2344 pientes
359 2269 468 2325 hoc
501 2286 744 2325 munere
775 2270 1003 2325 veniam
1038 2275 1433 2343 peccatorum,
1473 2270 1746 2341 deinceps

97 2364 341 2432 peccata
371 2358 641 2414 vitemus.
677 2358 800 2414 Per.
1009 2358 1034 2376 '

388 2465 550 2503 IISSA
583 2463 691 2502 PRO
719 2464 1134 2502 TRIBULATIONE
1162 2465 1458 2503 ECCLESI.E.

176 2539 329 2594 Deus
361 2542 524 2608 pater
559 2535 1274 2607 orphanorumjudexque
1294 2538 1627 2603 viduarum,
1664 2535 1743 2591 la-

98 2643 334 2697 crymas
363 2625 630 2680 Ecclesia:
678 2629 786 2678 tua!
816 2625 1131 2680 miseratus
1177 2627 1429 2692 intende,
1469 2625 1746 2696 illamque

100 2725 208 2772 tua
229 2715 684 2771 misericorditer
705 2715 916 2786 eripiat
938 2715 1425 2786 majestas,quam
1455 2714 1617 2769 nulla
1637 2719 1746 2769 ter-

101 2823 247 2861 rena
295 2804 556 2859 defendit
607 2808 886 2874 potestas.
921 2803 1047 2858 Per.
1081 2804 1311 2860 Secreta.
1373 2805 1501 2858 Hrec
1533 2803 1743 2868 hostia,

105 2894 369 2959 Domine,
402 2909 578 2964 quam
611 2909 713 2964 pro
744 2891 1070 2947 inﬁdelium
1107 2893 1257 2958 telis,
1289 2893 1609 2958 offerimus,
1642 2891 1746 2946 tibi

104 2985 184 3041 sit
215 2986 468 3053 accepta,
503 2986 566 3036 ut
600 2998 700 3054 per
727 2980 870 3047 haec,
904 2983 1058 3053 quod
1085 2983 1285 3038 devote
1328 2981 1646 3054 poscimus,
1691 2985 1746 3034 te

99 3075 416 3144 adjuvante
461 3087 910 3142 consequamur.
973 3075 1099 3126 Per.
1134 3072 1591 3126 Postcommu-nio.
1637 3074 1746 3123 De-

101 3159 1223 3234 prime,quzesumus,omnipotens,jura
1241 3164 1623 3231 tyrannorum
1641 3157 1742 3211 tibi
1774 3145 1816 3210 C

99 3250 634 3314 adversantium,ut
663 3247 892 3302 discant
920 3251 974 3303 te
1004 3249 1124 3303 fore
1147 3252 1530 3319 protectorem
1557 3244 1747 3301 Eccle-

101 3340 203 3394 siae
231 3343 340 3393 tute
377 3342 475 3392 tuo
501 3336 754 3408 pretioso
785 3335 1075 3408 sanguine
1108 3336 1439 3408 redemptae.
1477 3336 1602 3390 Per.

566 3441 732 3479 MISSA
779 3441 890 3478 PRO
930 3441 1284 3480 SERENITATE.

179 3517 383 3572 Oratio.
402 3515 487 3570 Ad
505 3519 560 3569 te
593 3529 721 3581 nos,
742 3512 1006 3580 Domine,
1032 3518 1163 3579 etc.,
1187 3514 1266 3568 Ad
1292 3515 1746 3580 communionem,

107 3605 276 3660 Plebs
291 3609 413 3670 tua,
437 3602 703 3669 Domine,
728 3602 920 3674 capiat
949 3620 1125 3658 sacrae
1160 3603 1581 3658 benedictionis
1603 3619 1747 3674 aug-

108 3699 396 3759 mentum,
429 3697 486 3748 et
506 3692 757 3763 copiosis
779 3692 1198 3748 beneﬁciorum
1219 3696 1452 3747 tuorum
1485 3690 1749 3747 subleve-

108 3788 204 3838 tur
233 3781 488 3848 auxiliis,
521 3798 647 3853 quae
680 3780 859 3836 tantis
892 3781 949 3835 in
983 3781 1433 3837 intercessorum
1479 3781 1751 3852 depreca-

109 3872 369 3927 tionibus
398 3871 729 3943 adjuvetur.
765 3870 889 3925 Per.

524 3976 694 4015 MISSA
736 3975 844 4014 PRO
884 3976 1340 4014 POENITENTIBUS.

181 4051 390 4105 Justus
412 4065 494 4115 es,
512 4048 776 4112 Domine,
793 4053 868 4113 et,
887 4048 1407 4118 rectumjudicium
1427 4053 1594 4103 tuum
1621 4065 1633 4114 ;
1669 4049 1756 4101 fac

116 4156 248 4194 cum
274 4154 441 4193 servo
463 4143 562 4192 tuo
583 4137 906 4193 secundum
932 4136 1390 4192 misericordiam
1415 4137 1754 4190 tuamJ’sal.

115 4227 273 4282 Beati
322 4225 686 4282 immaculati
737 4226 794 4280 in
822 4226 933 4280 via.
968 4226 1174 4281 Oratio.
1211 4226 1386 4293 Deus,
1417 4225 1514 4296 qui
1537 4225 1758 4296 justiﬁ-

113 4333 214 4372 cas
247 4315 497 4388 impium
529 4320 585 4370 et
617 4331 730 4370 non
763 4315 849 4368 vis
881 4320 1124 4369 mortem
1159 4320 1549 4385 peccatorum,
1580 4316 1758 4384 maje-

111 4411 326 4461 statem
358 4408 522 4459 tuam
557 4403 902 4475 suppliciter
930 4404 1334 4475 deprecamur,
1377 4408 1443 4457 ut
1474 4403 1760 4457 famulum

1862 501 1962 553 tuo
1995 499 2065 552 de
2090 503 2192 553 tua
2220 498 2487 572 largitate
2518 499 2858 564 deferimus,
2894 507 2956 554 ut
2985 497 3106 555 haec
3137 505 3512 557 sacrosancta

1865 588 2164 658 mysteria,
2199 591 2398 661 gratiae
2425 595 2534 644 tum
2561 592 2836 661 operante
2856 588 3090 656 virtute,
3123 594 3180 645 et
3207 589 3509 662 praesentis

1859 675 1986 729 vita:
2038 693 2170 731 cum
2203 678 2636 733 conversatione
2662 677 3047 744 sanctiﬁcent,
3080 683 3137 734 et
3166 678 3239 734 ad
3287 676 3505 751 gaudia.

1861 767 2075 820 mterna
2097 766 2438 837 perducant.
2464 770 2590 822 Per.
2626 765 3119 822 Communio.Dico
3140 767 3325 836 vobis,
3359 783 3504 840 gau-

1861 853 2024 908 dium
2047 859 2136 909 est
2157 871 2350 909 coram
2375 855 2597 926 angelis
2617 855 2714 910 Dei
2737 871 2912 926 super
2933 871 3049 909 uno
3075 859 3373 926 peccatore
3385 871 3502 926 pm-

1862 941 2167 997 nitentiam
2201 944 2520 1014 agente.Ad
2548 943 3342 999 communionem.Puriﬁcent
3370 960 3499 1012 nos,

1859 1030 2122 1097 Domine,
2151 1035 2251 1086 tua
2282 1037 2502 1099 sancta,
2541 1049 2668 1103 quae
2702 1031 3091 1103 sumpsimus,
3125 1035 3181 1086 et
3205 1030 3496 1086 famulum

1856 1123 2026 1174 tuum
2062 1121 2134 1176 ab
2172 1120 2329 1175 omni
2355 1119 2530 1192 culpa
2559 1120 2810 1176 liberum
2854 1137 2982 1176 esse
3004 1119 3276 1187 concede,
3305 1122 3372 1175 ut
3398 1118 3500 1191 qui

1858 1208 2222 1263 conscientim
2256 1227 2373 1264 suae
2404 1214 2566 1265 reatu
2597 1208 3116 1281 constringitur,de
3147 1206 3397 1265 celestis
3418 1223 3502 1264 re-

1855 1297 2034 1352 medii
2065 1297 2428 1369 plenitudine
2457 1298 2758 1370 glorietur.
2793 1303 2920 1353 Per.

2139 1404 2309 1442 MISSA
2358 1405 2468 1442 PRO
2509 1404 2820 1443 SEMETIPSO
2869 1403 3208 1442 SACERDOTE.

1926 1475 2278 1547 Suppliciter
2309 1481 2383 1543 te,
2419 1477 2684 1548 piissime
2715 1477 2891 1543 Deus,
2917 1480 3086 1532 Pater
3103 1475 3496 1548 omnipotens,

1854 1565 1951 1635 qui
1987 1582 2048 1618 es
2070 1571 2293 1620 creator
2323 1567 2589 1621 omnium
2623 1567 3217 1638 rerum,deprecor,ut
3235 1567 3377 1621 dum
3402 1581 3498 1620 me

1854 1653 2143 1708 famulum
2175 1659 2344 1708 tuum
2376 1671 2571 1709 coram
2603 1653 3025 1726 omnipotentis
3046 1653 3371 1724 maiestatis
3385 1656 3497 1708 tum

1853 1743 2106 1814 graviter
2151 1743 2470 1814 deliquisse
2527 1743 2826 1811 conﬁteor,
2879 1759 2982 1814 per
3019 1740 3498 1797 intercessionem

1859 1832 2037 1887 beata:
2072 1831 2263 1886 Mariae
2296 1849 2528 1903 semper
2560 1831 2806 1904 virginis
2859 1836 2916 1886 et
2967 1829 3236 1886 omnium
3268 1833 3499 1885 sancto-

1858 1937 1988 1974 rum
2013 1925 2270 1986 tuorum,
2306 1936 2549 1975 manum
2574 1918 3110 1974 misericordiaatuae
3137 1916 3284 1972 mihi
3314 1916 3500 1990 porri-

1856 2025 1982 2080 gas,
2016 2014 2329 2080 quatenus,
2362 2009 2503 2062 dum
2565 2007 2717 2063 hanc
2765 2007 3120 2066 oblationem
3151 2011 3263 2062 tua;
3296 2005 3498 2079 pietati

1856 2099 2054 2164 offero,
2115 2097 2269 2168 quod
2323 2097 2591 2168 nequiter
2629 2096 2862 2163 admisi,
2915 2095 3373 2152 clementissime
3405 2111 3498 2151 me

1858 2183 2115 2256 digneris
2149 2183 2468 2240 absolvere.
2519 2189 2628 2239 Per
2681 2184 3016 2240 Dominum.
3056 2183 3292 2239 Secreta.
3343 2183 3499 2238 Deus

1857 2272 2296 2340 misericordim,
2328 2273 2480 2328 Deus
2513 2272 2768 2344 pietatis,
2811 2272 2968 2328 Deus
2997 2270 3376 2344 indulgentia
3408 2270 3496 2326 in-

1856 2361 2051 2434 dulge,
2107 2379 2322 2433 quasso,
2352 2365 2408 2417 et
2435 2361 2709 2417 miserere
2761 2361 2872 2416 mei
2891 2359 3040 2416 servi
3072 2360 3158 2416 tui
3187 2364 3245 2416 et
3268 2359 3489 2417 sacriﬁ-

1857 2451 2012 2505 cium
2073 2451 2228 2522 quod
2289 2450 2522 2522 pietatis
2580 2456 2692 2504 tua:
2749 2450 2938 2522 gratia
2967 2447 3270 2504 humiliter
3297 2449 3495 2515 offero,

1857 2540 2107 2611 benigne
2135 2538 2393 2612 digneris
2417 2538 2796 2610 suscipere,et
2825 2541 3059 2610 peccata
3088 2553 3217 2608 quae
3249 2535 3500 2592 labenti-

1860 2631 1970 2684 bus
2001 2628 2156 2684 vitiis
2177 2627 2458 2695 contraxi,
2492 2627 2816 2682 interventu
2837 2627 3016 2681 beatae
3055 2624 3249 2681 Mariae
3268 2641 3501 2697 semper

1856 2709 2116 2789 virginis,
2152 2721 2208 2771 et
2241 2716 2506 2771 omnium
2562 2721 2900 2772 sanctorum
2956 2720 3216 2782 tuorum,
3271 2713 3406 2786 pius
3436 2729 3502 2768 ac

1859 2806 2147 2878 prepitius
2176 2810 2232 2861 et
2263 2806 2596 2861 misericors
2629 2803 2956 2876 indulgeas,
2988 2808 3046 2860 et
3085 2803 3279 2859 locum
3310 2801 3497 2876 pmni-

1855 2897 2048 2950 tentia:
2073 2913 2137 2950 ac
2167 2895 2555 2966 lacrymaz'um
2592 2893 2841 2949 ﬁumina
2870 2893 3138 2960 concede,
3172 2895 3238 2948 ut
3262 2891 3493 2948 veniam

1859 3000 2121 3039 meorum
2146 2999 2372 3038 merear
2394 2982 2644 3053 recipere
2667 2979 3495 3037 delictorum.PerDominum.

1857 3074 2309 3128 Postcom-mum'o.
2346 3071 2674 3126 Misericors
2707 3074 2764 3125 et
2790 3069 3098 3124 miserator
3126 3067 3498 3139 Domine,qui

1857 3162 2144 3234 parcendo
2177 3165 2492 3224 sustentas,
2525 3163 2582 3214 et
2612 3158 2966 3231 ignoscendo
3015 3156 3369 3224 sancliﬁcas,
3423 3156 3500 3212 da

1855 3250 1999 3304 mihi
2034 3266 2134 3321 per
2165 3249 2284 3303 hare
2315 3252 2536 3312 sancta,
2569 3263 2695 3319 quae
2735 3245 2984 3318 sumpsi,
3027 3243 3496 3317 puriﬁcationem

1857 3339 2071 3394 mentis
2101 3343 2156 3393 et
2185 3336 2462 3408 corporis,
2523 3341 2581 3391 et
2636 3334 3053 3390 intercessione
3083 3333 3266 3388 beatae
3297 3331 3494 3388 Mariae

1859 3443 2089 3498 semper
2115 3425 2378 3498 virginis,
2411 3431 2469 3480 et
2522 3424 2788 3480 omnium
2840 3427 3176 3478 sanctorum
3236 3425 3498 3490 tuorum,

1860 3533 2086 3572 merear
2115 3513 2546 3570 absolutionem
2579 3511 2909 3585 culparum.
2943 3515 3070 3568 Per.

2072 3622 2188 3661 ΑιιΑ
2239 3620 2400 3659 Μ188Λ
2441 3620 2552 3657 PRO
2600 3619 2909 3657 SEMETIPSO
2963 3617 3290 3658 SACERDOTE.

1931 3695 2212 3749 Introz'tus.
2245 3692 2488 3760 Deus,in
2525 3692 2762 3748 nomine
2793 3695 2894 3746 tuo
2926 3689 3153 3747 salvum
3184 3705 3279 3745 me
3306 3689 3416 3758 fac,
3447 3692 3507 3744 et

1862 3783 1922 3837 in
1955 3783 2164 3838 virtute
2197 3785 2298 3836 tua
2321 3780 2521 3852 judica
2553 3797 2666 3835 me.
2729 3781 2900 3848 Deus,
2935 3777 3146 3834 exaudi
3177 3777 3504 3833 orationem

1866 3887 2078 3926 meam.
2122 3871 2270 3925 Psal.
2307 3869 2562 3924 Auribus
2593 3868 2845 3940 percipe.
2881 3867 3087 3923 Oratio.
3120 3865 3508 3936 Omnipotens

1865 3959 2216 4031 sempiterne
2249 3959 2424 4023 Deus,
2442 3961 2573 4023 etc.,
2599 3957 2786 4012 eadem
2805 3971 2931 4027 quae
2954 3957 3013 4010 in
3034 3954 3196 4009 editis
3218 3954 3421 4023 legitur
3447 3953 3511 4006 in

1861 4049 2380 4119 postcommunione.
2419 4045 2608 4100 Lectio
2639 4043 2911 4116 Epistolas.
2943 4043 3096 4099 beati
3140 4041 3304 4097 Pauli
3339 4056 3511 4114 apos-

1867 4137 1968 4193 toli
2029 4137 2100 4192 ad
2159 4135 2554 4191 Timotheum.
2619 4131 3000 4199 Charissime,
3060 4129 3248 4186 ﬁdelis
3316 4145 3510 4187 sermo

1867 4242 2040 4299 usque
2098 4223 2312 4280 smcula
2368 4222 2739 4278 saeculorum.
2799 4226 3005 4278 Amen.
3072 4219 3359 4277 Graduale.
3393 4219 3512 4291 Ego

1869 4316 2021 4370 dixi:
2058 4314 2319 4379 Domine,
2353 4313 2629 4368 miserere
2662 4310 2798 4374 mei,
2833 4327 2979 4366 sana
3009 4308 3267 4365 animam
3299 4324 3514 4376 meam,

1871 4405 2010 4476 quia
2039 4402 2266 4476 peccavi
2285 4401 2630 4456 tibi.Beatus
2655 4400 2754 4472 qui
2779 4398 3053 4471 intelligit
3073 4415 3250 4471 super
3269 4413 3520 4471 egenum

112 4501 286 4549 tuum
314 4494 386 4548 de
406 4497 508 4548 tua
527 4492 928 4548 misericordia
951 4491 1595 4556 conﬁdentem,ccelesti
1629 4508 1759 4563 pro-
1795 4514 1838 4579 D
1874 4500 1929 4548 et
1951 4510 2288 4565 pauperem,
2321 4491 2380 4545 in
2431 4490 2524 4546 die
2561 4489 2715 4545 mala
2743 4487 3014 4545 liberabit
3043 4504 3178 4544 eum
3210 4487 3520 4544 Dominus.

111 4590 284 4655 tegas
315 4582 607 4654 benignus
639 4581 942 4646 auxilio,et
973 4580 1211 4636 assidua
1240 4580 1595 4652 protectione
1624 4597 1760 4636 con-

110 4674 407 4738 serves,ut
430 4670 535 4726 tibi
553 4670 771 4743 jugiter
793 4670 1129 4738 famuletur,
1149 4675 1204 4725 et
1227 4669 1402 4725 nullis
1436 4669 1765 4725 tentationi-

110 4764 231 4817 bus
261 4764 369 4815 ate
401 4765 725 4832 separetur.
758 4760 862 4814 Per
902 4760 1238 4815 Dominum.
1275 4760 1464 4814 Lectio
1495 4758 1763 4831 Epistolis

110 4849 276 4906 beati
301 4847 461 4903 Pauli
477 4847 724 4920 apostoli
755 4849 825 4902 ad
847 4848 1161 4903 Romanos.
1199 4850 1450 4915 Fratres,
1485 4848 1637 4904 sicut
1666 4864 1768 4920 per

112 4938 301 4994 unius
323 4937 929 5008 hominis,etc.,usque
949 4937 1197 4992 Domino
1223 4942 1438 4992 nostro.
1474 4937 1763 4992 tired-uale.

109 5025 360 5083 Salvum
389 5027 478 5082 fac
500 5042 737 5082 servum
759 5029 950 5093 tuum,
986 5026 1229 5081 Domine
1260 5026 1414 5081 Deus
1439 5025 1770 5081 misericors

111 5120 456 5188 sperantem
482 5115 540 5170 in
559 5114 900 5170 te.Auribus
921 5113 1770 5186 percipe,Domine,orationem

110 5220 339 5270 meam,
367 5211 422 5259 et
451 5204 674 5259 clamor
703 5219 871 5259 meus
924 5203 996 5258 ad
1026 5208 1083 5258 te
1111 5203 1423 5274 perveniat.
1459 5203 1775 5274 Sequentia

111 5292 310 5348 sancti
335 5291 633 5364 Evangelii
656 5292 980 5348 secundum
1013 5291 1320 5346 Lucam.ln
1353 5290 1452 5346 illo
1477 5295 1771 5363 tempore:

107 5383 302 5438 Erant
331 5382 898 5453 appropinquantes,
961 5385 1096 5448 etc.,
1158 5397 1329 5452 usque
1378 5380 1773 5452 paenitentiam

109 5475 355 5542 agente.
380 5470 844 5542 0/fertorium.De
867 5469 1174 5542 profundis
1207 5469 1452 5526 clamavi
1471 5469 1542 5524 ad
1563 5474 1638 5538 te,
1672 5471 1780 5527 Do-

113 5558 795 5631 mine,Domine,exaudi
823 5559 1147 5619 orationem
1168 5575 1378 5617 meam.
1395 5557 1631 5620 Secreta.
1647 5561 1782 5620 Sus-

1875 4583 2136 4638 Alleluia.
2162 4579 2427 4645 Domine,
2452 4580 2605 4634 Deus
2626 4577 2836 4634 salutis
2858 4595 3022 4646 meae,
3057 4577 3117 4632 in
3151 4577 3244 4633 die
3277 4575 3524 4633 clamavi

1873 4677 1929 4726 et
1958 4675 2125 4726 nocte
2177 4684 2371 4724 coram
2421 4672 2495 4723 te.
2533 4667 2850 4740 Sequentia
2879 4667 3067 4724 sancti
3101 4665 3400 4738 Evangelii
3433 4679 3526 4720 se-

1876 4760 2138 4815 cundum
2169 4758 2520 4813 Marcum.ln
2553 4756 2651 4812 illo
2681 4760 2979 4829 tempore:
3013 4753 3184 4810 Venit
3215 4755 3286 4810 ad
3317 4754 3522 4809 Jesum

1876 4849 2166 4921 leprosus,
2200 4852 2334 4912 etc.,
2393 4864 2562 4917 usque
2593 4846 2652 4900 in
2684 4845 3088 4901 testimonium
3119 4843 3257 4898 illis.
3299 4842 3522 4912 Oﬁerto-

1879 4940 2102 4994 torium.
2133 4935 2399 5003 Domine,
2433 4935 2643 4990 exaudi
2703 4933 3028 4990 orationem
3087 4946 3301 4996 meam,
3360 4931 3420 4982 et
3459 4927 3520 4982 in

1880 5026 2160 5082 auxilium
2189 5042 2381 5080 meum
2408 5021 3105 5096 respice.Confundantur
3134 5022 3192 5072 et
3219 5031 3522 5072 reverean-

1888 5120 1986 5171 tur
2015 5113 2240 5170 inimici
2273 5113 2406 5178 mei,
2468 5113 2568 5183 qui
2624 5115 2893 5184 quaerunt
2947 5107 3206 5164 animam
3237 5120 3428 5161 meam
3460 5106 3529 5160 ut

1889 5205 2156 5260 auferant
2176 5219 2324 5258 eam.
2346 5202 2576 5258 Secreta.
2593 5200 2850 5268 Placare,
2876 5212 3237 5270 quaesumus,
3260 5193 3528 5262 Domine,

1888 5293 2240 5349 humilitatis
2271 5309 2412 5348 mea
2447 5291 2741 5363 precibus,
2803 5293 2860 5343 et
2887 5286 2986 5342 ubi
3017 5284 3183 5342 nulla
3208 5286 3534 5356 suppetunt

1889 5383 2172 5455 suffragia
2212 5382 2581 5448 meritorum,
2613 5378 2730 5433 tuis
2761 5376 2902 5431 mihi
2939 5391 3220 5434 succurre
3250 5369 3540 5448 praesidiis

1888 5478 2023 5529 Per.
2054 5473 2392 5528 Communia.
2443 5470 2528 5524 Ab
2575 5465 2819 5523 occultis
2850 5464 2998 5521 meis
3031 5469 3260 5526 munda
3285 5475 3403 5527 me,
3432 5458 3545 5514 Do-

1897 5561 2082 5634 mine,
2112 5565 2167 5620 et
2196 5561 2270 5619 ab
2302 5557 2506 5618 alienis
2535 5571 2705 5636 parce
2734 5571 2899 5615 servo
2929 5558 3054 5616 tuo.
3087 5546 3559 5627 Ροδιοοτητηιιπὶο.
