3982 6172
370 297 489 362 913

1559 292 1746 357 SlEC.
1790 292 1869 356 XI
1910 288 2226 356 'MONUM.
2277 286 2586 355 LITUR’Gt

3654 288 3797 353 94,.

372 430 770 502 Sumpsimus,
812 429 1075 499 Domine,
1133 430 1286 486 Deus
1333 429 1541 486 salutis
1571 434 1783 485 nostrae
1817 444 2010 483 sacra-
2043 429 2091 494 Α
2126 433 2308 492 tuam,
2340 430 2398 481 et
2427 425 2730 481 veritatem
2764 428 2924 479 tuam
2956 441 3061 497 per
3089 427 3342 480 noctem.
3394 424 3811 495 Evangel'iwn.-

374 522 573 574 menta
602 519 873 583 cmlestia,
906 524 1137 592 praesta,
1162 534 1527 590 quiesumus,
1563 522 1629 573 ut
1649 534 1850 574 eorum
1886 533 2019 587 par-

377 607 634 679 ticipatio
663 607 809 663 mihi
842 608 1060 662 famulo
1112 612 1212 663 tuo
1242 608 1314 662 ad
1375 611 1716 680 perpetuam
1751 605 2018 678 proﬁciat

379 696 651 753 salutem.
685 700 810 751 Per.

798 803 855 840 IN
886 800 1091 841 VIGILIA
1120 801 1295 841 UNIUS
1325 802 1600 841 APOSTOLI.

426 875 568 946 Ego
597 878 816 944 autem,
848 879 957 930 etc.
986 876 1188 931 Oratio.
1226 876 1397 943 Deus,
1425 874 1525 945 qui
1556 890 1661 929 nos
1690 873 2025 943 beatiapos-

380 963 481 1020 toli
513 964 597 1018 tui
629 964 695 1018 N.
720 962 987 1019 natalitia
1016 963 1270 1036 gloriosa
1298 963 1501 1035 praeire
1522 962 1813 1027 concedis,
1832 961 2022 1015 tribue

382 1053 570 1119 nobis,
603 1068 964 1125 quaesumus,
997 1055 1126 1124 ejus
1156 1069 1387 1124 semper
1416 1056 1473 1108 et
1529 1050 1829 1107 beneficiis
1876 1067 2018 1122 prae-

381 1143 583 1209 veniri,
643 1147 700 1198 et
752 1143 1115 1198 orationibus
1176 1141 1461 1212 adjuvari.
1497 1145 1624 1195 Per.
1668 1140 1861 1195 Lectio
1892 1138 2023 1195 libri

385 1231 712 1304 Sapientiae.
750 1233 961 1287 Beatus
989 1232 1096 1298 vir,
1129 1235 1260 1296 etc.,
1296 1247 1463 1300 usque
1509 1228 1764 1285 Ecclesia
1795 1234 2023 1284 sancto-

386 1339 538 1376 rum.
602 1320 872 1377 Graduale
926 1324 979 1376 et
1029 1334 1211 1375 versus
1262 1328 1322 1373 ut
1377 1321 1437 1373 in
1494 1318 1673 1373 editis.
1709 1316 2027 1388 Sequentia

390 1410 575 1466 sancti
608 1409 905 1481 Evangelii
936 1408 1262 1464 secundum
1287 1407 1593 1463 Joannem.
1630 1407 1688 1460 In
1742 1405 1842 1460 illo
1880 1410 2027 1460 tem-

388 1516 564 1572 pore:
603 1499 757 1554 Dixit
784 1499 959 1554 Jesus
1013 1496 1315 1569 discipulis
1343 1496 1505 1552 suis:
1539 1496 1656 1567 Ego
1715 1512 1847 1549 sum
1893 1493 2026 1548 vitis

382 1605 538 1653 vera,
561 1593 693 1651 etc.,
722 1604 894 1659 usque
915 1586 1246 1659 impleatur.
1283 1587 1633 1658 Oﬂ'crtorium
1663 1588 1723 1638 ut
1756 1585 1815 1637 in
1844 1582 2023 1638 alitis.

383 1681 624 1734 Secreta.
680 1676 1022 1731 Muneribus
1073 1675 1309 1741 nostris,
1369 1688 1729 1746 quazsumus,
1767 1671 2025 1737 Domine,

387 1766 539 1822 beati
573 1764 821 1836 apostoli
840 1765 923 1819 tui
949 1769 1014 1819 N.
1046 1765 1191 1819 festa
1210 1762 1617 1835 praevenimus,
1652 1762 1822 1830 cujus
1852 1760 2023 1815 meri-

386 1854 461 1910 tis
482 1872 587 1927 pro
610 1854 779 1909 nobis
804 1853 907 1909 tibi
928 1856 1092 1926 grata
1123 1853 1457 1908 reddantur.
1492 1855 1618 1905 Per.
1653 1850 1731 1904 Ad
1756 1853 2025 1920 poslcom-

385 1946 722 1999 mum’onem.
750 1942 1035 2015 Sumptis,
1061 1941 1325 2007 Domine,
1342 1939 1675 1995 cmlestibus
1695 1954 2023 1993 sacramen-

386 2031 482 2100 tis,
519 2033 888 2103 majestatem
932 2036 1095 2086 tuam
1129 2030 1473 2102 suppliciter
1502 2029 1906 2100 deprecamur,
1940 2031 2024 2092 ut,

386 2121 776 2177 intercedente
797 2122 963 2176 beato
987 2119 1250 2192 apostolo
1273 2124 1375 2174 tuo
1398 2118 1488 2185 N.,
1504 2119 1660 2189 quod
1691 2115 2028 2188 temporali-

383 2214 472 2266 ter
490 2210 848 2283 gerimus,ad
878 2209 1057 2264 vitam
1089 2207 1393 2280 capiamus
1424 2211 1718 2262 aeternam.
1747 2210 1873 2260 Per.

530 2316 688 2355 MISSA
718 2315 779 2355 IN
803 2316 992 2354 ΝΑΤΑιι
1035 2313 1421 2353 PLURIMORUM
1460 2311 1884 2351 APOSTULORUM.

462 2389 885 2463 lntret.0rgitio.
915 2387 1196 2451 Concede,
1238 2402 1602 2456 quaesumus,
1660 2384 2031 2454 omnipotens

386 2482 560 2547 Deus,
594 2482 658 2532 ut
686 2477 839 2532 sicut
868 2476 1266 2547 apostolorum
1302 2473 1421 2529 NN.
1472 2472 1729 2545 gloriosa
1765 2470 2031 2525 natalitia

385 2566 793 2637 praevenimus,
817 2566 902 2620 sic
925 2564 993 2618 ad
1026 2569 1126 2618 tua
1147 2562 1429 2617 beneﬁcia
1450 2560 1836 2632 promerenda
1856 2560 2032 2627 maje-

385 2658 596 2709 statem
617 2659 780 2708 tuam
804 2669 907 2725 pro
926 2653 1092 2707 nobis
1116 2650 1224 2721 ipsi
1257 2650 1628 2722 przeveniant.
1670 2652 1799 2703 Per.
1837 2646 2030 2701 Lectio

384 2742 650 2814 Epistolas
673 2742 825 2797 beati
850 2741 1014 2795 Pauli
1045 2739 1291 2812 apostoli
1333 2739 1403 2793 ad
1429 2738 1731 2809 Ephesios.
1778 2738 2026 2801 Fratres,

388 2830 704 2902 unicuique
733 2834 1015 2895 vestrum,
1043 2831 1176 2897 etc.,
1198 2843 1368 2899 usque
1389 2826 1753 2899 plenitudine
1794 2823 2027 2880 Christi.

391 2920 681 2975 Graduale.
715 2918 982 2985 Vindice,
1014 2918 1277 2984 Domine,
1311 2916 1660 2988 sanguinem
1694 2919 2027 2970 sanctorum

388 3008 752 3081 tuorum,qui
788 3009 1007 3063 etl‘usus
1036 3011 1144 3062 est.
1176 3010 1501 3062 Posuerunt
1533 3003 1802 3059 mortalia
1839 3019 2030 3059 servo-

391 3116 522 3155 rum
554 3105 790 3155 tuorum
823 3113 986 3153 escas
1024 3095 1357 3152 volatilibus
1390 3094 1540 3157 cceli,
1569 3109 1774 3148 carnes
1802 3097 2030 3148 sancto-

2130 515 2243 587 Ego
2276 532 2406 571 sum
2459 513 2615 568 vitis.
2679 512 3033 585 Offa-torium
3077 516 3295 584 require
3322 516 3486 569 retro.
3536 513 3776 579 Sam,

2128 606 2380 674 Accepta
2398 602 2504 658 tibi
2536 601 2631 669 sit,
2656 601 2920 670 Domine,
2938 605 3150 657 nostra:
3180 600 3510 657 devotiunis
3537 600 3779 672 oblatio,

2133 698 2194 746 ut
2224 693 2293 746 ad
2328 690 2515 747 sancti
2547 690 2615 746 N.
2648 690 2914 763 puriores
2942 706 3047 745 nos
3078 690 3252 745 faciat
3279 691 3476 746 venire
3500 690 3782 748 festivita-

2130 788 2267 836 tem.
2302 787 2428 835 Per.
2463 780 2804 836 Communia.
2835 779 3046 852 Magna
3089 785 3180 835 est
3208 778 3393 853 gloria
3421 779 3484 835 in
3520 777 3779 835 salutari

2133 877 2251 926 tuo.
2310 870 2387 926 Ad
2456 871 3034 941 postoommunio-nem.
3099 872 3317 925 Praesta
3375 869 3571 938 nobis,
3628 873 3783 925 Deus

2130 966 2342 1015 aeterne
2369 958 2629 1031 largitor,
2660 959 2791 1029 ejus
2824 958 3040 1029 ubique
3069 958 3165 1031 pia
3195 958 3416 1031 protegi
3452 958 3779 1026 devotione,

2132 1048 2301 1119 cujus
2333 1047 2594 1103 natalitia
2620 1064 2724 1119 per
2767 1046 2889 1102 haec
2940 1052 3162 1115 sancta,
3195 1064 3326 1119 quae
3387 1047 3781 1119 sumpsimus,

2132 1138 2320 1192 votivo
2350 1136 2738 1208 przevenimus
2762 1136 3065 1208 obsequio.
3101 1140 3226 1192 Per.

2419 1243 2584 1280 MISSA
2627 1242 2685 1281 IN
2727 1242 2926 1281 NATALI
2970 1241 3149 1281 UNIUS
3187 1240 3493 1282 ΜΑιιτγῐιιε.

2206 1314 2537 1381 Laetabitur,
2571 1319 2704 1379 etc.,
2736 1319 2799 1369 ut
2822 1315 2882 1369 in
2907 1314 3088 1370 editis.
3123 1314 3327 1371 Oratio.
3380 1314 3620 1371 Votivos
3648 1332 3782 1372 nos.

2135 1421 2495 1477 quazsumus,
2530 1403 2685 1459 beati
2717 1403 2783 1459 N.
2837 1404 3112 1476 martyris
3140 1405 3223 1460 tui
3283 1403 3496 1460 natalis
3549 1420 3789 1478 semper

2134 1495 2402 1566 excipiat,
2438 1493 2535 1564 qui
2565 1493 3075 1562 etjucunditatem
3106 1493 3275 1549 nobis
3319 1510 3437 1549 sum
3487 1492 3788 1567 glorifica-

2136 1583 2311 1637 tionis
2345 1583 2633 1647 infundat,
2695 1587 2752 1637 et
2780 1582 2887 1637 tibi
2931 1598 3037 1637 nos
3071 1582 3273 1637 reddat
3332 1586 3618 1655 acceptos.
3650 1586 3785 1638 *Per.

2140 1672 2325 1727 Lectio
2384 1670 2516 1725 libri
2585 1670 2910 1742 Sapientiae.
2985 1671 3222 1726 Justum
3299 1670 3538 1726 deduxit
3588 1671 3788 1727 Domi-

2136 1778 2249 1815 nus
2279 1765 2412 1823 etc.,
2455 1776 2622 1830 usque
2678 1760 2832 1816 Deus
2890 1765 3106 1815 noster.
3168 1759 3454 1826 Graduale,
3505 1760 3786 1830 Posuisti,

2137 1850 2398 1915 Domine,
2458 1865 2634 1920 super
2690 1854 2866 1921 caput
2918 1850 3049 1919 ejus
3125 1864 3399 1905 coronam
3459 1849 3536 1904 de
3592 1847 3787 1923 lapide

2139 1939 2409 2010 pretioso.
2444 1938 2810 1992 Dcsiderium
2870 1938 3077 1992 anime
3135 1939 3264 2008 ejus
3317 1936 3576 1992 tribuisti
3622 1938 3702 2004 ei,
3734 1944 3791 1993 et

2136 2028 2430 2083 voluntate
2452 2026 2738 2081 labici-um
2754 2028 2880 2096 ejus
2911 2043 3026 2081 non
3042 2025 3324 2081 fraudasti
3337 2042 3492 2081 eum.
3509 2026 3789 2082 Alleluia.

2140 2116 2453 2171 Laetabitur
2483 2116 2676 2185 iustus
2710 2115 2769 2169 in
2819 2115 3082 2176 Domino.
3127 2119 3185 2170 et
3231 2115 3491 2187 sperabit
3518 2115 3577 2177 in
3608 2131 3703 2183 eo,
3737 2120 3795 2171 et

2136 2205 2535 2260 laudabuntur
2565 2220 2767 2259 omnes
2798 2203 2939 2259 recti
2999 2204 3189 2259 corde.
3251 2203 3566 2275 Sequentia
3596 2208 3789 2274 sancti

2139 2293 2431 2366 Evangelii
2454 2294 2778 2348 secundum
2814 2293 3048 2347 Lucem.
3083 2294 3147 2347 1n
3179 2292 3276 2349 illo
3307 2298 3568 2364 tempore
3593 2310 3607 2348 :
3631 2292 3789 2348 Dixit

2136 2383 2308 2438 Jesus
2341 2380 2648 2454 discipulis
2680 2381 2804 2436 suis
2830 2366 2919 2437 :Si
2951 2381 3102 2453 quis,
3126 2386 3445 2454 etc.,usque
3469 2381 3790 2437 essedisci-

2140 2470 2336 2544 pulus.
2371 2471 2738 2541 Oﬂ'ertorium,
2788 2474 3013 2537 secreta,
3074 2472 3383 2525 communio
3411 2473 3467 2525 et
3517 2478 3790 2542 postcom-

2138 2562 2350 2625 munia,
2383 2567 2443 2613 ut
2474 2561 2533 2612 in
2562 2558 2742 2612 editis.

2346 2664 2516 2701 MISSA
2555 2661 2734 2701 UNIUS
2775 2661 3063 2702 MARTYRIS
3102 2663 3217 2702 NON
3259 2662 3597 2702 Ροκτιιιπιοῐεε

2209 2736 2414 2795 Justus
2444 2750 2560 2790 non
2595 2735 3062 2803 conturbabitur,
3094 2735 3231 2807 quia
3262 2735 3544 2791 Dominus
3591 2734 3793 2792 ﬁrmat

2143 2841 2354 2881 manus
2397 2826 2545 2901 ejus,
2606 2828 2725 2880 tota
2756 2825 2850 2879 die
2905 2824 3219 2880 miseretur
3247 2829 3304 2879 et
3351 2825 3801 2891 oommodat,-et

2142 2930 2338 2969 semen
2371 2914 2498 2984 ejus
2529 2914 2587 2968 in
2620 2913 3022 2969 benedictione
3067 2913 3197 2978 erit,
3232 2912 3289 2967 in
3339 2917 3622 2968 aeternum
3651 2929 3795 2969 conv-

2141 3003 2484 3058 servabitur.
2529 3002 2681 3057 Paul.
2742 3000 2869 3056 Noli
2923 3000 3203 3057 aemulari.
3239 3002 3444 3058 Oratio.
3478 3001 3655 3067 Deus,
3691 3000 3795 3073 qui

2143 3108 2249 3147 nos
2276 3091 2343 3146 N.
2377 3091 2651 3163 martyris
2679 3094 2737 3144 et
2766 3089 3179 3146 intercessione
3210 3089 3491 3155 laetiﬁcas,
3542 3091 3800 3145 concede

392 3206 524 3244 rum
556 3193 790 3243 tuorum
817 3185 1017 3241 bestiis
1046 3189 1234 3240 terrae.
1267 3183 1588 3255 Sequentia
1616 3181 1805 3237 sancti
1845 3181 2027 3236 Evan-
2060 3165 2102 3231 C
2140 3180 2448 3252 propitius,
2482 3186 2545 3234 ut
2574 3178 2673 3251 qui
2704 3179 2834 3250 ejus
2863 3178 3145 3234 beneficia
3174 3179 3803 3250 poscimus,donotua:

391 3276 525 3351 gelii
547 3276 871 3332 secundum
896 3274 1254 3329 Matthzeum.
1280 3273 1341 3328 ln
1375 3271 1473 3327 illo
1495 3277 1757 3343 tempore
1782 3268 2032 3326 :Circui-

392 3368 493 3422 bat
528 3366 719 3431 Jesus,
777 3370 910 3429 etc.,
968 3380 1137 3435 usque
1188 3362 1375 3435 gratis
1433 3362 1585 3416 date.
1648 3360 2029 3431 Offertorium.

391 3455 779 3511 Exsultabunt
807 3452 993 3509 sancti
1026 3452 1086 3507 in
1116 3449 1321 3524 gloria,
1350 3449 1706 3504 laetabuntur
1737 3447 1794 3502 in
1831 3444 2036 3503 cubili-

391 3547 504 3602 bus
561 3544 706 3610 suis,
761 3540 1137 3598 exaltationes
1198 3539 1297 3595 Dei
1352 3538 1409 3593 in
1484 3537 1750 3592 faucibus
1804 3552 2027 3591 eorum.

390 3630 998 3690 Secreta.-Muneribus
1056 3628 1272 3684 nostris
1331 3625 1727 3698 apostolorum
1768 3628 2027 3690 tuorum,

388 3722 653 3787 Domine,
675 3721 825 3776 festa
846 3718 1142 3791 praeimus,
1177 3715 1476 3771 humiliter
1503 3713 1908 3787 implorantes,
1940 3717 2028 3781 ut,

386 3829 515 3885 qua;
547 3808 913 3866 conscientiae
961 3811 1173 3863 nostrae
1212 3804 1651 3877 praepediuntur
1681 3801 2025 3868 obstaculis,

383 3902 616 3960 illorum
646 3899 872 3955 meritis
903 3898 1007 3953 tibi
1041 3900 1207 3970 grata
1239 3895 1576 3950 reddantur.
1611 3897 1735 3948 Per.
1773 3892 2025 3947 Commu-

380 3994 494 4048 nia.
525 3992 827 4047 Justorum
860 3985 1066 4043 animm
1126 3986 1185 4039 in
1244 4000 1421 4039 manu
1484 3981 1585 4038 Dei
1632 3986 1790 4048 sunt,
1820 3985 1877 4036 et
1905 3996 2021 4035 non

383 4085 581 4154 tanget
610 4080 743 4135 illos
771 4080 1130 4133 tormentum
1162 4073 1429 4129 malitiae-
1454 4070 1576 4126 Visi
1635 4075 1775 4126 sunt
1815 4068 2023 4137 oculis,

384 4177 494 4228 etc.
529 4169 605 4224 Ad
629 4167 1184 4241 poslcommunionem
1214 4161 1501 4233 Sumptis,
1535 4159 1797 4225 Domine,
1825 4157 2024 4213 coeles-

383 4261 541 4315 tibus
598 4255 1002 4320 sacramentis,
1052 4253 1421 4323 majestatem
1481 4254 1646 4304 tuam
1676 4247 2025 4319 suppliciter

383 4349 782 4418 deprecamur,
819 4347 901 4408 ut,
942 4339 1439 4396 intercedentibus
1495 4337 1682 4392 beatis
1738 4335 2023 4407 apostolis

384 4434 504 4490 tuis
524 4433 667 4501 NN.,
703 4433 855 4503 quod
892 4427 1289 4501 temporaliter
1313 4426 1595 4499 gerimus,
1630 4425 1700 4480 ad
1718 4424 1900 4479 vitam
1929 4441 2021 4480 ca-

383 4522 620 4596 piamus
651 4525 947 4576 (sternam.
974 4522 1098 4572 Per.

552 4626 717 4665 MlS’SA
748 4626 801 4663 IN
834 4623 1033 4663 ντοιιιΑ
1065 4619 1532 4667 UNIUSCUJUSQUE
1559 4619 1854 4659 VOLUERIS.

453 4702 571 4774 Ego
629 4703 824 4755 autem
874 4697 1030 4752 sicut
1057 4693 1209 4750 oliva
1240 4693 1580 4749 fructiticavi
1613 4692 1671 4746 in
1704 4693 1877 4747 domo
1910 4691 2022 4747 Do-

380 4790 546 4857 mini,
604 4786 831 4862 speravi
889 4786 947 4840 in
1010 4783 1409 4840 misericordia
1467 4782 1562 4838 Dei
1594 4780 1730 4850 mei,
1763 4785 1820 4838 et
1849 4797 2020 4853 expe-

380 4880 546 4936 ctabo
577 4894 784 4934 nomen
816 4880 1006 4942 tuum,
1037 4873 1315 4946 quoniam
1348 4873 1565 4928 bonum
1598 4875 1686 4927 est
1707 4876 1842 4927 ante
1860 4887 2023 4927 cons-

377 4975 610 5041 pectum
634 4971 981 5023 saneturum
1010 4969 1266 5019 tuorum.
1305 4962 1450 5016 Psnl.
1487 4960 1634 5025 Quid
1696 4958 1964 5032 gloriaris
1992 4960 2021 5014 ?

380 5059 583 5115 Oratio.
645 5057 906 5113 Concede
965 5053 1151 5119 nobis,
1216 5068 1575 5124 qumsumus,
1650 5050 2019 5121 omnipotens

378 5146 551 5217 Deus,
584 5152 888 5202 venturam
931 5143 1081 5198 beati
1142 5142 1206 5197 Ν.
1267 5139 1701 5196 solemnitatem
1763 5152 2019 5210 congruo

380 5237 690 5307 przevenire
771 5236 1011 5298 honore,
1089 5230 1414 5286 venientem
1485 5229 1669 5301 digna
1724 5227 2019 5283 celebrare

376 5323 764 5379 veneratione.
792 5328 918 5378 Per.
944 5321 1133 5377 Lectio
1154 5319 1285 5375 libri
1318 5317 1641 5389 Sapientiae.
1694 5315 2018 5372 Benedictio

378 5410 635 5478 Domini,
664 5416 799 5477 etc.,
830 5427 1001 5482 usque
1055 5427 1269 5466 corona
1328 5406 1542 5481 gloriae.
1577 5405 1866 5462 Graduale.
1913 5405 2016 5460 Ju-

377 5503 505 5554 stus
536 5502 601 5552 ut
630 5498 825 5570 palma
853 5500 1081 5554 florebit
1136 5498 1291 5554 sicut
1321 5496 1528 5551 cedrus
1580 5494 1785 5549 Libani
1815 5493 2016 5549 multi-

377 5585 707 5667 plicabitur.
742 5587 823 5645 Ad
854 5587 1319 5647 annuntiandam
1348 5600 1521 5643 mane
1551 5582 2031 5643 misericordiam-

2142 3269 2338 3342 gratiaa
2370 3284 2819 3340 consequamur.
2872 3272 2999 3323 Per.
3042 3268 3237 3323 Lectio
3284 3267 3417 3322 libri
3467 3266 3800 3339 Sapientia,

2144 3362 2356 3413 Beatus
2413 3358 2520 3424 vir,
2574 3362 2710 3424 etc.,
2761 3373 2930 3427 usque
2987 3355 3139 3412 Deus
3211 3360 3426 3411 noster.
3493 3355 3790 3422 Posuisti,

2141 3446 2404 3502 Domine.
2438 3445 2825 3501 Desiderium.
2857 3445 3117 3500 Alleluia.
3153 3443 3425 3500 Posuisti.
3468 3443 3789 3515 Sequentia

2140 3534 2328 3590 sancti
2358 3532 2652 3607 Evangelii
2685 3533 3011 3589 secundum
3029 3532 3265 3589 Lucam.
3305 3530 3792 3604 Inillotempore:

2142 3623 2293 3680 Dixit
2319 3623 2602 3679 Dominus
2632 3623 2805 3678 Josus
2837 3620 3143 3693 discipulis
3174 3621 3419 3678 suis:Si
3476 3621 3788 3693 quis-vult,

2136 3729 2306 3784 usque
2361 3729 2606 3784 regnum
2666 3711 2789 3767 Dei.
2852 3712 3230 3783 Offerlorium.
3274 3711 3341 3765 In
3399 3710 3611 3767 virtute
3662 3714 3788 3782 tua,

2137 3802 2404 3866 Domine,
2458 3800 2749 3856 laetabitur
2797 3801 3021 3871 justus,
3080 3803 3216 3866 etc.,
3291 3813 3463 3869 usque
3518 3797 3789 3865 Domine,

2136 3891 2365 3947 Secreta.
2403 3890 2666 3955 Munera,
2699 3889 2962 3954 Domine,
3015 3886 3212 3943 oblata
3243 3887 3562 3954 sanctifica,
3598 3890 3671 3941 et
3700 3886 3793 3941 in-

2134 3980 2462 4035 tercedente
2515 3978 2683 4034 beato
2715 3977 2784 4032 N.
2847 3980 3099 4048 martyre
3142 3964 3278 4043 tuo,
3340 3992 3449 4031 nos
3480 3990 3582 4047 per
3604 3973 3729 4030 haec
3762 3991 3799 4030 a

2134 4072 2504 4141 peccatorum
2538 4071 2869 4121 nostrorum
2902 4064 3450 4120 maculisemunda.
3482 4067 3607 4120 Per.
3636 4062 3797 4119 Com-

2133 4158 2342 4212 munia.
2378 4156 2588 4228 Magna
2616 4158 2707 4211 est
2736 4154 2923 4227 gloria
2948 4153 3078 4225 ejus
3132 4152 3191 4207 in
3218 4151 3485 4209 saluta-ri.
3536 4151 3617 4207 Ad
3644 4156 3793 4223 post-

2131 4247 2588 4302 communionem.
2618 4242 3015 4316 Sumpsimus,
3040 4241 3303 4311 Domine,
3333 4241 3394 4296 in
3425 4240 3611 4298 sancti
3636 4255 3796 4296 mar—

2133 4335 2277 4408 tyris
2309 4334 2394 4390 tui
2426 4334 2494 4389 N.
2524 4332 2898 4389 solemnitate
2927 4329 3188 4387 coelestia
3217 4333 3607 4397 sacramenta,
3628 4329 3789 4399 eius,

2133 4440 2474 4496 quaesumus
2506 4421 2921 4479 intercessione
2962 4417 3541 4492 largiaris,41t-quod
3560 4423 3819 4490 temper

2056 4532 2102 4596 ι)
2134 4512 2332 4570 raliter
2360 4513 2643 4585 gerimus,
2674 4510 2906 4566 aeternis
2927 4508 3161 4582 gaudiis
3175 4522 3628 4581 consequamur.
3650 4512 3793 4565 Per.

2306 4618 2476 4658 MIBSA
2517 4619 2573 4657 IN
2612 4616 2812 4657 NATALI
2853 4614 3239 4654 PLURIMOBUM
3281 4613 3625 4654 MARWRUM.

2205 4691 2564 4764 Sapientiam
2595 4693 2956 4753 sanctorum,
2990 4692 3100 4743 etc.
3128 4688 3279 4743 Paul.
3313 4685 3591 4753 Gaudete,
3609 4685 3792 4756 justi.

2132 4782 2343 4840 Oratio.
2373 4780 2681 4835 Beatorum
2712 4781 3034 4849 martyrum
3058 4780 3296 4833 tuorum
3327 4776 3393 4831 N.
3429 4774 3497 4830 N.
3522 4773 3797 4830 natalitia

2129 4868 2477 4931 veneranda,
2507 4883 2875 4940 quaesumus,
2905 4866 3166 4933 Domine,
3182 4863 3441 4920 Ecclesia
3457 4867 3558 4919 tua
3577 4863 3797 4918 devota

2130 4957 2432 5029 suscipiat.
2466 4961 2526 5011 et
2555 4956 2655 5011 fiat
2686 4970 2912 5028 magna
2935 4953 3378 5026 glorificationis
3407 4968 3607 5008 amore
3623 4952 3808 5007 devov

2132 5049 2261 5103 tior.
2298 5052 2422 5102 Per.
2450 5046 2638 5101 Lectio
2655 5044 2788 5099 libri
2810 5043 3142 5115 Sapientiae.
3164 5042 3390 5114 Lingua
3406 5039 3791 5112 sapientium,

2128 5140 2260 5203 etc.,
2294 5150 2466 5206 usque
2492 5151 2526 5190 a
2558 5133 2821 5189 Domino.
2852 5131 3139 5188 Graduale.
3173 5129 3568 5188 Exsultabunt
3594 5129 3787 5185 sancti

2128 5226 2187 5279 in
2217 5224 2422 5296 gloria,
2457 5223 2813 5278 laetabuntur
2839 5220 2899 5277 in
2932 5220 3387 5277 cubilibussuis.
3418 5218 3794 5276 CantateBo-

2127 5315 2287 5369 mino
2318 5313 2610 5368 canticum
2640 5328 2855 5367 novum
2895 5309 3164 5382 lausejus
3195 5308 3541 5365 inIEoelesia
3557 5311 3796 5364 saneto-

2129 5420 2279 5459 rum.
2313 5402 2571 5458 Alleluia.
2603 5401 2797 5458 Sancti
2849 5400 2954 5467 tui,
3000 5400 3265 5467 Domine,
3313 5397 3607 5455 ﬂorebunt
3631 5396 3795 5453 sicut

2126 5492 2339 5558 lilium,
2370 5495 2427 5547 et
2454 5490 2610 5548 sicut
2626 5490 2769 5547 odor
2796 5488 3237 5546 balsamierunt
3259 5492 3400 5543 ante
3423 5491 3501 5542 te.
3522 5485 3796 5557 Sequen-

2124 5582 2208 5641 tia
2234 5581 2424 5641 sancti
2458 5578 2767 5658 Evangelii
2794 5579 3126 5641 secundum
3180 5576 3541 5639 Matthaum.
3583 5571 3813 5639 tit-illo:
