3968 6126
406 291 524 357 947

1593 294 1783 361 ελΕϐ.
1829 296 1912 360 ΧῙ
1953 291 2268 358 MONUM.
2313 293 2622 359 LITURG.

3350 236 3359 259 θ

3692 279 3828 345 918

402 441 544 499 geas
571 429 629 482 et
657 425 979 501 abstergas.
1012 434 1121 485 Per
1144 430 1372 487 Secreta.
1406 432 1535 487 Haec
1583 448 1846 495 munera,
1891 446 2034 502 quae
2074 426 2130 495 Α
2158 429 2548 495 sacerdotum,
2596 427 2975 483 diaconorum
3022 426 3080 480 et
3132 420 3399 479 omnium
3455 416 3823 475 clericorum

399 514 1036 590 sumus,Domine,quze
1066 519 1173 573 tibi
1207 537 1309 591 pro
1348 519 1659 575 animabus
1692 518 2047 575 famulorum

397 602 875 676 famularumque
896 610 1131 663 tuarum
1147 608 1726 681 oﬂ'erimus,quorum
1740 608 1935 664 obitus
1958 606 2050 663 sui

399 691 554 749 diem
584 695 1409 769 commemoramus,placatus
1431 697 1755 765 intende,ut
1776 697 2051 753 remediis

400 784 659 856 purgata:
689 781 1025 840 omlestibus
1058 785 1116 841 in
1146 788 1249 841 tua
1277 786 1493 858 pietate
1536 786 1927 859 requiescant.
1973 785 2052 841 Ad

402 871 1208 944 communionemPropitiare,
1233 874 1500 942 Domine,
1524 874 2053 947 supplicationibus

402 958 623 1015 nostris
652 962 710 1015 et
738 958 966 1015 animas
994 960 1353 1017 famulorum
1401 962 1872 1035 famularumque
1918 968 2052 1018 tua-

401 1063 535 1103 rum
565 1047 626 1103 in
651 1048 876 1121 gremio
907 1050 1250 1120 patriarchae
1278 1051 1464 1106 nostri
1496 1051 1738 1107 Abrahae
1773 1050 2054 1107 collocare

401 1134 663 1209 dignare,
693 1140 758 1192 ut
785 1137 1231 1194 resurrectionis
1261 1140 1414 1195 diem
1449 1156 1582 1195 cum
1617 1139 1911 1212 refrigerio
1941 1145 2052 1195 tuas

400 1224 783 1282 beatitudinis
813 1231 1168 1299 exspectent.
1204 1228 1326 1284 Per.

804 1333 933 1370 ALIA
970 1333 1134 1372 MISSA
1174 1335 1284 1373 PRO
1323 1335 1653 1375 DEFUNCTIS.

477 1404 680 1461 Oratio.
713 1407 1080 1475 Quaesumus,
1114 1407 1377 1476 Domine,
1411 1418 1470 1464 ut
1517 1412 1575 1464 in
1605 1410 1784 1465 editis.
1816 1405 2052 1469 Secreta.

406 1494 639 1559 Adesto,
686 1510 1049 1566 quaesumus,
1083 1496 1347 1564 Domine,
1382 1499 1911 1571 supplicationibus
1953 1518 2055 1557 no-

410 1582 634 1649 stris,et
661 1582 810 1638 hanc
842 1582 1221 1651 oblationem,
1259 1602 1444 1657 quam
1497 1588 1602 1643 tibi
1652 1590 1951 1646 offerimus
1984 1591 2056 1645 ob

410 1669 566 1725 diem
597 1670 982 1742 depositionis
1014 1689 1117 1744 pro
1148 1673 1458 1731 animabus
1488 1677 1845 1733 famulorum
1865 1679 2057 1735 famu-

2157 521 2379 574 aeterna:
2405 516 2785 573 beatitudinis
2807 514 3053 587 gloriam
3086 512 3540 582 consequantur.
3572 506 3701 563 Per.

2660 639 2821 677 MISSA
2863 637 2969 676 ΡΙὶο
3008 634 3321 674 EPISCOPIS.

2233 732 2432 787 Oratio.
2466 730 2701 796 Praesta,
2750 742 3116 799 quaesumus,
3171 721 3438 789 Domine,
3494 724 3558 775 ut
3615 718 3826 774 anima

2160 820 2518 876 famulorum
2551 823 2788 873 tuorum
2817 814 3247 888 episcoporum,
3282 827 3431 884 quos
3471 809 3532 864 in
3562 808 3671 864 hoc
3700 825 3820 864 sae-

2160 910 2292 966 culo
2342 910 2770 964 commorantes
2802 903 2984 960 sacris
3024 900 3368 956 muneribus
3421 895 3708 953 decorasti
3758 896 3821 950 in

2161 998 2413 1056 caelestis
2444 997 2578 1053 sede
2610 994 2875 1068 gloriosae
2894 1007 3126 1063 semper
3143 987 3423 1045 exultent.
3447 985 3817 1042 Per.Secreta.

2162 1093 2292 1143 Haec
2324 1085 2557 1151 oblatio,
2590 1082 2859 1149 Domine,
2890 1095 3230 1152 quaesumus
3262 1080 3327 1132 ut
3366 1074 3594 1131 animas
3623 1074 3817 1129 famu-

2162 1178 2353 1233 lorum
2383 1179 2620 1230 tuorum
2651 1173 3062 1245 episcoporum
3093 1168 3165 1223 ab
3197 1165 3474 1223 omnibus
3502 1162 3819 1232 vitiiscon-

2163 1265 2402 1322 ditionis
2459 1264 2730 1319 humanae
2794 1257 3078 1315 absolvat.
3158 1256 3282 1311 Per.
3356 1253 3815 1309 Postcommunio.

2165 1356 2395 1422 Praesta,
2439 1366 2801 1425 quaesumus,
2850 1346 3221 1419 omnipotens
3270 1344 3423 1399 Deus
3473 1344 3538 1397 ut
3586 1341 3817 1396 animas

2165 1443 2518 1500 famulorum
2549 1445 2784 1495 tuorum
2834 1438 3244 1509 episcoporum
3276 1432 3336 1487 in
3367 1429 3815 1503 congregatione

2156 1522 2457 1606 justorum
2476 1533 2699 1586 aeternae
2715 1523 3097 1584 beatitudinis
3111 1522 3323 1595 jubeas
3344 1536 3471 1576 esse
3494 1521 3814 1575 consortes.

2165 1625 2291 1678 Per.

2644 1721 2806 1762 MISSA
2848 1720 2955 1759 PRO
2995 1716 3332 1758 SACERDOTE.

409 1756 969 1867 lprumquetuarum
988 1758 1253 1867 placatus
1273 1779 1340 1867 ac
1358 1763 1645 1867 benignus
1667 1769 2054 1867 assumePer.
2088 1795 2134 1861 Β
2240 1800 2447 1856 omn-0.
2482 1756 2806 1867 [κυεῖ-ξιξ
2832 1756 3401 1862 ίξιξέιιήαροειοῆοοε,
3436 1788 3543 1841 etc.
3579 1784 3813 1840 Secreta.

409 1845 492 1902 Ad
536 1848 988 1903 communionem.
1024 1850 1227 1905 Oratio.
1276 1853 1659 1926 Omnipotens
1708 1858 2061 1928 sempiterne

410 1933 871 2006 Dous,collocare
900 1937 1142 2010 dignare
1171 1939 1400 1996 animas
1431 1943 1787 2000 famulorum
1813 1946 2058 2002 famula-

414 2038 664 2095 rumque
694 2027 927 2080 tuarum
963 2043 1213 2099 quorum
1244 2030 1400 2085 diem
1434 2032 1627 2088 obitus
1659 2033 1750 2088 sui
1800 2051 2061 2091 comme-

414 2127 736 2179 moramus,
767 2112 826 2168 in
854 2114 988 2169 sinu
1017 2116 1281 2185 Abraba,
1316 2118 1474 2175 Isaac
1499 2124 1555 2175 et
1581 2122 1782 2188 Jacob,
1817 2128 1880 2179 ut
1926 2141 2060 2180 cum

416 2199 542 2256 dies
570 2201 887 2274 agnitionis
913 2207 1026 2258 tua:
1057 2205 1357 2262 advenerit
1402 2208 1553 2265 inter
1596 2216 1828 2267 sanctos
1862 2217 1917 2268 et
1949 2213 2061 2269 ele-

418 2291 544 2344 ctos
562 2292 697 2346 tuos
727 2306 827 2347 eos
849 2293 1183 2349 resuscitari
1204 2296 1527 2369 praecipias.
1560 2299 1684 2355 Per.
1718 2302 1840 2356 Alia
1871 2304 2063 2358 oratio.

416 2379 570 2433 Deus
619 2378 715 2434 cui
761 2378 869 2435 soli
917 2381 1146 2453 adjacet
1190 2385 1554 2442 medecinam
1614 2394 1887 2460 praestare
1936 2395 2067 2462 post

418 2469 688 2538 mortem,
718 2467 932 2537 tribue,
965 2486 1330 2542 quaesumus,
1361 2479 1426 2530 ut
1455 2476 1662 2532 animae
1709 2478 2064 2534 famulorum

418 2553 898 2629 famularumque
928 2554 1177 2615 tuarum
1190 2563 1436 2619 terrenis
1468 2570 1649 2620 exutae
1683 2567 1967 2640 contagiis
2005 2567 2066 2624 in

414 2645 530 2700 tum
560 2643 980 2718 redemptionis
1010 2665 1251 2706 munere
1280 2650 1621 2725 glorientur.
1656 2655 1780 2710 Per.

875 2753 1043 2792 MISSA
1080 2755 1140 2793 IN
1177 2752 1609 2798 ANNIVERSARIO.

498 2820 703 2878 Oratio.
735 2826 888 2880 Deus
921 2823 1583 2899 indulgentiarum,etc.,
1617 2849 1786 2905 usque
1827 2835 1897 2889 ad
1924 2851 2067 2891 com-

429 2911 764 2967 munionem.
787 2916 1246 2971 Postcommum‘o.
1280 2918 1542 2991 Suscipe,
1575 2921 1837 2991 Domine,
1872 2940 2071 2995 preces

428 3001 660 3056 nostras
689 3016 794 3073 pro
832 3001 1145 3059 animabus
1193 3005 1548 3063 famulorum
1597 3010 2071 3085 famularumque

427 3089 686 3158 tuarum,
720 3105 968 3162 quorum
1000 3092 1155 3149 diem
1192 3096 1657 3154 anniversarium
1707 3099 1878 3158 hodie
1926 3102 2071 3159 cele-

430 3175 765 3247 bramus,ut
792 3178 841 3235 si
874 3196 1001 3252 quae
1033 3182 1118 3238 eis
1149 3184 1389 3239 macula:
1416 3186 1487 3241 de
1510 3190 1758 3244 terrenis
1789 3191 2073 3264 contagiis

432 3264 827 3338 adbzeserunt,
861 3270 1227 3328 remissionis
1255 3275 1367 3329 tua:
1400 3274 1799 3334 misericordia
1844 3279 2076 3337 delean-

431 3357 549 3411 tur.
580 3355 707 3413 Per.

804 3459 926 3502 ALIA
968 3464 1131 3504 MISSA
1171 3466 1229 3505 IN
1266 3469 1701 3511 ANNIVERSARIO.

504 3530 709 3588 Oratio.
743 3532 978 3602 Praesta,
1011 3553 1370 3608 quaesumus.
1403 3542 1633 3599 Secreta.
1669 3545 1929 3614 Munera,
1965 3546 2075 3604 Do-

431 3618 609 3687 mine,
641 3619 835 3678 oblata
884 3625 1204 3696 sanctiﬁca,
1252 3633 1309 3683 et
1360 3631 1672 3689 animabus
1719 3634 2074 3693 famulorum

428 3705 901 3782 famularumque
929 3716 1165 3770 tuarum
1197 3734 1231 3771 a
1261 3722 1629 3788 peccatorum
1661 3740 1905 3780 suorum
1949 3743 2075 3783 ma-

429 3793 579 3852 culis
606 3799 865 3856 emunda
892 3804 955 3856 et
976 3808 1265 3875 perpetuae
1297 3806 1425 3862 vitae
1471 3809 1560 3865 fac
1608 3827 1706 3867 eas
1737 3829 1865 3869 esse
1894 3816 2074 3887 parti-

426 3883 603 3976 cipes.
640 3886 762 3943 Per.
793 3894 1253 3967 Postcommunio.
1293 3895 1533 3966 Inclina,
1588 3899 1853 3968 Domine,
1888 3883 2071 3976 preci-

425 3972 595 4031 cibus
625 3976 843 4035 nostris
871 3996 1041 4037 aures
1072 3982 1328 4055 pietatis,
1360 3990 1417 4041 et
1462 3988 1773 4047 animabus
1822 3972 2071 4050 famulo-

426 4079 559 4119 rum
608 4063 1080 4143 famularumque
1127 4077 1384 4140 tuarum,
1434 4093 1684 4148 quorum
1736 4082 2070 4138 anniversa-

425 4151 650 4210 sarium
702 4155 875 4213 hodie
922 4175 1472 4231 commemoramus,
1505 4167 1911 4225 remissionem
1952 4188 2072 4227 om-

425 4239 590 4297 nium
621 4242 813 4301 tribue
842 4254 1232 4320 peccatorum,
1265 4257 1330 4307 ut
1360 4271 1547 4325 usque
1595 4257 1665 4311 ad
1695 4260 2066 4315 resurrectio-

427 4329 519 4384 nis
551 4329 705 4387 diem
735 4332 795 4388 in
826 4332 975 4392 lucis
1009 4339 1342 4396 ammnitate
1373 4343 1762 4414 requiescant.
1800 4347 1924 4402 Per.

706 4435 875 4476 MISSA
913 4439 1023 4479 PRO
1060 4442 1348 4483 EPISCOPIS
1388 4447 1454 4485 ΕΤ
1490 4448 1762 4489 CLERICIS.

496 4505 701 4595 Oratio.
734 4507 1014 4579 Concede,
1062 4530 1422 4587 quaesumus,
1469 4521 1843 4593 omnipotens
1892 4525 2064 4595 Deus,
2098 4527 2143 4592 Β

421 4592 733 4653 animabus
764 4596 1119 4658 famulorum
1149 4607 1386 4661 tuorum
1415 4592 1846 4683 episcoporum,
1877 4592 2064 4671 sacer;

422 4683 628 4740 dotum
659 4688 717 4741 et
745 4685 1145 4758 diaconorum,
1178 4698 1237 4748 et
1266 4696 1532 4752 omnium
1564 4699 1907 4758 clericorum
1937 4703 2063 4759 feli-

420 4772 613 4831 citatis
642 4778 869 4833 eternze
899 4781 1507 4855 consortium,quibus
1540 4786 1772 4844 donasti
1806 4793 1952 4847 sacri
1988 4792 2067 4848 al-

418 4862 564 4920 taris
592 4864 678 4920 tui
709 4869 985 4940 consequi
1021 4871 1388 4943 mysterium.
1435 4874 1666 4932 Secreta.
1725 4879 2064 4951 Propitiare,

418 4951 687 5022 Domine,
717 4955 1245 5029 supplicationibus
1277 4961 1513 5031 nostris,
1548 4970 1605 5020 et
1633 4967 1945 5024 animabus
1978 4970 2066 5024 fa-

417 5040 713 5098 mulorum
743 5047 979 5100 tuorum
1012 5047 1440 5121 episcoporum,
1472 5055 2062 5123 sacerdotum,diaco-

415 5145 626 5187 norum
656 5135 714 5188 et
740 5134 1005 5189 omnium
1040 5136 1515 5212 clericorum,pro
1547 5143 1763 5214 quibus
1794 5146 1897 5200 tibi
1933 5147 2064 5203 olfe-

414 5217 601 5276 rimus
630 5222 981 5279 sacriﬁcium
1014 5224 1227 5293 laudis,
1245 5233 1308 5283 ut
1336 5245 1435 5285 eas
1465 5236 1802 5288 sanctorum
1822 5239 2060 5292 tuorum

413 5308 705 5364 consortio
754 5311 975 5368 sociare
1027 5314 1305 5387 digneris.
1360 5318 1483 5373 Per.
1539 5319 1877 5379 Communia.
1926 5324 2059 5379 Cor-

415 5392 575 5482 poris
616 5398 765 5452 sacri
796 5404 854 5456 et
883 5402 1121 5472 pretiosi
1172 5406 1478 5479 sanguinis
1524 5408 1607 5462 tui
1662 5410 1865 5482 repleti
1912 5412 2059 5468 liba-

416 5478 594 5549 mine,
626 5498 986 5555 quaasumus,
1028 5494 1399 5566 omnipotens
1450 5495 1623 5564 Deus,
1675 5478 1746 5553 ut
1786 5516 1889 5572 per
1939 5502 2059 5558 haec

417 5573 632 5624 sancta:
681 5573 887 5630 animae
937 5579 1287 5638 famulorum
1337 5588 1573 5641 tuorum
1626 5586 2056 5662 episcoporum,

2168 1889 2430 1960 Suscipe,
2464 1900 2824 1959 quaesumus,
2859 1880 3120 1945 Domine,
3154 1894 3257 1950 pro
3289 1874 3599 1931 animabus
3634 1872 3816 1928 famu-

2166 1978 2358 2035 lorum
2383 1982 2618 2032 tuorum
2642 1971 3031 2037 sacerdotum,
3052 1983 3199 2040 quas
3227 1963 3546 2030 offerimus,
3572 1960 3815 2028 hostias,

2169 2074 2235 2122 ut
2264 2065 2479 2138 quibus
2510 2064 2569 2119 in
2597 2063 2706 2118 hoc
2736 2058 2948 2117 saeculo
2970 2052 3326 2112 sacerdotale
3349 2050 3577 2107 donasti
3607 2054 3818 2138 myste-

2170 2136 2346 2225 rium,
2380 2155 2560 2209 dones
2610 2156 2667 2207 et
2715 2147 3044 2223 praemium.
3096 2140 3556 2219 Postcommunio.
3617 2136 3815 2210 Propi-

2172 2247 2338 2312 tiare,
2375 2241 2636 2312 Domine,
2669 2234 3199 2311 supplicationibus
3251 2229 3468 2288 nostris
3499 2232 3557 2283 et
3594 2226 3821 2282 animas

2172 2332 2526 2390 famulorum
2561 2335 2799 2385 tuorum
2830 2321 3274 2382 sacerdotumin
3301 2320 3564 2374 vivorum
3590 2316 3822 2387 regione

2174 2420 2407 2485 aeternis
2432 2418 2666 2503 gaudiis
2697 2416 2918 2474 sociare
2950 2410 3234 2485 digneris.
3266 2409 3392 2464 Per.

2634 2540 2805 2581 MISSA
2843 2537 2953 2576 PRO
2993 2531 3356 2574 DIACONIBUS.

2247 2637 2454 2694 Oratio.
2486 2627 2989 2699 Adesto,Domine,
3013 2618 3544 2697 supplicationibus
3576 2615 3818 2684 nostris,

2175 2731 2233 2783 et
2244 2725 2451 2781 animae
2470 2720 2824 2779 famulorum
2836 2722 3074 2772 tuorum
3087 2712 3467 2769 diaconorum
3479 2710 3537 2762 et
3556 2705 3826 2761 omnium

2177 2815 2524 2871 clericorum
2552 2814 2669 2866 tuae
2698 2802 3129 2881 propitiationis
3159 2796 3603 2863 abundantiam,
3636 2798 3699 2850 et
3742 2794 3828 2848 in-

2178 2900 2539 2976 dulgentiam
2570 2895 3089 2968 consequantur,et
3107 2888 3256 2945 lucis
3278 2888 3570 2976 perpetuae
3600 2882 3830 2976 tribuas

2179 2992 2263 3048 eis
2286 2972 2677 3046 mansionem.
2710 2986 2837 3040 Per.
2871 2983 3101 3038 Secreta.
3134 2975 3368 3033 Hostias
3398 2973 3526 3042 tibi,
3564 2972 3831 3037 Domine,

2178 3080 2373 3138 laudis
2410 3068 2709 3135 offerimus
2752 3090 2856 3146 pro
2883 3069 3194 3128 animabus
3213 3064 3568 3121 famulorum
3593 3065 3832 3117 tuorum

2104 3162 2147 3229 C
2184 3171 2565 3227 diaconorum
2595 3169 2653 3221 et
2681 3162 2945 3220 omnium
2985 3157 3351 3220 clericorum,
3384 3156 3453 3208 ut
3497 3166 3598 3206 eos
3626 3149 3692 3204 in
3722 3165 3834 3205 nu-

2186 3275 2346 3315 mero
2379 3255 2640 3313 fidelium
2669 3258 2908 3309 tuorum
2946 3247 3046 3302 lux
3093 3249 3305 3300 aeterna
3352 3238 3667 3314 possideat.
3706 3238 3829 3293 Per.

2184 3346 2635 3404 Postcommunio.
2687 3340 3068 3411 Omnipotens
3110 3331 3463 3404 sempiterne
3511 3328 3690 3394 Deus,
3740 3342 3832 3381 su-

2184 3436 2341 3508 scipe
2372 3433 2658 3508 propitius
2689 3444 2889 3503 preces
2919 3429 3147 3481 nostras
3174 3438 3277 3493 pro
3306 3417 3619 3508 animabus
3645 3415 3834 3471 famu-

2181 3504 2641 3583 lorum—tuorum
2671 3519 3048 3575 diaconorum
3079 3516 3136 3568 et
3166 3509 3430 3566 omnium
3460 3504 3831 3570 clericorum,

2183 3622 2240 3673 et
2267 3615 2463 3671 locum
2492 3611 2642 3667 lucis
2678 3608 2738 3663 in
2776 3610 3113 3664 sanctorum
3147 3605 3383 3656 tuorum
3414 3593 3648 3667 regione
3697 3609 3831 3648 con-

2183 3707 2341 3763 cede.
2374 3704 2499 3758 Per.

2486 3806 2655 3845 MISSA
2693 3799 2993 3843 COMMUNIS
3032 3795 3141 3835 PRO
3182 3788 3515 3832 DEFUNCTSS.
3569 3789 3574 3793 ’

2254 3883 2457 3938 Oratio.
2493 3878 2873 3947 Omnipotens
2921 3868 3276 3940 sempiterne
3326 3866 3494 3926 Deus,
3528 3857 3623 3914 cui
3674 3873 3832 3954 nun-

2182 3988 2360 4046 quam
2402 3970 2528 4025 sine
2571 3982 2673 4038 spe
2719 3956 3133 4019 misericordiae
3190 3950 3576 4046 supplicatur,
3634 3950 3832 4018 propi-

2179 4040 2324 4118 tiare
2355 4057 2667 4114 animabus
2690 4050 3043 4108 famulorum
3068 4041 3543 4109 famularumque
3562 4040 3829 4101 tuarum,

2180 4155 2245 4206 ut
2276 4149 2375 4222 qui
2407 4147 2477 4202 de
2506 4146 2615 4201 hac
2640 4144 2760 4199 vita
2788 4141 2844 4195 in
2876 4138 2963 4194 tui
2993 4131 3249 4191 nominis
3293 4125 3658 4224 confessione
3710 4122 3830 4178 dis-

2178 4215 2839 4302 cesserunt,sanctorum
2870 4234 3107 4283 tuorum
3139 4233 3382 4276 numero
3414 4215 3594 4270 facias
3617 4227 3827 4284 aggre-

2179 4328 2324 4401 gari.
2350 4327 2474 4381 Per.
2509 4324 2744 4379 Secreta.
2769 4315 3104 4389 Propitiare,
3151 4306 3437 4401 Domine,‘
3458 4315 3828 4375 quaesumus,

2178 4396 2489 4472 animabus
2520 4410 2878 4468 famulorum
2922 4400 3393 4467 famularumque
3424 4396 3685 4486 tuarum,
3721 4404 3829 4486 pro

2177 4505 2392 4578 quibus
2423 4502 2529 4558 tibi
2561 4495 2907 4573 placationis
2935 4491 3158 4548 hostias
3196 4484 3518 4578 offerimus,
3547 4482 3659 4578 .utn
3684 4482 3831 4578 quia

2177 4566 2235 4650 in
2267 4595 2377 4650 hac
2405 4593 2524 4648 vita
2554 4566 2688 4645 cum
2713 4586 2824 4641 ﬁde
2843 4580 3188 4638 manserunt
3216 4570 3524 4640 catholica,
3544 4566 3606 4622 in
3633 4566 3837 4621 futura

2174 4683 2258 4739 eis
2313 4679 2621 4737 retributio
2678 4674 3040 4731 condonetur
3078 4671 3314 4723 aeterna.
3362 4661 3490 4751 Pe_r.
3557 4658 3833 4751 Postcom~

2174 4770 2625 4830 munio.Praesta,
2659 4753 3397 4836 quaesumus,omnipotens
3425 4747 3830 4841 Deus,utani-

2176 4877 2303 4915 mas
2324 4830 2695 4913 famulorum.
2711 4850 3184 4917 famularumque
3213 4845 3452 4930 tuarum
3480 4835 3556 4930 ab
3587 4830 3830 4930 angelis

2174 4948 2324 5003 lucis
2354 4947 2655 5016 susceptas
2686 4941 2745 4995 in
2777 4937 3101 5011 praeparata
3129 4924 3465 4988 habitacula
3495 4919 3710 4978 deduci
3744 4919 3827 4974 fa-

2174 5037 2292 5091 cias
2323 5036 2649 5089 beatorum.
2686 5030 2812 5084 Per.

2580 5153 2741 5192 MISSA
2782 5150 2892 5188 PRO
2931 5138 3416 5187 CONGREGATIONI.
3439 5208 3455 5214 _
3756 5204 3769 5214 .

2243 5229 2446 5285 Oratio.
2492 5227 2648 5283 Deus
2694 5223 2872 5281 veniae
2919 5218 3181 5292 largitor,
3233 5217 3346 5269 etc.
3373 5208 3457 5266 Ad
3481 5208 3831 5292 communio-

2169 5336 2314 5374 nem.
2351 5318 2530 5380 Deus,
2560 5315 2679 5369 vita
2705 5310 3196 5378 viventium,spes
3226 5294 3631 5390 morientium,
3664 5289 3834 5390 salus

2170 5405 2505 5464 omniumin
2538 5409 2593 5460 te
2625 5400 3013 5475 sperantium,
3041 5397 3254 5470 praesta
3302 5383 3598 5480 propitius
3619 5383 3835 5480 litani-

2170 5497 2276 5553 σιὼ
2328 5496 2541 5551 nostra:
2592 5468 3059 5564 congregationis
3115 5483 3186 5539 ab
3234 5480 3419 5549 hujus
3450 5468 3838 5573 mortalitatis

2166 5584 2425 5643 tenebris
2455 5580 2756 5648 absolutae,
2788 5579 2956 5634 beata
2987 5573 3169 5632 Maria
3202 5582 3433 5639 semper
3463 5574 3691 5632 Virgine
3739 5574 3837 5613 1n-
