3968 6126
200 274 324 341 949

1000 276 1386 344 EXCERPT.
1431 278 1535 344 EX
1577 277 1807 343 CODD.
1858 278 2169 345 LITURG.
2216 280 2820 349 FONTAVELLAN.

3486 275 3612 355 ‘950

199 409 555 479 tercedente,
589 407 649 467 in
679 414 956 485 perpetua
1006 429 1139 469 cum
1171 413 1449 470 omnibus
1480 412 1699 469 sanctis
1726 411 1845 469 tuis
1875 414 1931 482 Α
1959 413 2364 471 remissionem
2393 419 2735 473 cunctorum
2768 415 2959 472 tribue
2988 417 3375 488 peccatorum.
3411 414 3534 474 Per.

200 497 333 557 luce
362 497 649 556 laetentur.
683 500 810 558 Per.

198 622 376 663 NIBSA
414 622 525 662 PRO
563 623 634 662 EO
672 624 772 670 ουι
812 624 1158 664 Ριυενεκτυε
1198 626 1389 664 MORTB
1438 625 1847 664 ΡοκΝΙΤΕΝΤΙΑΜ

493 695 766 734 ACCIPBBE
801 696 1026 746 VOLUIT,
1070 698 1136 735 ΕΤ
1175 698 1288 735 NON
1330 697 1548 735 PO’I‘UIT.

274 766 479 822 Oratio.
530 766 911 840 Omnipotens
960 768 1314 841 sempiterne
1364 773 1535 834 Deus,
1588 767 1647 822 in
1679 768 1849 840 cujus

197 854 464 911 humana
491 855 745 913 conditio
768 861 1051 929 potestate
1082 857 1368 923 consistit,
1403 857 1631 914 animas
1663 857 1850 913 famu-

198 942 392 1000 lorum
421 943 891 1018 famularumque
922 952 1159 1001 tuarum
1191 947 1264 1003 ab
1294 946 1590 1015 omnibus,
1624 963 1850 1018 quassu-

199 1049 358 1101 mus,
415 1030 649 1089 absolve
706 1034 979 1105 peccatis,
1037 1039 1095 1090 et
1156 1035 1510 1106 poenitentia:
1571 1034 1847 1101 fructum,

199 1137 378 1193 quem
427 1120 701 1177 voluntas
730 1138 932 1178 eorum
981 1124 1218 1195 optavit,
1275 1124 1548 1195 praeventi
1584 1121 1850 1178 mortali-

196 1214 321 1267 tate
374 1226 487 1266 non
534 1210 800 1283 perdant.
852 1212 979 1267 Per.
1030 1212 1264 1269 Secreta.
1313 1212 1670 1268 Statisfaciat
1717 1211 1845 1277 tibi,

197 1299 462 1366 Domine,
498 1316 600 1371 pro
632 1300 947 1356 animabus
976 1299 1329 1356 famulorum
1378 1300 1849 1372 famularumque

196 1394 438 1444 tuarum
468 1388 736 1444 sacriﬁcii
768 1390 1071 1461 praesentis
1113 1389 1349 1455 oblatio,
1378 1394 1443 1443 ut
1479 1393 1847 1460 peccatorum

192 1478 453 1543 veniam,
512 1494 688 1550 quam
736 1479 1151 1550 quasiverunt,
1202 1478 1517 1538 inveniant.
1579 1482 1635 1533 et
1693 1477 1845 1548 quod

196 1566 394 1623 ofﬁcio
423 1566 637 1640 linguas
690 1567 932 1639 implere
965 1585 1080 1623 non
1127 1571 1462 1640 potuerunt,
1511 1566 1847 1622 desiderata;

195 1654 554 1729 poenitentia
574 1657 1055 1729 compensatione
1076 1656 1419 1729 percipiant.
1444 1657 1570 1711 Per.
1604 1654 1682 1710 Ad
1712 1671 1851 1709 com-

195 1746 535 1801 munionem.
572 1749 743 1813 Deus,
777 1762 812 1800 a
842 1762 959 1818 quo
991 1749 1260 1818 speratur
1280 1744 1523 1800 humani
1555 1742 1845 1800 commodi

198 1850 374 1889 omne
404 1834 559 1906 quod
588 1833 808 1889 bonum
838 1838 947 1900 est,
981 1833 1191 1901 tribue,
1221 1849 1323 1906 per
1351 1833 1472 1888 haec
1504 1836 1705 1888 sancta
1724 1848 1851 1903 qua:

198 1923 592 1996 sumpsimus,
616 1926 700 1993 ut,
729 1921 1206 1978 sicutanimabus
1224 1921 1576 1977 famulorum
1609 1920 1853 1976 famula-

198 2028 453 2084 rumque
483 2016 719 2067 tuarum
754 2011 1105 2085 paenitentiae
1139 2013 1390 2067 fructum
1420 2008 1566 2065 velle
1596 2009 1850 2077 donasti,

200 2099 288 2156 sic
319 2099 749 2173 indulgentiam
780 2101 1009 2157 tribuas
1038 2101 1350 2156 miseratus
1382 2103 1659 2172 optatam.
1692 2097 1817 2152 Per.

759 2207 931 2246 MlSSA
970 2207 1299 2246 GENERALIS.

274 2280 479 2335 Oratio.
504 2278 852 2333 Sanctorum
872 2283 1107 2334 tuorum
1135 2277 1670 2341 intercessionibus,
1702 2292 1856 2348 quae-

207 2383 444 2426 sumus.
479 2365 747 2431 Domine,
779 2367 967 2439 gratia
987 2370 1088 2421 tua
1110 2383 1213 2421 nos
1244 2371 1500 2437 protege,
1534 2370 1590 2420 et
1622 2363 1856 2419 famulis

204 2460 267 2511 et
296 2454 631 2511 famulahus
660 2455 799 2523 tuis,
832 2471 1082 2527 quorum
1104 2453 1716 2510 commemorationem
1741 2451 1857 2524 agi-

199 2548 435 2611 mus,et
457 2560 708 2616 quorum
737 2542 1139 2616 eleemosynas
1163 2543 1506 2614 recepimus,
1541 2558 1642 2597 seu
1677 2540 1854 2596 etiam

199 2632 275 2688 iis
296 2633 396 2704 qui
427 2632 600 2688 nobis
625 2630 1024 2689 familiaritate
1039 2631 1125 2687 vel
1146 2632 1651 2705 consanguinitate
1663 2630 1855 2703 juncti

202 2723 366 2785 sunt,
400 2717 864 2775 misericordiam
896 2722 1058 2774 tuam
1099 2719 1314 2790 ubique
1346 2719 1654 2789 praetende,
1689 2722 1754 2773 ut
1782 2718 1855 2774 ab

203 2808 753 2879 impugnationibus
776 2806 999 2863 defensi
1027 2807 1517 2879 tuaopitulatione
1536 2806 1853 2873 salvantur,

184 2901 265 2952 .et
296 2896 527 2952 animas
557 2896 914 2952 famulorum
946 2895 1416 2969 famularumque
1447 2901 1703 2961 tuarum,
1731 2912 1856 2950 om-

203 2985 372 3040 nium
386 2983 649 3041 videlicet
670 2984 928 3041 ﬁdelium
943 2984 1360 3040 catholicorum
1380 2984 1855 3050 orthodoxorum,

204 3090 461 3145 quorum
480 3074 1095 3130 commemorationem
1114 3073 1364 3146 agimus,
1385 3078 1441 3128 et
1461 3089 1709 3144 quorum
1731 3089 1854 3128 cor-

2113 521 2283 560 MlSSA
2318 521 2621 562 COMMUNIS
2657 522 2915 562 VIVORUM
2954 523 3020 560 ET
3057 522 3442 562 MORTUORUM.

2031 591 2235 648 Oratio.
2251 592 2467 648 Pietate
2480 598 2967 665 tuaquaesumus,
2982 594 3244 660 Domine,
3260 599 3595 651 nostrorum

1957 680 2113 737 solve
2140 680 2374 736 vincula
2403 683 2668 737 omnium
2701 682 3071 750 delictorum,
3120 687 3177 738 et
3207 683 3601 740 intercedente

1957 770 2126 824 beata
2155 774 2211 824 et
2238 768 2493 841 gloriosa
2525 786 2755 843 semper
2774 770 3009 843 Virgine
3039 771 3139 826 Dei
3172 772 3452 844 genitrice
3478 773 3599 828 Ma-

1959 854 2063 919 ria,
2097 872 2231 910 cum
2263 856 2538 911 omnibus
2569 857 2790 913 sanctis
2838 858 2978 929 tuis,
3012 858 3292 913 domuum
3326 859 3599 931 apostoli-

1959 960 2114 1009 cum,
2131 944 2455 1016 pontiﬁces,
2476 945 2696 1016 priores
2719 951 2773 1001 et
2794 946 3032 1001 abbates
3052 951 3302 1013 nostros,
3321 951 3378 1001 et
3398 964 3601 1004 omnes

1959 1033 2437 1106 congregationes
2468 1032 2586 1088 illis
2616 1035 2984 1100 commissas,
3038 1051 3200 1108 reges
3224 1040 3281 1091 et
3310 1036 3602 1109 principes

1958 1126 2210 1189 nostros,
2244 1126 2297 1177 et
2311 1138 2542 1177 omnem
2576 1121 2856 1194 populum
2873 1123 3292 1191 Christianum,
3316 1128 3373 1180 et
3394 1142 3499 1181 nos
3519 1126 3601 1181 fa-

1959 1209 2152 1265 mulos
2182 1215 2315 1266 tuos
2366 1214 2543 1281 atque
2576 1211 2702 1265 loca
2731 1215 2930 1266 nostra
2977 1212 3033 1266 in
3084 1212 3242 1267 omni
3294 1214 3603 1270 sanctitate

1959 1300 2206 1367 custodi,
2243 1316 2561 1371 omnesque
2584 1300 3106 1372 consanguinitate,
3127 1301 3408 1358 afﬁnitate
3429 1307 3605 1374 atque

1960 1388 2352 1444 familiaritate
2376 1389 2545 1445 nobis
2562 1389 2905 1460 conjunctos
2926 1407 2960 1444 a
2980 1390 3135 1445 vitiis
3157 1408 3363 1463 purga,
3381 1392 3606 1447 virtuti-

1957 1478 2069 1531 bus
2102 1475 2353 1543 illustra,
2386 1494 2583 1549 pacem
2608 1482 2664 1532 et
2694 1476 2939 1533 salutem
2973 1479 3141 1534 nobis
3172 1480 3381 1543 tribue,
3406 1480 3605 1537 hostes

1957 1564 2217 1621 visibiles
2249 1570 2303 1621 et
2344 1566 2667 1622 invisibiles
2720 1583 2970 1634 remove,
3019 1567 3275 1623 carnalia
3314 1565 3609 1624 desideria

1958 1652 2191 1726 repelle,
2227 1671 2413 1710 aerem
2449 1655 2744 1711 salubrem
2776 1655 3038 1729 indulge,
3066 1674 3100 1710 a
3128 1656 3284 1711 mala
3312 1661 3367 1712 et
3397 1658 3609 1729 impro-

1958 1742 2082 1798 visa
2112 1745 2298 1798 morte
2331 1761 2437 1798 nos
2480 1743 2659 1815 eripe,
2702 1744 2958 1799 inimicis
3007 1744 3224 1800 nostris
3261 1744 3607 1801 charitatem

1961 1829 2193 1903 largire,
2225 1835 2281 1887 et
2330 1832 2604 1887 omnibus
2653 1832 2923 1887 ﬁdelibus
2971 1832 3113 1887 vivis
3145 1836 3201 1888 et
3230 1833 3521 1889 defunctis
3550 1833 3609 1888 in

1960 1924 2116 1976 terra
2171 1921 2491 1975 viventium
2548 1921 2725 1975 vitam
2784 1924 3062 1976 teternam
3141 1922 3412 1977 concede.
3480 1922 3608 1979 Per.

1963 2008 2195 2065 Secreta.
2231 2010 2403 2073 Deus,
2438 2010 2535 2081 qui
2581 2008 2898 2083 singularis
2926 2009 3182 2082 corporis
3212 2010 3403 2066 hostia
3435 2011 3612 2067 totius

1963 2098 2167 2152 mundi
2183 2096 2403 2154 solvisti
2425 2098 2655 2165 delicta,
2679 2098 2788 2153 hac
2813 2097 3104 2154 oblatione
3126 2098 3390 2170 placatus
3410 2117 3612 2155 macu-

1962 2186 2050 2241 las
2072 2186 2355 2241 scelerum
2387 2191 2721 2242 nostrorum
2750 2187 3040 2259 absterge,
3067 2191 3123 2242 et
3144 2188 3410 2243 omnium
3443 2187 3612 2242 Chri-

1964 2275 2287 2331 stianorum
2320 2274 2577 2329 ﬁdelium
2601 2275 2864 2330 vivorum
2901 2280 2957 2332 et
2979 2280 3343 2331 mortuorum
3375 2281 3615 2349 peccata

1965 2363 2213 2434 dimitte,
2244 2364 2445 2435 eisque
2494 2364 2735 2435 praemia
2782 2369 2999 2421 aeterna
3047 2365 3316 2432 concede,
3355 2364 3618 2421 Salvator

1965 2451 2189 2506 mundi.
2223 2451 2301 2506 Ad
2329 2454 2785 2508 communionem.
2818 2457 3086 2525 Sumpta,
3110 2469 3471 2524 quaesumus,
3502 2453 3611 2509 Do-

1966 2539 2143 2610 mine,
2175 2538 2431 2595 cmlestia
2443 2545 2808 2596 sacramenta
2824 2542 3019 2597 omnia
3040 2542 3289 2597 crimina
3310 2544 3615 2598 nostrade—

1964 2633 2214 2701 tergant,
2248 2644 2601 2700 omnemque
2619 2629 2957 2700 parvitatem
2980 2634 3037 2685 et
3068 2629 3489 2698 inﬁrmitatem,
3506 2647 3611 2686 seu

1964 2717 2139 2773 etiam
2171 2717 2457 2773 hosticam
2495 2718 2921 2789 rabiem,atque
2940 2717 3308 2773 subitaneam
3340 2722 3612 2785 mortem,

1969 2805 2192 2863 meritis
2225 2807 2402 2862 beatae
2435 2807 2623 2862 Mariae
2668 2822 2901 2878 semper
2928 2806 3211 2878 Virginis,
3244 2811 3301 2862 et
3342 2807 3609 2862 omnium

1965 2900 2300 2952 sanctorum
2331 2900 2590 2961 tuorum,
2624 2912 2656 2951 a
2680 2896 2850 2950 nobis
2872 2894 3074 2971 procul
3100 2895 3402 2967 repellant,
3433 2900 3626 2952 etom-

1966 2985 2143 3039 nibus
2174 2982 2446 3039 ﬁdelibus
2469 2983 2612 3038 vivis
2634 2983 2996 3039 etdefunctis
3027 2984 3255 3055 prosint
3272 2985 3342 3039 ad
3365 2985 3619 3055 veniam,

1969 3090 2072 3145 pro
2103 3089 2377 3143 quorum,
2429 3088 2800 3144 quarumque
2850 3072 2953 3127 tibi
2996 3076 3135 3127 sunt
3179 3072 3373 3127 oblata
3403 3072 3611 3130 salute.

200 3144 350 3236 pora
378 3163 436 3217 in
466 3163 577 3218 hoc
606 3163 749 3218 etin
800 3162 1027 3218 cunctis
1077 3144 1422 3218 cmmeteriis
1471 3160 1731 3215 ﬁdelium
1765 3177 1850 3215 re-
1882 3144 1924 3211 C
1965 3144 2090 3217 Per.

190 3251 539 3324 quiescunt,
558 3256 616 3307 et
645 3269 894 3324 quorum
918 3251 1157 3307 nomina
1179 3267 1353 3323 super
1383 3255 1653 3304 sanctum
1673 3248 1854 3304 altare

197 3346 371 3397 tuum
403 3341 622 3414 scripta
667 3342 872 3398 adesse
911 3341 1203 3407 videntur,
1249 3339 1568 3396 electorum
1615 3343 1852 3394 tuorum

189 3430 445 3502 jungere
492 3428 753 3502 digneris
802 3429 1114 3486 consortio.
1167 3429 1292 3485 Per.
1353 3429 1593 3483 Secreta.
1651 3426 1850 3499 Propi-

199 3520 367 3583 tiare,
426 3518 688 3583 Domine,
738 3517 1267 3592 supplicationibus
1335 3517 1574 3583 nostris,
1634 3521 1691 3570 et
1748 3515 1854 3571 has

190 3606 544 3673 oblationes,
565 3623 712 3679 quas
734 3623 836 3679 pro
858 3606 1260 3662 incolumitate
1283 3604 1639 3661 famulorum
1674 3605 1854 3657 famu-

199 3693 510 3766 larumque
536 3700 793 3761 tuarum,
836 3699 894 3750 et
933 3712 1037 3766 pro
1068 3694 1381 3750 animabus
1412 3692 1676 3749 omnium
1708 3691 1853 3745 ﬁde-

202 3782 348 3838 lium
364 3783 769 3839 defunctorum
789 3782 1591 3853 orthodoxorum,etquorum
1616 3778 1855 3835 nomina

200 3888 380 3944 super
408 3876 675 3928 sanctum
699 3870 880 3927 altare
904 3875 1070 3926 tuum
1097 3871 1315 3943 scripta
1339 3870 1540 3927 adesse
1562 3868 1851 3936 videntur,

199 3960 423 4016 nomini
457 3964 556 4016 tuo
580 3960 1030 4023 consecrandus,
1064 3959 1401 4025 deferimus,
1452 3956 1743 4029 benignus
1767 3974 1855 4012 as-

199 4065 390 4114 sume,
422 4052 487 4103 ut
512 4048 782 4104 sacriﬁcii
806 4047 1110 4119 praesentis
1135 4047 1350 4103 oblatio
1379 4047 1452 4101 ad
1487 4044 1851 4119 refrigerium

204 4136 539 4192 animarum
572 4152 774 4190 eorum
818 4140 874 4191 te
906 4136 1223 4190 miserante
1254 4136 1573 4208 proveniat.
1610 4135 1732 4190 Per.
1778 4134 1856 4190 Ad

199 4226 659 4281 communionem.
709 4222 983 4277 Puriﬁcet
1033 4239 1157 4287 nos,
1191 4241 1551 4294 quaesumus.
1584 4224 1852 4292 Domine,

198 4311 383 4369 divini
406 4310 759 4366 sacramenti
793 4309 1103 4382 perceptio,
1138 4314 1196 4363 et
1225 4309 1480 4381 gloriosa
1510 4317 1847 4368 sanctorum

198 4407 440 4458 tuorum
464 4397 668 4465 oratio,
693 4403 750 4453 et
768 4395 1081 4453 animabus
1101 4397 1455 4453 famulorum
1478 4400 1854 4456 famularum-

202 4505 320 4561 que
344 4492 602 4555 tuarum,
646 4503 897 4560 quorum
944 4486 1556 4542 commemorationem
1604 4489 1853 4559 agimus,

1868 4589 2222 4597 ~.————_—_

2358 3263 2520 3304 MISSA
2563 3265 2670 3303 PRO
2711 3264 3223 3305 BBNEFACTORIBUS.

2037 3339 2244 3394 Ora/io.
2298 3342 2471 3402 Deus,
2522 3338 2619 3409 qui
2677 3337 2979 3393 cbaritatis
3023 3338 3178 3393 dona
3226 3353 3329 3409 per
3367 3336 3617 3409 gratiam

1964 3426 2151 3481 sancti
2181 3425 2434 3498 Spiritus
2457 3432 2693 3481 tuorum
2725 3425 3003 3482 cordibus
3033 3425 3293 3501 ﬁdelium
3326 3425 3615 3493 infudisti,

1965 3516 2039 3571 da
2060 3514 2297 3570 famulis
2314 3520 2368 3571 et
2396 3516 2729 3571 famulabus
2750 3515 2890 3585 tuis,
2912 3516 2983 3571 de
2997 3516 3215 3588 quibus
3237 3516 3620 3593 deprecamur

1965 3609 2125 3659 tuam
2159 3603 2555 3669 clementiam,
2578 3604 2827 3659 salutem
2851 3604 3065 3659 mentis
3086 3609 3144 3659 et
3173 3604 3453 3677 corporis,
3484 3607 3617 3659 ulte

1964 3697 2083 3747 tota
2110 3692 2321 3748 virtute
2360 3693 2626 3765 diligant,
2678 3697 2736 3748 et
2768 3710 2895 3765 quae
2930 3693 3035 3749 tibi
3056 3697 3207 3771 sunt
3230 3693 3463 3765 placita,
3497 3696 3620 3748 tota

1965 3780 2270 3837 dilectione
2301 3783 2625 3854 perﬁciant.
2660 3787 2788 3838 Per.
2810 3786 3048 3839 Secreta.
3074 3783 3367 3847 Miserere,
3392 3798 3619 3853 quaesu-

1967 3870 2401 3938 mus,Domine,
2424 3871 2662 3925 famulis
2680 3869 3086 3926 etfamulabus
3113 3868 3249 3935 tuis,
3280 3886 3382 3940 pro
3401 3869 3618 3940 quibus

1966 3957 2072 4012 hoc
2105 3958 2458 4012 sacriﬁcium
2494 3957 2686 4012 laudis
2730 3962 2841 4011 tua:
2877 3957 3177 4013 offerimus
3203 3955 3522 4028 majestati,
3556 3961 3621 4012 ut

1965 4063 2069 4118 per
2122 4046 2241 4101 haec
2297 4051 2501 4101 sancta
2560 4062 2826 4118 supernae
2886 4046 3309 4101 benedictionis
3367 4045 3616 4117 gratiam

1965 4135 2289 4200 obtineant,
2305 4140 2362 4189 et
2382 4134 2625 4207 gloriam
2644 4139 2867 4189 mternae
2886 4132 3272 4189 beatitudinis
3287 4134 3615 4205 acquirunt.

1970 4226 2089 4281 Per.
2138 4224 2216 4279 Ad
2264 4226 2719 4278 communionem.
2771 4222 2978 4277 Divina
3028 4221 3279 4277 libantes
3318 4223 3616 4295 mysteria,

1965 4331 2332 4386 quazsumus,
2383 4313 2646 4378 Domine,
2682 4315 2747 4366 ut
2792 4311 2915 4366 haec
2942 4310 3224 4367 salutaria
3254 4316 3621 4367 sacramenta

1966 4403 2085 4457 illis
2119 4403 2425 4474 proﬁciant
2446 4403 2514 4456 ad
2542 4401 2982 4473 prosperitatem
3016 4404 3072 4456 et
3092 4416 3314 4472 pacem,
3341 4417 3443 4473 pro
3475 4418 3617 4473 quo-

1968 4508 2098 4545 rum
2123 4489 2431 4546 dilectione
2464 4508 2531 4545 ea
2560 4494 2675 4546 tuae
2704 4488 3027 4545 obtulimus
3056 4489 3366 4559 maiestati.
3404 4480 3527 4546 Per.

2234 4590 2643 4598 _————.—

1679 4666 2141 4758 INCIPIT

206 4818 582 4881 OFFICIUM
611 4819 1009 4880 BltEVIARll
1044 4817 1466 4880 SECUNDUM
1492 4816 1850 4879 ORDINEM
1883 4816 2125 4876 EREMI
2161 4819 2490 4878 SANCTzE
2521 4819 2802 4882 CltUClS
2834 4818 3119 4881 FONTIS
3148 4820 3619 4879 AVELLAN/E.

278 5003 578 5060 Dominica
618 5004 808 5076 prima
852 5004 1173 5059 Adventus.
1225 5003 1303 5057 Ad
1335 5020 1588 5075 vesperas
1618 5004 1850 5059 Sabbato
1884 5005 1929 5070 D
1966 5002 2184 5057 Diﬁ‘usa
2215 5005 2303 5056 est
2333 5002 2539 5073 gratia.
2559 5043 2571 5055 .
2598 5004 2929 5075 Propterea.
2956 5003 3148 5058 Oratio
3169 5044 3182 5057 .
3230 5007 3386 5058 Deus
3420 5002 3524 5073 qui
3546 5002 3618 5058 de

209 5094 369 5148 lectio
390 5110 411 5148 :
440 5093 581 5147 Ecce
595 5091 719 5147 dies
739 5091 1001 5160 veniunt,
1018 5096 1126 5145 etc.
1142 5137 1154 5155 ,
1169 5107 1336 5161 usque
1354 5091 1410 5145 in
1430 5097 1603 5147 terra.
1626 5094 1683 5159 it.
1712 5092 1852 5147 Mis—

207 5198 313 5238 sus
344 5186 433 5237 est
464 5178 712 5236 Gabriel.
739 5181 787 5239 ﬁ.
816 5179 981 5234 Dabit
1003 5180 1077 5262 ei.
1108 5181 1371 5251 Hymnus,
1413 5186 1546 5246 ete.,
1580 5197 1751 5253 usque
1789 5181 1859 5235 ad

210 5272 379 5323 totam
408 5270 731 5331 orationem,
761 5269 821 5321 ut
850 5268 911 5321 in
929 5268 1103 5322 editis.
1140 5267 1239 5321 Hic
1265 5265 1572 5322 dimittitur
1599 5283 1770 5338 usque
1789 5267 1858 5321 ad

203 5360 450 5413 octavam
491 5357 821 5428 Epiphaniw
866 5356 1162 5426 antiphona
1211 5354 1277 5409 de
1324 5355 1511 5423 Cruce,
1564 5363 1615 5410 et
1650 5354 1860 5409 dicitur

205 5447 320 5519 haec
349 5446 654 5518 antiphona
686 5446 859 5501 beatae
889 5445 1081 5500 Mariae
1103 5462 1120 5497 :
1152 5442 1369 5499 Missus
1399 5449 1488 5499 est
1508 5444 1737 5500 Gabriel
1761 5461 1859 5499 an-

199 5534 368 5609 gelus
402 5535 476 5591 ad
503 5533 746 5590 Mariam
778 5532 1061 5604 virginem
1093 5532 1514 5605 desponsatam
1547 5532 1786 5604 Joseph.
1822 5534 1854 5601 ᾖ

1966 5091 2165 5159 beatae,
2201 5094 2307 5144 etc.
2360 5092 2762 5147 Invitalorium.
2797 5091 2939 5145 Ecce
2969 5090 3157 5146 veniet
3191 5107 3312 5158 rex,
3348 5107 3615 5146 occurra-

1968 5196 2102 5234 mus
2132 5178 2364 5233 obviam
2396 5178 2676 5233 Salvatori
2710 5182 2929 5234 nostro.
2956 5179 3231 5233 Lectiones
3250 5195 3433 5233 omnes
3453 5178 3616 5245 huius

1968 5268 2228 5323 breviarii
2270 5269 2437 5324 mira?
2482 5276 2610 5323 sunt
2665 5268 2961 5322 brevitatis.
3010 5268 3255 5335 Quatuor
3298 5268 3475 5338 primi
3511 5285 3614 5324 no-

1964 5358 2148 5411 cturni
2202 5357 2365 5427 hujus
2414 5358 2716 5413 Dominica?
2762 5355 3227 5426 comprehendunt
3269 5357 3513 5427 primum
3566 5362 3617 5413 et

1963 5445 2253 5498 secundum
2284 5454 2499 5501 nostras
2544 5461 2713 5517 usque
2761 5444 2829 5498 ad
2877 5460 3217 5516 responsum.
3271 5445 3421 5514 Quod
3450 5463 3616 5515 argu-

1964 5537 2143 5589 mento
2178 5538 2256 5589 est
2285 5534 2431 5589 hunc
2452 5533 2688 5590 codicem
2718 5534 2986 5605 scriptum
3029 5537 3264 5606 tempore
3291 5551 3396 5607 quo
3425 5550 3616 5590 mona-
