3968 6126
385 262 500 343 9'31

383 408 522 464 stica
549 405 847 480 disciplina
875 408 1159 466 exsulabat
1189 427 1223 465 a
1268 417 1447 465 nostro
1487 411 1811 466 monasterio
1849 425 2026 482 quon-
2055 406 2111 477 Α

383 494 514 552 dam
540 498 901 554 sanctissimo.
1328 560 1333 565 ,

459 586 518 655 ἡ.
549 585 822 653 Primum,
871 587 1163 643 secundum
1208 591 1257 642 et
1306 588 1524 643 tertium
1568 590 1742 659 primi
1774 589 2031 643 nocturni

384 673 591 743 eadem,
619 682 746 746 quae
789 675 850 729 in
894 675 1054 731 editis
1080 677 1300 732 nostris.
1347 677 1649 745 Quartum:
1682 678 1814 744 Ave,
1850 676 2030 732 Maria

384 763 575 837 gratia
605 761 795 835 plena,
828 779 995 834 usque
1019 764 1164 819 dixit
1192 764 1263 820 ei.

458 854 518 921 ἢ.
550 852 807 907 Primum
848 854 1070 908 secundi
1114 856 1370 910 nocturni
1398 859 1471 910 est
1513 855 1807 910 secundum
1855 856 2029 910 edito-

384 954 513 996 rum
544 940 849 996 Secundum
868 957 991 999 vero
1011 959 1030 996 :
1060 943 1269 998 Audite
1288 944 1530 1000 verbum
1553 945 1805 1013 Domini,
1825 961 2028 1001 omnes

384 1033 607 1103 gentes,
637 1033 769 1100 etc.,
818 1046 986 1104 usque
1033 1031 1299 1087 clamate.
1351 1034 1603 1089 Tertium.
1635 1033 1781 1089 Ecce
1828 1032 2026 1105 Virgo,

382 1121 516 1184 etc.,
539 1130 710 1191 usque
737 1118 798 1173 in
828 1122 1128 1175 aeternum.
1164 1121 1467 1189 Quartum:
1495 1121 1680 1177 Alieni
1701 1138 1817 1177 non
1837 1125 2027 1178 trans-

380 1202 570 1275 ibunt,
603 1224 771 1281 usque
790 1210 848 1263 et
877 1208 1189 1264 condenso.

450 1296 679 1368 Reliqua
718 1298 1064 1368 responsoria
1092 1298 1207 1353 alia
1236 1299 1403 1353 etiam
1430 1307 1557 1353 sunt
1587 1316 1620 1353 a
1648 1300 1871 1369 nostris,
1907 1314 2029 1370 quae

377 1374 488 1440 non
519 1387 854 1457 referuntur,
886 1402 955 1441 ne
978 1387 1148 1442 nimis
1167 1390 1466 1442 concrescat
1496 1389 1766 1443 volumen.
1785 1390 1911 1443 Post
1934 1405 2030 1443 an-

380 1468 665 1546 tiphonam
691 1474 761 1530 ad
789 1474 1135 1531 Benedictus
1158 1476 1407 1543 habetur,
1440 1478 1738 1549 antiphona
1766 1479 2024 1547 Virginis.

381 1549 521 1631 Ave,
552 1563 755 1631 Maria,
769 1564 957 1636 gratia
973 1564 1464 1637 plena,Dominus
1482 1570 1696 1633 tecum,
1726 1565 2029 1621 benedicta

379 1652 445 1708 tu
475 1651 536 1707 in
566 1651 933 1719 mulieribus,
958 1652 1211 1709 alleluia.
1246 1656 1297 1723 in
1335 1655 1571 1710 Diﬂ'usa.
1610 1654 1818 1722 Oratio,
1852 1660 2024 1722 Deus,

384 1739 483 1813 qui
507 1740 577 1795 de
608 1741 789 1796 beata:
817 1740 1030 1796 Mariae.

455 1828 534 1883 Ad
561 1830 822 1900 primam,
854 1830 1177 1901 antiphona.
1205 1829 1471 1887 Alleluia.
1505 1834 1613 1887 Ista
1646 1833 1799 1888 lectio
1827 1833 2033 1889 dicitur

382 1916 635 1974 amnibus
663 1916 852 1973 diebus
903 1920 1199 1974 Dominicis
1244 1923 1298 1974 et
1324 1922 1535 1990 festiuis
1582 1937 1748 1993 usque
1771 1921 1841 1977 ad
1879 1923 2032 1978 Nati-

382 2007 625 2072 vitatcm,
651 2010 705 2062 et
723 2008 1180 2079 aSeptuagcsima
1212 2024 1382 2079 usque
1406 2009 1475 2064 ad
1503 2010 1730 2065 Pascha.
1762 2010 2027 2080 Domine,

380 2093 660 2151 miserere
689 2096 893 2163 nostri,
928 2104 1036 2152 etc.

448 2182 544 2239 Λᾶ
571 2189 779 2240 sextam
799 2202 819 2239 :
852 2184 1246 2241 Conscientias
1277 2190 1531 2257 nostras,
1564 2193 1671 2244 etc.
1696 2189 1776 2244 Ad
1806 2205 2028 2256 nonam,

380 2263 579 2329 oratio.
614 2273 906 2347 Propitius
936 2278 1081 2344 esto,
1114 2274 1377 2343 Domine,
1411 2277 1686 2333 omnibus
1725 2283 2030 2351 expectan-

380 2360 544 2420 tibus
575 2364 633 2418 te
662 2362 723 2418 in
740 2361 997 2430 veritate,
1044 2366 1109 2419 ut
1138 2362 1196 2418 in
1228 2364 1474 2420 adventu
1518 2364 1644 2420 Filii
1684 2366 1767 2421 tui
1803 2366 2030 2422 Domini

385 2450 574 2508 nostri
606 2449 842 2523 placitis
869 2451 977 2507 tibi
1011 2451 1239 2509 actibus
1288 2458 1725 2525 prmsentemur.
1762 2455 1883 2511 Per.
1916 2456 2031 2512 Ca2-

389 2526 508 2596 tcra
536 2541 691 2611 infra
736 2538 1129 2596 hebdomadam
1152 2549 1283 2597 sunt
1328 2543 1468 2597 ritus
1498 2560 1532 2597 α
1588 2551 1770 2599 nostro
1810 2544 2031 2612 diversi,

389 2643 517 2700 quae
544 2627 768 2698 longum
795 2632 928 2684 esset
956 2629 1278 2687 exscribere.

464 2706 993 2773 Dominicasecunda
1006 2718 1407 2774 invitatoriam.
1432 2718 1682 2791 Surgite,
1705 2720 2037 2793 vigilemus,

396 2804 608 2873 venite,
658 2804 991 2872 adoremus,
1024 2807 1164 2879 quia
1209 2806 1505 2864 nescimus
1545 2807 1769 2876 horam,
1804 2810 2038 2882 quando

390 2894 583 2951 veniet
612 2893 918 2951 Dominus.

458 2982 841 3063 Invitatorium
859 2985 1041 3042 tertiae
1066 2987 1387 3041 Dominicis.
1404 2987 1545 3043 Ecce
1561 2988 1753 3043 veniet
1767 2988 1906 3056 Rex,
1924 2992 2033 3044 etc.

459 3072 681 3141 Quarta?
707 3077 890 3130 autem
935 3075 1338 3130 invitatoriam.
1392 3076 1536 3131 Ecce
1579 3076 1813 3133 advenit
1843 3077 2029 3150 pleni-

1567 276 1754 339 SE6.
1798 274 1882 340 XI
1924 272 2237 341 MONUM.
2282 272 2595 340 LITURG.

2314 407 2536 464 Alacris
2566 411 2631 463 ut
2660 408 2855 464 c‘urrat
2883 405 3059 464 viam.

2388 498 2671 569 Egressus
2704 499 2831 568 ejus
2865 513 2899 553 a
2929 497 3117 564 Patre,

2317 587 2639 659 Regressus
2669 587 2796 657 ejus
2827 586 2894 641 ad
2931 589 3183 654 Patrem,

2318 675 2607 730 Evcursus
2637 691 2824 746 usque
2855 675 2925 729 ad
2959 674 3217 743 inferos,

2317 764 2609 819 Recursus
2640 764 2712 818 ad
2744 764 2941 819 sedem
2972 763 3095 819 Dei.

2384 851 2646 924 quualis
2676 856 2888 908 aeterno
2920 852 3073 907 Patri

2314 940 2516 997 Carnis
2545 944 2760 1012 tropaeo
2789 941 3093 1014 attingere,

2318 1029 2555 1084 Inﬁrma
2583 1030 2764 1085 nostri
2792 1029 3049 1102 corporis

2315 1116 2540 1173 Virtute
2570 1118 2812 1174 ﬁrmans
2843 1119 3084 1190 perpeti.

2385 1206 2641 1279 Praesepe
2664 1208 2791 1279 jam
2823 1205 3005 1279 fulget
3031 1210 3199 1263 tuum

2316 1296 2657 1368 Lumenque
2687 1313 2794 1353 nos
2822 1297 3008 1369 spirat
3036 1313 3272 1364 novum,

2316 1385 2475 1448 Quod
2510 1384 2673 1441 nulla
2698 1402 2804 1441 nos
2833 1385 3159 1458 interpolet,

2316 1472 2567 1545 Fideque
2589 1475 2720 1547 jugi
2750 1474 2959 1531 luceat.

2388 1564 2541 1618 Laus
2570 1563 2776 1631 honor,
2805 1568 2913 1620 etc.

2210 1652 2261 1719 Ῡ.
2278 1651 2495 1706 Tecum
2508 1652 2861 1724 principium
2877 1652 2938 1708 in
2955 1652 3046 1709 die
3062 1652 3297 1709 virtutis
3317 1656 3447 1710 tute.
3471 1652 3781 1727 Antiphoni:

2137 1738 2208 1794 ad
2237 1738 2572 1811 Magniﬁcat
2587 1745 2638 1797 et
2666 1742 2843 1796 oratio
2872 1745 2930 1796 ut
2959 1743 3015 1797 in
3049 1741 3226 1797 editis.
3254 1743 3333 1798 Ad
3364 1744 3624 1799 honorem
3650 1761 3781 1800 san-

2137 1830 2242 1884 ctw
2271 1824 2457 1883 Mariae
2482 1830 2801 1901 antiphona.
2829 1831 2967 1886 Ecce
3001 1831 3185 1886 Maria
3203 1831 3434 1903 Genuit,
3465 1836 3596 1898 etc.,
3614 1849 3785 1906 usque

2140 1916 2367 1983 mundi,
2400 1934 2525 1973 cum
2556 1916 2809 1974 alleluia.
2843 1920 2970 1974 Post
2994 1920 3181 1989 ﬁnitas
3221 1919 3409 1975 laudes
3434 1934 3663 1992 sequens
3688 1938 3781 1977 ru-

2142 2005 2325 2060 brica:
2377 2008 2497 2061 Haec
2526 2008 2827 2079 antiphona
2855 2007 3067 2063 dicatur
3095 2007 3165 2062 ad
3195 2008 3382 2064 laudes
3409 2006 3484 2064 ad
3526 2008 3785 2066 honorem

2139 2102 2345 2151 sanctae
2372 2095 2564 2153 Mariae
2608 2111 2777 2167 usque
2822 2095 2893 2151 ad
2939 2105 3185 2153 octavam
3230 2098 3574 2169 Epiphania.
3623 2093 3784 2156 Antii

2136 2183 2339 2253 phona.
2398 2183 2573 2256 Virgo
2631 2185 2805 2241 verbo
2870 2186 3154 2258 concepit,
3219 2186 3381 2259 virgo
3438 2190 3782 2260 permansit,

2142 2270 2316 2344 Virgo
2343 2272 2564 2345 peperit
2594 2273 2809 2346 Regem
2840 2274 3103 2329 omnium
3134 2291 3358 2347 regum.
3386 2277 3509 2331 Post
3537 2293 3785 2350 vespero:

2140 2361 2253 2417 diei
2280 2362 2593 2418 Nativitatis
2612 2364 2832 2418 Domini
2870 2364 2982 2419 ha’c
3010 2362 3299 2419 habentur.
3328 2366 3456 2422 "me
3479 2366 3789 2438 antiphona

2142 2448 2344 2505 dicitur
2370 2467 2541 2521 usque
2569 2452 2638 2506 ad
2667 2459 2907 2508 octavam
2937 2453 3279 2523 Epiphania.
3305 2453 3579 2510 Nesciens
3610 2453 3796 2512 Mater

2141 2538 2317 2611 Virgo
2338 2538 2529 2594 virum
2559 2541 2783 2612 peperit
2812 2540 2937 2597 sine
2965 2540 3185 2597 dolore.
3218 2541 3575 2598 Salvatorem
3608 2560 3793 2600 saecu-

2145 2626 2336 2682 lorum
2366 2626 2563 2699 ipsum
2595 2643 2793 2701 regem
2824 2628 3165 2701 angelorum
3197 2629 3323 2686 sola
3347 2630 3509 2703 virgo
3537 2629 3797 2688 lactabat

2145 2716 2325 2771 ubere
2349 2716 2420 2771 de
2449 2715 2593 2773 caelo
2622 2715 2812 2789 pleno.
3060 2784 3077 2805 ’

2630 2823 2689 2861 IN
2725 2820 2938 2862 VIGILIA
2976 2822 3314 2864 EPIPHANLE.

2215 2896 2365 2950 Inter
2389 2896 2670 2966 praecipua
2697 2909 2824 2966 quae
2857 2904 3137 2966 ponuntur
3165 2896 3223 2951 in
3254 2896 3433 2968 officio
3463 2897 3630 2969 hujus
3681 2899 3795 2953 die:

2147 2984 2259 3039 hac
2301 2986 2445 3039 sunt.
2481 2983 2559 3038 Ad
2589 2982 2926 3055 Magniﬁcat
2960 2985 3282 3055 antiphona.
3342 2984 3573 3041 Christo
3615 2986 3795 3042 datus

2146 3076 2235 3128 est
2274 3071 2638 3144 principatus
2686 3074 2743 3126 at
2789 3070 2977 3127 honor
3023 3073 3220 3144 regni;
3272 3072 3463 3130 omnis
3509 3073 3792 3146 populus,

382 3140 524 3218 tudo
545 3162 898 3235 temporisin
917 3179 1031 3235 quo
1054 3163 1215 3218 misit
1233 3168 1382 3219 Deus
1396 3164 1602 3219 Filium
1626 3182 1800 3221 suum
1825 3140 2026 3222 natum
2060 3140 2104 3209 C
2141 3140 2331 3216 tribus
2361 3164 2419 3215 et
2448 3140 2659 3233 linguae
2690 3160 2944 3215 servient
2972 3160 3024 3217 ei
3075 3140 3134 3216 in
3166 3165 3468 3218 aeternum.
3509 3140 3791 3219 alleluia.

384 3250 456 3308 de
485 3250 742 3325 Virgine,
778 3251 995 3309 factum
1027 3253 1138 3309 sub
1170 3252 1314 3326 lege.

731 3357 787 3397 IN
822 3356 1033 3398 VIGILIA
1073 3358 1416 3398 NATIVI'I‘ATIS
1456 3359 1680 3398 DOMINI.

455 3428 802 3502 Antiphonta,
850 3439 912 3486 ut
949 3433 1010 3486 in
1039 3430 1203 3486 editis
1227 3448 1248 3493 ,·
1294 3433 1503 3503 psalmi
1548 3448 1716 3500 vero;
1749 3433 2028 3500 Laudate,

425 3516 569 3573 ueri.
622 3518 730 3584 Qui
774 3518 1097 3575 conﬁdunt.
1145 3520 1207 3574 In
1257 3521 1663 3575 convertendo.
1718 3522 2025 3578 Memento.

425 3533 569 3573 ueri.
622 3533 730 3584 um
774 3533 1097 3575 connount.
1145 3533 1207 3574 ιη
1257 3533 1663 3575 convertenda.
1718 3533 2025 3578 Mcmento.

382 3533 579 3660 iectio.
647 3605 890 3679 Propter
935 3606 1045 3663 hoc
1102 3608 1247 3663 sciet
1292 3607 1547 3681 populus
1596 3624 1763 3664 meus
1818 3626 2025 3666 nomen

384 3709 581 3749 meum
603 3694 665 3750 in
691 3694 784 3750 die
802 3691 924 3762 illa,
958 3696 1095 3767 quia
1123 3711 1259 3768 ergo
1281 3696 1427 3769 ipse,
1451 3696 1551 3768 qui
1583 3696 1879 3768 loquebar,
1897 3715 2029 3756 ecce

382 3776 614 3838 adsum.
648 3778 707 3852 ἢ.
738 3779 995 3838 Verbum
1026 3799 1160 3839 caro
1190 3783 1408 3839 factum
1439 3789 1547 3852 est,
1580 3788 1636 3840 et
1667 3784 2025 3844 habitavitin

380 3868 570 3926 nobis.
604 3868 675 3927 Et
701 3868 957 3927 vidimus
979 3869 1225 3945 gloriam
1251 3873 1399 3944 ejus,
1431 3871 1675 3945 gloriam
1699 3875 1865 3946 quasi
1889 3874 2024 3931 Uni-

376 3956 557 4031 geniti
587 3977 622 4016 a
649 3960 837 4029 Patre,
885 3961 1127 4034 plenum
1178 3961 1375 4034 gratiae
1416 3966 1472 4018 et
1526 3963 1807 4019 veritatis.
1862 3966 1913 4033 ᾖ.
1960 3966 2023 4020 In

375 4048 662 4194 gincipio
693 4052 817 4105 erat
834 4050 1113 4116 Verbum,
1140 4054 1197 4106 et
1216 4048 1471 4106 Verbum
1498 4057 1621 4107 erat
1638 4053 1791 4124 apud
1818 4057 2019 4109 Deum.

470 4136 625 4194 Deus
648 4142 773 4194 erat
799 4138 1078 4194 Verbum.
1114 4142 1181 4194 Et
1206 4139 1485 4194 vidimus.
1519 4141 1734 4194 Gloria.

470 4136 625 4196 Deus
648 4142 773 4196 erat
799 4138 1078 4195 Verbum.
1114 4142 1181 4194 Et
1206 4139 1485 4196 vidimus.
1519 4141 1734 4197 Gloria.

1063 4221 1329 4291 Hymnus.

621 4310 771 4363 Deus
799 4307 1132 4379 redemptor
1158 4308 1445 4380 gentium,

549 4394 800 4451 Ostende
828 4398 1064 4467 partum
1096 4394 1352 4467 Virginis

547 4476 791 4538 Miretur
818 4496 989 4538 omne
1015 4481 1317 4549 saeculum,

544 4568 705 4627 Talis
733 4570 900 4626 decet
927 4576 1129 4643 partus
1160 4571 1472 4627 Dominum

616 4658 743 4716 Non
771 4676 841 4715 ex
869 4658 1021 4714 virili
1048 4659 1271 4716 semine

543 4748 656 4805 Sed
686 4747 931 4822 mystico
960 4748 1299 4821 spiramine.

541 4836 799 4895 Verbum
830 4836 931 4893 Dei
964 4838 1179 4893 factum
1211 4854 1345 4893 caro

541 4927 907 4999 Fructusque
937 4926 1154 4981 ventris
1184 4926 1399 4982 ﬂoruit.

607 5014 786 5072 Alvus
817 5015 1092 5071 tumescit
1121 5014 1400 5089 Virginis,

534 5102 866 5162 claustrum
896 5104 1136 5177 pudoris
1167 5109 1492 5177 permanet,

532 5192 757 5250 Vexilla
778 5193 1063 5249 virtutum
1095 5192 1334 5250 micant.

528 5284 809 5338 Versatur
836 5282 897 5338 in
927 5282 1143 5355 templo
1175 5282 1349 5338 Deus.

602 5370 920 5425 Procedens
950 5371 1020 5426 de
1049 5369 1306 5426 thalamo
1337 5386 1465 5439 suo,

530 5454 775 5513 Pudoris
805 5457 939 5514 aula
969 5459 1145 5532 regia,

533 5542 786 5599 Geminae
820 5544 982 5617 gigas
1014 5546 1352 5605 substantia:
1365 5586 1378 5601 .

2212 3249 2415 3305 Oratio.
2450 3248 2636 3305 Corda
2684 3253 2901 3315 nostra,
2944 3266 3304 3321 quaesumus,
3350 3251 3617 3318 Domine,
3651 3268 3791 3309 ven-

2135 3342 2280 3393 tura;
2300 3337 2625 3394 festivitatis
2641 3336 2917 3410 splendor
2937 3336 3370 3410 illuminet,quo
3386 3339 3591 3396 mundi
3607 3339 3792 3413 hujus

2137 3427 2395 3484 tenebris
2425 3442 2621 3483 carere
2648 3425 2968 3493 valeamus,
3008 3431 3066 3482 et
3094 3428 3390 3500 pervenire
3430 3431 3501 3485 ad
3536 3430 3789 3502 patriam

2138 3515 2416 3572 claritatis
2446 3520 2691 3571 aeternae.
2725 3515 2830 3571 Per
2849 3517 3143 3572 eumdem.

2207 3608 2270 3661 In
2316 3605 2405 3661 die
2451 3607 2567 3677 ipso
2627 3603 2960 3676 Epiphaniae
3011 3605 3081 3660 ad
3129 3610 3341 3662 sextam
3389 3609 3617 3679 ponitur
3671 3604 3789 3663 hac

2136 3696 2329 3750 oratio.

2206 3784 2358 3839 Deus
2371 3782 2735 3839 illuminator
2753 3782 3014 3838 omnium
3029 3783 3403 3855 gentium,da
3414 3782 3646 3856 populis
3664 3785 3786 3840 tuis

2135 3876 2415 3944 perpetua
2444 3887 2583 3943 pace
2613 3871 2891 3943 gaudere,
2923 3876 2980 3926 et
3008 3870 3152 3926 illud
3171 3871 3366 3927 lumen
3401 3870 3781 3944 splendidum

2133 3960 2375 4016 infunde
2388 3959 2662 4015 cordibus
2683 3958 3084 4031 uostris,quod
3100 3960 3277 4015 trium
3300 3974 3603 4033 magorum
3621 3977 3781 4016 mens

2131 4050 2290 4104 tibus
2322 4046 2615 4119 aspirasti.
2651 4046 2758 4102 Per
2787 4047 3101 4103 Dominum
3134 4052 3423 4105 nostrum.

2200 4137 2280 4193 Ad
2307 4152 2509 4193 nonam
2533 4137 2731 4192 oratio.
2766 4135 2940 4205 Deus,
2974 4136 3074 4208 qui
3106 4136 3262 4193 hunc
3292 4137 3447 4194 diem
3476 4136 3779 4195 electionis

2128 4226 2390 4298 gentium
2425 4224 2700 4296 primitus
2746 4224 3117 4293 consecrasti,
3160 4231 3215 4280 et
3263 4241 3367 4297 per
3412 4226 3658 4281 luminis
3690 4228 3776 4282 tui

2127 4312 2357 4370 stellam
2376 4313 2752 4369 manifestum
2782 4316 2839 4368 te
2856 4312 3024 4369 nobis
3046 4314 3375 4381 ostendisti,
3393 4314 3605 4383 tribue,
3621 4332 3781 4388 quaa-

2125 4419 2354 4471 sumus,
2376 4405 2440 4458 ut
2460 4418 2609 4457 nova
2620 4400 2896 4457 calorum
2915 4400 3200 4459 mirabilis
3219 4401 3455 4459 claritas
3471 4403 3531 4458 in
3554 4404 3776 4460 nostris

2049 4505 2096 4569 D
2127 4508 2360 4565 semper
2388 4490 2627 4547 oriatur.

2195 4582 2300 4635 Pro
2347 4581 2591 4635 oratione
2633 4578 2859 4634 secundi
2900 4581 3160 4635 nocturni
3207 4582 3359 4651 infra
3386 4584 3635 4636 octavam
3663 4581 3771 4638 ha-

2124 4669 2279 4724 betur
2305 4684 2531 4739 sequens
2561 4670 2756 4722 oratio.

2194 4756 2797 4826 Praesta,quaesumus,
2810 4755 3182 4828 omnipotens
3198 4760 3444 4826 Deus,ut
3455 4756 3776 4816 Salvatoris

2121 4842 2324 4899 mundi
2358 4842 2528 4898 stella
2556 4843 2704 4899 duce
2735 4843 3111 4901 manifestata
3159 4846 3435 4902 nativitas
3468 4847 3774 4904 mentibus

2119 4933 2333 4989 nostris
2366 4930 2652 4986 reveletur
2680 4947 2912 5003 semper
2941 4937 2998 4988 et
3026 4938 3264 4990 crescat.
3295 4934 3404 4991 Per
3433 4934 3731 4991 eumdem.

2260 5037 2533 5075 DOMINICA
2573 5037 2754 5075 PRIMA
2794 5038 2935 5076 POST
2978 5037 3234 5079 OCTAVAI
3272 5039 3618 5078 ΕΡῘΡΠΛΝΙΒ.

2185 5109 2309 5164 Post
2339 5110 2640 5175 lectionem,
2668 5113 2793 5176 etc.,
2842 5126 3011 5182 usque
3040 5110 3110 5166 ad
3152 5112 3464 5183 symbolum
3491 5113 3768 5184 apostolo-

2112 5214 2235 5252 rum
2265 5197 2550 5266 inclusive,
2585 5205 2645 5253 ut
2674 5200 2736 5253 in
2778 5197 2941 5255 editis
2969 5201 3083 5256 haec
3131 5207 3435 5273 sequuntur
3456 5218 3477 5255 :
3513 5201 3769 5258 Confite-

2110 5284 2187 5339 mi
2199 5284 2810 5357 niDomino,quoniam
2825 5286 3392 5359 bonus.li).Quoniam
3407 5288 3463 5345 in
3478 5287 3766 5345 saeculum

2109 5372 2506 5430 misericordia
2538 5375 2685 5445 eius.
3140 5374 3143 5377 λ

2180 5460 2475 5533 Confessio.
2516 5463 2805 5520 Confiteor
2853 5465 2968 5521 Deo
3026 5470 3084 5521 et
3132 5466 3407 5522 omnibus
3436 5465 3659 5522 sanctis
3706 5470 3769 5521 et

2104 5549 2289 5619 vobis,
2338 5551 2558 5619 Patres,
2592 5568 2722 5609 mea
2769 5552 2959 5625 culpa,
3012 5555 3152 5626 quia
3181 5554 3412 5628 peccavi
3445 5555 3626 5611 nimis
3659 5571 3771 5628 per
