3968 6126
950 290 1363 354 EXCEBPTA
1403 290 1506 353 EX
1544 288 1776 355 CODD.
1819 284 2140 351 LITURG.
2183 284 2778 350 FONTAVELLAN.

3447 270 3572 349 95‘!

170 410 511 503 superbiam
556 422 617 478 in
648 422 1016 496 cogitatione,
1068 426 1460 499 suggestione,
1505 439 1817 491 consensu,
1848 421 1904 490 Α
1932 416 2075 486 Fiat,
2124 420 2393 488 Domine,
2434 419 2830 477 misericordia
2875 424 2978 476 tua
3026 435 3202 493 super
3250 436 3377 477 nos.
3411 419 3575 478 Sicut

171 510 369 568 verbis
395 515 453 568 et
480 526 672 584 opere.
706 516 1011 585 Deprecor,
1055 530 1178 585 vos,
1226 517 1406 582 orate,
1454 530 1557 587 pro
1605 514 1821 570 misero

171 602 495 673 peccaturo.

1931 509 2295 582 speravimus
2324 510 2383 565 in
2406 514 2481 566 te.
2512 510 2848 565 Sacerdotes
2895 509 2983 565 tui
3036 509 3359 565 induantur
3386 509 3571 580 justi-

1928 598 2167 653 tiam.Et
2194 598 2380 654 sancti
2412 598 2496 653 tui
2528 597 3005 654 exsultent.Mitte
3035 598 3139 668 eis,
3174 598 3437 666 Domine,
3472 616 3574 654 au-

243 688 543 746 Absoluiio.
576 676 921 746 Missi-eatur
941 692 1117 747 vestri
1147 692 1518 765 omnipotens
1562 695 1735 759 Deus,
1768 697 1825 747 et
1928 684 2132 740 lilium
2163 685 2233 741 de
2263 691 2486 742 sancto.
2521 688 2590 742 Εἰ
2630 688 2701 743 de
2749 686 2886 743 Sion
2935 690 3098 742 tuere
3146 702 3265 742 808.
3310 688 3576 755 Domine.

171 776 434 833 dimittat
462 777 628 834 vobis
659 779 858 835 omnia
886 785 1124 852 precata
1152 784 1342 836 vestra
1373 779 1823 853 praeterita,praa-

171 865 365 921 scutis
390 870 448 921 et
475 865 905 933 futura,liberet
923 883 1025 923 vos
1053 868 1125 923 ab
1154 868 1311 924 omni
1345 868 1826 936 malo,conservet

173 958 233 1009 e't
260 955 569 1010 confirmet
597 959 655 1011 et
683 956 1019 1013 corroboret
1044 974 1145 1013 vos
1177 958 1234 1011 in
1267 959 1426 1014 omni
1457 974 1628 1030 opere
1649 958 1821 1025 bono,

172 1045 232 1099 et
260 1044 541 1117 perducat
563 1059 666 1100 vos
697 1044 768 1099 ad
800 1044 976 1100 vitam
1009 1049 1302 1102 aeternam.
1336 1048 1538 1102 Amen.

248 1130 583 1204 Capitatum.
616 1136 895 1189 Converte
926 1150 1053 1202 nos,
1087 1140 1240 1192 Deus
1280 1134 1558 1192 salutaris
1605 1141 1822 1191 noster.

174 1219 247 1276 Et
274 1225 467 1277 averte
496 1221 644 1277 iram
675 1223 839 1277 tuam
870 1240 902 1278 a
932 1222 1123 1279 nobis.
1156 1223 1425 1296 Dignare,
1458 1223 1829 1294 Domine,die

173 1308 313 1365 isto.
346 1309 480 1366 Sine
507 1314 745 1383 peccato
776 1327 885 1367 nos
916 1312 1388 1380 custodire.Fiat,
1418 1313 1681 1383 Domine,
1718 1314 1826 1370 mi-

175 1398 498 1455 sericordia
526 1402 632 1456 tua
660 1415 840 1472 super
891 1416 1019 1456 nos.
1052 1399 1216 1456 Sicut
1264 1402 1629 1474 speravimus
1659 1402 1719 1458 in
1750 1407 1825 1459 te.

176 1486 522 1544 Sacerdotes
552 1488 639 1544 tui
670 1488 994 1544 induantur
1014 1489 1376 1561 justititiam.
1412 1494 1480 1547 Et
1527 1492 1711 1548 sancti
1742 1493 1827 1547 tui

172 1564 661 1632 exsultentMitte
690 1576 795 1644 eis,
832 1576 1091 1648 Domine,
1126 1578 1409 1634 auxilium
1435 1581 1506 1636 de
1534 1581 1831 1637 sanctoEt

172 1664 250 1720 de
314 1663 451 1721 Bion
516 1667 681 1721 tuere
738 1680 856 1722 eos.
921 1668 1182 1735 Domine,
1244 1667 1451 1723 exaudi
1506 1668 1827 1725 orationem

176 1769 394 1810 meam.
424 1754 496 1809 Et
526 1753 748 1811 clamor
790 1771 956 1811 meus
1009 1760 1081 1812 ad
1132 1761 1187 1811 te
1232 1756 1445 1812 veniat.
1489 1758 1822 1829 Symbolum.

176 1841 523 1915 Quicunque
550 1843 674 1899 vult
702 1843 901 1900 salvus
953 1860 1103 1901 esse.
1154 1843 1487 1918 Capitutum.
1522 1846 1833 1903 Benedicat

179 1942 287 1987 nos
320 1922 493 1997 Deus,
520 1935 673 1988 Deus
704 1935 922 1999 noster,
953 1932 1261 1989 benedicat
1288 1951 1394 1988 nos
1426 1939 1597 2001 Deus,
1632 1938 1687 1990 et
1719 1952 1834 1994 me-

178 2021 357 2076 tuante
378 2030 526 2076 eum
544 2036 749 2078 omnes
779 2021 927 2077 ﬁnes
958 2026 1146 2077 terrae.
1182 2022 1468 2078 Dominus
1508 2024 1831 2080 vobiscum.

180 2107 251 2165 Et
277 2113 414 2165 cum
449 2109 659 2182 spiritu
689 2112 811 2166 tuo.
847 2111 1032 2167 Oratio
1081 2109 1270 2166 eadem
1321 2127 1446 2183 quae
1498 2112 1728 2168 habetur
1773 2114 1830 2167 in

178 2198 342 2255 editis
370 2200 443 2254 in
459 2201 595 2271 festo
627 2199 931 2255 Trinitatis.

252 2290 381 2345 Post
410 2289 693 2345 lectionem
724 2305 738 2344 :
772 2291 983 2345 Sancta
1006 2288 1417 2359 Maria,legitur
1436 2291 1551 2346 hac
1578 2292 1801 2346 rubrica
1814 2310 1832 2345 .-

185 2364 428 2433 Privati:
449 2376 638 2434 diebus
666 2378 884 2433 dicatur
911 2378 1003 2434 hic
1031 2386 1111 2434 ter
1143 2397 1154 2435 :
1190 2384 1339 2435 Deus
1371 2379 1428 2434 in
1474 2379 1833 2451 adjutorium

187 2472 387 2521 meum
418 2465 675 2535 intende,
707 2483 831 2522 cum
859 2466 1073 2523 Gloria.

257 2553 339 2610 Ᾱά
377 2554 788 2627 coriiplctorium
833 2556 1041 2621 omnia,
1092 2563 1151 2611 ut
1199 2557 1258 2610 in
1304 2556 1464 2611 editis
1515 2571 1685 2628 usque
1732 2557 1831 2628 qui

183 2643 323 2700 fecit
348 2642 561 2699 cmlum
592 2645 650 2699 et
678 2648 913 2699 terram.
949 2644 1280 2716 Capitutum.
1312 2644 1679 2700 Conﬁtemini
1727 2650 1829 2701 Do-

182 2732 345 2787 mino
374 2732 651 2805 quoniam
684 2732 1191 2798 bonus.Quoniam
1218 2734 1276 2787 in
1300 2732 1581 2789 saeculum
1602 2733 1830 2790 miseri-

180 2819 380 2876 cordia
410 2821 845 2892 ejdsﬁonfcssio
875 2824 925 2876 et
952 2820 1225 2878 absolutio
1250 2825 1311 2876 ut
1340 2837 1531 2892 supra.
1554 2821 1833 2879 Converte

182 2915 289 2965 nos
329 2912 502 2976 Deus,
529 2913 663 2979 ete.,
697 2924 870 2981 usque
895 2910 965 2965 ad
994 2911 1321 2981 symbolum.
1363 2910 1692 2982 Capitulum.
1727 2911 1829 2967 Be-

176 2995 449 3055 nedictus
472 3010 555 3067 es,
587 2999 831 3055 Domine
861 3002 1099 3070 patrum
1129 3003 1484 3055 nostrorum.
1516 3000 1582 3054 Et
1625 2998 1827 3055 lauda-

179 3074 317 3143 bilis
342 3090 398 3143 et
425 3087 722 3160 gloriosas
766 3087 827 3142 in
877 3086 1105 3143 saecula.
1143 3088 1568 3143 Benedicamus
1598 3092 1826 3144 Patrem

176 3179 237 3233 ει
269 3175 480 3232 Filium
515 3193 651 3233 cum
689 3181 890 3232 sancto
933 3176 1515 3248 Spiritu.Laudemus
1542 3180 1600 3233 et
1628 3193 1830 3249 super-

170 3263 500 3321 e'xalte'mu‘s
530 3274 666 3321 eum
698 3266 758 3321 in
794 3264 1023 3320 saecula.
1061 3264 1407 3320 Benedictus
1437 3282 1500 3320 es
1541 3265 1599 3320 in
1643 3266 1835 3321 firma-

177 3352 376 3410 mento
405 3354 553 3411 eali.
587 3346 657 3410 Et
684 3353 999 3410 laudabilis
1050 3358 1107 3409 et
1151 3353 1441 3426 gloriosus
1487 3354 1546 3408 in
1598 3354 1828 3411 saecula.

179 3441 489 3499 Benedicat
530 3456 638 3499 nos
684 3444 1058 3515 omnipotens
1108 3448 1279 3498 Deus.
1312 3446 1515 3499 Amen.
1558 3444 1828 3517 Dignare,

174 3530 443 3597 Domine,
475 3533 647 3587 nocte
695 3531 829 3602 ista.
884 3532 1022 3587 Sine
1074 3536 1308 3604 peccato
1356 3549 1465 3587 nos
1510 3533 1827 3589 custodire.

175 3618 322 3686 Fiat,
374 3619 641 3686 Domine,
694 3620 1098 3676 misericordia
1148 3625 1251 3676 tua
1300 3637 1477 3693 super
1509 3638 1635 3676 nos.
1669 3621 1831 3678 Sient

172 3708 542 3781 speravimus
573 3709 633 3764 in
662 3711 740 3765 te.
773 3709 1112 3766 Sacerdotes
1160 3710 1246 3765 tui
1297 3710 1616 3765 induantur
1645 3712 1831 3782 justi-

171 3795 416 3862 tiamJL’t
466 3796 654 3854 “neti
701 3796 788 3853 tui
837 3799 1147 3855 exsultent.
1191 3797 1353 3853 Mitte
1400 3799 1507 3866 eis,
1564 3799 1825 3867 Domine,

174 3884 459 3942 auxilium
490 3888 561 3943 de
591 3890 814 3945 sancto.
850 3887 918 3943 Et
946 3888 1018 3943 de
1046 3887 1179 3943 Sion
1213 3890 1374 3943 tuere
1405 3904 1523 3943 eos.
1564 3888 1826 3957 Domine,

171 3974 385 4031 ditandi
415 3976 738 4034 craticulam
770 3976 1059 4033 meam.Et
1089 3976 1312 4033 clamor
1342 3992 1510 4033 meus
1543 3977 1614 4033 ad
1646 3980 1703 4033 te
1732 3994 1828 4033 ve-

170 4062 320 4119 niat.
379 4064 623 4122 Domine
680 4068 833 4122 Deus
887 4066 1190 4133 virtutum,
1251 4070 1518 4121 converte
1577 4083 1703 4123 nos.
1760 4065 1830 4122 Et

171 4152 423 4210 ostende
448 4153 658 4210 faciem
687 4157 873 4220 tuam,
907 4159 963 4209 et
990 4153 1133 4210 salvi
1164 4154 1406 4210 erimus.

249 4241 459 4297 Oratio.
488 4241 697 4308 Visita,
726 4244 860 4306 etc.,
887 4245 1175 4312 postquam
1202 4251 1507 4312 sequuntur
1525 4246 1659 4301 alia?
1676 4245 1824 4303 duae.

242 4327 1196 4398 Illumina,quazsumus,Domine,
1218 4329 1489 4385 tenebras
1510 4335 1830 4397 nostras,et

168 4417 355 4475 ottius
389 4416 579 4473 noctis
609 4415 856 4472 insidias
890 4420 992 4472 tuo
1023 4434 1057 4472 a
1092 4417 1259 4471 nobis
1290 4416 1501 4488 repelle
1530 4420 1821 4490 propitius

168 4504 410 4562 auxilio.

1932 774 2140 830 exaudi
2185 774 2502 830 orationem
2553 792 2765 831 meam.
2804 775 2874 830 Et
2921 774 3141 831 clamor
3188 791 3354 832 meus
3401 777 3473 832 ad
3522 781 3578 832 te

1931 863 2145 919 veniat.
2179 863 2972 936 Psat.Miserere.Capitutum.
3007 864 3250 919 Domine
3282 869 3432 920 Deus
3463 864 3577 920 vir-

1932 955 2149 1019 tutum,
2179 956 2445 1007 converte
2476 968 2603 1007 nos.
2637 952 2886 1008 Ostende
2916 952 3120 1008 faciem
3151 955 3409 1021 tuam,et
3438 952 3580 1010 salvi

1936 1040 2178 1095 erimus.
2212 1040 2494 1096 Dominus
2523 1038 2847 1096 vobiscum.
2883 1041 2951 1095 Et
2979 1056 3133 1095 cum.

2008 1146 2211 1203 Oratio.
2246 1147 2530 1203 Matutina
2578 1146 2910 1219 supplicum
2959 1151 3110 1213 vota,
3146 1148 3407 1215 Domine,
3449 1167 3580 1221 pro-

1934 1235 2117 1307 pitius
2150 1236 2397 1304 intuere,
2420 1240 2477 1292 et
2506 1235 2733 1292 occulta
2762 1236 2952 1291 cordis
2984 1235 3166 1291 nostri
3200 1237 3453 1295 remedio
3469 1242 3581 1294 tua:

1935 1323 2190 1381 clariﬁca
2220 1325 2545 1398 pietatis,ut
2560 1325 2849 1381 desideria
2864 1325 3173 1381 tenebrosa
3193 1342 3306 1380 non
3327 1330 3581 1395 teneant,

1937 1431 2085 1486 quos
2114 1413 2213 1469 lux
2242 1413 2489 1471 ccelestis
2528 1414 2724 1487 gratim
2773 1414 3060 1487 reparavit
3101 1413 3272 1469 Jesus
3318 1414 3586 1472 Christus

1938 1501 2141 1569 Filius,
2174 1508 2284 1559 etc.

2010 1591 2282 1663 Suffragia
2312 1600 2645 1657 sanctorum,
2679 1609 2805 1664 quae
2847 1592 3109 1648 dicuntur
3156 1594 3307 1648 omni
3352 1592 3588 1665 tempore

1938 1683 2172 1752 exceptis
2236 1683 2389 1751 festis
2454 1683 2772 1737 Nativitatis
2838 1682 3081 1748 Domi-ni,
3143 1681 3588 1747 Rcsurrectionis,

1861 1789 1909 1855 Β
1940 1770 2300 1837 Ascensionis,
2347 1774 2399 1825 ct
2449 1773 2785 1826 Pcntecostes
2835 1778 2885 1826 et
2930 1772 3130 1826 octavis
3177 1786 3387 1826 carum.
3432 1770 3588 1826 Anti-

1941 1857 2123 1929 phona
2155 1858 2217 1912 de
2246 1858 2543 1914 cruce.Nos
2573 1863 2769 1914 autem
2802 1858 3040 1932 gloriari
3084 1863 3314 1932 oportet
3333 1858 3393 1915 in
3419 1875 3589 1916 cruce

1945 1945 2171 2000 Domini
2222 1946 2404 2001 nostri
2434 1946 2576 2002 Jesu
2609 1946 2842 2003 Christi.
2876 1947 3079 2003 Omnis
3112 1952 3285 2015 terra,
3320 1950 3427 2003 etc.

2015 2052 2218 2107 Oratio.
2281 2053 2488 2108 Adesto
2547 2053 2742 2116 nobis.
2800 2070 3160 2126 qumsumus,
3227 2053 3491 2121 Domine,
3534 2058 3593 2111 et

1942 2157 2089 2212 quos
2122 2146 2331 2196 sancta:
2357 2142 2547 2197 crucis
2587 2140 2768 2197 laetari
2820 2143 2961 2197 facis
3002 2142 3240 2208 honore,
3274 2143 3404 2214 ejus
3451 2159 3581 2215 quo-

1944 2246 2057 2302 que
2088 2231 2381 2303 pcrpcluis
2411 2231 2658 2287 defende
2688 2231 2992 2287 subsidiis.
3028 2236 3155 2287 Per.

2016 2320 2322 2392 Antiphona
2350 2320 2417 2375 de
2446 2321 2597 2375 beata
2631 2322 2835 2375 Maria.
2869 2320 3055 2376 Mater
3102 2323 3159 2375 et
3206 2308 3455 2392 innupta
3482 2320 3593 2376 vir-

1944 2425 2015 2481 go
2047 2408 2320 2482 gloriosa,
2356 2408 2576 2481 Regina
2606 2409 2833 2476 mundi,
2869 2408 3159 2466 intercede
3189 2425 3293 2481 pro
3324 2408 3494 2464 nobis
3518 2409 3590 2466 ad

1943 2497 2256 2553 Dominum
2292 2503 2469 2553 Deum
2501 2500 2787 2554 nostrum.
2822 2497 3063 2563 Ditl'usa,
3113 2502 3221 2554 etc.
3274 2499 3467 2554 Oratio
3492 2498 3593 2559 Fa-

1942 2585 2261 2642 mulorum.

2012 2675 2328 2747 Antiphone
2354 2674 2421 2731 de
2448 2680 2634 2731 sancto
2664 2673 3193 2732 MichaeliMichael
3225 2674 3591 2749 archangele,

1939 2765 2069 2820 veni
2104 2765 2161 2820 in
2194 2764 2555 2835 adjutorium
2588 2763 2787 2836 populi
2840 2763 2957 2819 Dei.
3018 2764 3079 2818 In
3124 2767 3439 2836 conspectu
3484 2782 3594 2822 an-

1941 2853 2225 2926 gelorum.
2261 2855 2466 2910 Oratio.
2500 2858 2653 2908 Deus
2685 2852 2783 2924 qui
2816 2852 2965 2907 miro
2997 2852 3219 2909 ordine.

2012 2942 2321 3014 Antiphone
2347 2942 2411 3001 de
2439 2951 2622 2998 sancto
2674 2941 2981 2998 Benedicto.
3038 2941 3168 2996 Fuit
3207 2940 3295 2996 vir
3339 2941 3468 2998 vitae
3498 2959 3592 2998 ve-

1942 3030 2221 3087 nerabilis
2249 3030 2438 3103 gratia
2459 3030 2806 3086 Benedictus
2828 3035 2884 3086 et
2902 3029 3157 3086 nomine.
3179 3027 3255 3085 Os
3274 3029 3591 3100 justi.0ra-

1863 3147 1906 3216 C
1944 3121 2039 3175 tio.
2074 3118 2434 3174 Intcrcessio.

2013 3208 2324 3279 Antiphona
2354 3207 2421 3263 de
2447 3209 2634 3262 sancto
2681 3208 2889 3263 Joanne
2935 3207 3202 3277 Baptista.
3240 3206 3395 3261 Inter
3422 3210 3591 3262 natos

1941 3297 2254 3352 mulierum
2290 3313 2403 3351 non
2436 3295 2687 3351 surrexit
2712 3286 2901 3367 major
2921 3294 3144 3350 Joanne
3173 3294 3455 3367 Baptista.
3487 3295 3591 3351 Ju-

1942 3391 2069 3442 stus
2101 3391 2166 3441 ut
2195 3385 2409 3458 palma.
2445 3384 2814 3441 Oratio.Beati
2860 3384 3105 3439 Joannis
3157 3383 3427 3455 Baptistae
3460 3401 3590 3455 nos,

1942 3492 2301 3548 quaesumus,
2360 3472 2624 3541 Domine,
2693 3471 2968 3545 przeclara
3019 3472 3330 3528 comitetur
3383 3472 3592 3541 oratio,

1941 3582 2114 3637 quem
2145 3568 2456 3619 venturum
2490 3579 2616 3618 esse
2648 3561 2934 3635 praedixit,
2967 3565 3168 3634 poscat
3201 3560 3371 3617 nobis
3402 3562 3592 3618 favere

1940 3652 2237 3724 placatum
2269 3650 2565 3708 Christum
2598 3648 2910 3705 Dominum
2941 3655 3230 3706 nostrum.

2009 3758 2341 3831 Antiphone.
2393 3760 2621 3821 Petrus,
2667 3761 2772 3813 etc.
2830 3755 3034 3813 Oratio.
3078 3760 3315 3821 Praesta,
3358 3772 3588 3827 quassu-

1939 3844 2482 3917 mus,omnipotens
2512 3849 2755 3910 Deus,ut
2785 3843 2964 3900 nullis
2993 3860 3101 3900 nos
3133 3844 3439 3916 permittas
3460 3861 3590 3915 per-

1938 3933 2375 3989 turbationibus
2406 3932 2661 4001 concuti,
2693 3949 2844 4004 quos
2892 3932 2952 3987 in
3002 3930 3330 4003 apostolicae
3362 3931 3586 3989 confes-

1938 4021 2120 4078 sionis
2154 4026 2319 4094 petra
2348 4020 2631 4078 solidasti.
2665 4025 2793 4076 Per.

2008 4111 2319 4183 Antiphona
2347 4114 2400 4165 et
2430 4112 2604 4165 oratio
2626 4110 2693 4166 de
2717 4124 2876 4182 pace,
2900 4116 2959 4163 ut
2987 4109 3049 4163 in
3075 4107 3255 4163 editis.

2006 4218 2318 4291 Antiphona
2364 4216 2430 4272 de
2476 4216 2731 4273 omnibus
2784 4218 3009 4272 sanctis.
3068 4213 3225 4269 Justi
3283 4212 3591 4287 fulgebunt

1935 4310 2090 4365 sicut
2119 4306 2204 4364 sol
2236 4306 2294 4362 in
2330 4316 2510 4378 regno
2544 4305 2731 4361 Patris
2762 4305 2899 4371 mei,
2932 4303 3077 4358 dicit
3107 4302 3588 4360 Dominus.Mira-

1935 4397 2072 4454 bilis
2100 4402 2273 4454 Deus.
2308 4396 2373 4452 In
2404 4394 2627 4452 sanctis
2676 4396 2824 4466 ejus.
2875 4395 3081 4450 Oratio.
3132 4396 3306 4461 Deus,
3337 4392 3439 4465 qui
3481 4409 3589 4451 nos

1857 4510 1902 4575 Β
1935 4486 2203 4542 concedis
2230 4486 2411 4542 beatae
2444 4485 2638 4541 Mariae
2669 4499 2901 4557 semper
2927 4481 3195 4575 virginis,
3226 4485 3285 4537 et
3322 4480 3588 4575 omnium

236 4593 469 4652 Veritas
496 4595 620 4665 tua,
655 4610 1017 4669 quaesumus,
1051 4593 1557 4665 Domine,semper
1594 4600 1829 4654 maneat
1857 4571 1891 4575 v
1937 4577 2275 4669 εδξιίξίοῗυω
2323 4578 2563 4669 horna}
2623 4573 3238 4669 (ἶίξξηιῖξθωοῖδίίοῐιθω
3280 4580 3487 4669 αςθτξθη

167 4683 231 4738 in
267 4680 542 4740 cordibus
590 4682 890 4753 nostris,et
938 4700 1042 4756 per
1077 4682 1353 4739 virtutem
1384 4686 1597 4740 sancte
1630 4684 1825 4743 crucis

168 4769 368 4827 omnis
394 4770 621 4829 falsitas
646 4772 873 4829 inimici
902 4773 1259 4829 destruatur.
1292 4777 1420 4829 Per.

237 4864 372 4917 Post
399 4862 611 4919 Laudes
635 4865 800 4935 feriae
830 4863 1086 4920 secundae
1128 4870 1249 4934 post
1286 4864 1529 4934 primam
1578 4866 1822 4919 Domini-

167 4962 291 5003 cam
328 4949 701 5020 supradictdtn
753 4951 1007 5021 leguntur
1053 4953 1204 5022 infra
1251 4952 1475 5021 scripta.
1509 4952 1636 5008 H.220
1680 4953 1823 5023 capi-

168 5026 291 5091 tata
316 5034 572 5093 dicantur
599 5038 754 5094 ανὴπί
780 5044 1023 5111 tempore
1049 5039 1238 5094 diebus
1265 5038 1559 5109 ferialibus
1599 5039 1671 5094 ad
1699 5041 1822 5096 lau-

167 5121 282 5190 des,
312 5122 384 5177 ad
412 5124 653 5192 tertiam,
685 5132 735 5180 et
764 5125 835 5180 ad
864 5142 1162 5196 vesperum,
1209 5141 1333 5179 cum
1380 5125 1653 5181 Miserere
1684 5129 1818 5196 mei,

166 5212 344 5266 usus.
374 5209 459 5266 Ad
481 5212 708 5284 uigiliae
748 5224 874 5271 vero
922 5214 993 5269 ad
1037 5219 1274 5280 sextam,
1303 5216 1355 5268 et
1381 5229 1587 5268 nonam
1631 5215 1822 5271 dicun-

164 5306 261 5354 tur
280 5300 406 5355 sine
428 5299 639 5379 Misere
667 5302 804 5370 mei,
841 5306 1009 5358 Deus.
1054 5301 1226 5375 Kyrie
1275 5300 1517 5370 eleison,
1566 5302 1817 5375 Christe,

163 5382 406 5455 eleison,
458 5389 630 5462 Kyrie
677 5390 912 5448 eleison.
966 5395 1138 5446 Pater
1182 5394 1400 5445 noster.
1456 5391 1523 5445 Et
1568 5407 1640 5447 ne
1688 5410 1815 5450 nos.

163 5477 630 5552 CapitulumEgo
659 5479 777 5535 dixi
812 5496 825 5535 :
860 5479 1122 5546 Dumine,
1154 5480 1431 5535 miserere
1475 5480 1610 5535 mei.
1664 5482 1820 5540 Sana

168 5564 430 5621 animam
464 5572 681 5637 meam,
713 5567 851 5640 quia
881 5567 1109 5641 peccavi
1156 5567 1279 5622 tibi.
1312 5570 1671 5635 Convertere,
1705 5570 1817 5627 Do-

164 5652 887 5728 mine,aliquantulum.Et
914 5658 1222 5731 deprecare
1244 5672 1421 5731 super
1440 5674 1639 5718 servos
1656 5664 1813 5717 tuos.

1938 4662 2109 4718 nobis
2156 4662 2216 4718 in
2267 4667 2486 4717 (eterna
2538 4662 2897 4718 beatitudine
2943 4662 3014 4718 de
3062 4677 3266 4717 eorum
3313 4658 3589 4715 societate

1935 4751 2208 4824 gaudere.
2244 4753 2371 4805 Per.

2005 4839 2085 4894 Ad
2114 4840 2329 4894 tertiam
2355 4839 2582 4908 ponitur
2609 4854 2835 4909 sequens
2861 4840 3056 4894 oratio.
3112 4835 3349 4906 Porrigo
3395 4833 3587 4889 dexte-

1935 4936 2061 4983 ram
2092 4932 2663 4997 tuam,quzesumus,
2701 4926 2960 4992 Domine,
2997 4923 3150 4997 plebi
3197 4927 3310 4978 tua:
3354 4918 3584 4976 miseri-

1932 5016 2192 5072 cordiam
2224 5013 2541 5086 postulanti
2562 5030 2667 5086 per
2686 5030 2863 5085 quam
2886 5018 2944 5069 et
2962 5026 3189 5069 errores
3209 5009 3462 5067 declinet
3472 5008 3584 5065 hu-

1935 5122 2161 5172 manos,
2195 5108 2252 5160 et
2282 5102 2490 5157 solatia
2518 5103 2648 5157 vita
2681 5101 3032 5158 immortalis
3064 5100 3397 5172 accipiat,et
3425 5113 3580 5156 sem-

1931 5194 2164 5267 piterna
2186 5191 2406 5264 gaudia
2434 5189 2908 5262 comprehendat.
2942 5195 3069 5247 Per.

1999 5301 2080 5357 Ad
2106 5301 2317 5357 sextam
2346 5298 2543 5354 oratio.
2577 5296 2793 5353 Exaudi
2823 5303 3112 5366 nos,Dcus
3143 5294 3419 5353 salutaris
3443 5309 3581 5352 nos-

1928 5395 2017 5446 ter
2044 5393 2102 5445 et
2128 5389 2263 5451 dies,
2286 5390 2521 5443 nostros
2553 5385 2610 5440 in
2645 5389 2743 5442 tua
2772 5403 2912 5458 pace
2941 5387 3210 5459 dispone,
3239 5389 3305 5442 ut
3335 5402 3369 5443 a
3399 5400 3576 5442 cune-

1927 5480 2001 5535 tis
2035 5474 2577 5551 perturbationibus
2617 5474 2845 5532 liberati
2889 5474 3210 5548 tranquilla
3250 5473 3359 5531 tibi
3405 5474 3582 5531 servi-

1928 5572 2051 5625 tute
2080 5565 2453 5623 famulemur.
2485 5568 2615 5621 Per.
3518 5570 3529 5605 ι

1995 5657 2077 5715 Ad
2139 5672 2344 5714 nonam
2405 5657 2601 5713 oratio.
2689 5658 2802 5724 Da,
2872 5671 3232 5728 quaesumus,
3297 5653 3574 5721 Domine,
