3968 6126
372 234 513 303 -885

1577 235 1769 299 ΞιΕΟ.
1815 236 1896 300 XI
1940 231 2253 301 MONUM.
2300 233 2617 301 LITURG.

3664 229 3817 307 5956

396 366 611 443 populo
643 373 742 425 tuo
773 367 1054 442 Spiritum
1083 368 1342 427 veritatis
1372 372 1427 426 et
1456 369 1720 442 pacis,ut
1747 372 1803 425 te
1834 372 1890 425 et
1918 372 2041 426 tota
2065 370 2122 438 Α
2149 368 2395 427 Domine
2425 367 2526 442 qui
2554 384 2841 442 passurus
2868 367 3155 428 advenisti
3184 371 3421 442 propter
3443 384 3570 426 nos.
3589 369 3659 425 Et
3688 382 3815 427 88-

396 462 591 515 mente
622 463 952 530 cognoscat,
979 462 1036 514 et
1065 475 1191 531 quae
1226 458 1331 513 tibi
1364 462 1506 514 sunt
1534 457 1892 532 placita,toto
1914 474 2038 514 cor-

392 547 464 603 de
495 549 769 603 sectetur.

463 636 541 691 Ad
569 651 816 707 vespesz
847 637 1044 691 oratio.
1077 634 1330 704 Oriatur,
1364 634 1626 705 Domine,
1660 636 2040 691 nascentibus

392 723 887 790 tenebris,aurora
909 722 1153 794 justitize
1184 723 1243 778 in
1277 723 1552 779 cordibus
1579 724 1888 791 nostris,ut
1905 740 2041 796 per-

393 816 519 868 acto
578 812 670 866 die
701 809 1046 883 suppliciter
1093 810 1316 882 gratias
1375 816 1634 887 agentes,
1665 811 1839 867 etiam
1870 827 2040 866 mane

391 901 701 975 dignanter
730 899 1010 971 respicias
1038 903 1172 954 vota
1205 899 1511 955 solventes.
1546 900 1671 955 Per.

462 989 781 1063 Supradicta
807 989 1072 1060 suﬂ‘ragia
1098 988 1168 1043 ad
1197 988 1383 1043 laudes
1434 988 1709 1043 dicuntur.
1744 988 1822 1043 Ad
1859 1004 2039 1059 vespe-

388 1096 513 1135 rum
555 1086 739 1134 autem
794 1077 1056 1133 dicuntur
1108 1078 1390 1148 sequentia
1439 1078 1592 1133 omni
1647 1085 1883 1149 tempore
1927 1084 2040 1132 tam

387 1168 577 1225 diebus
605 1167 898 1239 ferialibus
930 1182 1095 1236 quam
1121 1167 1350 1238 festiuis.

460 1254 788 1327 Antiphone.
819 1255 991 1310 Salva
1022 1272 1149 1319 nos,
1181 1255 1408 1310 Christe
1448 1253 1730 1321 Salvator,
1778 1271 1880 1327 per
1923 1254 2035 1308 vir-

386 1348 568 1400 tutem
600 1350 813 1400 sanctae
854 1345 1064 1400 crucis.
1098 1344 1204 1407 Qui
1241 1344 1477 1399 salvasti
1508 1344 1741 1399 Petrum
1775 1344 1834 1399 in
1868 1345 2036 1409 mari,

388 1433 665 1489 miserere
694 1434 882 1489 nobis.
908 1434 1111 1490 Omnis
1139 1437 1313 1489 terra.
1349 1434 1550 1490 Oratio.
1595 1434 1878 1505 Perpetua
1908 1450 2034 1501 nos,

386 1527 496 1578 etc.

456 1611 1009 1684 AntiphonaSancta
1037 1611 1222 1667 Maria
1250 1611 1351 1666 Dei
1382 1610 1581 1684 Virgo,
1606 1627 1835 1683 semper
1862 1610 2037 1666 inter-

387 1699 524 1755 cede
555 1717 658 1771 pro
691 1699 860 1755 nobis
885 1700 958 1755 ad
990 1699 1303 1755 Dominum
1336 1699 1518 1755 Deum
1553 1699 2005 1755 nostrum.DilI‘u

387 1805 471 1844 sa.
505 1787 709 1844 Oratio.
742 1788 1362 1856 Concede,misericors
1394 1788 1569 1857 Deus,
1604 1787 1902 1860 fragilitati
1938 1804 2036 1843 no-

391 1880 546 1945 atrae,
580 1881 688 1933 etc.

458 1967 788 2039 Antiphone.
820 1965 1088 2033 Michael,
1140 1971 1248 2024 etc.
1295 1968 1497 2024 Oratio.
1531 1968 1881 2038 Perpetuum
1933 1983 2036 2021 no-

388 2054 500 2121 bis,
537 2056 799 2122 Domine,
834 2060 946 2110 tuaa
988 2054 1380 2111 miserationis
1423 2060 1632 2127 prirsla
1680 2055 2033 2124 subsidium,

392 2144 608 2217 quibus
638 2148 696 2201 et
723 2143 987 2216 angelica
1019 2143 1341 2215 priestitisti
1372 2143 1651 2216 suffragia
1672 2161 1787 2200 non
1810 2145 2031 2200 deesse.

384 2237 513 2289 Per.

455 2322 729 2395 Suﬂ'ragia
760 2321 817 2377 S.
851 2323 915 2376 P.
947 2322 1247 2389 Benedicti,
1282 2327 1342 2377 ut
1371 2324 1431 2376 in
1459 2322 1641 2377 editis.

454 2412 766 2484 Antiphona
794 2418 846 2467 et
872 2413 1168 2467 versiculus
1195 2427 1295 2483 pro
1318 2415 1504 2467 sancto
1533 2413 1742 2467 Joanne
1771 2412 2032 2483 Baptista,

385 2504 450 2555 ut
477 2501 538 2555 in
568 2500 847 2556 laudibus.

458 2589 661 2645 Oratio.
696 2587 1075 2660 Omnipotens
1108 2587 1461 2660 sempiterne
1513 2588 1687 2655 Deus,
1720 2589 1797 2644 da
1845 2589 2035 2644 cordi-

383 2676 496 2732 bus
526 2675 689 2732 illam
719 2680 954 2731 tuarum
1003 2675 1411 2732 rectitudinem
1457 2676 1825 2745 semitarum,
1855 2694 2032 2750 quam

385 2765 591 2821 beatus
617 2766 875 2821 Joannes
904 2764 1165 2836 Baptista
1211 2764 1271 2821 in
1315 2766 1543 2821 deserto
1589 2783 1696 2821 vox
1726 2765 2036 2823 clamantis

384 2852 635 2909 edocuit.

454 2941 786 3015 Antiphona.
820 2940 1065 2998 Gloriosi
1098 2942 1411 3016 principes.
1447 2942 1655 3000 Oratio.
1689 2944 2035 3017 Apostolicis

2149 460 2254 515 teri
2290 459 2645 531 respondeant
2697 476 2709 513 :
2762 458 2930 532 Kyrie
2981 458 3219 527 cleison,
3270 457 3499 525 Christe
3551 456 3814 523 cleison,

2148 547 2411 603 Domine.
2444 549 2509 602 Et
2540 547 2757 611 illi.Qui
2788 547 3122 620 prophetice
3152 546 3601 619 promisistizero
3634 562 3815 604 mors

2148 641 2269 703 tua,
2303 653 2335 692 ο
2368 639 2618 692 mors.Et
2645 635 3024 709 caeteri:Kyrie
3051 635 3527 699 eleison,Christe
3552 634 3809 702 cleison,

2148 723 2786 792 Domine,miserere.Et
2815 725 2925 779 illi:
2957 724 3081 780 Vita
3132 724 3191 778 in
3238 723 3399 796 ligno
3437 723 3709 791 moritur,
3742 727 3813 779 et

2149 829 2307 868 mors
2357 816 2542 869 morte
2588 816 2919 868 evacuatur.
2959 814 3026 868 Et
3064 813 3256 869 caeteri
3286 828 3299 867 :
3332 810 3503 885 Kyrie
3550 810 3808 881 cleison,

2149 901 2363 957 Christi
2393 901 2630 968 cleison,
2658 900 2922 958 Domine.
2952 903 3018 958 Et
3048 902 3139 956 illi
3160 919 3182 956 .·
3211 900 3478 957 Christus
3508 900 3805 957 Dominus

2147 991 2336 1046 factus
2360 994 2449 1046 est
2479 990 2756 1046 obediens
2803 1007 2989 1063 usque
3037 990 3110 1045 ad
3160 994 3430 1045 mortem.
3460 990 3527 1045 Et
3555 992 3743 1045 caeteri
3781 1006 3797 1042 :

2148 1079 2392 1135 Mortem
2425 1082 2618 1135 autem
2651 1080 2862 1137 crucis.
2893 1083 3064 1135 Pater
3091 1077 3648 1150 noster.Capitulum.
3674 1078 3799 1151 Ego

2147 1168 2263 1223 dixi
2298 1184 2310 1222 :
2344 1169 2777 1234 Domine,sana.
2809 1169 3172 1235 Convertere,
3208 1166 3468 1223 Domine.
3493 1167 3563 1222 Et
3586 1166 3795 1240 depre-

2147 1274 2295 1313 care.
2334 1258 2476 1323 Fiat,
2508 1256 2771 1312 Domine.
2804 1256 2964 1313 Sicut
2995 1254 3360 1329 speravimus
3391 1255 3449 1310 in
3482 1259 3558 1310 te.
3591 1260 3791 1311 Sacer-

2147 1347 2332 1402 dotes.
2382 1347 2452 1401 Et
2495 1346 2705 1402 sancti.
2739 1346 2901 1401 Mitte
2946 1346 3051 1413 eis,
3086 1345 3350 1401 Domine.
3398 1344 3465 1399 Et
3512 1344 3584 1399 de
3630 1343 3791 1400 Sion.

2150 1435 2409 1503 Domine,
2438 1434 2666 1491 exaudi.
2702 1436 2771 1490 Et
2802 1434 3040 1490 clamor.
3071 1435 3220 1490 Psal.
3253 1433 3544 1490 Miserere.
3567 1433 3790 1505 Capitu-

2145 1524 2529 1580 lum.Domine
2562 1525 2713 1579 Deus
2741 1523 3043 1578 virtutum.
3079 1523 3148 1578 Et
3176 1521 3434 1588 ostende,
3447 1522 3567 1576 sine
3594 1521 3792 1577 Domi-

2146 1630 2258 1669 nus
2303 1613 2627 1669 Vobiscum.
2676 1612 2779 1668 Sed
2826 1613 2925 1668 sub
2982 1611 3205 1668 silentio
3256 1611 3477 1667 dicitur.
3540 1611 3789 1668 Oremus.

2148 1701 2409 1774 Respice,
2442 1718 2802 1775 quaesumus,
2837 1700 3097 1756 Domine.

2214 1793 2312 1849 ΗιἘ
2339 1807 2519 1863 preces
2548 1792 2849 1845 recitantur
2871 1793 2985 1862 post
3015 1792 3252 1856 tertiam,
3281 1804 3523 1861 vesperas
3570 1791 3621 1844 et
3669 1788 3789 1842 lau-

2143 1880 2234 1936 des
2263 1882 2435 1936 trium
2463 1880 2683 1936 dierum
2715 1878 3058 1934 hebdomade:
3085 1879 3331 1950 majoris,
3363 1877 3611 1934 videlicet
3649 1877 3792 1947 feria

2144 1970 2423 2041 quinta,in
2466 1971 2761 2024 Parasceve
2789 1972 2839 2023 et
2868 1968 2927 2022 in
2954 1966 3185 2024 Sabbato
3233 1970 3439 2033 sancto,
3485 1968 3611 2022 Post
3651 1966 3794 2021 anti-

2140 2058 2381 2131 phonam
2428 2057 2497 2113 ad
2545 2055 2895 2113 Benedictus
2945 2056 3171 2112 laudum
3209 2056 3433 2111 Sabbati
3460 2056 3640 2110 sancti
3676 2053 3795 2111 haec

2144 2148 2414 2205 habentur
2443 2164 2462 2201 :
2494 2146 2591 2201 llic
2618 2145 2836 2201 dicatur
2863 2163 2882 2199 :
2914 2145 3087 2217 Kyrie
3135 2143 3375 2211 eleison,
3406 2150 3459 2200 et
3505 2159 3710 2207 versus,
3740 2146 3795 2198 et

2142 2237 2445 2309 capitulum
2477 2240 2527 2291 et
2574 2236 2771 2301 oratio,
2820 2241 2881 2289 ut
2925 2236 2987 2290 in
3034 2232 3287 2289 laudibus
3328 2247 3496 2290 cm
3541 2232 3790 2288 Domini.

2146 2328 2338 2382 Prima
2367 2340 2510 2391 vero,
2554 2325 2739 2391 tertia,
2768 2325 2924 2378 sexta.
2951 2330 3002 2377 et
3030 2338 3177 2378 nona
3203 2322 3344 2376 sicut
3372 2320 3561 2377 eadem
3586 2319 3695 2376 die.
3726 2321 3788 2376 In

2147 2414 2249 2470 hac
2277 2414 2367 2469 die
2396 2417 2521 2468 ante
2547 2412 2740 2468 horam
2769 2412 2994 2466 tertiam
3042 2410 3510 2483 discOOperiantur
3534 2425 3715 2465 cruces
3743 2413 3795 2465 et

2144 2502 2370 2573 tabulae,
2402 2516 2526 2574 qua:
2550 2517 2650 2573 per
2678 2507 2848 2556 totam
2872 2500 3189 2556 Passionem
3222 2501 3446 2570 fuerant
3472 2500 3683 2555 velatis.
3726 2503 3795 2557 Et

2143 2595 2290 2647 inter
2317 2593 2557 2655 tertiam,
2590 2593 2638 2644 et
2667 2595 2879 2644 sextam
2908 2588 3102 2644 horam
3148 2590 3332 2644 altare
3367 2588 3663 2659 honoriﬁce
3697 2604 3794 2644 ea:-

2142 2689 2385 2738 ornetur.
2416 2680 2496 2746 Jd
2520 2695 2801 2751 vesperum
2827 2678 3148 2750 antiphona,
3182 2685 3232 2733 et
3259 2678 3465 2732 dicitur
3499 2675 3617 2732 hac
3642 2678 3799 2732 anti-

2138 2771 2323 2844 phona
2346 2769 2418 2825 ad
2446 2784 2723 2840 vesperum
2765 2783 2865 2839 per
2913 2774 3078 2822 totam
3105 2765 3495 2821 hebdomadam
3534 2781 3706 2837 usque
3736 2766 3799 2820 in

2140 2855 2775 2915 subbatum.Crucifixus
2805 2856 3056 2911 surrexit
3081 2855 3254 2911 tertia
3276 2855 3371 2910 die
3401 2854 3473 2910 de
3502 2853 3794 2926 sepulcro,

2144 2947 2395 3018 alleluia,
2428 2945 2681 3003 alleluia.
2716 2947 2866 3000 Psal.
2902 2945 3179 3011 Laudate,
3213 2943 3397 3016 pueri.
3448 2944 3599 2999 Psal.
3646 2943 3796 2997 Lau-

386 3048 513 3096 nos,
560 3047 921 3104 quaesumus,
954 3031 1217 3101 Domine,
1252 3032 1553 3089 beatorum
1602 3033 1756 3089 Petri
1786 3038 1843 3089 et
1876 3032 2033 3090 Pauli
2075 3105 2105 3109 _
2144 3038 2296 3105 date,
2328 3052 2533 3092 omnes
2561 3035 2945 3109 gentes.Psal.
2981 3034 3121 3088 Ecce
3150 3048 3327 3105 quam
3358 3030 3606 3089 bonum!
3638 3032 3796 3087 Psal.

385 3119 582 3176 attolle
612 3120 919 3191 prasidiis,
953 3124 1018 3176 ut
1047 3125 1264 3193 quanto
1292 3120 1617 3195 fragiliores
1649 3139 1878 3189 sumus,
1900 3125 2030 3178 tan-
2062 3105 2105 3172 (ἶ
2145 3127 2365 3195 Lauda,
2386 3105 2733 3181 Jerusalem.
2766 3124 2963 3178 Lectio.
2998 3122 3057 3179 Si
3088 3120 3555 3178 consurrexistis.
3584 3122 3644 3191 πῆ.
3676 3122 3799 3175 An-

385 3213 443 3265 to
474 3208 858 3265 validioribus
884 3210 1117 3267 auxiliis
1149 3211 1467 3268 foveamur.
1500 3216 1625 3269 Per.

453 3299 763 3371 Antiphona
787 3315 890 3372 pro
914 3316 1068 3370 pace,
1102 3308 1163 3356 ut
1189 3302 1251 3355 in
1280 3300 1554 3357 laudibus.

452 3388 781 3461 Antiphona.
813 3389 1010 3445 Sancti
1058 3389 1159 3444 Dei
1212 3405 1437 3457 omnes,
1471 3406 1638 3445 orare
1683 3394 1741 3445 et
1787 3389 2030 3446 interce-

382 3476 519 3533 dere
548 3476 872 3550 dignemini
904 3494 1008 3550 pro
1041 3481 1244 3533 nostra
1274 3478 1655 3550 omniumque
1682 3478 1893 3535 salute.
1918 3480 2033 3535 Lae-

381 3565 590 3621 tamini
622 3564 682 3619 in
714 3565 982 3621 Domino.
1035 3565 1243 3622 Oratio.
1291 3566 1673 3639 Omnipotens
1717 3572 1891 3635 Deus,
1926 3585 2033 3624 nos

384 3653 637 3710 famulos
666 3658 801 3709 tuos
830 3654 1066 3710 dextera
1095 3655 1366 3727 potentiae
1398 3660 1508 3710 tua:
1534 3673 1569 3712 a
1597 3655 1823 3712 cunctis
1842 3660 2029 3729 prote-

382 3760 452 3816 ge
481 3742 777 3815 periculis,
809 3747 887 3812 et,
920 3743 1088 3799 beata
1120 3744 1303 3800 Maria
1331 3760 1563 3817 semper
1590 3744 1827 3819 Virgine
1858 3744 2034 3802 inter-

382 3833 622 3888 cedente
651 3848 785 3887 cum
817 3832 1094 3889 omnibus
1126 3833 1344 3889 sanctis
1375 3833 1610 3902 tuis,fae
1640 3851 1747 3891 nos
1778 3852 2033 3907 praesen-

382 3919 426 3977 ti
458 3921 713 3993 gaudere
745 3922 1131 3995 prosperitate
1162 3927 1215 3978 et
1246 3927 1479 3979 (eterna.
1513 3928 1623 3980 Per
1651 3924 1984 3980 Dominum.

693 4028 859 4067 FERIA
896 4029 1117 4074 QUARTA
1158 4028 1218 4068 IN
1256 4030 1448 4068 CLPITE
1483 4029 1717 4069 JEJUNII.

449 4102 558 4157 Pro
606 4100 975 4156 benedictione
1019 4102 1269 4157 cinerum
1333 4102 1530 4173 legitur
1592 4110 1807 4158 tantum
1860 4104 2034 4159 oratio

379 4188 556 4259 Deus,
589 4188 686 4261 qui
717 4205 834 4244 non
868 4193 1137 4258 mortem,
1171 4193 1281 4246 etc.
1310 4196 1507 4247 Postea
1528 4192 1777 4261 sequitur
1802 4192 1923 4248 hmo
1943 4208 2035 4246 ru-

382 4277 555 4332 brica.
589 4278 732 4332 Tunc
778 4282 1140 4349 aspergantur
1185 4296 1331 4349 aqua
1369 4281 1578 4347 sancta,
1612 4280 1897 4335 incensari
1918 4295 2033 4335 non

378 4364 603 4420 debent.‘
620 4369 756 4421 Mox
780 4367 1025 4422 sacerdos
1056 4368 1286 4438 incipiat
1328 4382 1536 4439 ponere
1575 4369 1817 4424 cinerem
1862 4384 2032 4441 supra

377 4453 724 4524 singulorum
750 4456 994 4524 fratrum
1019 4457 1202 4527 capita
1232 4457 1289 4511 in
1320 4455 1540 4511 modum
1568 4458 1746 4513 crucis
1765 4457 1991 4513 dicendo
2011 4476 2030 4513 :
2061 4477 2109 4542 Β

380 4542 723 4611 Recordare,
779 4543 975 4612 homo,
1026 4548 1138 4600 etc.
1174 4548 1241 4601 Et
1286 4545 1383 4601 ille
1429 4547 1526 4616 qui
1571 4547 1785 4619 accipit,
1819 4547 1965 4603 dicat
2009 4564 2030 4608 ;

380 4630 570 4702 Hujus
603 4631 819 4689 cineris
846 4633 1106 4706 aspersio
1136 4633 1214 4691 sit
1244 4634 1411 4706 mihi,
1443 4635 1706 4704 Domine,
1740 4636 1810 4693 ad
1845 4651 2029 4693 reme-

377 4720 544 4776 dium
575 4720 853 4778 salutare.

382 4845 389 4849 -
450 4814 579 4867 Post
635 4811 821 4868 laudes
885 4813 1048 4883 feriae
1110 4817 1326 4884 quartae
1388 4815 1618 4886 majoris
1683 4813 2034 4871 hebdomadw

377 4900 649 4957 habentur
677 4904 1093 4975 sequentiaﬂic
1120 4903 1552 4974 exstinguuntur
1577 4904 1765 4958 omnia
1794 4903 2030 4975 lumina:

376 4989 462 5045 Ad
494 4968 842 5047 Benedictus
871 4968 1487 5063 antiphona.Traditor.
1520 4992 1615 5046 His
1642 4992 1805 5047 dictis
1831 4968 2039 5047 vadunt

378 5076 484 5134 duo
514 5083 642 5135 ante
669 5081 917 5145 altare,et
946 5080 1132 5135 dicant
1159 5096 1357 5136 sonora
1386 5097 1510 5135 voce
1536 5097 1555 5134 :
1588 5080 1756 5152 Kyrie
1789 5078 2028 5148 cleison,

378 5164 602 5225 Christe
630 5166 867 5238 cleison,
900 5167 1164 5237 Domine,
1193 5168 1493 5224 miserere.
1524 5170 1589 5224 Et
1635 5169 1901 5224 similiter
1946 5185 2031 5225 re-

378 5254 680 5325 spondeant
707 5259 899 5317 caeteri
927 5258 1070 5321 alii;
1099 5261 1152 5314 et
1180 5259 1277 5330 qui
1303 5259 1430 5312 sunt
1455 5260 1583 5312 ante
1610 5257 1785 5313 altare
1803 5257 2029 5313 dicant:

379 5343 647 5400 Cbristus
668 5346 822 5403 Deus
846 5349 1036 5405 factus
1051 5351 1141 5405 est
1154 5347 1435 5404 obediens
1457 5362 1646 5418 usque
1663 5346 1735 5400 ad
1759 5351 2030 5414 mortem,

384 5430 583 5487 Caeteri
609 5436 1010 5505 respondeant:
1045 5438 1210 5509 Kyrie
1249 5434 1491 5503 eleison,
1525 5433 1752 5491 Christe
1789 5434 2031 5503 cleison,

382 5518 647 5589 Domine,
685 5522 975 5581 miserere.
1022 5526 1086 5581 Et
1116 5526 1207 5582 illi
1232 5529 1362 5582 ante
1404 5524 1581 5587 altare
1628 5524 1814 5583 dicant
1846 5542 1859 5581 :
1892 5525 2033 5585 Jesu

2141 3214 2309 3288 gelus
2341 3211 2592 3269 Domini.
2626 3213 2681 3281 ᾗ.
2713 3211 2920 3267 Jesum
2952 3210 3234 3283 quaeritis.
3267 3211 3532 3282 Hymnus.
3565 3208 3652 3264 Ad
3689 3225 3800 3265 οω-

2141 3320 2298 3359 nam.
2334 3304 2386 3371 ᾖ.
2420 3300 2644 3357 Pascha
2673 3303 2876 3355 nostra
2904 3298 3246 3355 immolatus
3274 3302 3365 3354 est
3392 3297 3684 3354 Christus.
3717 3296 3799 3353 Ad

2141 3390 2478 3465 Magniﬁcat
2504 3391 2829 3461 antiphona.
2861 3388 3113 3461 Vespere
3145 3392 3364 3443 autem.

2214 3480 2583 3538 0ratio.Deus
2614 3478 2714 3551 qui
2745 3477 2896 3533 banc
2925 3475 3387 3533 sacratissimam
3411 3479 3642 3532 noctem
3668 3475 3799 3548 glo-

2142 3569 2229 3626 ria
2258 3568 2563 3625 dominicae
2595 3565 3039 3623 resurrectionis
3086 3564 3370 3631 illustres,
3401 3579 3685 3620 conserva
3737 3563 3798 3618 in

2142 3676 2289 3715 nova
2318 3655 2554 3714 familia:
2583 3660 2694 3711 tum
2726 3654 3002 3728 progenie
3034 3652 3364 3726 adoptionis
3384 3651 3802 3725 spiritum,qui

2142 3747 2374 3815 dedisti,
2409 3750 2475 3802 ut
2503 3761 2741 3818 corpore
2783 3748 2840 3800 et
2888 3746 3081 3799 mente
3128 3741 3383 3809 renovati
3434 3755 3644 3814 puram
3691 3739 3803 3795 tibi

2140 3836 2456 3893 exhibeant
2484 3833 2844 3890 servitutem.
2879 3836 2989 3887 Per
3014 3832 3307 3887 eumdem.

2212 3922 2531 3996 Antiphona
2558 3922 2623 3978 de
2651 3936 2807 3977 cruce
2837 3935 3006 3992 usque
3037 3919 3106 3975 ad
3130 3928 3395 3976 octavam.
3437 3916 3803 3974 Cruciﬁxum

2138 4011 2198 4067 in
2232 4027 2402 4067 carne
2433 4011 2763 4078 laudemus,
2795 4014 2852 4065 et
2883 4008 3180 4082 sepultum
3213 4012 3449 4081 propter
3478 4023 3586 4063 nos
3617 4005 3803 4079 glori-

2140 4102 2403 4157 ficemus.
2438 4100 2859 4170 Rcsurgentem
2892 4098 2962 4153 de
2993 4100 3198 4165 morte,
3213 4096 3423 4164 venite,
3457 4095 3800 4163 adoremus,

2140 4188 2395 4257 alleluia,
2431 4186 2684 4255 alleluia,
2719 4185 2971 4243 alleluia.

2209 4277 2523 4350 Antiphona
2549 4279 2751 4332 sanctae
2780 4277 2965 4332 Mariae
2992 4292 3160 4346 usque
3202 4276 3264 4328 in
3318 4280 3568 4330 octavum
3611 4273 3804 4328 Pente-

2138 4375 2328 4424 costes.
2361 4365 2584 4439 Regina
2610 4364 2759 4420 coeli.
2792 4364 3015 4420 Diﬂ‘usa
3046 4368 3153 4420 est.
3190 4366 3522 4435 Propterea.

2148 4512 2159 4521 ,
2213 4455 2420 4513 Oratio.
2465 4459 2635 4521 Deus,
2670 4453 2769 4525 qui
2814 4452 3039 4508 violatae
3088 4455 3310 4507 naturai
3365 4466 3466 4522 per
3510 4447 3800 4521 virginale

2140 4546 2320 4601 decus
2368 4542 2614 4598 adhibes
2658 4541 3033 4607 medicinam,
3077 4540 3167 4597 {ac
3217 4556 3325 4596 nos
3372 4539 3553 4595 beate
3600 4537 3800 4593 Marias

2141 4648 2373 4706 semper
2400 4630 2643 4703 virginis
2692 4629 2964 4701 precibus
3012 4633 3069 4685 et
3117 4629 3475 4684 fermentum
3505 4630 3801 4698 concepta:

2140 4718 2447 4794 pravitatis
2477 4717 2712 4790 penitus
2742 4716 3014 4789 abjicere,
3062 4720 3122 4773 et
3164 4716 3225 4771 in
3274 4712 3546 4771 novitatis
3595 4728 3803 4786 azyma

2140 4811 2212 4866 de
2242 4810 2528 4865 vetustate
2558 4804 2827 4865 transire.
2861 4806 2988 4861 Per.

2549 4910 2824 4951 DOMINICA
2864 4907 3373 4950 RESURREGTIONIB.

2210 4987 2487 5058 Incipiunt
2515 4985 2723 5054 vigiliae
2753 5000 2909 5038 more
2936 4983 3345 5049 canonicorum,
3396 4981 3604 5037 scilicet
3635 4995 3650 5036 :
3683 4979 3797 5036 Do-

2143 5075 2321 5141 mine,
2356 5072 2511 5129 labia
2542 5089 2672 5127 mea
2702 5070 2951 5144 aperics.

2211 5163 2289 5221 Ad
2317 5170 2529 5219 sextam
2556 5162 2721 5234 hujus
2751 5160 2864 5217 diei
2891 5161 3121 5216 habetur
3147 5175 3372 5233 sequens
3419 5160 3617 5215 oratio.
3650 5156 3796 5212 Pre-

2142 5259 2253 5322 sta,
2286 5267 2651 5325 quaesumus,
2685 5250 3059 5323 omnipotens
3090 5253 3264 5315 Deus,
3305 5252 3373 5303 ut
3417 5245 3795 5304 resurrectio-

2141 5344 2234 5399 nis
2266 5339 2579 5399 Dominicai
2613 5338 2897 5395 solemnia
2925 5338 3197 5405 colimus,
3229 5334 3544 5410 ereptionis
3582 5338 3796 5393 nostra:

2142 5431 2439 5505 suscipere
2470 5428 2730 5485 laetitiam
2764 5444 3114 5485 mereamur.
3147 5431 3274 5484 Per.
3630 5466 3664 5493 ,

2211 5521 2289 5578 Ad
2318 5518 2653 5593 Magniﬁcat
2684 5516 3005 5590 antiphona.
3030 5520 3166 5572 Post
3193 5514 3530 5590 passionem
3563 5511 3800 5570 Domini
