3968 6126
186 296 326 358 '95"!

996 295 1388 359 EXECRPT.-
1424 295 1527 359 EX
1568 280 1800 359 ‘CODD.
1848 295 2162 359 LITURG.
2209 293 2810 359 FONTAVELLAN.

3481 284 3604 351 958

206 429 395 488 factus
423 431 514 487 est
542 428 1035 503 conventus,quia
1062 446 1179 486 non
1205 430 1609 487 estinventum
1632 446 1844 503 corpus
1878 430 1935 497 Α
1962 428 2258 502 pervenire
2287 429 2535 501 patriam
2559 444 2909 495 mereamur,
2935 442 3111 499 quam
3135 426 3259 500 ipse
3288 425 3425 482 totis
3458 422 3604 483 desi-

208 519 270 576 in
304 522 708 587 monumento,
740 518 925 592 lapsis
956 519 1240 576 sustinuit
1276 522 1618 593 perpetuam
1648 519 1851 587 vitam,

210 612 667 666 monumentum
697 608 953 665 reddidit
974 609 1269 666 ccelestem
1302 608 1702 682 margaritam,
1722 607 1853 664 alle-

205 697 352 755 luia.

278 786 387 842 Per
427 792 599 842 totum
645 786 889 857 ofﬁcium
933 785 998 841 de
1028 786 1276 856 Tempore
1313 785 1459 839 nihil
1489 784 1767 856 reperitur
1795 784 1855 837 in

206 875 390 931 codice
456 873 929 929 animadversione
983 874 1232 945 dignum,
1287 882 1661 946 praeterquam
1716 871 1857 943 quod

207 963 455 1035 ofﬁcium
500 962 567 1018 de
612 963 876 1018 Trinitate
919 965 1147 1034 ponitur
1186 966 1306 1035 post
1352 963 1693 1018 Dominicam
1724 976 1856 1016 xxxv

210 1056 563 1110 Pentecostes.

458 1159 514 1198 IN
551 1159 752 1198 NATALI
791 1159 987 1199 BANC'I'I
1026 1160 1270 1200 ANDREE
1305 1158 1593 1198 APOSTOLI.

272 1230 977 1287 lnvitatorium.Christum
994 1248 1186 1305 regem
1202 1229 1829 1287 adoremusDominum
1841 1272 1853 1285 .

209 1320 314 1394 qui
346 1319 626 1394 martyrio
652 1319 843 1376 crucis
875 1320 1110 1377 beatum
1135 1319 1479 1393 glorificavit
1500 1318 1852 1392 apostolum.

671 1411 914 1482 Hymnus
942 1410 1012 1465 ad
1040 1411 1392 1465 matutinum.

492 1497 733 1555 Andreae
756 1498 969 1555 festum
1001 1498 1232 1565 colitur,
1335 1537 1343 1547 ο

496 1589 620 1644 Lux
651 1587 829 1644 chara
860 1587 972 1661 piis
1002 1588 1206 1654 oritur,

492 1677 601 1733 Per
629 1694 805 1750 quem
835 1677 1105 1733 tenebras
1134 1678 1413 1733 deserunt

493 1766 578 1822 Ad
606 1782 811 1822 verum
843 1766 1043 1822 lumen
1074 1766 1343 1835 redeunt,

565 1856 761 1929 Egaeas
795 1857 850 1911 in
884 1856 1216 1928 apostolum

498 1945 709 2001 Minaci
742 1944 970 2001 frendet
999 1944 1233 2018 spiritu,

497 2035 604 2091 Per
624 2050 795 2107 quem
825 2033 1053 2090 Achaia:
1084 2032 1367 2106 populum

497 2124 692 2180 Cernit
720 2124 804 2180 ire
835 2126 965 2196 post
994 2123 1330 2179 Dominum.

566 2211 763 2269 Nescit
792 2212 985 2268 minas
1018 2228 1344 2285 pavescere,

494 2301 711 2373 Nequit
740 2300 1049 2357 tormentis
1080 2302 1281 2357 cedere

500 2389 885 2446 Flammantis
916 2390 1089 2445 ardor
1119 2390 1251 2446 fidei

500 2478 630 2537 Non
662 2479 845 2535 sentit
871 2478 988 2534 vim
1020 2479 1312 2552 supplicii.

569 2567 769 2623 Crucis
798 2556 1030 2623 vinctus
1062 2567 1319 2640 patibulo

502 2657 689 2712 Laetus
719 2656 1012 2728 pendebat
1040 2656 1235 2712 biduo.

500 2745 563 2801 In
595 2744 727 2817 ipsa
756 2749 942 2801 morte
971 2745 1196 2816 positus

502 2832 642 2891 Vitae
669 2838 871 2889 manat
900 2833 1221 2906 eloquium.

576 2923 727 2977 Luce
756 2921 997 2994 delapsa
1023 2921 1250 2979 caelitus

507 3009 763 3083 Repente
792 3009 1305 3079 circumfunditur,

507 3098 615 3162 Qui
646 3098 730 3154 sic
760 3098 922 3154 obire
953 3100 1189 3167 meruit,

506 3187 681 3243 Lucis
709 3190 1017 3243 Auctorem
1044 3189 1229 3261 petiit.

574 3276 660 3332 Sit
680 3276 833 3331 Patri
864 3276 997 3332 laus
1030 3277 1309 3348 ingenito,

505 3365 593 3422 Sit
624 3364 810 3421 Decus
841 3364 1173 3437 Unigenito,

504 3454 592 3510 Sit
619 3452 926 3525 utriusque
958 3453 1124 3526 parili

505 3541 780 3613 Majestas
806 3558 1043 3598 summa
1073 3542 1317 3598 flamini.
1346 3545 1547 3600 Amen.

648 3633 897 3703 Hymnus
925 3631 996 3687 ad
1018 3648 1284 3704 vesperas.

577 3719 851 3792 Captator
879 3719 1017 3777 olim
1050 3720 1322 3794 piscium,

505 3812 637 3865 Jam
658 3826 813 3865 nunc
844 3809 1098 3882 piscator
1130 3809 1439 3867 hominum

506 3897 649 3955 Tuis
676 3898 937 3955 Andreas
969 3899 1191 3955 retibus

505 3987 707 4044 Mundi
738 4005 846 4043 nos
878 4006 1018 4061 rape
1052 3990 1326 4047 ﬂuctibus

576 4077 902 4132 Germanus
929 4077 1078 4132 Petri
1105 4095 1343 4149 corpore

503 4165 619 4219 Nec
648 4163 857 4219 mortis
886 4164 1087 4235 dispar
1117 4166 1321 4219 ordine

507 4253 663 4316 Quos
691 4267 812 4305 una
841 4265 974 4305 caro
1006 4252 1209 4322 genuit

507 4338 659 4393 Crux
688 4335 830 4392 cmlo
861 4335 1069 4391 fratres
1100 4338 1303 4393 edidit.

578 4426 622 4482 Ο
652 4440 891 4498 germen
923 4441 1054 4481 vere
1085 4425 1279 4481 nobile

506 4516 550 4572 Ο
580 4532 686 4587 par
714 4530 930 4569 corona
957 4513 1157 4587 glorias

503 4602 771 4660 Ecclesiae
802 4602 1002 4659 Patres
1034 4603 1112 4674 pii

502 4691 705 4748 Crucis
740 4694 881 4747 sunt
909 4708 1071 4764 aeque
1103 4690 1229 4746 filii.

572 4772 658 4827 Ad
686 4771 718 4828 J
723 4788 890 4827 esum
922 4771 1084 4827 fratri
1108 4771 1357 4843 praevius

502 4860 693 4916 Judex
719 4860 856 4915 vitae
885 4864 1164 4916 strenuus

501 4949 573 5005 Et
600 4949 769 5005 nobis
802 4952 926 5005 esto
959 4948 1197 5004 miseris

497 5037 658 5094 Beati
688 5038 807 5093 dux
836 5036 1085 5093 itineris.

573 5125 663 5181 Sit
693 5125 848 5180 Patri
878 5124 1011 5181 laus
1039 5126 1321 5199 ingenito,
1351 5130 1461 5182 etc.

396 5230 456 5269 IN
492 5230 687 5270 NATALI
716 5228 912 5269 SANCTI
942 5230 1208 5273 AMBROSII
1240 5230 1642 5271 CONI-‘ESSOBIS.

292 5300 502 5359 Oratio.
526 5302 907 5375 Omnipotens
947 5302 1304 5374 sempiterne
1334 5306 1505 5369 Deus,
1529 5303 1628 5376 qui
1675 5322 1777 5377 per
1800 5323 1865 5364 os

215 5390 372 5448 beati
404 5390 697 5463 pontiﬁcis
719 5390 1012 5447 Ambrosii
1036 5390 1402 5462 eloquiorum
1423 5395 1661 5448 tuorum
1695 5394 1863 5451 nobis

215 5478 418 5535 abdita
442 5479 1000 5547 reserasti,concede
1022 5479 1192 5535 nobis
1222 5494 1423 5535 aurem
1457 5479 1707 5551 pectoris
1736 5483 1864 5554 ejus

215 5568 661 5626 accommodare
680 5565 982 5635 doctrinis,
1010 5571 1075 5623 ut
1095 5567 1167 5624 ad
1190 5565 1351 5624 illam
1374 5568 1502 5639 ejus
1533 5567 1857 5627 interventu

1886 1800 1935 1865 B

1963 516 2142 574 deriis
2172 518 2484 574 anhelavit.
2518 518 2641 574 Per.

2380 622 2437 662 IN
2478 625 2667 663 NATALI
2708 618 2902 662 SANC'I‘I
2940 623 3197 661 ZENONIS.

2036 695 2238 750 Oratio.
2260 700 2431 764 Deus,
2452 696 2548 768 qui
2573 696 2731 752 hunc
2758 696 2912 750 diem
2943 694 3331 751 venerabilem
3358 695 3417 749 in
3451 692 3619 750 beati

1964 784 2211 839 Zenonis
2242 784 2593 840 confessoris
2624 784 2707 838 tui
2741 788 2916 856 atque
2956 782 3248 856 pontificis
3303 782 3608 839 devotione

1964 872 2255 929 celebrare
2281 873 2570 941 concedis,
2589 889 2867 928 conserva
2887 873 2945 927 in
2960 872 3128 928 nobis
3142 872 3605 928 misericordiam

1961 966 2150 1030 tuam,
2173 965 2230 1016 et
2252 961 2522 1033 precibus
2546 961 2760 1017 nostris
2786 962 2919 1033 pius
2941 966 2997 1016 et
3020 960 3275 1017 clemens
3302 961 3507 1017 adesse
3526 961 3609 1016 di-

1964 1054 2245 1124 gnare,ut
2267 1050 2420 1106 sicut
2450 1051 2619 1106 beato
2641 1050 2854 1106 Zenoni
2886 1050 3170 1106 sacerdoti
3201 1049 3452 1123 gratiam
3502 1049 3609 1105 tri-

1964 1139 2163 1205 buisti,
2196 1140 2278 1194 ita
2303 1145 2359 1195 et
2380 1140 2548 1196 nobis
2581 1139 2778 1213 largiri
2808 1139 3069 1211 digneris
3100 1140 3223 1195 Per.

2429 1246 2487 1284 IN
2529 1247 2723 1285 NATALI
2762 1244 2957 1285 SANCTI
2998 1246 3144 1283 SYRI.

2037 1317 2239 1373 Oratio.
2278 1322 2448 1384 Deus,
2488 1318 2586 1390 qui
2641 1322 2879 1375 tuorum
2939 1318 3266 1373 antistitum
3327 1316 3609 1389 potentis-

1963 1406 2151 1462 simus
2183 1405 2526 1474 illustrator,
2556 1407 2769 1477 tribue,
2802 1411 3263 1479 qumsumusmt,
3286 1405 3609 1462 beatissimi

1964 1496 2282 1551 sacerdotis
2294 1500 2351 1551 et
2368 1496 2718 1552 confessoris
2733 1496 2813 1551 tui
2840 1495 2967 1569 Syri
2985 1495 3315 1568 magnificis
3328 1494 3609 1567 exemplis

1962 1582 2286 1651 informati,
2332 1583 2531 1640 seaculi
2584 1583 2762 1655 hujus
2810 1583 3119 1657 caliginem
3181 1584 3307 1640 sine
3355 1582 3611 1657 periculo

1964 1676 2354 1728 transeamus.
2392 1673 2515 1728 Per.

2144 1776 2203 1817 IN
2245 1778 2678 1817 PURIFICATIONE
2715 1777 2908 1816 BEATIE
2946 1777 3143 1815 MARIB
3183 1777 3457 1816 VIRGINIS.

2037 1850 2116 1905 Ad
2194 1852 2499 1922 Vesperum.
2556 1850 2885 1921 Antiphona.
2943 1850 3160 1904 Tecum
3231 1848 3609 1923 principium.

1966 1941 2115 1995 Psal.
2168 1938 2323 1995 Dixit
2381 1937 2686 1993 Dominus.
2735 1938 3061 2010 Antiphone.
3111 1937 3611 2010 Redemptionem.

1966 2029 2115 2084 Psal.
2177 2027 2529 2083 Confitebor.
2585 2028 2915 2098 Antiphona.
2969 2028 3247 2083 Exortum
3308 2032 3414 2084 est.
3463 2029 3611 2084 Psal.

1966 2118 2180 2174 Beatus
2210 2116 2314 2171 vir.
2348 2118 2675 2188 Antiphona.
2699 2117 2778 2172 De
2807 2117 3017 2173 fructu.
3051 2119 3201 2173 Psal.
3230 2118 3541 2174 Memento.

2041 2206 2243 2262 Oratio.
2296 2206 2508 2261 Perfice
2566 2206 2625 2260 in
2676 2205 2867 2273 nobis,
2928 2222 3287 2277 qumsumus,
3350 2204 3611 2275 Domine,

1968 2294 2215 2368 gratiam
2240 2298 2402 2349 tuam
2426 2311 2603 2366 quam
2622 2294 2767 2364 justi
2786 2294 3075 2350 Simeonis
3090 2294 3366 2368 implesti,
3383 2299 3448 2351 ut
3463 2294 3617 2351 sicut

1968 2384 2066 2440 ille
2097 2387 2343 2439 mortem
2377 2400 2491 2438 non
2520 2382 2687 2450 vidit,
2713 2381 3057 2456 priusquam
3089 2384 3386 2440 Christum
3418 2385 3616 2441 Domi-

1970 2490 2113 2529 num
2136 2472 2330 2527 videre
2363 2476 2702 2539 mereretur,
2728 2472 2811 2527 ita
2838 2476 2895 2527 et
2915 2489 3022 2527 nos
3041 2473 3221 2528 vitam
3244 2473 3616 2530 obtineamus

1970 2567 2266 2619 aeternam.
2300 2561 2425 2616 Per.

2041 2654 2165 2707 Post
2204 2652 2421 2706 tertiam
2464 2649 2629 2721 hujus
2668 2651 2783 2706 diei
2848 2651 3105 2722 leguntur
3166 2652 3450 2722 sequentia
3516 2667 3616 2723 pro

1974 2740 2344 2796 benedictione
2392 2739 2764 2795 candelarum.
2825 2741 2953 2795 Post
3034 2740 3153 2796 haec
3234 2740 3620 2797 benedicuntur

1971 2829 2237 2894 candelae,
2267 2835 2317 2883 et
2373 2828 2523 2884 dicat
2578 2829 2823 2885 sacerdos
2876 2845 3073 2885 sonora
3128 2845 3251 2885 voce
3284 2847 3297 2885 :
3332 2828 3618 2885 Dominus

1972 2918 2295 2974 vobiscum.
2328 2917 2571 2987 Exaudi,
2601 2922 2710 2973 etc.

2048 3006 2252 3061 Oratio.
2287 3005 2671 3077 Omnipotens
2720 3005 3071 3077 sempiterno
3130 3005 3304 3078 Deus,
3362 3007 3463 3078 qui
3516 3023 3620 3079 per

1973 3094 2229 3150 Verbum
2277 3098 2468 3159 tuum,
2501 3092 2698 3148 lumen
2746 3092 3012 3149 videlicet
3056 3109 3282 3163 verum,
3314 3093 3618 3151 illuminas

1896 3167 1939 3233 C
1977 3199 2208 3238 omnem
2234 3181 2532 3237 hominem
2555 3182 2882 3237 venientem
2913 3181 2973 3235 in
3005 3181 3161 3238 hunc
3179 3183 3617 3252 mundum,tua3

1968 3270 2323 3326 visitationis
2352 3270 2539 3342 gratia
2602 3269 3155 3339 inexstinguibiliter
3204 3271 3381 3326 corda
3419 3276 3619 3327 nostra

1972 3358 2357 3432 perlustra,et
2379 3358 2486 3414 has
2505 3358 2779 3413 candelas
2807 3356 2923 3412 luci
2954 3357 3170 3413 visibili
3200 3364 3366 3431 aptas
3392 3359 3614 3416 caelesti

1972 3446 2420 3512 benedictione}
2446 3445 2767 3511 sanctiﬁca,
2788 3451 2852 3501 ut
2868 3447 2940 3501 ob
2963 3448 3346 3503 reverentiam
3371 3465 3620 3520 praesen-

1974 3536 2049 3593 tis
2082 3536 2470 3592 solemnitatis
2500 3541 2557 3592 et
2587 3535 2930 3591 memoriam
2964 3536 3145 3591 beata:
3162 3536 3357 3592 Maria;
3390 3553 3621 3609 semper

1974 3624 2216 3697 virginis
2246 3625 2458 3680 Filium
2490 3640 2556 3679 ac
2586 3624 2898 3680 Dominum
2932 3640 3103 3681 suum
3136 3630 3432 3682 auctorem
3450 3630 3508 3682 et
3524 3627 3622 3683 ob-

1975 3719 2325 3770 servatorem
2357 3713 2506 3786 legis
2536 3714 2594 3769 in
2625 3712 2843 3786 templo
2875 3714 3221 3770 oﬂ'erentisa
3244 3714 3480 3771 famulis
3499 3714 3618 3771 tuis

1975 3802 2178 3858 oblatae
2203 3801 2415 3858 fuerint
2443 3817 2508 3875 ac
2541 3801 2763 3857 nomini
2794 3804 2892 3856 tuo
2924 3801 3125 3857 devote
3154 3802 3453 3872 dedicatae,
3485 3804 3619 3859 olfe-

1975 3895 2168 3946 rentes
2189 3906 2287 3946 eas
2314 3894 2429 3945 tua:
2450 3890 2869 3945 benedictionis
2894 3905 3127 3961 semper
3159 3891 3495 3961 possideant
3507 3890 3620 3947 cla-

1974 3980 2230 4035 ritatem.
2264 3978 2371 4033 Per
2398 3978 2695 4034 eumdem.

2045 4068 2171 4123 Atia
2209 4067 2405 4122 oratio.
2463 4065 2843 4136 Omnipotens
2900 4063 3251 4137 sempiterno
3308 4066 3483 4135 Deus,
3518 4075 3619 4141 qui

1974 4157 2257 4213 hodierna
2285 4154 2397 4221 die,
2432 4161 2490 4208 ut
2518 4155 2579 4208 in
2609 4152 2791 4207 editis.

2045 4246 2170 4301 Alia
2199 4245 2393 4301 oratio.
2417 4241 2667 4298 Benedic
2692 4246 2743 4307 τι,
2778 4242 3017 4297 Domine
3032 4243 3061 4298 J
3072 4259 3174 4298 esu
3197 4243 3444 4312 Christe,
3469 4244 3620 4302 banc

1974 4338 2298 4390 creaturam
2322 4347 2466 4387 cerae
2488 4328 3017 4402 supplicationibus
3038 4332 3277 4400 nostris,
3307 4333 3622 4390 etinfunde

1974 4422 2023 4477 ei
2048 4438 2149 4493 per
2172 4421 2363 4477 crucis
2386 4424 2603 4476 sancta:
2631 4424 2744 4475 tua:
2775 4420 3051 4477 virtutem
3096 4422 3564 4480 benedictionem
3587 4430 3618 4492 ’τ

1896 4530 1943 4594 D
1975 4509 2287 4578 caelestem,
2308 4513 2373 4564 ut
2400 4510 2501 4581 qui
2533 4526 2659 4565 eam
2695 4510 2766 4565 ad
2816 4509 3179 4582 repellendas
3213 4513 3480 4570 tenebras
3509 4513 3617 4569 hu-

1974 4613 2148 4651 mano
2178 4598 2375 4668 generi
2406 4598 2685 4662 tribuisti,
2710 4598 2902 4653 taliter
2932 4599 3233 4670 signaculo
3264 4602 3457 4657 crucis
3506 4605 3622 4658 tum

1978 4682 2379 4739 fortitudinem
2410 4687 2466 4739 et
2495 4684 2962 4740 benedictionem
2995 4686 3263 4757 accipiat,
3296 4691 3362 4741 ut
3402 4686 3462 4742 in
3494 4686 3623 4759 qui-

1976 4770 2481 4842 buscunquelocis
2504 4788 2746 4829 accensa
2776 4773 2896 4829 sive
2928 4775 3119 4846 posita
3150 4773 3340 4842 fuerit,
3361 4773 3625 4829 discedat

1976 4863 2033 4914 et
2056 4859 2465 4914 contremiscat
2519 4860 2809 4926 diabolus,
2843 4866 2898 4918 et
2950 4862 3137 4935 fugiat
3188 4862 3435 4934 pavidus
3488 4876 3623 4917 cum

1975 4946 2252 5003 omnibus
2282 4946 2569 5003 ministris
2601 4949 2726 5004 suis
2759 4950 2829 5006 de
2849 4950 3313 5006 habitationibus
3342 4947 3481 5017 illis,
3510 4964 3618 5005 nec

1974 5040 2294 5108 praesumat
2314 5034 2567 5108 amplius
2591 5035 2915 5107 inquietare
2933 5038 3021 5092 vel
3041 5037 3287 5094 illudere
3304 5037 3624 5094 servientes

1975 5125 2111 5181 Deo.
2136 5124 2384 5181 Proinde
2408 5124 2721 5196 supplices,
2755 5128 2831 5191 te,
2864 5141 3225 5196 quaesumus,
3262 5124 3524 5195 Domine,
3557 5129 3625 5182 ut

1972 5214 2208 5270 emittas
2267 5216 2538 5269 sanctum
2568 5212 2844 5287 angelum
2876 5218 3047 5270 tuum
3108 5212 3484 5286 Rapbaelem,
3518 5215 3621 5287 qui

1974 5302 2184 5359 evulsit
2202 5307 2259 5358 et
2281 5301 2588 5375 repulsit'a
2614 5307 2757 5358 Sara
2786 5305 2843 5357 et
2865 5303 3046 5359 Tobia
3076 5303 3401 5359 daemonem
3425 5303 3625 5360 morti-

1972 5393 2160 5449 ferum
2192 5392 2589 5457 infestantem,
2622 5396 2687 5447 ut
2715 5396 2978 5448 conterat
3007 5391 3174 5448 illum
3218 5396 3275 5448 et
3317 5393 3522 5465 perdat
3550 5394 3623 5450 de

1973 5482 2200 5538 cunctis
2232 5480 2692 5536 habitationibus
2724 5482 3039 5539 colentium
3073 5482 3498 5554 Dominum,de
3521 5482 3622 5539 ba-

1971 5568 2173 5640 silicis,
2188 5571 2260 5626 de
2288 5568 2582 5637 domibus,
2610 5569 2681 5627 de
2711 5571 3044 5643 angulis,de
3071 5571 3258 5644 lectis,
3276 5573 3347 5629 de
3378 5571 3617 5630 retecto-
