3968 6126
377 296 509 360 9ᾰο

386 526 475 577 tes
530 519 777 586 habitat,
813 517 1204 592 requiescunt,
1237 518 1555 586 dormiunt,
1591 517 1858 590 vigilant,
1903 535 2027 574 am-

385 609 591 666 bulant
616 612 673 666 et
702 607 1046 664 consistunt.
1082 607 1198 664 Nec
1251 607 1441 662 valeat
1483 606 1736 680 amplius
1795 607 2029 679 inquie-

383 696 636 766 tare,vel
672 713 910 769 pavores
942 696 1256 752 immittere
1285 713 1462 769 super
1492 696 1621 752 illos
1657 713 1803 768 quos
1839 696 2026 752 sancti

385 785 722 843 chrismatis
754 785 835 840 tui
871 784 1146 840 unctione
1178 784 1360 840 fecisti
1394 799 1522 841 esse
1554 783 1832 840 munitos.
1854 788 2030 840 Bene—

384 877 513 933 dico
547 879 574 941 ³(
602 878 676 944 te,
697 890 847 939 cera,
868 873 927 928 in
959 873 1195 930 nomine
1217 873 1448 928 Domini
1474 873 1658 928 nostri
1689 874 1828 929 Jesu
1859 873 2026 929 Chri-

384 965 456 1022 sti
484 970 542 1022 et
560 966 773 1020 sanctae
815 961 1140 1029 Trinitatis,
1167 967 1233 1016 ut
1264 961 1344 1017 sis
1375 961 1778 1017 exterminatio
1809 961 2026 1018 diaboli

383 1059 440 1110 et
457 1054 721 1110 omnium
746 1049 1254 1107 eontubernalium
1269 1051 1535 1121 ejus.Per
1546 1051 1817 1107 eumdem
1834 1051 2028 1107 Domi-

383 1159 524 1198 num
555 1145 845 1206 nostrum,
875 1139 976 1211 qui
1007 1139 1145 1193 vivit
1176 1142 1232 1194 et
1263 1145 1488 1212 regnat.

453 1233 594 1287 Tunc
649 1234 1008 1302 aspergantur
1062 1245 1206 1300 aqua
1267 1229 1544 1284 benedicta
1572 1236 1624 1284 et
1653 1230 2024 1296 incensentur,

379 1325 431 1378 et
459 1321 776 1377 decantetur
830 1319 1131 1390 antiphona
1167 1336 1178 1374 :
1215 1319 1436 1392 Immen
1496 1318 1568 1372 ad
1618 1318 2024 1374 revelationem

329 1455 332 1459 .
379 1409 662 1483 gentium,
697 1413 832 1474 etc.,
863 1417 1080 1480 excepto
1111 1409 1321 1463 cantico
1343 1425 1361 1461 :
1390 1407 1556 1462 Nunc
1587 1406 2027 1480 dimittis,cujus

379 1499 491 1554 loco
521 1499 726 1554 dicitur
758 1516 770 1553 :
804 1498 958 1553 Deus
991 1495 1355 1552 misereatur.

452 1590 638 1645 Oratio
667 1588 737 1644 ad
787 1595 1014 1643 sextam.
1052 1588 1236 1642 Beatze
1268 1585 1465 1641 Maria:
1498 1602 1729 1658 semper
1756 1585 2022 1658 virginis,

383 1693 744 1748 quaesumus,
779 1677 1042 1741 Domine,
1078 1675 1230 1730 adsit
1288 1673 1456 1729 nobis
1487 1675 1706 1745 ubique
1745 1672 2027 1737 oratio,et

381 1783 562 1838 quam
580 1765 783 1820 devoto
809 1764 972 1835 plebs
1004 1769 1105 1819 tua
1140 1766 1446 1818 veneratur
1477 1762 1778 1834 obsequio,
1812 1764 2023 1817 suifra-
2054 1799 2102 1864 Β

380 1855 508 1928 gari
537 1853 648 1909 sibi
680 1853 774 1926 pio
805 1853 1137 1924 experiatur
1162 1851 1395 1907 auxilio.
1430 1851 1552 1906 Per.

457 1944 643 1999 Oratio
683 1941 754 1997 ad
799 1958 1024 1996 nonam.
1057 1941 1305 2011 Adjuvet
1350 1956 1478 2004 nos,
1513 1955 1874 2010 quaesumus,
1913 1939 2022 1994 Do-

377 2032 557 2099 mine,
586 2033 801 2087 sanctae
824 2029 1015 2085 Mariae
1048 2045 1280 2100 semper
1310 2027 1552 2100 virginis
1584 2026 1921 2083 intercessio
1939 2045 2026 2082 ve-

378 2119 657 2186 neranda,
691 2122 748 2174 et
776 2135 809 2174 a
839 2121 1209 2190 peccatorum
1234 2115 1479 2171 vinculis
1512 2113 1813 2171 absolutos
1841 2115 1899 2169 in
1925 2120 2024 2170 tua

379 2207 552 2265 faciat
583 2223 723 2281 pace
752 2207 1024 2280 gaudere.
1060 2207 1184 2260 Per.

473 2315 533 2353 ΙΝ
574 2313 766 2353 NKTALI
807 2313 998 2352 SANCTI
1039 2312 1220 2352 BLASII
1259 2309 1505 2351 EPISCOPI
1544 2311 1613 2348 ET
1652 2311 1949 2350 MARTYRIS.

446 2386 649 2442 Oratio.
675 2385 849 2451 Deus,
870 2384 969 2456 qui
992 2385 1226 2440 beatum
1245 2382 1499 2438 Blasium
1516 2387 1830 2454 martyrem
1850 2387 2018 2438 tuum

373 2479 550 2548 atque
575 2474 908 2546 pontiﬁcem
943 2473 1315 2544 pontiﬁcatus
1337 2471 1526 2526 ofﬁcio
1547 2476 1604 2527 et
1621 2471 1758 2527 fidei
1779 2487 2020 2527 munere

380 2563 736 2630 sublimasti,
761 2561 953 2616 tribue
971 2560 1336 2632 supplicibus
1353 2561 1492 2627 tuis,
1509 2563 1572 2615 ut
1592 2559 1876 2632 quidquid
1898 2577 2021 2632 pec-

381 2652 492 2709 cati
526 2650 866 2723 contagione
897 2653 1259 2705 contractum
1291 2649 1458 2704 estin
1481 2648 1670 2715 nobis,
1695 2648 1823 2720 ipso
1848 2648 2021 2704 inter-

375 2740 616 2796 cedente
647 2738 922 2796 solvatur.
945 2738 1081 2793 “Per.

411 2845 470 2882 IN
510 2842 703 2883 ΗΛΤΔΗ
745 2843 934 2883 SANCTI
974 2843 1243 2881 GREGORII
1285 2843 1441 2882 PAPE
1479 2843 1545 2881 ET
1582 2843 1980 2883 CONFESSORIS.

447 2916 657 2972 Oratio.
689 2916 863 2982 Deus,
900 2914 1000 2987 qui
1031 2931 1134 2987 per
1162 2915 1398 2970 beatum
1424 2914 1766 2988 Gregorium
1800 2916 2020 2973 confes-

373 3021 564 3062 sorem
597 3009 765 3061 tuum
801 3008 973 3076 atque
993 2997 1327 3076 pentificem
1347 3004 1598 3061 caelestis
1620 3003 2019 3077 el-oquiinobis

371 3080 739 3151 dulcedinem
772 3092 1117 3167 propinasti,
1135 3093 1370 3150 familia:
1420 3099 1532 3150 tuae
1557 3095 1806 3150 concede
1831 3095 2019 3167 prOpi-

1565 291 1756 358 ΒΕΘ.
1798 291 1882 355 XI
1924 287 2240 357 MONUM.
2283 294 2597 363 LITURG.

387 431 512 498 riis,
543 433 600 487 et
627 428 698 486 de
753 425 1040 486 universis
1068 425 1214 484 locis
1243 427 1303 484 in
1335 428 1550 502 quibus
1587 427 1700 484 Deo
1733 427 2024 484 famulan-
2054 425 2108 494 Α

2423 432 2678 506 Spiritus
2709 435 2893 505 carni,

2421 521 2566 578 Caro
2598 525 2833 582 sanitati

2423 610 2708 669 Redditur
2735 631 2917 686 aeque.

2488 698 2630 757 Jure
2660 704 2769 759 sub
2794 703 3021 760 blandas

2422 791 2623 862 Specie
2656 792 2944 848 columbis

2419 879 2685 937 Nesciam
2717 881 2869 937 fellis

2419 969 2688 1026 Animam
2721 971 2938 1026 sororis

2419 1058 2662 1114 Summa
2691 1059 2906 1115 stellati

2418 1146 2726 1204 Penetrare
2755 1148 2881 1205 creti

2417 1234 2693 1292 Culmina
2723 1236 2933 1292 cernis.

2488 1325 2615 1397 Ipse
2647 1329 2778 1398 post
2807 1325 3052 1382 clarum.

2419 1410 2692 1470 Referens
2723 1415 3090 1488 triumphum

2418 1500 2585 1558 Celse
2615 1503 2840 1559 devicto

2421 1591 2571 1647 Petis
2601 1596 2758 1648 astra
2790 1593 3032 1662 mundo,

2421 1680 2569 1735 Luce
2605 1681 3007 1739 ﬂammantem

2418 1768 2699 1824 Radiante
2728 1769 2932 1826 callem

2420 1855 2601 1913 Pallia
2631 1861 2920 1914 sternunt.

2491 1947 2641 2002 Laus
2673 1947 2859 2003 honor
2889 1948 3061 2016 Patri,

2418 2033 2709 2107 Parilique
2741 2036 2890 2110 ΡιξοΙί

2417 2122 2542 2179 Una
2573 2126 2873 2197 majestas,

2415 2212 2629 2267 Eadem
2662 2217 2940 2285 potestas,

2415 2305 2558 2355 Cum
2592 2301 2808 2372 quibus
2838 2305 3078 2358 sanctus

2415 2389 2603 2444 Simul
2634 2390 2836 2463 implet
2867 2407 3101 2446 omnem

2413 2477 2668 2550 Spiritus
2699 2479 2922 2535 orbem.
2948 2481 3151 2536 Amen.

2201 2568 2414 2639 Hymni
2463 2566 2532 2621 ad
2588 2570 2915 2623 nocturnum
2942 2577 2992 2625 el
3020 2569 3092 2624 ad
3146 2569 3331 2625 laudes
3388 2570 3558 2626 iidem
3584 2571 3773 2643 quiin

2129 2657 2308 2728 ofﬁcio
2333 2672 2503 2727 parvo
2536 2656 2678 2711 beati
2707 2657 3002 2713 Benedicti.

2201 2746 2405 2800 Oratio.
2461 2745 2842 2816 Omnipotens
2899 2747 3254 2818 sempiterno
3309 2746 3481 2813 Deus,
3511 2746 3612 2818 qui
3671 2763 3779 2819 per

2128 2833 2382 2907 gloriosa
2401 2831 2553 2888 beati
2567 2831 2860 2888 Benedicti
2883 2833 3113 2889 abbatis
3132 2831 3398 2906 exempla
3415 2833 3776 2890 humilitatis

2128 2920 2483 2993 triumphale
2514 2920 2684 2977 nobis
2707 2921 2816 2976 iter
2844 2921 3172 2988 ostendisti,
3201 2923 3304 2990 da,
3326 2927 3776 2996 quaesumus,ut

2126 3010 2278 3066 viam
2299 3010 2406 3065 tibi
2440 3009 2662 3083 placita:
2691 3010 3173 3083 obedientiae,per
3203 3027 3378 3083 quam
3409 3009 3508 3067 itle
3534 3027 3776 3066 venera-

2126 3099 2262 3155 bilis
2297 3100 2465 3155 Pater
2492 3098 2710 3154 illaesus
2740 3099 3139 3166 antecedebat,
3176 3115 3291 3155 nos:
3314 3097 3608 3172 praeclaris
3638 3099 3772 3170 ejus

370 3183 490 3240 tius
521 3188 580 3240 et
605 3199 835 3240 servare
886 3183 1042 3255 quod
1084 3183 1302 3250 docuit,
1333 3191 1389 3240 et
1419 3182 1700 3256 subsequi
1733 3199 1849 3254 quo
1881 3199 2013 3255 pro-
2044 3167 2088 3233 (δ
2128 3188 2354 3244 meritis
2380 3188 2564 3258 adjuti
2594 3187 2720 3242 sine
2750 3203 2944 3244 errore
2973 3167 3424 3260 subsequantur.
3458 3188 3585 3244 Per.

370 3273 562 3331 cessit.

732 3381 790 3420 ΙΝ
831 3380 1032 3419 NATALI
1073 3379 1269 3418 SANC'I‘I
1311 3378 1627 3418 BENEDICTI.

972 3453 1238 3524 Hymnus.

724 3542 968 3596 Gemma
992 3539 1242 3595 caelestis
1272 3539 1549 3612 pretiosa,

651 3629 826 3700 Regis
856 3644 1063 3682 norma
1084 3628 1407 3698 justorum,

650 3716 759 3772 Via
789 3715 1236 3782 monachorum,

654 3804 770 3860 Nos
801 3804 874 3858 ab
907 3803 1196 3858 immundi

650 3891 976 3960 Benedicto,
1012 3892 1217 3947 mundi

650 3980 939 4039 Subtrahe
968 3997 1151 4036 emno.

721 4071 809 4126 Tu
843 4069 1031 4125 solum
1064 4087 1370 4142 spernens,

652 4159 761 4216 Cor
793 4159 851 4213 in
885 4163 1043 4215 astra
1073 4160 1279 4233 figens,

653 4249 825 4321 Cogis
857 4247 1114 4304 haeredes

649 4336 795 4391 Fieri
831 4341 1124 4407 parentes,

651 4428 769 4478 Vas
797 4425 913 4480 Deo
945 4424 1183 4494 plenum

655 4510 943 4582 Reparare
974 4511 1228 4566 fructum

655 4597 1056 4655 Promeruisti.

725 4687 975 4761 Magnus
1004 4687 1063 4744 in
1095 4688 1310 4761 parvis,

654 4777 908 4834 Eremita
935 4777 1221 4834 imberbis

653 4867 859 4922 Vincis
890 4870 1143 4934 aetatem,

657 4957 912 5028 Superas
943 4956 1205 5012 laborem

649 5048 826 5101 Areta
857 5045 1134 5101 districta:

653 5135 1007 5190 Rudimenta
1034 5134 1161 5189 vita:

653 5222 932 5279 Fervidus
963 5221 1194 5295 imples.

723 5312 924 5384 Strage
955 5328 1232 5368 saxorum

655 5399 904 5454 Puerum
938 5403 1308 5473 peremptum

653 5485 786 5540 Mox
812 5491 876 5542 ut
903 5489 1106 5556 orasti,

660 5573 861 5630 Preces
892 5577 1210 5646 suscitasti,

2193 3278 2381 3334 Oratio
2411 3276 2481 3332 ad
2508 3281 2742 3332 sectam.
2761 3275 2953 3332 Sancti
2981 3276 3278 3332 Benedicti
3300 3275 3655 3332 confessoris
3675 3275 3764 3330 tui

2123 3370 2299 3438 atque
2330 3365 2556 3421 abbatis
2587 3381 2713 3432 nos,
2747 3363 3555 3437 Domine,supplieationihus
3571 3363 3771 3420 tribue

2123 3454 2320 3521 foveri,
2354 3457 2421 3510 ut
2449 3453 2620 3524 cujus
2657 3453 3047 3509 venerabilem
3105 3453 3537 3510 solemnitatem
3597 3453 3768 3508 obse-

2123 3541 2278 3615 quiis
2308 3541 2692 3608 celebramus,
2722 3542 2850 3611 ejus
2880 3541 3399 3598 intercessionibus
3425 3544 3486 3596 et
3539 3539 3772 3597 meritis

2123 3631 2624 3688 commendemur.
2658 3635 2784 3686 Per.

2196 3722 2381 3777 Oratio
2410 3719 2480 3775 ad
2499 3735 2721 3775 nonam.
2737 3719 2911 3785 Deus,
2926 3720 3026 3790 qui
3044 3736 3150 3776 nos
3163 3720 3314 3776 beati
3332 3718 3624 3776 Benedicti
3639 3734 3778 3774 con-

2122 3809 2363 3865 fessoris
2391 3808 2479 3863 tui
2501 3806 2737 3864 voluisti
2763 3808 3118 3880 magisteriis
3139 3807 3533 3880 erudi.ti,rejus
3545 3807 3780 3864 meritis

2121 3897 2368 3970 dignare
2398 3913 2504 3951 nos
2535 3896 2608 3951 ab
2640 3895 2799 3950 omni
2830 3895 3053 3951 inimici
3083 3896 3289 3953 fraude
3334 3894 3581 3969 protegi.
3609 3895 3740 3953 Per.

2455 4002 2510 4039 ΙΝ
2551 4001 2890 4040 ιΝνΕΝτιοΝΕ
2928 4002 3156 4041 εΑΝσιῈ
3191 4001 3418 4044 CRUCIS.

2545 4076 2791 4145 Hymnus
2820 4074 2891 4129 ad
2921 4090 3225 4146 vesperum.

2478 4162 2632 4218 Crux
2663 4163 2869 4218 mundi
2896 4163 3059 4220 salus
3090 4163 3301 4236 perditi

2410 4250 2700 4322 Perempti
2728 4250 2846 4306 vita
2872 4251 3092 4318 saeculi,

2407 4341 2594 4404 Quam
2625 4341 2780 4396 victa
2809 4345 3073 4398 tremunt
3101 4345 3344 4408 tartara,

2404 4427 2538 4484 Caeli
2568 4432 2842 4484 verentur
2871 4430 3128 4503 agmina.

2481 4518 2541 4572 In
2575 4522 2629 4573 te
2661 4517 2804 4573 dum
2832 4517 2952 4574 vita
2979 4518 3254 4586 moritur,

2408 4605 2616 4662 Mortis
2646 4609 2850 4662 catena
2881 4605 3144 4672 solvitur,

2406 4693 2637 4767 Egypti
2660 4694 2806 4767 jugo
2837 4693 3002 4750 liberi

2411 4782 2558 4838 Vere
2587 4785 2727 4838 sunt
2754 4781 2905 4838 lucis
2935 4782 3061 4838 ﬁlii.

2481 4870 2562 4924 Te
2593 4869 2759 4942 ponit
2785 4870 2974 4927 Judex
3003 4870 3291 4941 omnium,

2408 4958 2556 5013 Cum
2583 4957 2888 5029 judicatur
2917 4959 3132 5015 solium

2409 5047 2540 5102 Jam
2572 5050 2712 5102 tunc
2742 5047 2942 5103 haedos
2971 5048 3046 5103 ab
3071 5049 3278 5106 ovibus

2412 5136 2696 5208 Segregat
2719 5136 2778 5190 in
2802 5133 3149 5192 latronibus.

2483 5224 2574 5280 Tu
2605 5223 2812 5279 mundi
2837 5223 2994 5282 ludis
3021 5221 3348 5297 principem

2409 5314 2564 5368 Dum
2593 5312 2774 5384 punis
2799 5311 3248 5385 impassibilem,

2415 5399 2591 5470 Reos,
2607 5401 2829 5458 .oﬂ‘erre
2860 5400 3050 5470 solita,

2411 5492 2556 5557 Quae
2587 5505 2746 5546 nunc
2774 5489 2903 5557 das,
2936 5489 3131 5547 aufert
3155 5489 3361 5564 spolia.

2483 5580 2544 5636 In
2585 5583 2641 5636 to
2667 5581 2958 5636 mactatur
2986 5577 3223 5640 victima
